2302 3353
572 158 679 189 ‘DE
723 144 1152 193 PART1T10'NE
1179 147 1574 197 ·ORATOR1A.⁴

108 232 204 263 tibus:
221 228 272 261 fed
285 229 316 259 in
325 234 389 259 toto
405 222 484 268 quasi
499 232 646 255 contextu
664 225 813 257 orationis
827 225 890 255 haec
900 227 1069 257 eruntillu-

108 273 223 304 stranda
233 270 377 303 maxime,
387 266 647 309 quemadmodum
657 266 782 307 quisque
790 275 1068 308 generatus,quem—

107 314 272 345 admodum
281 311 422 341 educatus
433 329 441 343 ,
461 307 722 350 quemadmodum
732 306 905 347 institutus,
922 309 1068 339 moratus-

107 365 169 397 que
175 355 278 385 fuerit-z
288 353 343 386 δῖ’,
356 350 376 381 fi
383 351 456 393 quid
464 352 513 381 cui
525 360 669 390 magnum
680 370 689 384 ,
701 358 751 380 3111
767 344 945 380 111313ἀ1ἔῖ113
953 350 1068 380 accide-

106 400 156 431 rit,
167 397 359 435 maximeque
367 393 388 424 fi
399 393 430 423 id
440 393 582 422 divinitus
591 390 728 422 accidisse
737 393 870 432 potuerit
879 391 975 422 videri
986 401 991 420 ε
1004 400 1068 421 tum

67 446 71 459 <
99 438 191 479 ,quod
199 437 323 478 quisque
333 436 463 469 senserit,
477 434 596 468 dixerit,
607 433 734 476 gefi'erit,
745 433 781 464 ad
791 444 834 468 ea,
844 444 910 474 qua:
921 432 1070 473 proposita

106 482 175 512 sunt
184 500 195 513 ‚
215 480 361 509 virtutum
371 487 477 519 genera
487 475 814 510 accommodabuntur,
837 485 875 505 ex
884 476 1004 516 illisque
1016 475 1069 505 iis-

84 520 88 521 ⁷
107 521 177 552 dem
188 519 367 551 inveniendi
378 520 452 550 locis
463 518 555 549 causae
571 527 671 548 rerum
681 537 689 552 ,
711 518 745 548 δε
754 526 880 549 eventus
891 538 900 551 ,
919 517 951 546 &
961 517 1068 547 conse-

44 698 92 732 24

106 564 227 605 quentia
236 563 431 603 requirentur.
454 563 562 601 Neque
572 558 645 590 vero
656 570 727 589 mors
738 569 855 594 eorum⁷
869 569 1001 600 quorum
1011 561 1072 589 vita

108 603 274 636 laudabitur
283 623 292 637 ‚
312 602 431 633 filentio
448 604 589 643 praeteriri
608 601 750 634 debebit,
769 600 791 631 fi
808 600 903 631 modo
921 601 995 642 quid
1014 603 1070 630 erit

106 645 407 678 animadvertendum
426 653 476 675 aut
486 646 519 674 in
528 644 593 684 ipso
601 653 708 685 genere
719 645 826 673 mortis
838 663 848 675 ,
869 646 962 673 autin
973 644 1011 672 iis
1024 652 1071 672 re-

107 688 180 723 bus,
191 697 257 729 quae
265 687 332 727 post
343 696 474 718 mortem
485 695 573 716 erunt
581 686 756 716 consecutae-
791 687 823 715 C.
837 687 870 714 F.
883 686 991 724 Accepi
1002 683 1067 717 ista,

108 730 258 771 didicique
278 729 427 762 breviter,
446 738 511 758 non
524 726 623 758 solum
640 726 900 767 quemadmodum
919 725 1070 756 laudarem

108 772 246 805 alterum,
259 771 307 802 sed
319 772 408 802 etiam
417 768 676 812 quemadmodum
689 771 826 802 eniterer,
839 777 872 798 ut
880 766 996 808 poss'em
1008 768 1069 807 ipse

103 815 172 855 jure
181 812 301 844 laudari.
324 813 489 843 Videamus
500 813 590 852 igitur
598 810 751 851 deinceps,
768 812 801 841 in
812 811 957 841 sententia
968 810 1071 840 dicen-

106 855 144 886 da
152 865 243 897 quam
254 857 345 888 viam,
359 855 392 885 δε
400 864 464 895 quae
475 861 618 893 praecepta
628 861 794 883 teneamus.
828 855 860 883 C.
873 855 903 883 Ρ.
921 851 973 882 Est
982 854 1072 893 igitur

106 900 142 928 in
150 896 344 928 deliberando
354 895 424 926 finis
434 895 549 924 utilitas
557 914 566 928 ,
589 894 623 924 ad
634 904 725 935 quern
736 896 841 924 omnia
853 895 893 924 ita
903 893 1072 924 referuntur

107 941 140 970 in
150 937 276 970 consilio
286 937 384 968 dando
395 957 404 971 ,
418 937 620 977 sententiaque
633 936 758 966 dicenda
770 956 779 970 ‚
799 945 830 966 ut
840 936 891 966 illa
900 938 998 976 prima
1014 934 1070 965 sint

106 982 225 1014 suasori,
237 989 286 1010 aut
295 978 448 1010 dissuasori
458 978 588 1008 videnda
597 997 605 1012 ,
618 977 692 1019 quid
703 987 752 1008 aut
763 976 850 1018 poffit
861 977 935 1011 fieri,
947 987 996 1008 aut
1007 987 1071 1007 non

106 1021 194 1064 poffit
203 1042 211 1055 ,
227 1022 260 1052 &
268 1020 340 1062 quid
348 1029 398 1051 aut
408 1019 522 1051 necess'e
531 1020 565 1050 sit
573 1040 582 1053 ‚
594 1029 644 1051 3111
654 1030 720 1050 11011
730 1018 854 1050 necesse.
887 1022 968 1050 Nam
980 1020 1013 1049 ὅτ.
1026 1039 1035 1052 ,
1049 1017 1070 1048 fi

149 1064 181 1094 id
190 1062 269 1094 effici
280 1073 345 1093 non
353 1061 451 1103 potest
459 1082 468 1096 ,
488 1062 664 1092 deliberatio
684 1062 801 1092 tollitur
810 1082 819 1095 ,
837 1063 977 1103 quamvis
996 1061 1070 1091 utile

122 1115 160 1137 it:
178 1105 221 1139 δε,
233 1103 255 1135 si
263 1104 336 1146 quid
347 1103 461 1135 neceffe
472 1103 523 1138 est,
537 1104 545 1142 (
558 1106 670 1134 Nacns
676 1114 710 1133 sn
719 1104 861 1134 autemid
871 1102 924 1137 est,
937 1102 996 1134 sine
1009 1113 1070 1144 quo

109 1148 181 1180 Salvi
193 1169 201 1183 ‚
214 1147 338 1177 liberive
349 1145 406 1177 effe
416 1156 480 1176 non
490 1145 646 1186 poss'umus
656 1165 663 1179 ‚
676 1148 685 1186 )
706 1145 736 1176 id
747 1145 789 1176 est
798 1146 921 1186 reliquis
932 1145 964 1176 δε
975 1147 1070 1175 hone—

108 1189 232 1221 statibus
251 1190 285 1218 in
303 1188 386 1219 civili
405 1191 521 1218 ratione
533 1207 543 1222 ‚
566 1188 600 1218 &
616 1197 685 1218 com
691 1187 790 1217 modis
807 1187 1069 1227 anteponendum.

75 1225 82 1237 ²
110 1230 190 1263 cum
199 1239 299 1261 autem
308 1232 458 1271 quaeritur,
468 1230 540 1271 quid
552 1228 616 1260 fieri
626 1228 722 1269 poffit,
734 1229 902 1259 videndum
914 1231 1004 1260 etiam
1015 1228 1068 1262 est,

91 1273 93 1275 ’
110 1272 200 1315 quam
209 1271 300 1312 facile}
308 1270 403 1312 poffit·
427 1282 498 1302 nam
529 1282 574 1302 uae
582 1270 771 1312 perdifficilia
780 1272 862 1304 sunt,
883 1271 1007 1311 perinde
1017 1272 1070 1300 ha-

111 1315 210 1346 benda
225 1314 297 1354 saepe
308 1314 376 1344 sunt
385 1334 395 1347 ‚
413 1324 446 1343 ac
455 1312 476 1343 si
486 1324 501 1344 e
524 1313 565 1343 'ci
576 1323 640 1343 non
650 1311 766 1353 poffint.
791 1312 908 1343 Etcum
921 1313 958 1342 de
968 1312 1071 1343 neees—

110 1355 192 1387 fitate
208 1355 394 1387 attendemus
405 1375 414 1388 ,
433 1354 484 1385 3111
494 1355 607 1396 aliquid
618 1364 682 1384 non
691 1352 887 1385 necefl‘an'um
897 1354 1049 1384 videbitur
1059 1374 1067 1388 ,

110 1398 390 1429 videndum-tamen
401 1398 466 1431 erit,
477 1397 568 1438 quim
578 1396 613 1427 sit
622 1406 779 1438 magnum.
802 1399 899 1437 Qoi)
908 1398 991 1426 enim
1002 1406 1070 1436 per-

112 1442 214 1482 magni
233 1438 354 1470 interest
362 1459 370 1472 ‚
390 1448 445 1479 pro
457 1437 618 1469 neceffario
626 1439 700 1478 saepe
710 1439 844 1468 habetur.
878 1441 980 1479 Itaque
997 1437 1069 1468 curn

109 1481 226 1514 constet
235 1483 293 1511 hoc
301 1489 394 1523 genus
405 1481 556 1511 causarum
567 1490 606 1510 ex
616 1479 747 1510 suasione
758 1480 791 1510 δῦ
801 1478 978 1510 dissuasione
988 1481 1071 1515 31113-

112 1522 170 1555 1011
179 1526 356 1564 proponitur
365 1521 492 1563 simplex
502 1524 576 1553 ratio
587 1533 593 1552 :
614 1520 635 1551 si
646 1522 678 1552 &
688 1523 761 1552 utile
770 1521 814 1552 est
822 1542 830 1555 ,
844 1522 876 1552 &
887 1521 951 1552 fieri
961 1522 1067 1562 potest,

113 1564 176 1597 fiat:
195 1563 361 1596 Diffuasori
371 1564 484 1604 duplex
497 1575 502 1593 :
513 1575 571 1595 una
582 1585 590 1597 ‚
604 1563 623 1593 si
634 1574 699 1594 non
710 1565 784 1593 utile
794 1563 837 1597 est
848 1585 856 1597 ‚
867 1574 903 1594 ne
916 1563 980 1594 fiat:
997 1565 1069 1594 alte-

111 1611 157 1641 112³,
169 1606 190 1637 si
200 1605 264 1637 fieri
273 1617 337 1637 non
346 1605 452 1647 potest,
464 1616 521 1637 nec
528 1607 708 1646 suscipiatur.
732 1608 780 1636 Sic
789 1606 896 1636 suasori
907 1615 1070 1646 utrumque

112 1649 285 1680 docendum
295 1647 355 1682 est,
375 1647 530 1678 diffuasori
539 1649 664 1679 alterum
676 1646 828 1678 infirmare
837 1648 877 1678 sat
888 1647 940 1678 est.
972 1651 1070 1690 Qare

112 1692 258 1732 quoniam
269 1692 302 1720 in
311 1691 358 1720 his
369 1691 500 1721 versatur
509 1700 603 1720 omne
614 1689 774 1720 consilium
785 1690 903 1720 duobus
914 1710 922 1724 ,
940 1689 976 1720 de
988 1690 1071 1719 utili—

112 1735 170 1764 1313
178 1732 246 1763 ante
256 1733 401 1766 dicamus,
410 1742 475 1773 quae
485 1733 518 1762 in
528 1731 730 1762 discernendis
741 1732 841 1765 bonis,
851 1732 995 1772 malisque
1003 1742 1071 1762 ver-

111 1774 196 1805 fiitur.
229 1776 367 1804 Bonorum
376 1783 474 1804 autem
485 1776 592 1814 partim
604 1772 760 1804 necessaria
769 1774 853 1808 sunt,
872 1783 905 1804 ut
914 1776 974 1804 vita
985 1794 993 1807 ‚
1012 1783 1068 1814 pu-

75 1846 82 1851 ,
111 1816 229 1851 dicitia,
242 1816 380 1855 libertas,
399 1825 432 1846 ut
440 1816 527 1846 liberi
538 1836 546 1850 ,
559 1817 703 1857 conjuges
715 1836 724 1848 ,
741 1818 894 1857 germani,
914 1826 1067 1856 parentes:

111 1860 219 1900 partim
231 1868 294 1888 non
303 1857 460 1888 necessaria
471 1869 476 1887 :
494 1867 625 1899 quorum
642 1860 699 1888 alia
708 1858 776 1887 sunt
785 1867 836 1897 per
846 1858 872 1888 se
883 1857 1049 1898 expetenda
1059 1877 1067 1891 ‚

85 1903 92 1908 ‘
112 1909 145 1931 ut
155 1910 188 1930 ea
199 1920 207 1934 ,
225 1910 290 1941 quae
301 1898 351 1929 sita
358 1900 426 1930 sunt
435 1901 466 1929 in
477 1898 586 1930 officiis
598 1920 606 1934 ,
627 1909 713 1940 atque
722 1899 897 1929 virtutibus:
921 1900 976 1930 3113
985 1898 1069 1940 (111ὸά

112 1942 226 1983 aliquid
242 1941 400 1971 commodi
411 1939 562 1974 efficiunt,
583 1951 616 1971 ut
625 1951 697 1980 opes
709 1941 853 1980 &copia
884 1944 999 1972 Eorum
1017 1951 1069 1971 au-

113 1992 175 2014 tern
186 2003 195 2017 ‚
205 1993 271 2024 quae
278 1983 421 2025 proptersb
431 1991 611 2022 expetuntur
621 2003 628 2015 ,
640 1984 747 2022 partim
758 1982 910 2012 honestate
920 1983 991 2022 ipsa,
1003 1992 1068 2022 par-

111 2027 168 2055 tim
180 2025 397 2055 commoditate
404 2024 502 2064 aliqua
510 2032 698 2063 expetuntur.
730 2023 911 2058 Honestate,
933 2034 966 2054 ea
976 2044 984 2057 ,
1005 2034 1070 2064 quae

96 2063 99 2066 ⁴
110 2065 340 2107 proficiscuntur
347 2065 383 2095 ab
392 2067 429 2095 iis
438 2066 609 2099 virtutibus,
620 2064 656 2094 de
666 2065 774 2105 quibus
783 2064 884 2105 paullo
893 2064 962 2096 ante
973 2065 1016 2095 est
1024 2066 1070 2095 di-

112 2107 197 2138 &um
209 2118 215 2137 z
226 2117 291 2148 qua:
303 2107 371 2137 sunt
380 2106 540 2136 laudabilia
549 2108 609 2147 ipsa
617 2116 670 2146 per
680 2108 709 2137 se
720 2117 724 2135 :
737 2108 960 2137 Commoditate
969 2116 1068 2137 autem

109 2150 208 2191 aliqua
219 2169 228 2183 ,
239 2159 305 2190 (1οκ
315 2149 424 2178 suntin
435 2150 568 2188 coiporis
577 2169 586 2182 ,
597 2157 647 2178 3111
655 2147 783 2178 fortunae
793 2149 882 2178 bonis
892 2149 1067 2188 expetenda.

112 2201 244 2232 quomm
263 2191 319 2221 alia
335 2191 403 2220 sunt
419 2189 498 2230 quafi
513 2189 743 2230 quodammodo
752 2200 822 2220 cum
833 2191 985 2221 honestate
993 2201 1068 2220 con-

108 2232 213 2274 junlt‘ta
222 2253 231 2266 ,
241 2241 275 2263 ut
286 2233 383 2262 honos
393 2251 401 2265 ‚
421 2240 454 2261 ut
462 2231 572 2273 gloria:
589 2232 645 2262 alia
654 2231 768 2261 diversa
778 2252 787 2265 ,
800 2240 832 2261 ut
842 2234 919 2262 vires
929 2252 937 2266 ,
949 2232 1047 2262 forma
1058 2252 1066 2265 ‚

49 2287 95 2320 25
112 2274 270 2324 valetudo,
290 2274 449 2307 nobilitas,
471 2273 604 2306 divitiae,
624 2274 780 2303 clientclae.
812 2273 864 2304 Est
882 2276 971 2304 etiam
989 2273 1068 2314 quasi

111 2316 248 2358 quaedam
259 2317 395 2346 materies
404 2314 535 2354 subjeeta
544 2314 706 2345 honestati:
725 2325 791 2356 quae
802 2316 937 2346 maxime
956 2315 1068 2356 specsta-

110 2360 199 2389 turin
210 2359 358 2389 amicitiis.
375 2358 514 2387 amicitiae
524 2366 635 2391 autem,
647 2359 774 2391 caritate,
786 2358 818 2388 δε
827 2367 929 2387 amore
939 2368 1067 2388 cernun-

111 2406 167 2431 tur.
189 2410 260 2430 nam
269 2397 340 2430 cum
351 2399 478 2429 deorum
490 2419 498 2433 ,
512 2407 575 2429 tum
586 2407 743 2439 parentum
756 2420 763 2432 ,
783 2402 941 2440 patriaeque
949 2401 1046 2429 cultus
1058 2420 1066 2434 ,

95 2475 98 2477 Α
110 2447 275 2482 eorumque
284 2441 449 2470 hominum
460 2460 468 2474 ,
488 2442 540 2481 qui
549 2450 599 2471 aut
609 2441 750 2481 sapientia
761 2462 769 2474 ‚
791 2450 841 2472 aut
850 2442 957 2482 opibus
967 2443 1066 2471 excel-

79 2521 82 2523 ,
109 2483 179 2514 lunt
188 2503 196 2518 ,
207 2484 242 2513 ad
251 2485 401 2513 caritatem
411 2481 512 2512 referri
524 2482 608 2513 solet.
632 2484 781 2525 Conjuges
791 2491 891 2513 autem
904 2504 912 2517 ,
925 2484 956 2513 δε
968 2484 1064 2518 liberi,

112 2525 255 2556 &fratres
265 2545 274 2558 ,
297 2525 389 2555 &alii
399 2544 408 2558 ‚
431 2534 506 2565 quos
525 2525 594 2554 usus
606 2544 614 2558 ,
634 2524 875 2566 familiaritasque
886 2527 1065 2560 coniunxit,

109 2576 289 2609 quamquam
299 2568 388 2597 etiam
398 2568 516 2597 caritate
525 2566 584 2606 ipsa
593 2587 602 2600 ,
622 2575 724 2597 tamen
733 2576 835 2597 amore
847 2568 981 2597 maxime
992 2578 1067 2598 con-

109 2610 252 2639 timentur.
270 2611 306 2638 In
316 2609 362 2638 his
372 2609 462 2649 igitur
471 2608 559 2638 rebus
567 2607 640 2638 cum
651 2609 730 2638 bona
739 2606 796 2638 fint
806 2629 814 2642 ,
826 2608 912 2639 facile
923 2608 1064 2640 311111131-

109 2649 190 2682 lectu
202 2671 210 2684 ,
229 2660 291 2692 quae
303 2648 360 2680 fint
368 2651 520 2680 contraria.
550 2650 642 2692 Qod.
660 2649 681 2680 fi
700 2650 815 2690 semper
832 2653 948 2690 optima
966 2660 1067 2682 tenere

109 2691 261 2740 possemus
271 2712 279 2725 ,
292 2691 370 2721 haud
381 2691 450 2722 sane
460 2712 468 2724 ,
482 2694 628 2732 quoniam
639 2692 764 2732 quidem
775 2702 807 2721 ca
817 2693 965 2732 perspicua
976 2694 1044 2723 sunt
1055 2714 1062 2725 ,

109 2732 233 2764 consilio
243 2732 375 2763 multum
385 2743 551 2773 egeremus.
583 2733 639 2764 Sed
648 2736 717 2774 quia
736 2737 976 2768 TEMPoRmU5‚
999 2745 1064 2775 qeae
1084 2730 1086 2735 ’

107 2776 174 2805 vim
184 2775 292 2806 habent
301 2777 468 2805 maximam
479 2795 488 2809 ,
500 2776 626 2816 persaepe
636 2777 748 2809 evenit,
761 2785 793 2805 ut
803 2777 914 2805 utilitas
925 2786 994 2806 cum
1006 2780 1061 2807 110-

108 2815 217 2847 nestate
225 2825 316 2848 certet
324 2837 333 2850 ‚
352 2826 513 2858 earumque
522 2826 622 2847 rerum
633 2820 789 2847 contentio
799 2818 974 2859 plerumque
987 2819 1062 2848 deli-

107 2856 271 2889 berariones
281 2857 385 2889 efficit:
403 2869 441 2888 ne
451 2868 499 2888 aut
510 2868 675 2899 opportuna
684 2868 804 2899 propter
812 2860 999 2900 dignitatem,
1013 2870 1061 2890 au:

57 2936 65 2939 a
108 2898 230 2931 h'onesta
237 2909 356 2942 propter
365 2901 524 2931 utilitatem
535 2901 740 2942 relinquantur
749 2922 758 2936 ,
770 2901 804 2932 ad
814 2903 892 2932 hanc
902 2900 1059 2933 difficulta-

130 3024 170 3057 ⁴⁴1.
188 3033 309 3059 {Alterum
318 3034 446 3058 humanum
455 3033 612 3067 &politum.]
626 3032 706 3059 Haud
717 3033 795 3060 aliter
807 3035 864 3061 Pal.
876 3036 995 3070 quintum
1010 3044 1060 3061 uon

107 3064 186 3105 longi:
197 3066 273 3094 aliter
283 3077 360 3104 quam
372 3069 442 3105 quod
453 3073 467 3096 ὲ
477 3070 526 3096 suis
539 3070 683 3096 Lambinus
697 3090 704 3101 ‚
723 3072 752 3101 <Cf
762 3072 895 3103 expolitum.
927 3078 999 3096 retro
1010 3071 1061 3096 iin-

107 3101 182 3164 gess'i
194 3103 295 3129 ta'fitum
308 3123 315 3136 ‚
335 3107 435 3130 adrerum
445 3108 566 3144 esfpoilitum
576 3117 584 3132 :
602 3104 736 3141 quomodo
747 3114 836 3134 tamen
848 3107 932 3133 Palat.
943 3107 1023 3142 prim.
1033 3107 1062 3132 δε

141 3145 205 3164 ittor
227 3158 232 3163 .
863 3154 865 3157 ·

111 3181 171 3215 -‹‚²'
185 3147 261 3211 ssgam
269 3177 532 3213 1⁴1223n0miniam,;³7·c.]
543 3176 688 3206 Lambinus
699 3177 793 3214 abjecit
803 3178 967 3214 tandemque
978 3178 1063 3205 14313

1994 153 2079 218 183

1117 236 1178 257 tem
1189 229 1397 269 explicandam
1406 239 1550 271 praecepta
1562 228 1737 262 referamus.
1767 233 1808 263 Et
1817 233 1964 273 queniam
1974 244 2039 265 non
2050 234 2090 269 ad

1115 270 1448 305 veritatem-solumffed
1459 275 1550 303 etiam
1559 273 1597 302 ad
1608 273 1746 314 opiniones
1755 284 1871 308 eorum,
1885 277 1937 316 (1111
1947 276 2085 310 audiunt,

1115 312 1372 343 accommodanda
1382 313 1424 344 est
1434 317 1528 345 oratio
1539 325 1544 344 :
1565 316 1624 345 hoc
1633 314 1769 355 primum
1779 316 1984 358 intelligamus
1998 338 2007 352 ,
2026 319 2083 348 ho-

1117 354 1240 383 minum
1259 354 1320 399 duo
1342 354 1401 385 effe
1418 366 1542 395 genera:
1564 358 1690 387 alterum
1702 357 1862 388 11111οἃ11111
1874 379 1883 393 ,
1907 360 1940 389 &
1950 359 2059 402 agreste
2070 380 2081 394 ,

1116 394 1198 433 quod
1209 398 1350 425 anteierat
1370 397 1485 437 semper
1495 399 1656 429 utilitatem
1666 399 1828 431 honestati:
1854 401 2002 431 ¹.alterum
2025 403 2082 432 hu-

1116 444 1243 464 manum
1257 436 1290 466 81
1299 438 1430 476 politum
1442 459 1449 472 ‚
1461 440 1542 480 quod
1555 440 1643 471 rebus
1656 442 1801 472 omnibus
1812 442 1989 484 dignitatem
1999 453 2080 474 ante-

1116 485 1218 523 ponat.
1245 479 1346 518 Itaque
1357 480 1426 509 huic
1436 484 1537 521 generi
1550 483 1610 512 laus
1621 503 1630 516 ,
1645 483 1745 513 honor
1756 504 1764 517 ,
1776 485 1880 526 gloria,
1894 484 1966 515 fides
1976 506 1983 519 ‚
1993 485 2081 525 justi-

1117 528 1175 551 tia,
1198 520 1357 559 omnisque
1369 523 1478 551 virtus:
1503 523 1548 552 illi
1561 533 1659 554 autem
1669 525 1770 559 alteri,
1790 526 1919 567 quaestus
1929 547 1937 560 ,
1959 528 2081 557 emolu-

1117 568 1258 593 mentum
1268 580 1279 607 .’
1298 560 1470 609 sruffirsque
1488 568 1665 603 proponitur
1677 577 1682 595 ε
1703 576 1789 608 atque
1810 571 1899 598 etiam
1917 569 2056 610 voluptas
2066 589 2076 603 ,

1116 611 1182 642 quae
1192 611 1328 632 maxime
1337 602 1380 634 est
1390 605 1506 633 zmmica
1517 609 1633 641 virtuti,
1647 608 1779 649 bonique
1791 620 1924 640 naturam
1935 610 2078 642 fallaciter

1116 643 1267 673 imitando
1276 643 1418 675 adulterat
1431 656 1437 674 :
1456 656 1546 686 quani
1559 649 1599 677 im
1606 648 1789 680 maniffimus
1799 653 1924 693 quisque
1935 654 2078 683 acerrime

1117 685 1265 726 sequitur,
1288 696 1384 727 neque
1397 686 1497 717 solum
1513 689 1646 720 honestis
1665 692 1769 725 rebus,
1790 694 1838 723 sed
1849 704 1938 726 etiam
1950 694 2082 725 11303113-

1116 729 1168 756 riis
1179 730 1346 767 anteponit.
1376 731 1412 758 In
1423 729 1585 763 suadendo,
1601 731 1670 761 cum
1683 735 1709 762 ei
1719 737 1819 774 generi
1831 737 1994 766 hominum
2006 747 2078 768 con-

1117 767 1217 798 silium
1237 769 1289 799 des
1301 789 1309 802 ‚
1335 770 1408 810 saepe
1430 771 1497 801 sane
1518 772 1663 803 laudanda
1680 774 1720 804 est
1735 786 1739 803 z
1765 776 1796 806 Sc
1806 777 1881 807 illud
1891 778 2057 808 videndum
2068 799 2078 812 2

1117 813 1263 851 QANTo
1282 821 1391 841 L1AGIS
1410 813 1551 843 homines
1563 815 1640 844 111313
1655 814 1770 856 fugiant
1780 837 1787 850 ,
1812 828 1902 858 quim
1922 821 2079 860 sequantur

1121 852 1210 883 bona.
1242 863 1314 883 nam
1334 863 1432 894 neque
1449 854 1574 885 honesta
1584 865 1645 886 tam
1657 866 1819 897 expetunt,
1839 861 1927 901 quam
1947 862 2081 893 devitant

1118 896 1224 934 turpia.
1248 897 1325 935 Qs
1336 898 1421 927 enim
1431 897 1579 927 honorem
1591 918 1599 931 ,
1618 899 1685 939 quis
1698 900 1823 939 gloriam
1835 922 1842 934 ‚
1864 905 1929 942 quis
1940 903 2056 933 laudem
2068 924 2078 937 .

1117 939 1186 977 quis
1199 936 1299 966 ullum
1317 936 1407 967 decus
1428 946 1489 968 tam
1508 949 1653 980 umquam
1673 950 1805 980 expetat,
1826 946 1840 962 2
1849 944 1939 983 quam
1951 954 1981 974 ut
1992 948 2078 986 igno-

1118 980 1248 1008 miniam
1259 999 1268 1012 ,
1288 978 1447 1009 infamiam
1459 999 1467 1014 ,
1481 982 1697 1012 contumeliam
1709 1003 1716 1016 ,
1738 983 1864 1014 dedecus
1874 985 1986 1026 fugiat?
2009 997 2082 1027 qua-

1117 1030 1187 1050 rum
1198 1030 1299 1050 rerum
1309 1020 1397 1051 dolor
1406 1024 1500 1063 gravis
1511 1022 1563 1053 est.
1600 1022 1651 1054 Est
1659 1035 1752 1065 genus
1763 1027 1926 1056 hominum
1937 1027 1971 1058 ad
1982 1029 2079 1058 hone-

1117 1062 1222 1092 statem
1234 1071 1338 1092 natum
1350 1083 1358 1096 ,
1387 1063 1469 1094 malo
1478 1065 1561 1095 cultu
1574 1084 1583 1098 ,
1605 1067 1758 1107 pravisque
1768 1069 1966 1108 opinionibus
1976 1080 2077 1100 corru-

1116 1113 1211 1144 ptum.
1236 1114 1326 1145 quare
1341 1106 1374 1135 in
1392 1106 1578 1136 cohortando
1589 1127 1597 1140 ,
1618 1117 1703 1148 atque
1723 1108 1871 1140 suadendo
1890 1110 2075 1151 propositum

1116 1146 1240 1187 quidem
1250 1146 1342 1176 nobis
1351 1149 1406 1177 erit
1415 1147 1536 1180 illud‚ut
1546 1148 1716 1184 doceamus,
1734 1154 1746 1178 3
1767 1162 1823 1192 qua
1832 1154 1872 1185 vi,
1886 1153 2078 1183 bonaconsc-

1116 1190 1167 1229 qui
1177 1208 1185 1221 ,
1197 1188 1332 1229 malaque
1342 1190 1433 1219 vitare
1441 1188 1593 1229 possimus.
1617 1191 1673 1221 Sed
1683 1193 1758 1232 apud
1769 1195 1908 1224 homines
1926 1193 1989 1224 benc
1999 1194 2079 1231 insli-

1117 1238 1193 1258 turos
1201 1229 1372 1270 plurimum
1383 1230 1419 1260 de
1428 1231 1515 1261 laude
1525 1252 1534 1266 ,
1555 1233 1587 1262 &
1598 1232 1633 1262 de
1644 1234 1796 1265 honestate
1807 1235 1958 1266 dicemus:
1978 1239 2077 1267 maxi·

1118 1282 1227 1313 meque
1239 1282 1272 1302 ea
1280 1273 1426 1302 virtutum
1435 1284 1541 1315 genera
1550 1274 1742 1305 trastabimus
1752 1297 1759 1309 ‚
1782 1287 1846 1318 quae
1865 1279 1898 1308 in
1914 1281 2075 1309 communi

1117 1315 1283 1344 hominurn
1294 1314 1421 1345 utilitate
1432 1315 1746 1357 tuenda,augendaque
1754 1319 1916 1349 versantur.
1937 1323 1990 1350 Sin
1999 1321 2075 1361 apud

1117 1354 1238 1385 indoc‘tos
1247 1356 1463 1397 imperitosque
1474 1357 1608 1388 dicemus
1621 1369 1626 1387 ;
1637 1357 1752 1391 fruetus
1763 1381 1772 1393 ‚
1782 1362 1990 1392 emolumenta
1999 1383 2007 1396 ,
2019 1373 2075 1393 vo-

1116 1397 1242 1438 luptates
1254 1419 1263 1431 ‚
1276 1399 1495 1440 vitationesque
1503 1399 1647 1430 dolorum
1657 1401 1858 1441 proferantur:
1880 1402 2024 1434 addantur
2034 1414 2077 1434 et—

1117 1441 1190 1470 tiam
1200 1441 1393 1470 contumeliae
1404 1461 1411 1474 ‚
1431 1450 1515 1486 atque
1527 1443 1714 1483 ignominiae.
1746 1447 1850 1474 Nemo
1864 1447 1948 1475 enirn
1960 1445 2002 1476 est
2013 1455 2073 1476 tam

1117 1481 1234 1523 agrestis
1244 1502 1252 1515 ,
1265 1492 1357 1523 quem
1369 1493 1432 1513 non
1442 1503 1449 1517 ,
1465 1486 1485 1513 ii
1495 1485 1555 1523 ipsa
1565 1487 1668 1514 minus
1678 1485 1827 1519 honestas,
1841 1488 2025 1519 contumelia
2035 1497 2076 1518 11-

1118 1533 1190 1553 men
1202 1543 1210 1557 ,
1223 1524 1256 1553 &3
1265 1524 1393 1554 dedecus
1404 1535 1585 1567 magnopere
1595 1536 1725 1557 moveat.
1749 1531 1847 1568 Qare
1855 1529 1935 1569 quod
1947 1529 1980 1559 ad
1991 1531 2075 1560 utili-

1118 1574 1208 1595 tatem
1220 1565 1328 1606 speistat
1337 1586 1346 1599 ,
1358 1576 1395 1596 ex
1406 1569 1442 1597 iis
1454 1587 1462 1601 ,
1473 1577 1538 1608 quae
1549 1567 1627 1598 dieta
1637 1569 1703 1601 sunt
1712 1589 1719 1602 2
1733 1572 1902 1609 reperietur.
1923 1572 2012 1612 Qod
2023 1582 2074 1602 au-

1118 1617 1180 1637 tem
1190 1606 1277 1647 poffit
1285 1606 1363 1638 effici
1374 1628 1382 1642 ,
1404 1619 1498 1639 necne
1516 1608 1604 1649 pollit
1613 1630 1622 1642 ,
1645 1612 1677 1640 in
1689 1621 1748 1651 quo
1758 1614 1846 1641 etiam
1859 1632 1866 1645 ,
1885 1622 1976 1652 quam
1987 1613 2077 1653 fatale*

1116 1648 1203 1689 possit
1212 1670 1220 1683 ,
1241 1660 1390 1691 quamque
1409 1652 1536 1693 expediat
1545 1672 1554 1685 ,
1573 1654 1664 1692 quaeri
1674 1653 1750 1683 solet
1760 1674 1768 1686 ‚
1789 1656 1923 1684 maxime
1937 1665 1973 1684 ex
1986 1654 2075 1686 causis

1117 1694 1155 1721 iis
1167 1712 1175 1725 ,
1187 1702 1251 1733 quae
1261 1702 1411 1733 quamque
1421 1703 1484 1722 rem
1496 1692 1626 1723 efficiant
1635 1714 1644 1727 ,
1660 1694 1702 1724 est
1711 1695 1889 1728 videndum.
1915 1697 2074 1728 Causarum

1117 1742 1217 1763 autem
1228 1744 1334 1775 genera
1343 1734 1510 1775 suntplurav
1544 1737 1626 1765 Nam
1642 1735 1709 1767 sunt
1724 1737 1788 1767 aliae
1799 1757 1807 1771 ,
1826 1748 1890 1778 quae
1900 1739 1969 1778 ipsae
1979 1738 2077 1769 confi·

1118 1777 1203 1805 ciunt
1213 1788 1222 1810 3
1240 1776 1304 1806 aliae
1314 1796 1322 1810 ,
1342 1786 1408 1816 quae
1416 1778 1480 1807 vim
1490 1777 1620 1818 aliquam
1639 1777 1674 1808 ad
1693 1777 1920 1810 conficiendum
1938 1779 2075 1811 afferunt.

1118 1818 1288 1858 Itaqueillae
1300 1818 1480 1857 superiores,
1499 1817 1694 1849 conficientes
1706 1830 1866 1851 vocentur:
1885 1822 1931 1852 hae
1948 1822 2072 1863 reliquae

1117 1868 1266 1899 ponantur
1276 1862 1308 1889 in
1318 1870 1354 1889 eo
1364 1870 1472 1900 genere
1484 1881 1492 1894 ‚
1505 1869 1536 1891 ut
1545 1859 1606 1890 sine
1615 1862 1662 1891 his
1672 1861 1783 1892 confici
1792 1873 1856 1892 non
1865 1862 1959 1903 poffit.
1991 1867 2074 1896 Con·

1118 1900 1222 1930 ficiens
1232 1911 1334 1930 autem
1345 1903 1426 1931 causa
1435 1903 1491 1932 alia
1500 1902 1542 1932 est
1551 1902 1682 1932 absoluta
1692 1923 1700 1936 ‚
1711 1903 1744 1933 δε
1752 1903 1882 1943 11311οὲ13
1890 1914 1942 1945 per
1950 1905 1996 1936 se:
2017 1906 2073 1937 alia

1116 1942 1229 1982 aliquid
1239 1944 1380 1982 adjuvans
1391 1963 1399 1976 ,
1422 1945 1453 1974 &
1464 1942 1615 1973 efficiendi
1627 1944 1704 1975 socia
1713 1945 1848 1986 quaedam
1864 1956 1870 1974 z
1886 1947 1932 1986 cuj
1937 1957 1970 1977 us
1980 1957 2072 1988 gene-

1116 1986 1155 2013 ris
1167 1986 1212 2014 vis
1220 1987 1298 2014 varia
1307 1984 1348 2014 est
1359 2005 1368 2018 ,
1389 1985 1422 2015 &
1432 1985 1505 2025 saepe
1515 1994 1563 2015 aut
1573 1986 1684 2025 major,
1706 1995 1756 2016 aut
1774 1989 1894 2022 minor,
1912 1997 1944 2018 111
1955 1989 1987 2018 &
1998 1989 2048 2020 illa
2059 2009 2069 2022 ,

1115 2035 1179 2066 quae
1192 2028 1357 2055 maximam
1368 2028 1431 2056 vim
1444 2026 1539 2060 habet,
1552 2027 1614 2056 sola
1624 2027 1696 2067 saepe
1706 2028 1788 2059 causa
1796 2028 1918 2060 dicatur.
1930 2033 2006 2061 Sunt
2015 2040 2070 2060 au-

1115 2077 1176 2097 tem
1186 2067 1249 2097 aliae
1261 2068 1351 2097 causae
1360 2087 1368 2100 ‚
1390 2078 1454 2108 quae
1467 2076 1516 2098 aut
1528 2077 1646 2108 propter
1661 2072 1844 2110 principium
1854 2089 1863 2105 ,
1884 2080 1934 2101 aut
1951 2081 2073 2112 propter

1114 2111 1243 2141 exitum,
1255 2108 1449 2141 conficientes
1460 2119 1611 2140 vocantur.
1635 2111 1714 2142 Cum
1725 2121 1824 2142 autem
1835 2115 1983 2153 quaeritur,
1995 2114 2069 2160 quid

1113 2150 1145 2180 sit
1156 2152 1293 2193 optimum
1296 2150 1384 2190 fastu
1392 2165 1404 2181 .·
1426 2160 1477 2181 aut
1487 2152 1597 2183 utilitas
1609 2173 1617 2185 ,
1634 2163 1684 2183 aut
1695 2153 1755 2193 spes
1768 2152 1963 2185 efficiendiad
1973 2155 2068 2186 asten-

1111 2193 1250 2222 tiendum
1260 2193 1392 2232 impellit
1399 2194 1528 2223 animos.
1552 2196 1599 2226 Et,
1610 2197 1757 2234 quoniam
1768 2195 1803 2225 de
1812 2196 2008 2236 utilitatejam
2019 2197 2067 2228 di-

1112 2236 1214 2264 ximus
1224 2255 1232 2268 ,
1253 2234 1289 2264 de
1301 2233 1452 2265 efficiendi
1466 2236 1580 2266 ratione
1590 2236 1734 2267 dicamus.
1765 2240 1835 2280 Qo
1855 2247 1921 2268 toto
1938 2249 2045 2279 genere
2055 2260 2066 2275 ,

1111 2276 1290 2317 quibuscum
1302 2296 1310 2310 ,
1331 2276 1471 2306 &contra
1481 2287 1557 2318 quos
1566 2296 1573 2310 ‚
1594 2288 1655 2319 qu.)
1674 2288 1809 2318 tempore
1819 2300 1827 2312 ‚
1846 2290 1895 2310 3111
1905 2290 1965 2321 quo
1976 2282 2044 2312 loco
2056 2302 2066 2316 ,

1112 2327 1160 2348 aut
1169 2317 1279 2358 quibus
1290 2317 1476 2348 facultatibus
1486 2329 1637 2349 armorum
1651 2341 1658 2353 ‚
1671 2323 1804 2360 pecuniae
1813 2341 1821 2354 ,
1836 2322 1985 2353 sociorum
1998 2344 2006 2356 ‚
2018 2334 2066 2354 ea-

1110 2370 1218 2390 rumve
1229 2370 1339 2394 rerum,
1351 2370 1416 2401 quae
1425 2359 1461 2390 ad
1470 2370 1620 2402 quamque
1630 2373 1695 2392 rem
1704 2360 1892 2393 efficiendam
1903 2367 2064 2403 pertinent,

1111 2400 1254 2442 possimus
1264 2404 1308 2432 uti
1318 2422 1326 2435 ‚
1338 2402 1552 2443 requirendum
1564 2403 1615 2433 est.
1642 2406 1748 2444 Neque
1760 2404 1858 2434 solum
1870 2415 1901 2435 ea
1912 2406 1988 2440 sunt,
2000 2417 2065 2448 quae

1112 2444 1201 2474 nobis
1212 2444 1387 2484 suppetunt,
1401 2444 1449 2474 sed
1460 2446 1549 2474 etiam
1560 2446 1610 2475 illa
1621 2465 1628 2479 ,
1641 2455 1706 2486 quae
1717 2445 1915 2481 adversantur,
1925 2448 2064 2479 videnda.

1112 2488 1150 2516 Et
1161 2505 1169 2518 ,
1182 2484 1202 2514 fi
1214 2496 1251 2515 ex
1261 2487 1457 2515 contentione
1466 2487 1645 2525 procliviora
1655 2495 1740 2517 erunt
1750 2486 1848 2517 nostra
1860 2498 1865 2516 t
1888 2498 1952 2519 non
1963 2489 2063 2520 solum

1111 2526 1191 2557 effici
1201 2526 1283 2567 pofl'e
1293 2538 1357 2568 quae
1369 2527 1526 2557 suademus
1534 2547 1542 2560 ‚
1563 2530 1619 2558 erit
1627 2529 1863 2567 persuadendum
1876 2541 1882 2558 :
1901 2530 1949 2560 sed
1959 2542 2066 2562 curan-

1112 2569 1186 2599 dum
1196 2571 1285 2599 etiarn
1298 2590 1305 2602 ,
1329 2578 1359 2598 ut
1370 2569 1418 2598 illa
1430 2589 1438 2601 ,
1452 2569 1559 2608 facilia
1568 2589 1575 2602 ‚
1593 2571 1730 2611 proclivia
1742 2591 1749 2603 ‚
1763 2571 1890 2609 jucunda
1899 2572 2065 2603 videantur.

1112 2609 1355 2641 Dissuadentibus
1365 2619 1464 2639 autem
1475 2631 1482 2643 ,
1496 2620 1545 2640 aut
1555 2613 1666 2642 utilitas
1675 2611 1877 2643 labefaaanda
1888 2613 1929 2644 est
1939 2635 1947 2648 ‚
1960 2625 2010 2645 aut
2019 2614 2065 2645 ef-

1113 2652 1242 2683 ficiendi-
1251 2651 1440 2682 difficultates
1459 2651 1615 2683 efferenda:
1628 2673 1636 2686 ‚
1661 2664 1757 2694 neque
1767 2655 1832 2684 aliis
1842 2665 1879 2684 ex
1890 2660 2042 2696 praecep:is
2052 2677 2061 2692 ,

1109 2694 1157 2724 sed
1172 2694 1277 2724 iisdem
1297 2704 1335 2723 ex
1352 2692 1492 2723 suasionis
1511 2695 1592 2724 locis.
1623 2698 1755 2736 Uterque
1764 2695 1837 2726 vero
1847 2697 1881 2727 ad
1891 2699 2062 2739 augendum

1110 2736 1214 2765 habeat
1223 2736 1406 2777 exemplorum
1415 2745 1462 2765 aut
1473 2745 1637 2766 recent1um
1649 2757 1657 2770 ‚
1668 2747 1729 2778 quo
1738 2739 1856 2769 notiora
1864 2737 1936 2771 sint,
1952 2749 2000 2770 aut
2010 2750 2062 2770 ve·

1108 2787 1216 2811 terum,
1226 2787 1286 2818 quo
1296 2778 1362 2817 plus
1371 2776 1551 2807 audin-itatis
1563 2779 1700 2812 habeant,
1711 2782 1841 2819 copiam.
1865 2782 2062 2821 Maximeque

1108 2818 1140 2849 sit
1152 2822 1183 2848 in
1194 2820 1252 2849 hoc
1261 2829 1367 2860 genere
1378 2819 1548 2851 meditatus,
1562 2829 1593 2849 ut
1603 2819 1688 2860 possit
1697 2821 1746 2850 vel
1757 2822 1853 2855 utilia,
1865 2832 1897 2852 ac
1908 2822 2064 2853 necessaria

1108 2861 1181 2900 saepe
1201 2860 1351 2894 honestis,
1372 2861 1418 2890 vel
1431 2862 1492 2890 haec
1502 2862 1562 2890 illis
1571 2861 1723 2892 anteferre.
1755 2863 1801 2892 Ad
1821 2865 2063 2895 commovendos

1107 2913 1207 2934 aurem
1217 2905 1336 2933 animos
1347 2902 1480 2932 maximi:
1491 2902 1668 2943 proficient,
1687 2902 1708 2933 si
1725 2905 1869 2936 incitandi
1881 2916 1985 2939 erunt,
2006 2907 2062 2936 hu-

1928 2949 2064 2988 jusmodi

1105 3034 1190 3060 voluit
1201 3033 1374 3065 Gulielmius,
1386 3033 1436 3060 fide
1449 3034 1617 3070 llittorpizuii
1631 3055 1638 3066 ‚
1650 3036 1675 3061 8<
1691 3045 1698 3059 1
1708 3045 1753 3061 ero
1763 3035 1829 3062 abest
1841 3035 1905 3062 item
1916 3036 1973 3061 Pil.
1986 3036 2064 3070 quiu-

1105 3078 1132 3096 to
1145 3090 1152 3102 ‚
1172 3068 1214 3094 std
1227 3077 1313 3096 tamen
1326 3071 1346 3096 is
1357 3079 1483 3106 pizuti-rea
1493 3070 1639 3097 excluserat
1650 3070 1784 3107 tan1‚qi=od
1796 3072 1917 3107 proxime
1928 3071 2062 3107 pratu-ilit-

1107 3107 1132 3132 3<
1145 3105 1228 3132 nelei.)
1240 3115 1319 3141 quatu
1334 3107 1468 3132 licit-1:011&
1482 3106 1544 3132 mihi
1556 3107 1684 3134 0113111313
1697 3108 1816 3133 vide-:itur
1828 3115 1979 3142 utriunque.
2054 3108 2057 3110 ’

1141 3151 1166 3177 3.
1183 3144 1237 3174 ἑῴα
1250 3153 1273 3167 11
1284 3143 1343 3167 bom
1353 3143 1481 3176 consequi]
1495 3140 1639 3170 Liuii-inus
1651 3155 1664 3170 c
1677 3143 1725 3170 suis
1739 3143 1850 3178 reposuit
1866 3147 1945 3175 erugat
1958 3142 2013 3168 inl.
2024 3150 2065 3177 pr.

1104 3185 1206 3206 tautum
1219 3178 1307 3211 habit,
1322 3188 1369 3213 ’,ιτα
1379 3180 1437 3205 bona
1451 3179 1508 3213 cons
1529 3180 1616 3215 quint.
1628 3189 1676 3214 qua
1687 3189 1710 3205 r<
1721 3181 1790 3212 bona,
1801 3180 1853 3211 (ξπ-κ
1956 3188 1960 3192 ’

1983 3216 2065 3241 1.Aur

2090 2203 2134 2237 27
