2360 3400
503 107 848 153 Acinzir.
907 103 1509 168 Quaesrronuur,
1566 111 1805 162 LimII.
1882 121 1902 129 “

184 190 254 222 dam
265 184 459 227 Βεοοῐροῐὶε,
472 184 645 216 &fortunae
656 186 734 216 mala
746 206 754 220 ,
770 195 871 217 tamen
882 195 952 216 eum
966 204 975 219 ,
988 186 1082 226 quiin
1095 185 1142 214 his

177 231 331 264 :omnibus
341 227 375 258 sit
383 247 392 261 ,
414 227 534 258 beatum
545 227 610 258 fore
619 229 717 259 censet
729 249 737 262 ‚
751 227 770 258 si
780 229 896 268 sapiens
905 226 948 258 fit.
971 226 1140 258 Distrahor:

182 283 254 305 cum
270 273 329 301 hoc
341 270 419 299 mihi
432 269 636 309 probabilius,
657 280 720 300 tum
735 271 813 301 illud
826 270 962 301 videtur:
982 269 1015 299 &
1025 277 1138 301 tamen,

183 313 239 346 nisi
255 314 430 343 alterutrum
447 310 498 345 sit,
518 313 662 342 virtutem
670 311 765 352 J'acere
774 312 861 353 plane
871 320 954 352 puto.
977 309 1092 340 Verum
1104 311 1138 339 in

168 358 229 387 ‘his
239 355 415 394 discrepant.
438 353 627 395 Qidillud?
647 357 678 384 in
698 355 808 395 quibus
825 353 1040 385 consentiunt,
1061 360 1136 381 num

168 407 236 439 rpro
254 398 333 427 veris
349 395 473 435 probare
489 395 667 435 possumus?
688 397 824 437 Sapientis
838 396 969 425 animum
983 403 1140 435 numquam

116 451 167 486 44
183 449 229 469 nec
239 438 395 481 cupiditate
404 447 509 467 moveri
520 458 528 472 ‚
547 449 594 467 nec
603 438 704 467 [aritia
712 439 813 480 efferri.
858 441 921 478 Age
932 456 941 471 ,
962 437 1023 466 haec
1033 435 1140 476 proba—

106 497 112 505 ε
181 481 255 513 bilia
272 480 339 510 sane
357 477 430 510 sint:
450 490 526 510 num
547 481 636 511 etiam
657 482 727 510 illa?
749 489 907 521 numquam
919 486 1034 511 timere,
1056 487 1139 506 num-

179 532 270 565 quam
280 522 377 551 dolere.
403 522 556 562 sapiensne
567 532 630 553 nori
641 525 766 552 timeat?
787 531 841 552 nec
851 541 859 556 ,
872 520 893 551 fi
903 522 997 562 patria
1005 520 1139 549 deleatur

177 576 243 596 non
261 564 380 596 doleat?
402 567 475 594 Satis
494 564 603 594 durum
616 575 622 593 :
644 565 694 594 sed
705 565 826 594 Zenoni
845 561 1057 593 necessarium:
1077 562 1138 594 cui,

177 616 283 649 praeter
292 606 454 637 honestum
466 625 474 639 ,
490 606 622 636 nihilest
631 608 663 636 in
674 607 763 637 bonis
777 616 783 635 z
803 606 857 636 tibi
868 603 941 635 vero
951 624 960 638 ,
972 604 1135 635 Antioche,

178 649 312 680 minime
324 658 329 676 :
339 650 406 682 cui,
419 657 524 689 practer
533 648 718 679 honestatem
729 668 738 682 ,
749 649 846 678 multa
855 648 950 677 bona:
961 654 1066 686 praeter
1075 654 1137 675 tur-

175 691 349 733 pitudinem
361 711 370 724 ‚
391 692 487 721 multa
506 691 583 721 mala
602 691 759 720 videntur:
781 699 846 730 qua:
859 689 892 719 δε
903 689 1057 719 venientia
1071 696 1136 717 me-

176 739 242 764 tuat
251 732 364 773 sapiens
373 731 488 763 neceffe
499 731 552 765 est,
563 733 598 762 δε
606 731 718 763 venisse
729 732 839 762 doleat.
849 731 907 762 Sed
914 740 1029 771 quaero,
1040 738 1135 770 quan-

177 775 218 806 do
230 775 282 805 ista
290 774 405 805 fuerint
416 774 454 804 ab
464 774 625 804 Academia
636 782 735 804 vetere
748 773 862 804 decreta
873 792 882 806 ,
901 782 934 802 ut
942 773 1081 802 animum
1093 771 1135 801 sa-

175 819 288 858 pientis
297 817 505 849 commoveri,
520 815 552 845 Sc
562 816 731 846 conturbari
741 823 882 856 negarent
895 820 904 845 ἕ
915 813 1136 844 mediocritates

174 860 222 890 illi
232 858 396 900 probabant
407 878 415 892 ,
436 857 509 887 &in
520 859 607 887 omni
617 859 808 896 permotione
817 857 981 886 naturalem
993 855 1137 885 volebant

169 900 233 932 effe
244 900 392 943 quendam
408 899 547 928 modum.
571 900 700 939 legimus
711 908 819 928 omnes
829 899 986 927 Crantoris
996 917 1004 930 ,
1025 898 1135 926 veteris

175 943 368 975 Academici,
390 943 438 969 De
448 938 539 969 laetu.
562 939 604 969 est
616 942 700 969 enirn
716 949 782 969 non
795 949 921 982 magnus
932 959 941 973 ,
962 938 1070 969 verum
1082 947 1134 968 au-

176 986 276 1016 reolus
288 1004 296 1017 ‚
316 983 348 1012 &
358 1002 367 1016 ,
390 992 422 1012 ut
440 982 598 1012 Tuberoni
614 984 760 1013 Panaetius
778 983 913 1022 praecipit
923 1001 931 1016 ,
951 981 986 1011 ad
1003 981 1132 1011 verbum

173 1023 493 1058 ediscenduslibellus.
517 1027 615 1064 Atque
628 1024 674 1054 illi
688 1024 813 1065 quidem
824 1032 913 1054 etiam
927 1024 1040 1053 utiliter
1049 1022 1067 1053 a
1079 1032 1133 1053 na-

173 1066 386 1099 turadicebant
397 1068 604 1106 permotiones
617 1064 684 1096 istas
702 1068 812 1096 animis
828 1065 936 1096 nostris
946 1066 1026 1096 datas
1037 1085 1045 1099 ,
1066 1075 1133 1096 me—

166 1119 240 1142 tum
251 1108 378 1139 cavendi
390 1109 473 1138 causa
485 1119 490 1137 ε
503 1108 739 1138 misericordiam
752 1127 760 1141 ,
772 1107 1042 1148 aegritudinemque
1052 1127 1062 1140 ,
1072 1107 1133 1137 cle-

171 1152 313 1184 mentiae:
330 1150 423 1190 ipsam
435 1150 614 1179 iracundiam
625 1170 633 1183 ‚
639 1150 820 1189 fortitudines
832 1149 915 1190 quasi
922 1157 1009 1179 cotem
1017 1147 1075 1179 effe
1086 1150 1133 1179 di·
1153 1163 1155 1172 ν

170 1194 295 1225 cebant:
309 1192 389 1222 recle
403 1213 412 1226 ,
433 1192 553 1223 secusne
563 1212 570 1225 ,
583 1192 653 1222 alias
664 1193 830 1223 viderimus
840 1212 848 1225 ,
859 1201 995 1222 atrocitas
1005 1190 1131 1232 quidem

170 1236 226 1267 ista
243 1245 292 1266 tua
304 1244 366 1275 quo
379 1234 476 1264 modo
493 1237 527 1264 in
547 1243 679 1264 veterem
691 1234 884 1264 Academiam
900 1234 1056 1273 irruperit,
1078 1243 1131 1263 ne—

169 1279 244 1309 scio.
264 1277 316 1307 Illa
325 1275 397 1306 vero
407 1276 486 1306 ferre
496 1286 559 1306 non
570 1275 700 1316 possum,
713 1286 776 1306 nori
785 1275 846 1316 quo
857 1277 935 1306 mihi
945 1275 1130 1316 displiceant:

167 1320 241 1351 sunt
255 1320 340 1349 enim
361 1321 508 1349 Socratica
523 1319 663 1359 pleraque
681 1318 830 1348 mirabilia
850 1321 1021 1349 Storcorum
1034 1337 1043 1351 ,
1062 1327 1127 1358 quae

167 1363 301 1397 σοιςέιδεξκ
314 1362 530 1391 nominantur:
549 1359 597 1390 sed
610 1360 663 1389 ubi
675 1362 856 1391 Xenocrates
866 1380 874 1394 ,
894 1360 947 1390 ubi
959 1359 1132 1390 Aristoteles

174 1402 230 1433 ista
246 1404 362 1443 tetigit?
380 1404 436 1432 hos
453 1404 539 1431 enirn
564 1400 644 1442 quasi
661 1401 782 1432 eosdem
802 1400 862 1431 ess'e
879 1402 983 1432 vultis.
1004 1403 1131 1431 illium-

172 1454 262 1485 quam
273 1444 429 1477 dicerent,
448 1452 644 1472 SAPIENTEIS
663 1452 756 1473 sonos
776 1446 902 1473 REGEs?
921 1444 1000 1473 solos
1009 1444 1133 1473 divites?

167 1486 253 1517 solos
261 1484 413 1515 formosos
426 1488 437 1514 ?
449 1487 554 1515 omnia
564 1504 572 1518 ‚
584 1494 650 1525 quae
660 1485 770 1525 ubique
780 1483 874 1515 essent
885 1505 894 1519 ‚
911 1485 1050 1524 sapientis
1060 1483 1132 1515 effe?

166 1528 330 1558 neminem
340 1526 499 1557 consulem
509 1546 518 1561 ,
539 1536 696 1566 praetorem
711 1546 719 1560 ‚
741 1529 951 1566 imperatorem
963 1546 971 1560 ,
986 1528 1087 1557 nescio
1097 1536 1133 1557 an

170 1579 210 1599 ne
219 1571 457 1609 quinquevirum
468 1570 591 1609 quidem
602 1578 785 1610 quemquam
794 1588 803 1602 ,
816 1567 869 1598 nisi
881 1569 1043 1608 sapientem
1055 1571 1065 1598 ?
1075 1578 1132 1609 po-

166 1609 294 1643 stremo,
303 1611 404 1641 solum
413 1613 526 1644 civem,
538 1611 637 1641 solum
650 1609 988 1651 liberum?infipienteis
998 1613 1132 1644 omneis,

169 1655 346 1694 peregrinos
356 1672 364 1686 ,
377 1653 494 1683 exsules
505 1673 513 1687 ‚
526 1653 638 1687 servos,
650 1652 780 1683 furiosos
792 1656 803 1683 ἒ
814 1653 945 1694 denique
954 1653 1060 1693 scripta
1070 1655 1133 1694 Ly-

168 1698 252 1736 curgi
266 1715 275 1727 ,
289 1695 411 1725 Solonis
422 1715 431 1729 ,
447 1695 609 1726 duodecim
621 1696 731 1726 tabulas
744 1695 857 1726 nostras
867 1715 876 1730 ,
892 1705 955 1725 non
969 1694 1026 1726 effe
1037 1696 1135 1738 leges?

167 1746 210 1767 ne
228 1736 328 1767 urbeis
346 1737 495 1778 denique,
517 1747 566 1768 aut
577 1739 743 1771 civitateis‚
765 1736 900 1779 nisiquae
910 1736 1004 1768 ess'ent
1015 1738 1131 1778 sapien-

167 1780 270 1809 tium?
293 1781 366 1809 Haec
376 1779 432 1809 tibi
443 1799 452 1813 ,
469 1780 612 1813 Luculle,
632 1778 651 1809 fi
665 1789 696 1810 es
706 1778 835 1810 assensus
846 1780 1001 1810 Antiocho
1013 1800 1021 1814 ,
1038 1780 1129 1810 fami—

168 1821 234 1851 liari
245 1830 298 1851 tuo
310 1840 318 1854 ,
329 1829 389 1851 tam
400 1821 470 1851 sunt·
478 1821 667 1852 defendenda
676 1842 684 1855 ,
696 1817 783 1862 quam
794 1822 898 1851 moenia
906 1832 918 1848 .·
928 1822 1006 1851 mihi
1016 1831 1130 1857 autem,

102 1855 151 1907 '45
167 1861 236 1892 bono
249 1862 326 1892 modo
335 1874 347 1889 :
367 1872 480 1893 tantum
492 1883 502 1897 ,
515 1873 662 1904 quantum
676 1860 837 1893 videbitur.
861 1865 935 1904 Legi
944 1863 1022 1903 apud
1034 1864 1131 1894 Clito-

168 1905 313 1935 machum
326 1925 335 1938 ,
345 1914 416 1935 cum
427 1905 601 1940 Carneades,
614 1906 646 1937 δε
654 1907 773 1936 Stoicus
783 1907 938 1945 Diogenes
947 1905 982 1935 ad
992 1905 1126 1936 senatum

166 1948 202 1978 in
214 1948 363 1987 Capitolio
378 1947 506 1982 starent;
521 1951 557 1978 A.
571 1948 720 1978 Albinum
734 1968 742 1982 ,
762 1949 814 1989 qui
828 1956 892 1977 tum
904 1967 913 1982 ‚
930 1949 962 1978 P.
973 1950 1127 1988 Scipione,

167 1989 203 2019 &
214 1991 257 2019 M.
270 1990 414 2020 Marcello
424 2000 499 2020 coss.
510 1999 616 2031 praetor
626 1989 698 2021 ess'et
708 2010 717 2024 ‚
738 1999 808 2020 eum
821 2009 829 2024 ,
847 1991 980 2031 quicum
994 2000 1051 2020 avo
1063 1999 1127 2025 tuo,

168 2032 298 2062 Luculle
310 2052 318 2066 ‚
340 2033 445 2063 consul
455 2031 513 2062 fuit
524 2053 532 2066 ,
551 2031 677 2063 ἀοᾶυηι
688 2032 755 2063 sane
767 2033 927 2062 hominem
941 2052 950 2065 ,
969 2041 1003 2063 ut
1014 2032 1128 2063 indicat

166 2072 257 2113 ipsius
269 2073 400 2104 hostoria
409 2094 418 2108 ‚
437 2075 541 2115 scripta
551 2075 653 2105 Graece
664 2094 672 2109 ,
687 2075 840 2114 jocantem
852 2072 961 2104 dixiffe
973 2074 1128 2105 Carneadi:

166 2125 182 2156 ρ
203 2126 216 2145 ο
236 2114 292 2145 tibi
302 2135 311 2150 ‚
331 2116 468 2146 Carneade
476 2137 484 2151 ,
499 2124 598 2159 prator
616 2115 664 2154 effi’
681 2127 734 2146 non
749 2116 845 2146 videor
854 2136 863 2150 ,
878 2116 950 2158 quia
955 2116 1067 2158 sapiens
1076 2127 1128 2147 non

182 2168 230 2186 tam
240 2168 251 2185 .·
266 2161 276 2176 ¹
290 2169 337 2187 nec
346 2159 398 2188 hac
407 2157 481 2193 urbs,
494 2170 541 2188 nec
550 2169 621 2188 mea
630 2160 743 2188 civitas.
760 2161 846 2189 Turn
857 2159 909 2188 ille
920 2178 928 2192 ,
943 2159 1015 2188 huic
1024 2160 1126 2190 Stoico

166 2210 232 2229 non
241 2199 361 2237 videris.
385 2200 562 2231 Aristoteles
572 2220 581 2235 ,
593 2209 641 2231 aut
653 2203 836 2231 Xenocrates
847 2219 855 2234 ,
867 2209 945 2241 quos
955 2202 1125 2231 Antiochus

163 2241 250 2282 sequi
265 2241 401 2276 volebat,
426 2253 491 2273 non
501 2241 694 2273 dubitavisset
703 2262 712 2276 ‚
733 2244 808 2283 quin
819 2242 853 2272 &
862 2251 970 2282 praetor
979 2242 1031 2272 ille
1043 2242 1124 2277 effer,

164 2283 311 2314 &Roma
322 2284 410 2318 urbs,
433 2285 467 2315 δε
484 2295 550 2315 eam
568 2287 672 2315 civitas
691 2285 846 2315 incoleret.
870 2284 919 2314 sed
930 2284 1001 2319 ille,
1025 2284 1126 2315 noster
1148 2312 1149 2317 ,

162 2325 206 2355 est
216 2326 303 2365 plane
314 2346 323 2359 ‚
347 2335 379 2356 ut
390 2327 473 2366 supra
483 2327 547 2357 dixi
560 2347 568 2361 ‚
579 2329 697 2357 Stoicus
707 2336 850 2366 perpauca
859 2326 1038 2357 balbutiens.
1063 2330 1126 2357 Vos
1148 2327 1149 2336 ¹

164 2376 267 2397 autern
280 2368 357 2397 mihi
371 2371 521 2398 veremini
533 2389 543 2402 ,
563 2379 600 2398 ne
613 2369 692 2399 labar
700 2368 735 2398 ad
745 2371 941 2408 opinionem,
969 2368 1002 2398 &
1012 2369 1126 2410 aliquid

162 2408 304 2439 asciscam
315 2429 323 2443 ,
337 2409 370 2440 &
379 2411 577 2451 comprobem
590 2413 780 2452 incognitum
792 2429 800 2444 ,
819 2410 903 2451 quod
913 2410 1045 2442 minime
1058 2411 1128 2441 vul-

157 2452 212 2480 tis.
236 2451 308 2491 quid
316 2451 543 2484 consiliidatis?
562 2452 767 2493 testatursaepe
778 2451 974 2492 Chrysippus,
999 2454 1068 2483 treis
1080 2453 1129 2483 so-

165 2492 207 2522 las
222 2491 279 2522 else
295 2493 452 2524 sententias
464 2515 473 2528 ,
494 2504 559 2535 quae
580 2494 703 2525 defendi
713 2492 839 2534 poffint,
860 2494 898 2524 de
908 2493 1020 2524 finibus
1030 2494 1128 2526 bono-

164 2544 249 2564 rum:
275 2534 482 2570 circumcidit,
505 2537 538 2567 δε
555 2545 690 2577 amputat
708 2535 952 2566 multitudinem.
975 2545 1024 2567 aut
1041 2539 1125 2569 enim

163 2574 329 2612 honestatem
340 2574 398 2606 effe
409 2575 502 2607 finem
513 2598 521 2611 ‚
534 2587 584 2609 aut
594 2579 770 2620 voluptatem
781 2598 790 2611 ,
803 2587 853 2608 aut
863 2586 962 2608 utrum
968 2588 1035 2619 que.
1054 2588 1126 2611 narn

184 2620 215 2648 ui
226 2618 383 2648 summum
397 2618 513 2649 bonum
525 2620 626 2650 dicant
643 2622 672 2650 id
683 2618 741 2650 effe
753 2639 762 2652 ‚
781 2618 801 2648 fi
812 2629 944 2649 vacemus
955 2620 1031 2649 omni
1039 2623 1125 2652 mole-

155 2628 232 2695 }ia,
247 2669 297 2689 eos
310 2659 496 2690 invidiosum
507 2671 624 2691 nomen
633 2662 795 2701 voluptatis
806 2660 906 2702 fugere
919 2672 925 2690 ε
944 2662 1038 2692 sedin
1050 2666 1126 2695 vici-

164 2703 257 2732 nitate
270 2702 385 2732 versari
409 2703 491 2742 quod
501 2702 596 2733 facere
608 2713 659 2733 eos
669 2705 758 2733 etiam
772 2723 780 2736 ‚
803 2712 855 2743 qui
873 2703 949 2734 illud
960 2704 1041 2734 idem
1053 2715 1123 2737 curn

163 2743 317 2774 honestate
336 2745 557 2785 conjungerent
570 2755 575 2773 :
597 2755 653 2774 nec
666 2745 764 2774 multo
774 2744 856 2774 secus
866 2755 936 2779 eos,
959 2749 1011 2786 qui
1023 2745 1057 2776 ad
1069 2749 1126 2778 ho-

2045 135 2141 185 995‘

1185 187 1251 225 quit
1261 187 1442 223 sententias,
1461 199 1533 231 quas
1545 199 1631 231 putet
1643 192 1839 233 probabiliter
1855 193 1938 235 poss'e
1954 194 2087 227 defendi.
2112 195 2145 226 sit

1183 228 1250 258 sane
1262 231 1312 260 ita.
1334 240 1515 273 quamquam
1528 233 1544 263 a
1554 234 1729 265 Polemonis
1740 256 1748 270 ,
1772 235 1805 266 δε
1817 239 2075 277 Peripateticorum
2089 258 2098 272 ,
2109 238 2143 268 δε

1183 272 1328 302 Antiochi
1342 272 1453 304 finibus
1463 284 1527 305 non
1536 274 1622 306 Facile
1633 276 1786 309 divellor:
1804 289 1903 320 neque
1911 280 2076 322 quidquam
2089 282 2144 310 ha·

1183 310 1240 341 beo
1260 313 1358 344 adhuc
1375 316 1570 355 probabilius.
1593 327 1803 351 verumtamen
1820 322 1931 355 video,
1951 332 2042 363 quam
2064 331 2143 353 sua-

1185 362 1293 384 vrraR
1326 365 1496 388 votur-ms
1532 369 1686 392 seminus
1721 371 1859 393 nosrizis
1900 373 2139 395 BLANDIATUR.

1183 396 1198 412 2
1210 394 1293 425 labor
1303 416 1312 444 ’.
1322 406 1355 427 ut
1365 397 1500 430 ass'entiar
1510 403 1640 440 Epicuro
1649 422 1657 437 ,
1669 411 1720 434 aut
1730 404 1893 445 Aristippo.
1909 415 2029 437 revocat
2038 415 2145 439 turtur.

1183 436 1353 484 vel—potius
1371 442 1562 480 reprehendit
1577 453 1685 474 manu:
1706 446 1856 484 pecudum
1872 447 1942 478 illos
1962 457 2065 479 motus
2083 446 2144 478 esse

1182 476 1255 525 dicit
1269 489 1275 508 τ
1287 480 1446 528 hominem
1456 484 1633 524 jungitdeo.
1657 486 1774 526 possum
1785 487 1844 519 ess'e
1853 490 1972 520 medius
1983 510 1991 524 ,
2002 499 2035 520 ut
2045 511 2054 525 ‚
2065 500 2143 532 quo-

1182 528 1264 550 niam
1280 521 1449 563 Aristippus
1459 544 1467 557 ,
1486 525 1567 565 quasi
1582 530 1722 559 animum
1735 530 1856 560 nullum
1869 531 2031 562 habeamus
2043 553 2052 566 ,
2072 542 2141 563 cor-

1180 569 1235 601 pus
1245 562 1344 593 solum
1354 574 1454 595 tuetur
1466 576 1471 595 :
1488 567 1666 609 Zeno‚quasi
1678 573 1813 610 corporis
1822 572 1916 603 simus
1925 576 2143 613 expertes,ani-

1180 612 1268 649 nium
1279 605 1379 652 solum
1390 608 1618 647 complestitur:
1639 615 1650 640 3
1661 622 1710 642 aut
1719 615 1943 653 Calliphontem
1956 617 2075 656 sequar,
2087 625 2141 645 cu-

1177 655 1225 684 Jus
1235 646 1359 685 quidem
1373 648 1549 681 sententiam
1562 654 1724 684 Carneades
1742 657 1782 686 ita
1793 655 1925 687 studiose
1935 655 2138 691 defensitabat,

1179 695 1212 717 ut
1232 697 1296 717 eam
1318 689 1440 728 probare
1454 693 1543 722 etiam
1557 694 1717 726 videretur.
1740 707 1924 739 quamquain
1935 699 2142 730 Clitomachus

1179 727 1345 760 affirmabat
1355 751 1363 765 ,
1374 741 1543 773 numquam
1554 735 1582 764 se
1592 737 1758 777 intelligere
1769 739 1895 779 potulffc
1904 760 1913 774 ,
1925 741 1999 781 quid
2012 744 2140 772 Carnea-

1179 770 1208 800 di
1220 771 1405 810 probaretur.
1450 775 1505 804 Sed
1520 795 1528 809 ‚
1549 775 1569 805 fi
1588 778 1686 817 ipsum
1699 777 1792 810 finem
1803 782 1896 812 velim
1910 783 2011 823 sequi,
2033 792 2139 813 nonne
2162 777 2207 817 46

1177 813 1240 851 ipsa
1248 813 1382 844 severitas
1394 835 1403 849 ‚
1425 815 1457 846 &
1467 819 1563 856 gravis
1575 838 1583 851 ,
1606 819 1638 849 &
1652 819 1729 850 reeta
1747 823 1823 852 ratio
1843 825 1921 854 mihi
1942 824 2140 856 obversetur?

1177 858 1195 879 4
1205 865 1249 885 ro
1260 875 1270 889 ,
1289 866 1364 887 CUM
1378 867 1544 889 HoNESTAs
1561 869 1598 889 m
1611 871 1809 894 vonum-Are
1827 866 2051 898 contemnenda
2063 876 2140 897 con-

1178 895 1273 931 sistat,
1285 899 1470 930 honestatem
1482 911 1552 931 cum
1560 903 1713 943 voluptate
1723 925 1730 938 ,
1745 915 1884 946 tanquam
1897 909 2057 939 hominem
2066 918 2139 939 cum

1179 938 1265 986 belua
1274 959 1283 974 ,
1303 942 1481 981 copulabis?
1505 946 1611 974 Unum
1622 947 1714 986 igitur
1721 957 1772 987 par
1783 967 1791 982 ,
1807 949 1889 988 quod
1900 949 1976 989 depu
2000 959 2067 984 net,
2090 961 2139 980 re-

1176 980 1297 1022 liquum
1308 982 1361 1017 est,
1373 984 1510 1024 voluptas
1518 996 1588 1016 cum
1600 987 1761 1020 honestate.
1773 990 1809 1020 de
1819 1001 1880 1031 quo
1890 961 2051 1032 Cliryligppo
2062 991 2133 1026 fuit.

1176 1032 1322 1063 quantum
1335 1035 1390 1066 ego
1400 1027 1496 1057 sentio
1508 1047 1517 1061 ‚
1538 1038 1602 1058 non
1615 1039 1722 1071 magna
1735 1034 1905 1062 contentio.
1927 1034 2051 1064 alterum
2064 1033 2083 1064 si
2095 1036 2138 1065 se-

1176 1075 1264 1106 quare
1276 1087 1285 1100 ,
1304 1070 1399 1098 multa
1409 1079 1440 1098 ru
1446 1078 1499 1099 unt
1510 1090 1518 1103 ,
1536 1070 1569 1100 &
1580 1072 1717 1102 maxime
1726 1075 1913 1104 communitas
1922 1085 1986 1104 cum
1995 1077 2139 1105 hommum.

1169 1116 1268 1153 geriem
1277 1128 1285 1142 ‚
1297 1110 1415 1144 caritaS,
1424 1112 1554 1142 amicitia
1565 1132 1573 1146 ‚
1584 1113 1696 1152 justitia
1705 1135 1714 1148 ‚
1726 1116 1848 1156 reliquae
1858 1119 2000 1148 virtutes:
2011 1128 2139 1158 quarum

1174 1148 1234 1180 esse
1245 1152 1329 1181 nulla
1345 1151 1442 1192 potest
1455 1173 1464 1187 ,
1485 1152 1540 1183 nisi
1549 1157 1747 1197 eritgratuita.
1771 1168 1842 1188 nam
1863 1168 1943 1198 QAE
1964 1170 2139 1190 vonum».-

1176 1201 1218 1221 TE.
1229 1211 1237 1225 ,
1256 1192 1335 1234 quafi
1346 1195 1483 1225 mercede
1494 1196 1593 1236 aliqua
1605 1217 1613 1230 ‚
1634 1197 1669 1228 ad
1681 1197 1819 1230 officium
1830 1201 1999 1240 impellitur
2010 1221 2018 1235 ,
2030 1212 2062 1231 ea
2072 1212 2138 1232 non

1174 1232 1218 1264 est
1227 1236 1340 1269 virtus,
1356 1236 1504 1267 sedfallax
1516 1240 1666 1274 imitatio,
1683 1238 1893 1283 simulatioque
1903 1244 2032 1274 virtutis.
2057 1244 2137 1274 Audi

1174 1277 1277 1307 contra
1288 1277 1443 1323 illos‚⁴qui
1453 1288 1570 1310 nomen
1581 1281 1744 1312 honestatis
1754 1282 1769 1313 a
1780 1284 1807 1314 se
1818 1294 1856 1314 ne
1867 1285 1998 1326 intelligi
2010 1285 2138 1326 quidem

1174 1317 1275 1349 dicant
1284 1339 1291 1353 ,
1306 1318 1359 1350 nifi
1370 1320 1447 1351 rorte
1459 1322 1540 1362 quod
1547 1323 1702 1363 gloriosum
1714 1323 1747 1355 sit
1757 1336 1787 1354 in
1797 1326 1901 1366 vulgus
1912 1346 1921 1360 ,
1934 1327 1964 1357 id
1976 1324 2138 1358 honestum

1174 1361 1306 1391 velimus
1314 1361 1427 1393 dicere:
1439 1362 1558 1394 fontem
1570 1367 1715 1396 omniurn
1725 1367 1878 1398 bonorum
1888 1371 1921 1398 in
1931 1378 2057 1409 corpore
2067 1368 2135 1399 ess'e:

1175 1403 1251 1433 hanc
1262 1413 1402 1434 normam
1415 1425 1423 1438 ,
1445 1406 1520 1436 hanc
1529 1407 1660 1448 regulam
1674 1428 1682 1441 ‚
1703 1409 1780 1440 hanc
1797 1411 2056 1451 praescriptionem
2078 1409 2138 1441 effe

1175 1453 1283 1475 natui‘ae
1295 1465 1303 1478 ,
1326 1445 1342 1476 ὲ
1359 1456 1417 1487 qua
1434 1450 1487 1488 qui
1506 1448 1709 1483 aberraviffet,
1727 1461 1798 1482 eum
1812 1462 1980 1493 numquam
1992 1472 2000 1487 ‚
2017 1452 2093 1494 quid
2106 1456 2136 1482 in

1175 1488 1235 1517 vita
1246 1487 1432 1528 sequeretur,
1447 1489 1630 1521 habitururn.
1652 1495 1667 1519 5¹
1676 1493 1766 1522 Nihil
1777 1496 1867 1534 igitur
1877 1504 1927 1524 me
1938 1497 2062 1534 putatis,
2075 1497 2136 1525 haee

1178 1528 1211 1558 δε
1222 1529 1277 1558 alia
1286 1530 1519 1561 innumerabilia
1527 1532 1599 1562 cum
1617 1533 1737 1564 audiam
1749 1553 1758 1567 ‚
1779 1537 1919 1565 moveri?
1938 1543 2000 1564 ram
2016 1546 2136 1569 moveor,

1177 1565 1265 1611 quam
1275 1578 1308 1599 tu
1319 1590 1327 1605 ,
1349 1572 1477 1602 Luculle
1489 1583 1493 1602 :
1514 1583 1613 1615 neque
1626 1584 1676 1605 me
1686 1575 1792 1605 minsis
1802 1578 1962 1607 hominem
1976 1596 1985 1609 2
2005 1578 2095 1618 quarn
2108 1588 2135 1608 te

1175 1615 1334 1652 putaveris.
1359 1616 1494 1644 Tantum
1507 1615 1630 1646 interest
1641 1637 1650 1650 ‚
1667 1616 1750 1658 quod
1760 1626 1792 1648 tu
1802 1637 1810 1651 ,
1824 1618 1897 1649 cum
1907 1628 1938 1648 es
1949 1628 2137 1653 commotus,

1175 1655 1348 1696 acquiesciS,
1359 1654 1517 1690 assentiris,
1528 1658 1671 1698 approbas
1681 1671 1690 1693 5
1700 1669 1807 1690 verum
1818 1660 1905 1694 illud,
1915 1670 2041 1695 certum,
2050 1671 2140 1692 corri-

1174 1697 1357 1738 prehensum
1378 1717 1387 1732 ,
1409 1707 1584 1739 perceptum
1596 1719 1605 1734 ,
1624 1709 1722 1732 ratum
1735 1721 1743 1736 ,
1764 1701 1889 1733 firmum
1901 1723 1909 1737 ‚
1931 1702 2028 1734 fixum
2047 1702 2136 1734 fuisse

1174 1741 1222 1770 vis
1234 1750 1239 1769 :
1258 1739 1354 1781 deque
1364 1750 1401 1770 eo
1413 1741 1496 1771 nulla
1505 1743 1619 1773 ratione
1629 1753 1727 1785 neque
1736 1745 1828 1784 pelli,
1840 1754 1940 1791 neque
1949 1747 2068 1776 moveri
2080 1755 2118 1786 po
2127 1765 2136 1770 η

1171 1791 1225 1813 tes.
1237 1792 1294 1822 ego
1304 1782 1383 1812 nihil
1392 1783 1542 1822 ejusmodi
1552 1783 1610 1815 esse
1619 1785 1808 1820 ai·bitroi·,cui
1819 1785 1840 1816 si
1850 1785 1981 1817 assensus
1992 1786 2129 1822 simmon

1172 1823 1308 1854 assentiar
1318 1824 1392 1864 saepe
1403 1824 1478 1855 false
1488 1844 1496 1859 ,
1508 1828 1656 1866 quoniam
1665 1837 1735 1858 vera
1745 1828 1760 1859 a
1770 1827 1848 1858 falsis
1858 1828 1945 1858 nullo
1955 1829 2133 1860 discrimine

1173 1866 1361 1905 separantur,
1380 1866 1542 1906 pr‘aesertim
1561 1867 1632 1898 cum
1650 1869 1764 1909 judicia
1775 1869 1826 1901 ista
1846 1870 2010 1901 dialefflcae
2020 1891 2029 1905 ,
2048 1872 2133 1902 nulla

1172 1906 1239 1938 sint.
1251 1909 1352 1937 Venio
1363 1910 1445 1938 enim
1453 1909 1516 1948 jam
1530 1909 1566 1940 ad
1580 1912 1697 1941 tertiam
1709 1921 1822 1951 partem
1835 1912 2042 1952 philosophiae.
2052 1913 2134 1944 aliud

1169 1949 1320 1991 judicium
1331 1951 1498 1990 Protagorae
1508 1950 1551 1981 est
1559 1971 1567 1984 ‚
1580 1954 1631 1993 qui
1641 1962 1724 1992 putet
1734 1953 1767 1982 id
1775 1954 1875 1996 cuique
1885 1964 1984 1983 verum
1994 1954 2051 1992 effi,
2060 1956 2138 1996 quod

1171 1991 1274 2033 cuique
1283 1991 1436 2020 w'deatur:
1446 1992 1525 2023 aliud
1537 1995 1769 2033 Cyrenaicorum
1783 2006 1789 2025 z
1808 1998 1860 2037 qui
1870 1998 2135 2039 praeterpermorio-

1171 2044 1215 2064 nes
1233 2034 1370 2067 intimas,
1391 2035 1468 2064 nihil
1488 2043 1593 2074 putant
1611 2034 1787 2077 effejudicii
1802 2048 1807 2067 :
1825 2038 1908 2068 aliud
1920 2040 2058 2079 Epicuri,
2080 2040 2134 2080 qui

1172 2085 1266 2107 omne
1276 2075 1423 2115 judicium
1435 2076 1592 2118 insi-risibus
1604 2097 1612 2112 ‚
1630 2078 1707 2108 &in
1718 2089 1819 2110 rerum
1829 2082 1947 2111 notitiis
1959 2100 1967 2115 ,
1987 2080 2020 2110 ὃς
2030 2082 2063 2110 in
2075 2090 2134 2111 vo·-

1170 2120 1281 2159 luptate
1300 2117 1468 2149 constituit.
1501 2121 1584 2150 Plato
1601 2129 1700 2151 autern
1721 2131 1815 2153 omne
1827 2122 1973 2161 judicium
1990 2123 2132 2157 veritaris,

1168 2163 1383 2201 veritatemque
1392 2160 1485 2200 ipsam
1499 2180 1507 2194 ‚
1525 2161 1683 2192 abdmstam
1696 2163 1731 2193 ab
1740 2164 1939 2204 opinionibus
1951 2185 1960 2198 ‚
1976 2163 2009 2194 &
2018 2163 2034 2195 ἒι
2043 2163 2135 2195 senfi-

1172 2203 1228 2233 bus
1246 2204 1439 2242 cogitationis
1457 2201 1565 2242 ipfius,
1585 2204 1618 2234 &
1635 2207 1748 2235 mentis
1767 2203 1823 2235 esse
1837 2206 1945 2236 voluit.
1970 2206 2132 2247 Numquid

1170 2247 1280 2275 horum
1292 2244 1397 2284 probat
1408 2244 1507 2275 noster
1517 2246 1699 2276 Antiochus?
1708 2247 1760 2277 ille
1771 2247 1841 2277 verb
1852 2257 1889 2278 ne
1900 2251 2051 2287 majorum
2064 2252 2134 2289 qui-

1170 2287 1240 2317 dem
1253 2286 1386 2316 suorum.
1402 2286 1453 2316 ubi
1464 2290 1548 2317 enim
1558 2297 1607 2318 aut
1618 2290 1822 2319 Xenocratem
1834 2290 1965 2330 sequitur
1977 2309 1985 2323 ‚
1999 2291 2084 2329 cujus
2094 2291 2133 2319 li-

1170 2329 1217 2360 bri
1236 2329 1305 2359 sunt
1323 2328 1360 2358 de
1377 2330 1492 2358 ratione
1506 2329 1652 2370 loquendi
1667 2331 1755 2361 multi
1767 2351 1775 2363 ‚
1797 2330 1973 2361 &multum
1989 2331 2131 2371 probati?

1170 2380 1220 2401 aut
1230 2371 1327 2411 ipsum
1338 2369 1530 2400 Aristotelem
1544 2391 1553 2404 ,
1573 2381 1634 2412 quo
1644 2371 1783 2411 profesto
1794 2375 1872 2402 nihil
1883 2372 1925 2403 est
1935 2383 2049 2403 acutius
2062 2393 2070 2406 ,
2082 2375 2132 2403 ni-

1170 2414 1214 2443 hil
1224 2412 1375 2453 politius?
1393 2411 1582 2453 aChryfippo
1599 2414 1692 2454 pedem
1710 2425 1875 2456 numquam.
1900 2414 1960 2453 Qui
1974 2425 2044 2455 ergo
2053 2418 2127 2446 Aca·
2148 2423 2194 2455 47

1172 2455 1286 2487 demici
1294 2454 1499 2494 appellamur?
1517 2465 1554 2485 an
1564 2454 1716 2486 abutimur
1731 2458 1826 2501 gloria
1836 2459 1972 2487 nominis
1986 2459 1996 2485 ?
2017 2466 2129 2488 auteur

1173 2498 1312 2538 cogimur
1321 2506 1373 2526 eos
1383 2496 1475 2537 sequi,
1487 2498 1538 2536 qui
1551 2499 1629 2527 inter
1639 2498 1668 2527 se
1677 2497 1833 2530 diffident?
1847 2501 1884 2528 In
1894 2499 1950 2528 hoc
1961 2499 2035 2539 ipso,
2047 2499 2130 2539 quod

1173 2541 1205 2569 in
1223 2539 1384 2569 elementis
1404 2538 1555 2568 dialectici
1572 2538 1700 2573 docent,
1721 2550 1782 2581 quo
1795 2540 2028 2578 modojudicare
2038 2551 2130 2581 opor-

1171 2590 1248 2615 teat,
1269 2589 1374 2609 verum
1387 2600 1395 2614 ,
1415 2579 1564 2610 falsumne
1576 2579 1607 2610 sit
1620 2601 1628 2613 ‚
1649 2579 1669 2610 si
1687 2581 1759 2622 quid
1774 2583 1813 2612 ita
1825 2591 2002 2612 connexum
2014 2581 2056 2613 est
2067 2602 2075 2617 ,
2096 2592 2130 2615 ut

1170 2624 1246 2654 hoc:
1270 2621 1304 2652 Si
1321 2621 1378 2650 dies
1395 2621 1439 2651 ef?
1450 2642 1458 2655 ,
1476 2622 1569 2651 lucet:
1589 2632 1697 2662 quanta
1706 2625 1863 2653 contentio
1874 2623 1936 2653 est?
1956 2624 2040 2654 aliter
2048 2626 2130 2654 Dio-

1170 2665 1243 2695 doro
1255 2682 1264 2697 ,
1283 2664 1368 2693 aliter
1379 2664 1499 2694 Philoni
1512 2684 1520 2698 ‚
1541 2663 1702 2704 Chrysippo
1715 2666 1800 2696 aliter
1812 2666 1916 2705 placet-
1939 2666 2043 2704 Quid?
2058 2677 2129 2697 cum

1169 2706 1315 2737 Cleanthe
1324 2724 1332 2738 ,
1345 2704 1469 2735 ἀοᾶοῑε
1479 2706 1533 2735 suo
1545 2725 1553 2740 ,
1566 2708 1658 2746 quam
1669 2707 1774 2737 multis
1786 2709 1871 2737 rebus
1883 2706 2061 2748 Chrysippus
2071 2709 2134 2740 dis-

1171 2748 1262 2779 sidet?
1282 2747 1377 2787 quid?
1393 2747 1454 2777 duo
1471 2747 1518 2776 vel
1533 2750 1681 2788 principes
1692 2748 1920 2780 dralefflcorum
1932 2769 1941 2783 ,
1961 2751 2130 2790 Antipater,

162 2785 307 2817 nestatem
316 2786 412 2827 prima
422 2795 526 2816 natura
536 2787 678 2816 commoda
691 2787 736 2826 adj
742 2795 896 2828 ungerent.
920 2789 964 2817 Ita
974 2789 1041 2817 treis
1051 2791 1123 2820 reli—
1148 2791 1150 2819 l
1172 2791 1204 2821 δε
1215 2787 1416 2821 Archidemus
1426 2808 1435 2823 ‚
1456 2787 1667 2830 opiniosiffimi
1679 2791 1820 2821 homines
1833 2811 1841 2825 ‚
1861 2801 1964 2822 nonne
1979 2793 2083 2822 multis
2098 2803 2132 2824 iri

203 2928 214 2946 ι
222 2939 228 2946 .
238 2924 285 2946 Nec
294 2921 338 2945 haec
347 2920 417 2951 urbs,
426 2929 468 2945 mc
477 2922 503 2945 in
511 2928 539 2945 ca
551 2919 665 2953 civitas]
679 2918 735 2944 Pal.
748 2917 799 2943 sec,
811 2927 839 2944 ne
848 2919 893 2944 haec
902 2918 973 2949 urbs,
985 2926 1013 2942 ne
1023 2919 1121 2944 civitas.

150 2961 157 2967 *
179 2983 182 2985 .
199 2956 339 2986 2.?.Labor,
349 2963 374 2980 nt
384 2957 523 2990 eufemiam]
549 2956 591 2982 Est
604 2959 618 2981 a
629 2954 783 2989 conjetstura
795 2955 825 2979 Ρ.
838 2954 964 2980 Manutii.
975 2954 1048 2989 prius
1059 2954 1122 2985 cufi,

163 2988 258 3023 labro,-
278 2999 361 3025 neque
372 2992 450 3017 aliter
461 2992 528 3019 l’all.
541 3001 598 3019 uam
612 2993 639 3018 S.
651 2990 781 3021 VitS’toris,
792 2991 880 3016 labore.
901 2989 987 3015 forsan
1000 2989 1053 3015 fuit
1065 3009 1073 3020 ‚
1083 2992 1123 3015 la-

2039 2834 2130 2865 rebus

1162 2926 1188 2944 ni
1198 2921 1292 2953 Calipli.
1304 2919 1462 2952 Lambinus,
1473 2921 1517 2954 qui
1530 2921 1587 2946 heic
1597 2930 1653 2947 eam
1665 2921 1823 2957 particulam
1837 2921 1928 2948 delere
1939 2921 2070 2958 cupiebat,
2081 2930 2131 2947 «feu

1165 2955 1250 2991 superi
1259 2965 1349 2982 acuam
1362 2965 1370 2986 3
1384 2966 1435 2982 nou
1450 2956 1556 2982 videtui*
1567 2957 1696 2984 assecutus
1708 2965 1824 2984 mentem
1837 2957 1966 2984 aur-storiS.

1200 2998 1228 3023 4.
1247 2993 1279 3016 ‘Iit
1289 3002 1340 3017 cum
1350 2994 1454 3025 laonesltu·
1466 3011 1474 3023 ,
1484 2993 1551 3027 dra]
1575 2993 1636 3020 Mfl‘.
1650 2994 1731 3021 nostri
1751 3001 1805 3021 tres
1815 2998 1890 3028 Tum5
1913 2993 1985 3031 quod
1996 3000 2128 3020 mutatum

165 3029 206 3051 bot·
219 3033 286 3051 caut.
297 3028 442 3053 namlaboro
452 3027 510 3053 heic
520 3029 607 3054 minus
619 3027 755 3059 convenit,
771 3026 840 3062 quod
852 3025 1020 3062 praecess'er'it,
1031 3028 1125 3060 nonfii—
1164 3027 1220 3053 ibat
1231 3028 1362 3054 Gulielm.
1373 3029 1398 3054 'in
1411 3029 1469 3053 ‘sim’
1483 3038 1534 3055 nou
1547 3029 1627 3056 male.

163 3064 206 3088 cili>
215 3063 319 3092 divellor,
332 3069 361 3087 ut
373 3062 444 3089 rcth
457 3065 561 3090 monuit
573 3065 681 3090 Brutus.

1203 3071 1229 3096 5.
1242 3060 1318 3089 'Nihil
1332 3067 1404 3096 igitur
1422 3074 1455 3089 me
1469 3066 1590 3098 putatia]
1612 3066 1719 3102 Vulgati
1732 3067 1846 3100 putabis-‚-
1866 3065 1908 3092 scd
1921 3066 2036 3093 nostrum
2059 3066 2091 3092 esi
2106 3066 2133 3091 iii

202 3107 229 3133 3.
248 3100 297 3123 Am
307 3099 464 3130 Caliphomem
476 3099 592 3134 sequuta]
614 3100 702 3126 Unius
716 3099 842 3126 litterula·
853 3097 990 3125 additione
1008 3097 1126 3124 redinte-
1166 3098 1233 3125 Pali.
1246 3098 1348 3126 duobus
1359 3100 1386 3125 &
1399 3099 1466 3126 libro
1476 3102 1503 3126 S.
1515 3096 1631 3128 viei'oris
1645 3122 1653 3134 ,
1669 3103 1832 3138 exhibetque
1844 3102 1929 3129 editio
1939 3103 2052 3128 Vitiosi}
2067 3121 2073 3128 Ἴ
2095 3101 2133 3127 se-

164 3134 239 3169 graii
252 3134 337 3159 locum
350 3133 408 3159 latis
419 3134 540 3160 luxatum
554 3154 562 3166 ,
581 3135 633 3162 fide
645 3136 758 3162 Palatini
769 3136 856 3166 tei-tii,
869 3135 998 3161 sententia
1009 3142 1061 3161 tam
1072 3134 1125 3160 cla·
1167 3134 1294 3171 cutusque
1305 3136 1339 3162 cst
1351 3135 1377 3162 iu
1391 3135 1432 3162 sii-i
1443 3138 1624 3164 Camerarius.
1646 3139 1730 3175 Supra
1742 3148 1848 3174 quoque
1870 3138 1971 3176 reposui
1984 3140 2111 3173 sufficies-'t
2126 3156 2135 3169 ,

163 3180 203 3203 ra,
215 3176 244 3199 ut
255 3170 296 3197 vel
306 3168 384 3206 ipsius
397 3169 472 3198 unius
484 3171 636 3200 testimonio
647 3172 706 3201 stari
716 3172 788 3210 posse
797 3171 945 3200 videretur.
968 3178 1046 3200 autea
1056 3178 1125 3205 erat,
1167 3170 1360 3207 locosequamr,
1370 3172 1531 3201 :iuti‘toritate
1541 3173 1688 3201 eorundem
1700 3175 1844 3203 libroruin.

1457 3209 1638 3238 Kkkkkk
1658 3220 1675 3238 ι
2035 3211 2136 3236 alfani
