2360 3400
491 100 838 144 Aesonii.
895 96 1487 162 QAESTiONUM,
1535 102 1800 150 L1n.1.‘

146 190 248 216 autem
271 181 417 223 nusquam
437 177 494 210 erle
512 178 693 213 censebant,
712 177 768 210 nisi
791 181 823 210 in
839 179 938 210 animi
958 179 1108 210 motioni—

148 227 204 258 bus
215 245 224 260 ,
243 233 328 265 atque
339 214 518 255 rationibus.
536 231 600 262 *qua
610 220 647 252 de
656 221 740 252 causa
751 221 922 260 defhiiriones
931 231 1022 251 rerum
1034 230 1107 260 pro-

147 269 256 299 babant
265 287 278 300 ,
286 266 318 296 &
330 266 380 295 has
390 264 425 295 ad
435 265 542 294 omnia
550 283 559 297 ,
573 263 610 294 de
623 262 734 304 quibus
743 263 968 304 disceptabatur,
979 262 1106 294 adhibe—

145 310 227 341 bant.
250 305 398 339 verborum
407 307 498 337 etiam
508 305 659 347 explicatio
666 305 845 345 probabatur
854 325 866 339 ,
884 305 916 335 id
929 304 971 336 est
981 324 989 338 ‚
1000 313 1059 345 qua
1067 303 1104 334 de

144 350 228 382 causa
244 359 370 391 quaeque
389 346 482 379 effent
499 349 539 378 ita
558 348 733 379 nominata:
745 358 836 389 quam
847 346 1043 389 etymologiam
1051 355 1104 385 ap-

143 392 294 433 pellabant
308 410 317 425 ,
336 389 405 431 pbst
427 392 611 432 argumentis
621 410 631 424 ‚
651 391 685 420 δε
695 389 775 431 quali
789 394 799 410 ¹
813 399 914 420 rerum
927 390 1008 419 notis
1017 387 1101 418 duci-

143 435 200 465 bus
213 452 221 467 ,
242 433 403 464 utebantur
412 432 448 463 ad
465 431 655 472 probandum
666 452 675 466 ,
699 434 733 463 &
750 431 787 463 ad
799 429 1045 462 concludendum
1056 429 1100 463 id,

142 475 226 516 quod
238 475 393 515 explanari
410 474 566 506 volebant:
582 476 614 504 in
624 484 680 516 qua
692 473 859 505 tradebatur
868 476 882 492 ²
894 474 998 503 omnis
1008 471 1104 502 diale-

142 517 226 548 &icae
245 517 405 557 disciplina
416 537 425 550 ,
438 516 476 547 ,id
487 515 530 547 est
540 537 550 550 ,
574 517 720 547 orationis
731 517 846 546 ratione
855 514 1011 545 conclusae.
1033 514 1105 544 huic

141 556 222 600 quafi
241 569 281 590 ex
298 560 388 590 altera
406 568 486 599 parte
494 560 623 589 oratoria
632 560 677 589 vis
687 557 808 589 dicendi
818 556 1011 588 adhibebatur
1022 575 1031 589 ,
1052 564 1106 585 ex-

141 602 280 642 plicatrix
299 602 445 632 orationis
467 610 614 641 perpetuae
632 600 668 631 ad
679 598 920 640 persuadendum
929 606 1106 629 accommo-

143 642 227 673 datae.
252 645 325 674 Haec
349 652 410 674 erat
426 643 489 673 illis
507 644 605 683 prima
624 642 640 673 a
658 644 781 673 Platone
800 640 1020 680 traditazcujus
1034 648 1106 680 quas

140 687 305 725 acceperim
326 685 543 725 disputationes
558 704 567 718 ,
586 683 607 714 si
626 685 736 718 vultis,
756 692 918 724 exponam.
943 684 1011 712 Nos
1032 679 1105 712 vero

98 733 122 766 9
142 727 286 757 volumus
298 729 422 768 inquam
435 747 443 761 ,
455 736 551 767 utpi·o
564 729 664 757 Attico
675 729 766 757 etiam
778 725 987 766 respondeam.
1010 726 1050 755 Et
1060 732 1107 754 re·

144 767 209 803 ete,
224 771 336 809 inquit,
346 768 517 809 respondes.
541 768 675 809 praeclare
690 770 774 798 enim
785 768 951 807 explicatur
959 767 1107 806 Peripate-

142 813 274 841 ticorurn
286 831 294 844 ,
315 811 348 841 &
367 810 538 841 Academiae
546 811 652 841 veteris
663 809 834 840 auetoritas.
860 807 1034 838 Aristoteles
1044 808 1106 847 pri—

142 862 214 883 mus
223 853 325 892 species
344 872 353 886 ‚
380 861 452 893 quas
472 852 573 892 paullo
592 851 661 881 ante
680 851 746 880 dixi
767 870 776 884 ‚
798 848 988 880 labefa&avit
1009 859 1014 878 :
1034 858 1107 889 quas

142 895 274 925 mirifice
296 896 381 926 Plato
400 902 459 923 erat
479 893 686 932 amplexatus:
706 901 740 922 ut
757 893 791 922 iri
814 892 862 921 his
872 891 1015 932 quiddam
1026 891 1125 921 divi—¹

141 946 220 967 num
238 935 296 967 effe
318 936 440 966 diceret.
464 933 690 974 Theophrastus
709 942 810 964 autem
823 953 831 967 ‚
854 936 900 963 vir
924 933 1106 964 &oratione

142 979 241 1009 suavis
251 998 259 1012 ‚
291 981 302 1005 3
323 977 356 1007 &
366 978 405 1006 ita
419 984 550 1006 moratus
561 995 570 1010 ‚
593 984 626 1006 ut
639 985 697 1016 prae
711 976 738 1006 se
749 975 931 1015 probitatem
941 974 1106 1015 quandam,

141 1020 177 1050 &
200 1021 418 1060 ingenuitatem
426 1016 500 1048 ferat
512 1038 522 1051 ,
541 1016 756 1048 vehementius
769 1019 859 1047 etiam
873 1015 962 1058 fregit
972 1016 1104 1058 quodam

141 1060 239 1092 modo
256 1059 466 1091 au&i=ritatem
477 1061 584 1090 veteris
596 1059 772 1099 disciplinae.
795 1059 936 1100 spoliavit
946 1062 1030 1089 enim
1042 1060 1105 1090 vir-

144 1111 241 1133 tutem
260 1103 312 1133 suo
331 1102 437 1132 decore
449 1121 458 1135 ,
478 1102 725 1142 imbecillamque
752 1101 902 1135 reddidit,
923 1100 1007 1142 quod
1017 1111 1105 1142 nega-

140 1146 186 1175 vit
204 1144 233 1174 in
252 1155 284 1174 ea
295 1144 358 1184 fhla
373 1142 496 1187 positum
507 1143 574 1181 effi,
596 1142 676 1173 beat&
685 1143 789 1172 vivere.
813 1145 896 1174 Nam
906 1146 1002 1174 Strato
1017 1163 1025 1177 ‚
1041 1145 1106 1184 ejus
1122 1169 1124 1183 .=
1146 1144 1243 1174 modo
1258 1145 1455 1176 arbitrabatur
1465 1147 1630 1188 quidquam
1641 1147 1720 1178 effici
1731 1147 1813 1189 posse
1825 1149 1861 1179 ab
1873 1160 1906 1179 ea
1917 1169 1926 1183 ‚
1947 1160 2012 1190 quae
2022 1159 2115 1192 expers

1122 1213 1123 1216 ,
1144 1184 1207 1222 effit
1216 1188 1339 1228 corporis.
1359 1189 1444 1227 cujus
1455 1193 1574 1230 generis
1585 1192 1781 1224 Xenocrates,
1798 1191 1830 1221 &
1844 1192 2011 1231 superiores
2022 1196 2116 1223 etiam

141 1186 263 1217 auditor
275 1207 284 1220 ,
307 1196 490 1227 quamquam
509 1186 769 1226 fuitacriingenio
782 1205 790 1219 ‚
813 1193 913 1216 tamen
924 1185 1106 1215 abeadisci-

139 1229 225 1270 plina
246 1231 379 1259 omnino
389 1227 592 1259 semovendus
601 1227 663 1258 est:
682 1227 814 1268 quicum
825 1227 963 1257 maxime
973 1225 1105 1258 necefl‘a-

138 1273 214 1302 riam
227 1280 338 1311 partem
348 1270 547 1310 philosophiae
558 1290 567 1304 ,
588 1280 656 1311 quae
665 1268 758 1310 posita
770 1268 813 1300 est
827 1274 859 1299 in
869 1271 981 1300 virtute
991 1289 1000 1303 ‚
1021 1268 1055 1299 ὃς
1072 1271 1105 1299 in

143 1313 288 1343 moribus
299 1332 308 1346 ,
328 1311 511 1353 reliquisset.
523 1321 681 1353 totumque
693 1312 722 1342 se
731 1311 767 1342 ad
778 1311 1041 1353 investigationem
1053 1321 1106 1342 na-

144 1363 217 1385 turae
227 1352 401 1385 contuliss'et
412 1374 420 1388 ‚
435 1364 465 1384 in
476 1364 507 1384 ea
519 1354 580 1394 ipsa
588 1352 756 1394 plurimum
768 1352 888 1384 dissedit
897 1355 912 1384 a
923 1354 991 1384 suis.
1011 1357 1106 1394 Speu-

144 1395 241 1437 fippus
258 1405 358 1426 autem
371 1416 381 1429 ‚
399 1397 431 1427 &
451 1398 654 1429 Xenocrates,
677 1397 733 1435 qui
750 1397 842 1435 primi
860 1396 994 1426 Platonis
1015 1397 1107 1426 ratio-

145 1448 218 1469 nem
231 1459 241 1472 ,
259 1437 528 1477 auctoritatemque
545 1437 746 1477 susceperant3
769 1437 802 1467 &
818 1436 884 1476 post
898 1438 954 1467 hos
963 1438 1105 1471 Polemo,

146 1480 181 1511 &
193 1481 292 1510 Crates
303 1499 312 1513 ‚
333 1488 449 1520 unaque
458 1481 586 1509 Crantor
595 1498 604 1512 ‚
617 1480 650 1508 in
660 1477 824 1509 Academia
833 1480 1004 1520 congregati
1016 1498 1025 1513 ,
1037 1478 1110 1509 dili-

146 1530 250 1564 genter
265 1525 283 1548 4
307 1523 371 1555 eis,
391 1531 458 1561 quae
480 1520 709 1561 asuperioribus
720 1529 893 1560 acceperant
907 1540 917 1554 .
938 1521 1104 1551 utebantur.

143 1565 211 1606 Jam
226 1563 427 1593 Polemonem
451 1563 627 1593 audiverant
642 1560 752 1592 assidue
774 1563 881 1597 Zeno,
904 1562 938 1592 &
957 1561 1107 1593 Arcesilas.

146 1605 197 1635 sed
217 1605 303 1634 Zeno
320 1604 392 1635 curn
416 1603 576 1635 Arcefilam
597 1606 723 1635 anteiret
742 1613 846 1639 aetate,
864 1603 1011 1645 valdeque
1037 1604 1109 1635 sub-

146 1646 240 1678 tiliter
262 1644 436 1681 dissereret,
460 1646 494 1678 &
511 1646 648 1688 peracute
671 1655 846 1677 moveretur
866 1657 873 1677 ι
891 1650 1039 1687 corrigere
1055 1655 1109 1676 co-

146 1695 234 1719 natus
252 1687 295 1719 est
313 1688 514 1728 disciplinam.
546 1697 612 1720 eam
631 1698 753 1729 quoque
768 1708 776 1723 ‚
801 1687 821 1718 fi
843 1689 962 1719 videtur
979 1709 988 1723 ,
1008 1698 1108 1719 corre-

147 1773 294 1813 inquam,
311 1772 432 1803 videtur
451 1783 457 1801 :
479 1772 561 1813 quod
580 1771 668 1803 vides
689 1772 772 1803 idem
791 1770 953 1813 significare
975 1775 1109 1812 Pompo·

85 1824 130 1850 10
147 1816 301 1855 ponium,
315 1814 401 1844 Zeno
418 1815 509 1855 igitur
524 1814 611 1844 nullo
623 1813 718 1844 modo
729 1816 754 1843 is
765 1824 824 1844 erat
835 1833 844 1848 ‚
864 1816 937 1854 qui,
963 1815 1109 1844 utTheo—

147 1855 282 1897 phrastus
293 1875 301 1889 ,
314 1866 409 1885 nervos
428 1856 551 1885 virtutis
559 1855 712 1885 inciderit:
723 1855 772 1886 sed
783 1858 888 1886 contra
902 1876 911 1889 ,
930 1857 981 1896 qui
992 1857 1109 1890 omnia,

147 1908 216 1939 quae
231 1897 267 1928 ad
284 1897 398 1928 beatam
418 1900 512 1928 vitam
531 1899 733 1937 pertinerent,
751 1899 784 1927 in
810 1907 870 1927 una
884 1899 995 1928 virtute
1015 1907 1110 1938 pone-

149 1949 277 1971 retznec
294 1940 461 1981 quidquam
477 1939 557 1970 aliud
578 1948 747 1970 numeraret
765 1942 799 1969 in
818 1939 927 1973 bonis,
950 1939 1041 1980 idque
1055 1949 1111 1979 rap-

149 1982 271 2023 pellaret
283 1991 464 2012 aoNEsrum
480 2001 490 2015 ,
509 1980 591 2022 quod
602 1979 672 2011 esset
681 1979 809 2021 simplex
822 1980 975 2021 quoddam
987 2001 995 2015 ,
1018 1981 1050 2012 δε
1064 1981 1112 2011 ΓΟ,-

151 2025 215 2054 lum
230 2043 238 2057 ,
257 2024 290 2054 &
308 2033 403 2054 unum
425 2023 556 2053 bonum.
576 2032 670 2053 cetera
686 2032 786 2053 autem
806 2021 859 2053 etsi
872 2033 928 2053 nec
937 2023 1037 2057 bona,
1058 2033 1114 2054 nec
1132 2027 1133 2045 ³

151 2065 232 2097 mala
249 2064 343 2096 effent
356 2085 365 2099 ,
386 2075 486 2096 tamen
510 2062 569 2096 alia'
585 2065 748 2095 secundum
759 2074 894 2096 naturam
905 2064 1041 2099 dicebat,
1059 2066 1115 2096 alia

151 2116 264 2139 riaturae
274 2105 331 2137 esse
340 2108 497 2138 contraria.
517 2109 554 2137 iis
565 2105 631 2147 ipsis
641 2107 697 2137 alia
707 2106 862 2147 interjecta
873 2127 882 2141 ‚
895 2107 928 2138 &
945 2107 1045 2138 media
1057 2117 1114 2138 nu-

152 2149 294 2180 merabat.
318 2159 383 2190 quae
394 2158 493 2179 autem
510 2149 675 2180 secundum
688 2157 822 2179 naturam
835 2147 938 2183 efl'ent,
950 2159 983 2179 ea
993 2150 1115 2180 sumen-

153 2191 209 2225 da,
228 2191 261 2222 δε
280 2191 409 2231 quadam
423 2190 622 2222 aestimatione
633 2191 782 2232 dignanda
791 2190 934 2222 docebat:
954 2200 1117 2232 contraque
1133 2188 1135 2196 '

150 2235 299 2264 contraria
313 2243 321 2262 :
348 2242 453 2264 neutra
469 2243 569 2264 autem
588 2235 621 2263 in
641 2233 750 2263 mediis
768 2233 973 2274 relinquebat:
994 2234 1027 2263 in
1047 2235 1116 2274 qui-

154 2275 211 2306 bus
229 2274 359 2316 ponebat
377 2275 456 2305 nihil
474 2277 606 2306 omnino
620 2273 678 2305 effe
697 2277 860 2305 momenti.
884 2275 933 2306 sed
942 2285 1008 2316 quae
1021 2275 1116 2306 effent

152 2317 299 2348 sumenda
308 2337 316 2351 ‚
342 2326 381 2347 ex
399 2319 436 2347 iis
446 2317 501 2347 alia
512 2318 604 2357 pluris
616 2315 674 2347 effe
684 2316 859 2348 aestimanda
868 2337 878 2351 ‚
897 2317 956 2348 alia
966 2319 1096 2348 minoris
1110 2329 1116 2347 :

153 2368 221 2400 quae
229 2359 324 2399 pluris
334 2379 342 2392 ,
359 2369 391 2390 ea
398 2359 539 2401 praeposita
549 2359 727 2399 appellabat:
740 2357 840 2399 rejec‘ia
849 2364 948 2390 autem
960 2379 969 2393 ,
981 2369 1044 2400 quae
1057 2361 1118 2390 mi-

154 2402 250 2430 noris.
273 2409 359 2442 atque
370 2410 402 2432 ut
419 2403 481 2432 haec
490 2412 554 2431 non
568 2411 626 2432 tarn
639 2401 727 2431 rebus
739 2422 748 2435 ,
763 2402 855 2443 quam
869 2401 1022 2432 vocabulis
1031 2412 1117 2433 com-

152 2451 326 2474 mutaverat
338 2453 343 2472 :
355 2441 392 2474 fic
400 2445 478 2473 inter
487 2443 568 2474 ιεέὶὲ
577 2442 703 2477 fastum,
716 2453 776 2484 atq3
786 2452 953 2484 peccatum
965 2442 1117 2478 officium,

156 2484 191 2514 δε
207 2493 310 2514 contra
333 2481 471 2515 officium
483 2505 491 2519 ,
514 2485 615 2516 media
639 2485 756 2528 locabat
773 2485 909 2526 quaedam
927 2484 1023 2517 :refie
1041 2485 1118 2517 faeta
1137 2482 1138 2511 l

156 2525 220 2556 sola
238 2527 270 2555 in
289 2525 704 2568 bonisaffionibusponens,
727 2527 837 2568 prave,
864 2526 965 2562 idest,
988 2537 1117 2569 peccata,
1138 2526 1139 2565 ᾗ
1158 2529 1237 2559 nihil
1254 2548 1262 2562 ,
1285 2528 1366 2570 quod
1386 2529 1490 2559 cadere
1504 2532 1536 2559 in
1547 2539 1612 2559 eam
1623 2528 1735 2569 posset,
1758 2532 1957 2572 relinqueret,
1977 2530 2120 2572 qubdque

158 2570 190 2598 in
201 2568 301 2598 malis.
324 2566 425 2598 officia
436 2578 535 2599 autem
548 2569 581 2600 &
594 2570 723 2603 servata,
742 2568 1005 2610 praetermiffaque,
1019 2570 1120 2601 media
1138 2575 1139 2581 ¹

158 2609 323 2650 putabimur
333 2609 407 2640 dixi.
429 2619 564 2651 cumque
576 2612 744 2651 superiores
755 2622 806 2640 non
820 2620 929 2641 omnem
939 2613 1080 2642 virtutem
1092 2613 1121 2642 in

198 2749 208 2767 1
216 2761 222 2766 .
242 2744 327 2767 Rerum
336 2742 408 2772 noris,
418 2741 516 2767 ducibus
526 2743 667 2773 utebamur,
677 2741 745 2775 Gyan]
768 2741 849 2768 Haud
860 2742 938 2769 aliter
949 2743 1062 2771 Palatini
1076 2763 1083 2775 ‚
1095 2746 1124 2770 Sc

156 2776 261 2812 aliquot
273 2776 441 2804 Lambiniani
455 2786 463 2808 3
482 2779 553 2813 quod
564 2777 616 2813 ipie
629 2777 690 2804 licet
709 2778 811 2812 rejiciat
824 2797 832 2810 ‚
850 2779 974 2806 exhibuit
994 2779 1020 2806 id
1034 2788 1120 2808 tamen

158 2820 281 2848 tanquam
294 2814 361 2840 haud
372 2813 573 2849 aspernandum,
584 2813 702 2841 editione
713 2813 756 2841 sua
767 2815 918 2841 Turnebus.

195 2857 223 2874 2..
241 2853 320 2876 Omnis
337 2851 465 2876 diaIeHicx
483 2850 618 2883 disciplina.
634 2850 646 2884 ]
678 2851 789 2877 Suavius
809 2851 876 2877 istud
894 2851 1000 2878 auribus
1019 2851 1122 2880 accedit

159 2884 240 2919 quum
252 2885 403 2921 vulgatum,
413 2886 548 2912 dialeaica.
560 2886 730 2922 exstabatque
741 2887 767 2913 'ui
781 2887 937 2948 1’³¹·;}.‘¹²¹t·
948 2888 975 2913 δε
987 2888 1120 2915 ed.Turn.

199 2927 224 2953 3.
243 2923 275 2945 Et
283 2923 322 2947 iti-1
331 2923 465 2957 moratus]
485 2922 529 2948 Sic
539 2924 565 2949 St
578 2922 657 2949 nostri
669 2923 730 2949 libri
744 2942 752 2955 ‚
763 2932 844 2958 expre
856 2931 940 2958 utque
951 2923 1069 2951 editione
1079 2924 1122 2951 sua
1142 2932 1145 2964 J

1147 181 1257 210 ratione
1273 180 1332 212 effe
1350 182 1485 214 dicerent
1504 203 1512 218 ,
1544 184 1593 215 sed
1611 185 1751 226 quasdam
1770 185 1896 218 virtutes
1919 193 2019 218 natura
2031 208 2040 219 ‚
2057 197 2109 219 aut

1149 232 1235 252 more
1253 223 1397 263 perse-&as
1410 236 1415 254 z
1428 227 1478 256 hic
1497 229 1617 257 omneis
1633 229 1666 257 in
1684 230 1799 259 ratione
1818 229 1948 269 ponebat
1961 239 2109 270 :cumque

1145 264 1192 293 illi
1203 274 1235 295 ea
1244 275 1351 306 genera
1361 270 1520 302 virtutum,
1531 279 1596 310 quae
1609 269 1691 310 supra
1710 270 1774 301 dixi
1787 291 1796 305 ‚
1816 271 1929 312 sejungi
1940 270 2021 311 posse
2029 272 2107 303 arbi·

1145 313 1292 353 trarentur
1304 319 1313 342 3
1323 311 1336 335 5
1346 310 1395 339 hic
1405 319 1460 340 nec
1471 311 1501 340 id
1514 312 1577 342 ullo
1590 312 1684 342 modo
1697 311 1759 342 fieri
1769 311 1852 353 posse
1866 312 2039 349 dillerebat:
2054 323 2108 344 nec

1144 350 1266 393 virtu-tis
1279 349 1366 380 usum
1379 351 1475 381 modo
1490 373 1498 385 ‚
1511 361 1542 382 ut
1553 353 1784 393 ssiperiores‚sed
1796 355 1893 395 ipsum
1906 355 2040 386 habitum
2054 365 2106 396 per

1145 389 1173 418 se
1185 388 1241 434 efle
1262 392 1438 430 praeclarum
1455 414 1464 426 ‚
1486 404 1540 425 nec
1566 404 1668 426 tamen
1685 398 1827 427 virtutem
1848 399 1989 438 cuiquam
2001 396 2107 431 adefl'e,

1143 440 1214 471 qum
1226 441 1257 460 ea
1267 432 1376 473 semper
1386 442 1519 465 meretur.
1539 447 1670 478 cumque
1680 439 1938 478 perturbationem
1953 442 2049 470 animi
2059 440 2106 469 iili

1145 481 1184 502 ex
1201 473 1329 503 homine
1348 485 1410 505 non
1424 477 1583 511 tollerent,
1605 489 1766 520 naturaque
1777 481 2031 511 &condolescere
2045 501 2054 515 ,
2072 481 2105 512 8<

1146 515 1373 554 concupiscere,
1398 518 1430 547 δε
1449 521 1644 551 extimescere
1656 541 1664 555 ,
1687 522 1720 551 δε
1735 521 1832 552 efferri
1845 522 1945 553 laetitia
1956 523 2106 554 dicerent·

1146 556 1195 587 sed
1213 566 1246 603 ea
1263 560 1473 589 contraherent
1490 579 1498 593 ‚
1526 563 1560 591 in
1582 562 1801 605 angustumque
1822 564 2004 595 deducerent
2031 576 2036 594 :
2059 566 2108 595 hic

1146 598 1291 628 omnibus
1312 600 1359 629 his
1377 600 1456 640 quasi
1477 603 1590 632 morbis
1605 605 1703 635 voluit
1715 616 1811 637 carere
1825 608 1987 646 sapientem
2002 617 2006 635 :
2019 606 2110 636 cum-

1133 642 1202 681 ‘que
1219 649 1266 670 eas
1284 643 1522 680 perturbationes
1539 647 1890 686 antiquinatui·aleisess‘e
1900 648 2034 679 dicerent
2048 669 2055 682 ,
2076 648 2109 678 ὃς

1144 683 1269 712 rationis
1301 685 1448 723 experteis
1470 704 1478 718 ,
1515 686 1630 726 aliaque
1660 690 1692 717 iri
1721 699 1800 728 parte
1828 692 1925 720 animi
1960 690 2107 729 cupidita·

1146 731 1208 753 tem
1221 743 1229 757 ‚
1249 724 1304 754 alia
1329 727 1477 756 rationem
1495 727 1697 763 collocarent,
1718 740 1755 760 ne
1777 733 1823 761 his
1836 733 1961 772 quidem
1974 730 2112 762 ass'entiea

1147 765 1241 796 batur.
1264 775 1336 796 narn
1359 767 1391 797 &
1411 768 1648 807 perturbationes
1670 792 1678 803 ‚
1697 773 1883 803 voluntarias
1901 773 1958 803 ess'e
1979 774 2110 814 putabat,

1146 805 1161 828 6
1173 808 1388 849 opinionisque
1407 809 1520 845 judicio
1539 810 1664 850 suscipi,
1691 813 1858 843 &omnium
1867 814 2112 855 perturbationum

1146 847 1344 879 arbitrabatur
1364 850 1412 888 ff:
1432 859 1553 881 matrem
1571 873 1581 886 ‚
1610 854 1824 883 immoderatam
1843 858 1987 896 quandam
2009 866 2113 886 mrem-

1143 892 1314 933 perantiam.
1339 895 1412 923 Haec
1431 892 1493 924 fere
1512 894 1550 924 de
1573 896 1719 926 moribus.
1750 900 1801 927 De
1823 900 1937 928 naturis
1956 909 2053 930 autem
2073 898 2112 930 sii:

1147 934 1292 964 sentiebat
1312 954 1321 967 ,
1352 934 1488 975 primurn
1510 956 1518 970 ,
1551 945 1584 966 ut
1604 939 1635 967 in
1655 947 1797 979 quattuor
1815 941 1914 970 initiis
1930 951 2030 970 rerum
2052 942 2114 971 illis

1147 977 1283 1016 quintam
1296 978 1372 1007 hanc
1385 987 1521 1008 naturam
1535 998 1542 1012 ‚
1558 989 1595 1009 ex
1606 990 1663 1020 qua
1674 981 1842 1020 superiores
1853 982 1966 1015 sensus,
1978 983 2010 1012 δε
2023 988 2116 1013 men-

1147 1026 1209 1048 tem
1221 1016 1300 1048 effici
1313 1019 1451 1050 rebantur
1463 1040 1472 1054 ‚
1495 1030 1558 1051 non
1570 1021 1734 1052 adhiberet.
1760 1022 1901 1053 statuebat
1913 1026 1997 1053 enim
2010 1027 2115 1065 ignem

1123 1096 1124 1103 ἵ
1145 1057 1204 1090 elie
1228 1060 1322 1101 ipsam
1334 1071 1469 1092 naturam
1485 1081 1493 1096 ‚
1512 1073 1576 1104 quae
1587 1064 1722 1105 quidque
1734 1067 1870 1105 gigneret
1882 1085 1890 1099 ,
1916 1066 1948 1095 &
1964 1076 2112 1099 mentem,

1144 1110 1231 1142 atque
1251 1102 1362 1132 sensus.
1391 1104 1571 1145 discrepabat
1591 1108 1679 1137 etiam
1701 1107 1736 1137 ab
1757 1107 1864 1137 iisdem
1886 1127 1894 1141 ‚
1924 1108 2008 1148 quod
2027 1110 2115 1138 nullo

1144 1229 1283 1258 animum
1305 1228 1362 1259 effe
1384 1230 1543 1261 dixerunt:
1559 1241 1614 1262 nec
1635 1231 1727 1267 vero,
1748 1243 1797 1264 aut
1815 1234 1897 1274 quod
1919 1232 2051 1264 efficeret
2062 1235 2119 1265 ali-

1143 1269 1236 1310 quid,
1258 1279 1308 1301 aut
1324 1272 1405 1312 quod
1425 1270 1611 1308 efficeretur,
1635 1271 1717 1314 poffe
1736 1274 1793 1305 effe
1815 1286 1878 1306 non
1899 1286 2019 1316 corpus.
2041 1277 2119 1307 Plu-

1144 1314 1222 1342 rima
1239 1322 1340 1343 auterri
1360 1315 1392 1344 in
1411 1314 1461 1344 illa
1485 1318 1569 1346 tertia
1586 1317 1785 1356 philosophiae
1803 1327 1884 1357 parte
1909 1320 2046 1349 mutavit.
2080 1321 2114 1349 in

1145 1363 1203 1394 qua
1222 1354 1358 1394 primum
1378 1355 1415 1386 de
1439 1355 1570 1388 sensibus
1589 1357 1657 1398 ipsis
1681 1359 1817 1399 quaedam
1829 1359 1908 1390 dixit
1922 1370 2001 1391 nova
2015 1371 2020 1390 :
2034 1369 2113 1401 quos

1141 1395 1267 1435 juntfflms
1293 1395 1351 1427 effe
1374 1398 1492 1430 censuit
1520 1400 1536 1430 a
1562 1400 1691 1441 quadam
1710 1400 1790 1441 quasi
1808 1399 1994 1441 impulsione
2016 1403 2116 1433 oblata

1144 1438 1329 1469 extrinsecus
1350 1450 1356 1469 :
1376 1450 1467 1480 quam
1485 1441 1538 1471 ille
1558 1442 1707 1477 φοινῖᾷσὶαω,
1730 1453 1788 1473 iios
1809 1444 1907 1474 visum
1928 1444 2118 1484 appellemus

1145 1479 1215 1510 licet
1228 1489 1234 1508 z
1247 1479 1280 1510 &
1301 1489 1456 1512 teneamus
1478 1483 1536 1513 hoc
1551 1484 1678 1514 verbum
1697 1484 1846 1525 quidem;
1865 1487 1920 1515 erit
1932 1488 2016 1516 enim
2029 1495 2119 1516 uten-

1147 1520 1221 1551 dum
1243 1523 1276 1551 in
1293 1522 1412 1563 reliquo
1436 1523 1576 1555 sermone
1596 1525 1713 1565 saepius.
1732 1527 1781 1556 sed
1804 1526 1839 1557 ad
1860 1528 1942 1561 haec,
1964 1537 2032 1568 quae
2056 1528 2118 1558 visa

1149 1562 1217 1593 sunt
1235 1582 1244 1596 ,
1278 1563 1310 1594 δε
1327 1563 1408 1605 quafi
1429 1574 1547 1605 accepta
1567 1566 1700 1597 sensibus
1720 1587 1729 1602 ‚
1762 1566 1961 1598 assensionem
1981 1568 2120 1610 adjungit

1148 1606 1345 1635 animorum:
1365 1616 1456 1653 quam
1479 1606 1538 1637 effe
1553 1608 1620 1638 vult
1640 1610 1672 1639 in
1687 1609 1777 1639 nobis
1788 1609 1916 1650 positam
1928 1629 1936 1644 ,
1962 1610 2122 1641 &volun-

1149 1647 1264 1677 tariam.
1298 1646 1375 1678 Visis
1405 1658 1469 1679 non
1496 1650 1641 1680 omnibus
1659 1650 1840 1692 adjungebat
1859 1649 1952 1682 fidem
1974 1673 1983 1685 ‚
2014 1652 2062 1683 sed
2083 1654 2120 1683 iis

1126 1710 1128 1728 ὲ
1147 1688 1247 1720 solum
1261 1710 1270 1725 ,
1291 1700 1357 1732 quae
1381 1692 1531 1731 propriam
1551 1692 1702 1732 quandam
1723 1694 1867 1723 haberent
1884 1693 2118 1725 declarationem

147 1729 283 1760 &ionem
304 1731 480 1770 explicabo,
509 1729 580 1768 ficut
596 1731 708 1761 solebat
727 1732 908 1761 Antiochus.
932 1731 1012 1760 Mihi
1024 1730 1107 1765 verb,
1126 1734 1128 1769 ζ
1147 1741 1249 1762 earum
1284 1742 1383 1763 rerum
1405 1752 1413 1766 ,
1441 1743 1507 1774 quat
1524 1734 1699 1765 viderentur
1721 1746 1726 1764 ε
1747 1735 1778 1766 id
1796 1744 1895 1766 autem
1915 1737 2014 1765 visum
2037 1735 2109 1767 cum

1147 1773 1246 1812 ipsum
1258 1784 1311 1815 per
1322 1775 1538 1810 secerneretur,
1550 1781 1565 1805 7
1576 1776 1820 1818 comprehensibile.
1844 1776 1947 1807 feretis
1958 1779 2041 1809 liaec?
2061 1788 2119 1809 nos

1148 1813 1221 1844 vero
1239 1835 1248 1849 ,
1281 1818 1390 1857 inquit.
1422 1826 1556 1856 quonam
1577 1821 1660 1848 enirn
1682 1819 1776 1849 modo
1798 1822 1959 1849 κκτλληπτον
1980 1820 2120 1851 diceres?

1151 1854 1220 1889 sed,
1242 1857 1313 1887 cum
1331 1867 1486 1898 acceptum
1501 1861 1565 1898 jam
1578 1879 1587 1892 ‚
1609 1860 1642 1890 δε
1664 1861 1862 1900 approbatum
1886 1861 1976 1896 esset,
1997 1870 2117 1904 compre-

1151 1897 1301 1968 ssensioriem
1311 1899 1474 1939 appellabat
1484 1919 1492 1933 ,
1526 1899 1657 1931 similem
1672 1904 1707 1931 iis
1718 1902 1806 1933 rebus
1818 1923 1825 1936 ‚
1844 1914 1909 1944 quae
1923 1914 2014 1934 manu
2029 1914 2120 1944 pren-

1174 1949 1292 1970 erentur
2014 1945 2021 1953 Χ

1151 1981 1247 2012 verbo
1269 1982 1340 2013 ante
1358 1992 1452 2012 nemo
1471 1983 1522 2013 tali
1545 1986 1578 2014 in
1598 1994 1628 2014 re
1647 1984 2119 2029 usuoeesset:plurimisqueidem

1155 2026 1246 2055 novis
1263 2024 1361 2054 verbis
1382 2026 1483 2064 (nova
1501 2027 1586 2056 enim
1597 2026 1735 2067 dicebat)
1759 2029 1829 2059 usus
1839 2029 1890 2059 est.
1922 2030 2004 2070 quod
2019 2039 2119 2060 autem

1155 2074 1216 2097 erat
1226 2067 1311 2097 sensu
1321 2068 1574 2107 comprehensum
1586 2088 1595 2102 ,
1616 2068 1647 2099 id
1658 2069 1758 2108 ipsum
1770 2070 1888 2101 sensum
1901 2071 2076 2112 appellabat,
2088 2071 2120 2101 &

1156 2105 1177 2136 si
1196 2110 1236 2138 ita
1246 2118 1306 2139 erat
1317 2109 1570 2149 comprehensum
1583 2130 1591 2143 ‚
1615 2119 1648 2140 ut
1661 2112 1794 2142 convelli
1812 2115 1927 2144 ratione
1939 2124 2002 2143 non
2014 2111 2121 2153 posset,

1156 2149 1327 2192 scientiam:
1340 2149 1381 2180 fin
1399 2151 1503 2184 aliter,
1527 2152 1706 2191 insi-ienuam
1724 2155 1902 2185 nominabat
1916 2166 1969 2186 :ex
1992 2166 2049 2196 qua
2067 2165 2123 2185 ex-

1154 2191 1264 2223 sisteret
1275 2194 1363 2223 etiam
1375 2193 1467 2234 opinio
1479 2212 1486 2226 ‚
1497 2203 1562 2233 quae
1575 2193 1646 2224 efi'et
1659 2195 1815 2226 imbecilla
1825 2216 1833 2230 ,
1845 2197 1877 2227 δε
1888 2208 1959 2228 cum
1974 2196 2059 2230 falso,
2072 2199 2132 2227 in-'

1154 2235 1337 2276 cognitoque
1355 2244 1543 2265 communis.
1566 2235 1622 2266 Sed
1643 2237 1722 2266 inter
1741 2238 1894 2268 scientiam
1914 2260 1923 2273 ,
1948 2240 2123 2269 &inscien-

1156 2280 1227 2307 tiam
1246 2296 1254 2310 ‚
1275 2275 1577 2317 comprehensionem
1598 2277 1682 2308 illam
1696 2298 1705 2312 ,
1727 2289 1816 2320 quam
1835 2280 1920 2315 dixi,
1944 2281 2118 2313 collocabat,

1136 2328 1282 2359 ‚eamque
1312 2328 1410 2359 neque
1438 2320 1471 2348 in
1494 2319 1581 2350 reEtis
1605 2340 1613 2353 ‚
1642 2330 1739 2361 neque
1760 2324 1793 2352 in
1814 2324 1914 2362 pravis
1935 2323 2119 2355 numerabat,

1157 2361 1206 2391 sed
1237 2360 1292 2391 soli
1312 2360 1497 2391 credendum
1519 2360 1576 2391 esse
1596 2362 1721 2393 dicebat.
1754 2364 1770 2394 ἐ
1790 2374 1851 2405 quo
1871 2364 2001 2395 sensibus
2027 2366 2118 2394 etiam

1158 2402 1249 2433 fidem
1275 2403 1423 2433 tribuebat
1445 2422 1453 2436 ‚
1477 2403 1561 2444 qubd
1583 2424 1593 2437 ‚
1613 2414 1645 2434 ut
1665 2404 1748 2446 supra
1768 2406 1832 2436 dixi
1856 2427 1864 2440 ‚
1890 2404 2118 2446 comprehensio

1157 2444 1234 2476 faeta
1253 2443 1383 2475 sensibus
1403 2445 1435 2475 &
1456 2455 1523 2476 vera
1545 2444 1603 2476 effe
1619 2446 1684 2480 illi,
1709 2447 1740 2477 δε
1761 2446 1858 2478 fidelis
1869 2448 2023 2479 videbatur
2036 2459 2040 2477 :
2053 2458 2119 2478 non

1158 2486 1240 2528 qubd
1252 2489 1357 2517 omnia
1370 2507 1378 2520 ‚
1398 2496 1464 2528 quae
1474 2486 1569 2518 effent
1580 2489 1611 2517 in
1622 2498 1651 2517 re
1664 2507 1672 2521 ³
1686 2490 1953 2530 comprehenderet
1967 2501 1972 2519 z
1985 2489 2033 2520 sed
2045 2490 2115 2530 quia

1162 2578 1268 2600 natura
1289 2570 1371 2612 quasi*
1387 2580 1517 2601 normam
1529 2571 1669 2611 scientia,
1691 2573 1723 2602 &
1735 2575 1919 2613 principium
1930 2574 1973 2603 sui
1985 2572 2121 2606 dedisset,

1163 2613 1243 2644 unde
1266 2612 1367 2654 postea
1386 2615 1530 2645 notiones
1542 2623 1641 2644 rerum
1653 2615 1684 2643 in
1698 2617 1810 2645 animis
1820 2617 2087 2687 imprimerentur&
2106 2616 2123 2645 ὲ

2011 2667 2062 2698 qui
2087 2666 2123 2691 iis

1206 2753 1232 2778 5.
1253 2748 1297 2771 Hic
1306 2755 1346 2771 nec
1357 2746 1434 2771 idum
1446 2746 1632 2780 ›mdoficaisoffi
1643 2746 1793 2781 differebam]
1814 2746 1939 2773 Claufula
1952 2747 2004 2773 liaec
2015 2747 2125 2774 Aldinis

1166 2782 1193 2807 ὃς
1205 2781 1389 2807 Lanibiniauis
1400 2782 1505 2816 aliquot
1516 2781 1675 2808 editionibus
1689 2790 1746 2808 tota
1758 2782 1870 2809 excidit.
1882 2793 1913 2810 ne
1923 2783 2044 2820 deinceps
2056 2794 2124 2818 quo-

1165 2826 1217 2852 que
1237 2818 1389 2853 negligatur
1402 2837 1409 2849 ‚
1430 2817 1456 2843 iil
1478 2818 1535 2844 heic
1555 2817 1734 2844 adnotandum
1753 2818 1830 2845 duxi.
1852 2829 1910 2845 nain
1930 2821 2051 2856 quamvis
2073 2830 2124 2847 non

1165 2861 1315 2916 coinppreat
1329 2854 1360 2916 Iiii
1372 2853 1428 2880 Pal.
1439 2854 1524 2890 primo
1538 2873 1545 2887 ‚
1562 2853 1646 2881 lei-rat
1657 2863 1713 2880 euni
1725 2862 1812 2882 tamen
1825 2863 1954 2892 quartus,
1975 2857 2001 2882 δε
2013 2858 2125 2884 omnin&

1163 2899 1226 2917 nece
1250 2899 1304 2916 aria
1313 2899 1327 2915 e
1354 2910 1360 2915 .

1201 2926 1230 2952 6.
1249 2927 1411 2966 opinionisque
1421 2927 1511 2959 judicio
1522 2925 1638 2959 suscipi]
1659 2926 1792 2961 Vulgatur
1809 2927 1866 2954 fei-e
1877 2927 1979 2955 abortu
1991 2928 2127 2956 Vic'ioria-

161 2955 258 2981 Petrus
268 2956 415 2984 ViCtorius.
435 2958 494 2985 vult
502 2959 575 2985 enini
588 2968 674 2986 mores
684 2957 826 2996 praetuliffe
838 2960 925 2986 vultu.
948 2960 1062 2996 vulgati,
1073 2971 1121 2988 mo·
1164 2970 1202 2988 nae
1216 2981 1224 2993 ,
1238 2961 1491 2996 Lmnbimarumque
1507 2960 1655 2987 editionum
1667 2979 1677 2993 ‚
1696 2965 1869 2998 opiniomffquu
1887 2964 1929 2990 sed
1951 2972 2046 3000 iii-zeter
2055 2966 2128 2992 :inti-

161 2992 273 3017 ‘'crarta-

196 3034 225 3057 4.
244 3027 286 3053 Eis
295 3028 347 3061 qui«
364 3027 380 3054 ἢ
393 3030 557 3063 superioribus
573 3039 717 3065 acceperant
735 3031 874 3066 archatum]
896 3031 939 3057 Sic
957 3030 1071 3059 Victorii
1091 3041 1120 3059 ac

160 3062 280 3088 Turnebi
292 3063 375 3090 editio
386 3073 395 3094 ς
407 3065 439 3091 fic
450 3066 506 3092 Pal.
519 3068 609 3094 nostri.
620 3068 685 3094 olim
697 3068 760 3101 cusi,
771 3078 799 3094 ea
808 3078 856 3102 (χιιι
866 3068 943 3101 ὰῘιιΡ.
955 3077 1006 3094 acc.
1017 3070 1121 3095 tueban-
1142 3084 1144 3096 ι

1165 2998 1271 3033 quiores
1284 3008 1292 3028 3
1315 2997 1410 3033 quibus
1421 2996 1522 3024 accedit
1533 2999 1560 3023 ὃ(
1571 2997 1741 3026 Turiiebiaua
1753 3018 1762 3032 ‚
1781 3000 1977 3037 :iufiioritasque
1987 3002 2124 3028 Palatino-

1165 3043 1224 3060 runi
1236 3034 1398 3061 nostrorum.

1201 3078 1230 3104 7.
1249 3070 1476 3103 Comprehenfibile]
1498 3069 1566 3096 Pali.
1586 3071 1790 3103 comprehensibile
1801 3092 1808 3104 ‚
1828 3080 1983 3100 annotatum
1994 3072 2025 3099 ad
2038 3074 2127 3109 quarti

158 3098 282 3133 umquem!
295 3099 416 3136 expreffi.
429 3101 526 3141 iterum
537 3102 672 3139 usurpavit
682 3104 768 3131 noster
778 3104 852 3130 libris
863 3104 896 3130 de
908 3104 1121 3130 Finibus.Lam-
1140 3099 1143 3143 l
1163 3114 1236 3132 oram
1262 3125 1270 3139 ‚
1298 3106 1364 3134 alias
1384 3106 1439 3141 legi
1459 3106 1646 3140 comprendibist.
1675 3107 1794 3144 dispiciat
1820 3109 1909 3145 proles
1929 3110 2127 3138 Grammatico-

160 3133 237 3162 biuus
247 3134 362 3163 adhaeret
371 3135 513 3172 publicatis
528 3138 610 3171 ,licet
620 3139 653 3168 sse
663 3150 747 3177 quoq3
758 3140 899 3169 invenisset
909 3141 935 3168 in
947 3139 1049 3168 duobus
1060 3140 1121 3171 suis.
1140 3156 1143 3169 s
1162 3150 1233 3170 runi.

2058 3181 2129 3208 1042

2141 905 2147 929 l
2165 906 2175 928 1

1315 1951 1321 1970 :
1341 1951 1379 1970 ex
1401 1950 1463 1981 quo
1485 1943 1575 1973 etiam
1600 1953 1716 1973 nomen
1733 1945 1791 1975 hoc
1811 1945 1934 1976 duxerat
1954 1958 1962 1980 ·,
1990 1956 2061 1977 curn
2082 1956 2119 1976 eo
2159 1958 2163 1961 -
