2297 3389
30 732 70 756 21

275 131 536 178 Onesi-10
571 142 646 174 ne,
682 127 851 174 LEGE
888 124 1508 183 AGRAR1A,00NTRA
1544 128 1840 175 Rubrium.

89 217 186 249 citum
200 217 376 257 pervenire:
394 213 507 255 aliquid
527 213 574 243 illi
594 210 770 242 insidiarum
787 209 870 245 fieri,
891 210 1004 251 aliquid
1019 210 1056 241 de

89 259 153 297 ejus
164 260 310 290 exercitu,
321 258 426 297 copiis,
443 256 555 297 gloria,
572 254 680 284 detrahi
686 253 766 296 poffi.
789 261 914 293 putant,
934 253 1053 294 fiquam

90 301 174 341 spem
185 302 218 330 in
230 302 286 331 Cn.
299 299 446 338 Pompejo
458 299 606 326 exercitus
615 295 720 326 habeat
729 314 738 328 ,
760 305 810 325 aut
830 303 968 336 agrorum
980 313 989 327 ,
1006 303 1056 323 aut

91 343 224 373 aliorum
232 340 470 372 commodorum
483 358 491 373 ‚
513 339 590 369 hanc
603 347 669 368 non
679 337 853 367 habiturum
864 356 873 370 ,
889 334 962 365 cum
971 334 1056 364 vide-

90 385 146 418 rit,
167 393 270 414 earum
289 391 388 413 rerum
407 382 553 411 omnium
565 379 744 420 potestatem
755 378 791 409 ad
800 378 990 408 decemviros
1000 374 1058 406 effe

92 425 270 457 transsatam.
297 425 396 454 Patior
409 433 474 453 non
487 421 614 452 moleste
626 441 635 456 ‚
650 431 711 452 tam
720 419 826 451 stultos
840 417 898 450 ess'e
907 439 916 453 ,
933 420 985 460 qui
996 418 1059 448 haec

93 468 112 499 s
106 476 226 508 pererit:
237 475 298 496 tarn
309 464 527 505 impudenteis,
539 466 590 505 qui
602 472 759 494 conentur.
772 461 851 492 illud
863 470 984 503 queror,
998 469 1057 490 tam

92 519 145 539 me
157 508 240 538 abiis
249 506 307 538 effe
319 515 490 537 contemtum
499 526 508 540 ‚
521 516 553 536 ut
561 508 624 536 haec
634 514 780 546 portenta,
797 514 847 534 me
856 503 991 535 consule,
1003 511 1059 542 po—

92 548 183 581 tiffim
189 548 240 579 um
255 551 426 591 cogitarent.
459 552 558 589 Atque
568 550 601 578 in
612 547 759 578 omnibus
770 547 818 577 iiis
826 547 901 587 agris
911 543 1060 575 aedificiis-

92 602 151 633 que
166 591 334 622 vendendis
346 611 355 626 ,
373 593 561 631 permittitur
581 590 781 623 decemviris,
811 599 856 619 111·
877 595 1056 619 νεκοΛΝτ,

93 643 354 672 anuscuMQa
374 643 412 662 m
432 643 529 663 LOCIS
550 642 733 663 vmznruiz.
766 634 792 661 O
806 629 1004 670 perturbatam
1015 637 1059 657 ra-

93 678 212 708 tionem
225 677 230 705 Ξ
244 674 262 705 ὁ
273 675 436 705 libidinem
447 674 659 708 refrenandam
672 676 678 703 Ι
694 672 714 704 ὃ
722 671 846 703 consilia
855 669 1005 702 dissoluta,
1016 678 1058 698 at-

93 728 150 759 que
160 717 274 758 perdita
286 719 291 746 !
337 720 562 747 VnerioAniA
582 717 679 746 locare
686 715 835 755 nusquam
846 713 916 742 licet
925 732 933 744 ⁷
958 710 1014 741 nisi
1026 712 1059 740 in

92 761 147 790 hac
156 759 229 789 urbe
240 779 248 793 ‚
271 763 280 778 ¹
293 759 353 789 hoc
363 769 401 790 ex
412 761 501 794 loco,
522 760 576 789 hac
599 756 733 788 vestrum
750 755 930 796 frequentia.
954 754 1058 783 venire

91 801 201 832 vestras
212 811 257 831 res
266 803 398 842 proprias
410 822 418 836 ‚
441 802 475 832 δε
494 803 529 831 111
547 808 724 840 perpetuum
734 798 751 828 a
760 798 848 827 vobis
859 796 1001 828 alienari,
1025 796 1059 824 in

91 844 302 885 Paphlagonia:
313 843 453 877 tenebris,
465 851 551 883 atque
561 844 595 871 in
606 840 796 881 Cappadociae
808 837 974 869 solitudine
987 837 1058 867 lice-

92 886 159 916 bit?
175 888 211 916 L.
222 886 303 916 Sulla
313 885 385 915 cum
396 886 476 915 bona
486 883 734 914 indemnatorum
747 883 875 914 civium,
885 877 1001 910 funesti
1009 878 1060 908 illa

91 927 232 959 auffione
253 928 303 958 sua
320 926 491 967 venderet&
503 926 536 956 ὃς
547 926 575 955 se
589 924 800 967 praedamsuam
810 923 920 953 diceret
931 920 1055 953 vendere,

92 979 195 1000 tamen
213 979 251 1000 ex
268 971 326 999 hoc
344 969 414 998 loco
428 967 583 998 vendidit:
604 977 660 997 nec
673 986 682 1000 ,
704 975 836 1007 quorum
846 965 951 994 oculos
961 961 1059 993 offen-

92 1011 200 1046 debat,
219 1020 326 1041 eorum
344 1010 479 1050 ipsorum
498 1008 694 1049 conspec’tum
714 1008 816 1050 fugere
836 1007 920 1037 ausus
932 1004 983 1035 est.
1007 1004 1060 1034 de-

93 1054 221 1084 cemviri
238 1051 332 1083 vestra
351 1051 508 1093 veffigalia
519 1061 583 1081 non
595 1049 689 1081 modo
699 1060 737 1080 ne
747 1049 836 1079 vobis
846 1047 970 1089 quidem
981 1046 1059 1076 arbi·
1071 1082 1073 1085 ι

91 1097 144 1126 tris
152 1115 162 1128 ‚
176 1093 225 1125 sed
236 1104 275 1125 ne
283 1103 421 1134 praecone
432 1092 558 1134 quidem
570 1093 692 1133 publico
704 1091 775 1122 teste
787 1091 937 1122 vendent?
954 1090 1060 1129 Sequi-

91 1146 140 1168 tur
158 1156 167 1171 ,
199 1139 335 1167 OMNEis
367 1145 474 1166 Aenos
506 1144 622 1165 Exi-nix
652 1137 809 1164 IrAmAM
834 1141 994 1162 mrim-ro
1017 1140 1058 1160 izi<

91 1188 252 1209 TEMPORE
261 1198 269 1213 ‚
293 1188 358 1208 non
369 1199 378 1212 ,
400 1187 433 1208 ut
443 1186 527 1208 antea
536 1197 543 1211 ,
556 1177 592 1207 ab
602 1177 684 1207 Sulla
695 1176 728 1207 &
742 1179 889 1216 PompeJo
901 1183 977 1204 coss.
998 1175 1058 1203 Co-

91 1223 190 1263 gnitio
200 1219 410 1251 decemvirum
423 1240 431 1254 ,
444 1222 574 1260 privatus
585 1218 618 1249 sit
628 1239 637 1253 ‚
649 1228 687 1249 an
696 1218 835 1259 publicus
849 1228 855 1246 2
875 1215 972 1257 sicque
990 1224 1059 1256 agro

91 1262 253 1304 pergrande
273 1261 402 1303 veetigal
418 1263 599 1301 imponitur.
639 1263 708 1291 Hoc
730 1269 878 1301 quantum
895 1258 1056 1299 judicium,

92 1304 185 1346 quam
197 1304 526 1345 intolerandum,quam
543 1305 659 1344 regium
670 1301 713 1336 sit,
728 1312 819 1343 quem
829 1302 980 1341 praeterit?
991 1298 1059 1339 pos-

92 1348 122 1377 se
132 1366 141 1380 ‚
175 1346 394 1387 uibuscumque
405 1346 480 1375 locis
490 1346 605 1378 velint,
622 1345 704 1374 nulla
716 1344 929 1383 disce-praticae
941 1361 949 1375 ,
970 1340 1058 1370 nullo

91 1357 232 1422 consilio,
243 1390 356 1428 privata
366 1388 527 1427 publicare,
539 1386 658 1426 publica
667 1386 792 1416 liberare
808 1388 818 1414 ?
837 1385 994 1423 Excipitur
1001 1383 1059 1411 hoc

92 1432 188 1471 capite
206 1440 273 1471 ager
290 1431 324 1459 in
341 1429 442 1460 Sicilia
460 1431 697 1459 Recentoricus:
715 1437 809 1468 quern
825 1436 879 1467 ego
888 1426 985 1464 excipi
997 1443 1005 1457 ‚
1025 1423 1059 1453 δε

91 1481 212 1513 propter
221 1473 388 1501 hominum
399 1469 648 1501 necessitudinem
660 1490 668 1504 ,
689 1470 722 1500 ὃς
740 1478 861 1509 propter
874 1469 1055 1508 aequitatem,

91 1515 227 1556 Qirites
237 1533 245 1548 ‚
271 1517 284 1533 ²
299 1514 375 1554 saepe
386 1514 582 1543 vehementer
590 1512 718 1553 gaudeo.
742 1510 798 1542 Sed
809 1520 873 1551 quae
884 1511 946 1539 haec
956 1510 1058 1548 impu-

93 1556 215 1586 dentia?
236 1558 289 1597 qui
297 1565 399 1596 agrum
411 1557 648 1585 Recentoricum
661 1551 810 1594 possident
819 1573 828 1587 ‚
839 1549 979 1587 vetustate
989 1549 1057 1590 pos-

93 1596 228 1629 seffionis
237 1599 276 1632 se,
292 1607 355 1628 non
359 1598 425 1636 jure
432 1608 443 1624 .·
465 1596 670 1627 misericordia
680 1596 814 1628 senatus,
831 1604 896 1624 non
910 1595 971 1634 agri
984 1602 1060 1622 con-

94 1640 212 1671 ditione
223 1639 404 1670 defendunt.
427 1649 498 1669 nam
510 1640 600 1668 illum
610 1648 714 1679 agrum
725 1637 883 1677 publicum
895 1635 952 1666 effe
962 1633 1060 1664 faten-

93 1690 151 1713 tur.
175 1685 187 1710 3
199 1682 227 1712 se
236 1683 355 1712 moveri
366 1679 607 1722 possessionibus,
619 1678 805 1710 amicissimis
815 1678 946 1711 sedibus,
962 1687 994 1707 ac
1002 1676 1060 1706 diis

92 1724 252 1765 penatibus
262 1733 372 1765 negant
382 1731 527 1764 oportere.
560 1725 600 1753 At
610 1743 619 1756 ,
642 1721 664 1752 si
673 1722 716 1753 est
724 1723 855 1762 privatus
864 1730 931 1761 ager
940 1722 1060 1749 Recen-

93 1768 218 1799 toricus,
228 1766 304 1807 quid
314 1775 386 1795 eum
396 1767 511 1806 excipis
523 1768 533 1794 ?
544 1763 587 1795 sin
596 1774 697 1795 autem
709 1764 863 1805 publicus:
879 1772 946 1804 quae
955 1760 997 1791 est
1006 1759 1061 1790 ista

92 1808 210 1850 aquitas
221 1827 229 1843 ‚
243 1816 370 1842 ceterOS,
381 1809 473 1838 etiam
483 1806 503 1837 si
513 1809 619 1848 privati
630 1806 686 1837 sint
696 1828 706 1840 ,
723 1807 895 1847 permittere
906 1813 939 1834 ut
947 1803 1060 1844 publici

92 1850 284 1891 judicentur:
305 1851 387 1880 hunc
410 1852 547 1890 excipere
560 1851 747 1880 nominatim
762 1867 771 1883 ,
791 1849 842 1889 qui
853 1846 992 1887 publicus
1002 1843 1059 1875 effe

95 1891 243 1923 fateatur?
254 1894 332 1933 Ergo
342 1902 449 1922 eorum
459 1902 526 1934 ager
535 1894 695 1932 excipitur,
707 1892 760 1932 qui
770 1889 847 1930 apud
859 1889 989 1919 Rullum
999 1887 1061 1916 alia

97 1935 207 1964 rarione
218 1933 370 1963 valuerunt
378 1944 390 1961 :
415 1936 504 1964 ceteri
512 1936 573 1975 agri
583 1943 702 1967 omnes,
713 1934 768 1974 qui
777 1932 890 1972 ubique
900 1931 968 1961 sunt
978 1950 986 1964 ,
999 1928 1059 1959 fine

95 1977 162 2007 ullo
172 1974 294 2006 delefilm
304 1994 312 2008 ,
325 1973 385 2004 sine
392 1976 500 2014 populi
509 1977 644 2005 Romani
658 1984 784 2005 notione
796 1994 804 2007 ,
824 1972 885 2003 sine
890 1974 900 2012 j
906 1972 1006 2002 udicio
1016 1971 1061 2001 se-

32 2030 80 2055 22
98 2027 184 2049 natus
195 2037 204 2051 ,
219 2017 400 2048 decemviris
408 2016 598 2046 addicentur.
629 2019 728 2057 Atque
743 2017 834 2045 etiam
845 2014 887 2045 est
895 2014 960 2048 alia,
976 2014 1061 2053 supe-

97 2061 175 2092 riore
185 2061 291 2100 capite,
303 2068 365 2100 quo
375 2060 480 2088 omnia
488 2067 621 2088 veneunt
630 2078 638 2092 ‚
650 2057 813 2099 quaestuosa
821 2057 958 2096 exceptio
975 2066 980 2084 ;
991 2065 1057 2096 quae

96 2110 175 2144 teget
185 2111 237 2131 eos
247 2110 341 2142 agro‘S,
352 2100 388 2130 de
397 2100 507 2140 quibus
520 2099 631 2130 fcedere
642 2109 764 2130 cautum
774 2098 826 2129 est.
843 2098 1060 2131 Audivitmanc

95 2155 161 2175 rem
171 2153 236 2174 non
245 2143 262 2173 a
273 2153 332 2176 me,
344 2142 393 2172 sed
402 2141 438 2172 ab
448 2143 513 2172 aliis
524 2144 625 2184 agitari
635 2142 708 2182 saepe
718 2144 752 2171 in
760 2142 860 2171 senatu
872 2160 880 2173 ,
898 2149 1060 2169 nonnum-

95 2196 188 2228 quam
198 2195 235 2215 ex
247 2184 385 2215 hocloco
395 2204 404 2217 ‚
426 2182 570 2223 possidere
591 2194 675 2225 agros
688 2185 721 2213 in
735 2193 786 2213 ora
797 2183 947 2213 maritima
958 2191 1058 2221 regem

96 2227 316 2267 Hiempsalem,
332 2235 409 2267 quos
417 2228 447 2255 P.
458 2224 619 2256 Africanus
628 2226 743 2265 populo
754 2228 898 2255 Romano
908 2223 1058 2261 adjudica·

95 2272 150 2301 rit:
174 2270 206 2300 ὃς
217 2278 318 2299 tamen
329 2267 430 2308 postea
438 2277 490 2308 per
500 2270 532 2298 C.
545 2270 665 2298 Cottam
677 2288 685 2301 ‚
696 2267 755 2297 cos.
767 2275 886 2296 cautum
895 2265 942 2303 effe
945 2265 1058 2304 foedere.

97 2314 169 2343 Hoc
178 2313 247 2352 quia
254 2321 310 2341 vos
318 2309 417 2340 foedus
428 2319 492 2339 non
498 2308 641 2350 jusseritis
651 2330 660 2344 ‚
679 2319 796 2339 veretur
807 2308 963 2348 Hiempsal
975 2317 1007 2337 ut
1018 2307 1060 2337 sa-

95 2356 136 2392 tis
151 2352 276 2383 firmum
287 2351 331 2386 fit,
349 2352 501 2382 &rarum-
523 2351 626 2393 Qid?
646 2351 819 2392 cujusmodi
833 2349 981 2382 estillud?
1000 2349 1060 2379 tol-

96 2396 173 2427 litur
181 2395 314 2426 vestrum
323 2393 492 2434 judicium:
513 2393 613 2424 foedus
624 2402 722 2424 totum
733 2395 883 2433 excipitur
897 2403 902 2422 :
916 2401 1058 2431 compro-

96 2438 192 2469 batur.
228 2436 322 2479 Qod
342 2437 455 2466 minuit
476 2435 652 2466 aufihonem
673 2435 906 2466 decemviralem
921 2454 930 2468 ,
950 2434 1039 2464 laudo
1053 2444 1058 2462 z

96 2479 180 2520 quod
191 2482 253 2519 regi
262 2480 360 2509 amico
368 2487 450 2508 cavet
461 2498 470 2511 ,
490 2488 554 2508 non
565 2478 751 2518 reprehendo
763 2489 768 2506 :
792 2475 875 2518 quod
894 2487 958 2506 non
971 2477 1060 2516 gratis

98 2523 152 2555 fit,
172 2521 287 2550 indico.
312 2520 420 2551 volitat
437 2522 522 2550 enim
538 2529 606 2550 ante
623 2521 727 2551 oculos
746 2519 872 2549 istorum
887 2519 973 2561 Jubae
982 2520 1060 2558 regis

99 2563 193 2597 filius,
205 2562 377 2593 adolescens
386 2572 450 2592 non
459 2564 563 2592 minus
574 2562 652 2592 bene
662 2571 838 2592 nummatus
849 2581 857 2595 ‚
879 2571 970 2602 quam
980 2560 1058 2589 bene

95 2605 265 2645 capillatus.
298 2605 360 2634 Vix
377 2606 442 2644 jam
451 2604 571 2634 videtur
580 2604 664 2634 locus
673 2603 731 2634 esse
742 2625 750 2638 ‚
770 2606 822 2645 qui
833 2612 931 2633 tantos
940 2611 1059 2632 acervos

97 2649 234 2689 pecunia:
243 2647 344 2686 capiat.
366 2655 461 2687 auget,
472 2647 565 2680 addit,
576 2647 757 2677 accumulat:
772 2651 896 2676 AuRuM
907 2665 914 2679 ‚
929 2654 1060 2675 ARGEN-

98 2699 172 2720 *ruM
193 2699 235 2719 nx
260 2697 382 2718 PRAEDA
393 2708 401 2722 ‚
426 2698 470 2718 nx
489 2698 657 2719 MANUBus
668 2710 677 2723 ,
702 2699 746 2719 nx
766 2697 963 2718 CORONARIO
975 2708 984 2721 ,
1015 2697 1059 2716 AD

99 2739 324 2773 QoscuMQE
341 2740 512 2762 PERVENIT
523 2751 532 2767 ‚
556 2740 670 2772 rii-:Qiaea
686 2740 851 2761 RELAruM
867 2740 924 2760 iss't
944 2740 980 2760 111
1003 2740 1057 2760 Pu-

139 2833 149 2850 1
157 2844 163 2850 .
182 2828 229 2849 Hoc
238 2834 266 2849 ex
275 2825 345 2857 luem]
358 2825 424 2849 l’all.
435 2825 461 2848 ὃ(
476 2831 541 2849 vett.
552 2824 683 2850 editiones
695 2842 703 2855 ,
714 2827 759 2849 Hoc
768 2831 812 2848 aut
820 2826 856 2848 illo
866 2833 894 2849 ex
901 2826 954 2849 loco.
973 2825 1010 2850 ita
1018 2825 1061 2850 'iii-

121 2869 193 2892 viam,
203 2859 249 2886 nisi
260 2859 331 2896 quod
342 2870 384 2896 pr.
395 2861 422 2885 &
434 2858 495 2885 edd.
506 2859 616 2886 habeant
626 2861 670 2886 hxc
679 2869 721 2885 aut
730 2861 765 2884 illo
774 2860 825 2889 (Ξέ.
843 2860 870 2885 &
883 2859 953 2885 forte
966 2860 1062 2886 Cicero

121 2896 188 2931 igito
204 2903 250 2923 aut
267 2897 350 2932 capite
370 2895 484 2923 ostendit
494 2896 575 2922 alium
586 2895 673 2922 locum
687 2915 695 2928 ,
714 2895 862 2922 ubiitidem
876 2895 1062 2923 venderentur.

100 2941 193 2958 verum
212 2932 265 2958 haec
279 2932 440 2969 perpendant
451 2933 616 2968 Antiquarii.
638 2942 696 2959 nam
709 2932 774 2958 milii
783 2933 869 2959 otium
881 2942 933 2959 non
943 2932 979 2959 est
989 2934 1062 2968 peni-

101 2968 154 2995 tius
165 2969 299 3003 inquirere
310 2969 335 2995 in
347 2978 448 2995 morem
459 2969 536 2994 illum
549 2975 676 2995 veterem.

138 3012 167 3030 2.
186 3008 244 3036 Saepe
260 3007 408 3031 ‘vehementer
421 3005 535 3040 gaudem]
556 3005 634 3031 Niliil
650 3005 682 3031 ab
691 3006 738 3031 hac
747 3005 844 3032 abeunt
855 3003 985 3041 scriptura
996 3005 1063 3031 Pall.

101 3047 148 3067 :uit
160 3041 308 3067 veterrima·
318 3040 379 3067 edd.
399 3040 544 3068 Lambinus
555 3040 723 3076 admisitsane
733 3043 790 3069 veh.
800 3041 982 3076 conjecturam
993 3040 1062 3068 scili-

102 3083 144 3103 cet
155 3075 314 3102 Lauredani.
333 3077 440 3104 mallem
454 3096 461 3108 ,
470 3078 515 3110 ipse
524 3079 581 3102 veh.

140 3121 167 3148 3.
185 3116 213 3138 Se
224 3114 488 3146 mmeripoffi’ffionibuc‚
500 3114 598 3148 amidff.
608 3115 675 3149 ῥα]
691 3115 732 3141 Ita
743 3113 811 3140 Pall.
821 3115 849 3140 &
861 3114 925 3140 olim
937 3114 1062 3151 impressi.

104 3158 158 3176 non
170 3156 199 3174 ut
211 3147 291 3183 vulgo
303 3148 359 3188 ,sed
366 3152 462 3174 moveri.
483 3149 578 3176 nedum
592 3158 620 3176 ut
632 3151 892 3184 Lainbiniana‚sedfi
902 3160 962 3176 nro-1⁵.

138 3191 168 3218 4.
187 3184 326 3218 Repetundss
338 3203 346 3218 ‚
356 3185 391 3211 ad
398 3185 536 3212 decem-viros
546 3188 686 3221 rrarfiamm
695 3187 809 3221 videta]
830 3188 912 3213 Voces
923 3194 1036 3222 quatuor
1047 3187 1062 3213 a

1970 127 2062 194 383·

1106 223 1233 244 BLicuM
1245 233 1253 248 ‚
1280 223 1391 255 NEQE
1412 223 1449 244 iN
1467 223 1683 245 ixioxuMENro
1703 221 1911 244 cousumrum
1923 232 1930 246 ‚
1951 211 1982 242 id
1998 222 2071 252 pro-

1106 254 1181 285 fiteri
1196 256 1272 296 apud
1283 256 1472 287 decemviros
1484 276 1492 291 ,
1507 256 1539 287 &
1554 257 1588 287 ad
1598 266 1649 286 eos
1660 256 1765 286 referre
1777 255 1868 293 jubet.
1896 257 1966 285 Hoc
1974 256 2069 294 capite

1104 298 1196 327 etiam
1215 297 1412 338 qiiaestionem
1432 298 1468 328 de
1489 296 1656 328 clarissimis
1676 299 1764 330 viris,
1790 299 1842 338 qui
1852 297 1957 337 populi
1971 298 2066 326 Rom.

1105 337 1182 368 bella
1191 337 1340 379 gesserunt
1350 359 1358 372 ,
1376 340 1589 381 judiciumque
1600 341 1636 371 de
1646 342 1781 380 pecuniis
1790 338 1986 378 4repeturidis
1998 358 2006 371 ,
2031 337 2067 368 ad

1103 378 1292 425 decemviros
1313 381 1487 412 transsatum
1504 383 1620 412 videtis.
1642 385 1753 412 horum
1773 384 1828 411 erit
1846 382 1968 411 nullum
1985 379 2068 420 judi-

1102 429 1185 450 cium
1199 441 1207 453 ,
1233 424 1505 464 quantaecujusque
1520 425 1668 454 manubiae
1679 424 1790 454 fuerint
1803 443 1810 457 ,
1831 423 1905 464 quid
1925 422 2065 455 relatum,

1104 461 1179 501 quid
1188 461 1337 492 residuum
1349 463 1391 492 sit.
1413 467 1447 493 111
1457 465 1609 504 posterum
1621 465 1693 495 vero
1705 466 1754 496 lex
1763 467 1825 496 haec
1834 463 2066 505 imperatoribus

1106 503 1209 534 vestris
1228 503 1439 538 constituitur,
1466 515 1497 535 ut
1516 516 1718 547 Qi-icusiogiz
1733 518 1777 537 DE
1797 516 1989 537 FROleCIA
2009 515 2068 535 De.-

1108 555 1286 580 cnssarur,
1307 556 1392 576 Apun
1414 556 1542 576 nomem
1563 558 1793 582 necasti-mos,
1818 559 1982 589 Qasr-ruint
2005 558 2069 578 xia—

1106 597 1192 618 ΒΕΑΤ
1207 598 1340 618 PRAEDAE
1352 608 1360 622 ‚
1378 597 1615 619 MANUMARUM
1628 611 1636 622 ,
1663 600 1746 620 Auni
1764 601 1955 621 commixtui
1968 611 1975 623 ,
1989 600 2066 620 Pno-

1106 639 1286 660 FITEATUR.
1313 632 1373 660 Hic
1383 640 1484 660 tamen
1494 633 1540 660 vir
1550 634 1685 670 optimus
1697 643 1767 662 eum
1779 653 1786 666 ,
1800 644 1890 673 quem
1901 642 1981 663 amat
1990 652 1997 666 ‚
2014 641 2068 662 exn

1104 674 1188 712 cipit,
1201 675 1256 702 Cri.
1269 673 1464 712 Pompejum.
1490 672 1581 702 Unde
1593 673 1739 703 isteamoi·
1750 684 1809 704 tam
1822 675 2004 714 improvisus
2014 694 2022 707 ,
2035 683 2067 703 ac

1104 722 1164 744 tam
1184 716 1358 755 repentinus
1370 716 1379 742 ?
1398 724 1449 755 qui
1460 715 1575 744 honore
1587 714 1805 745 decemviratus
1818 717 1986 746 excludztur
1994 726 2067 756 pro-

1104 756 1142 796 pe
1152 758 1352 786 nominatim:
1371 756 1624 796 cujusjudicium,
1637 757 1796 798 legumque
1809 759 1899 791 ditio,
1912 767 2067 798 captorum

1105 808 1243 839 agrorum
1254 797 1344 838 ipsius
1354 801 1465 828 virtute
1477 800 1612 840 cognitio
1623 799 1755 828 tollitur:
1773 802 1859 836 cujus
1878 810 1941 830 non
1956 803 1987 829 iti
1998 810 2070 839 pro-

1105 842 1250 874 vinciam,
1263 840 1356 870 sedin
1368 840 1429 880 ipsa
1436 840 1525 870 castra
1535 840 1701 871 decemviri
1710 851 1780 870 cuni
1794 843 1932 881 imperio,
1950 842 2068 871 infinita

1104 884 1250 922 pecunia,
1271 884 1405 912 maxima
1425 882 1585 922 potestate,
1609 883 1642 913 &
1662 882 1775 916 iudicio
1798 893 1896 913 rerum
1912 886 2068 916 omnium,

1106 926 1284 955 mittuntur:
1306 926 1416 963 cuijm
1438 920 1668 966 imperatorium,
1689 924 1770 965 quod
1790 925 1906 965 semper
1922 925 2069 954 omnibus

1105 966 1335 1007 imperatoribus
1346 966 1388 997 est
1400 968 1609 997 conservatum
1621 988 1629 999 ‚
1653 967 1709 997 soli
1721 968 1861 1007 cripitur:
1880 968 1904 996 is
1921 969 2070 1006 excipitur

1105 1018 1194 1042 unus,
1205 1019 1244 1038 ne
1254 1008 1411 1038 manubias
1421 1008 1529 1039 referre
1539 1009 1652 1038 debeat.

1104 1053 1176 1090 pite,
1187 1051 1287 1080 honos
1298 1050 1399 1080 haberi
1413 1051 1532 1080 homini
1545 1071 1552 1084 ‚
1574 1061 1612 1081 an
1621 1050 1735 1080 invidia
1746 1051 1832 1091 quari
1846 1050 1986 1080 videtur?
2007 1052 2067 1079 Re-

1105 1094 1267 1123 mittithoc
1277 1093 1373 1122 Rullo
1384 1095 1438 1122 Cn.
1450 1094 1629 1133 Pompeius:
1648 1091 1798 1123 beneficio
1810 1092 1866 1122 isto
1880 1093 1951 1132 legis
1960 1111 1968 1125 ,
1981 1092 2069 1121 beni-

1103 1136 1214 1176 gnitate
1224 1134 1418 1164 decemvirali
1428 1136 1506 1164 nihil
1517 1137 1622 1165 utitur.
1637 1145 1707 1165 nam
1718 1133 1738 1164 fi
1747 1133 1789 1165 est
1799 1145 1932 1175 aequum,
1943 1133 2065 1173 praedaS,

1104 1187 1136 1207 ac
1147 1176 1303 1207 manubias
1314 1176 1377 1206 suas
1388 1178 1593 1216 imperatores,
1608 1187 1672 1207 non
1683 1179 1715 1207 in
1727 1186 1929 1206 monumenta
1938 1177 2069 1205 deorum

1105 1219 1340 1251 immortalium,
1353 1228 1451 1259 neque
1462 1220 1495 1248 in
1504 1219 1585 1248 urbis
1594 1228 1772 1249 ornamenta
1781 1218 1916 1249 consen-c
1929 1239 1937 1252 ‚
1962 1217 2011 1247 sed
2030 1216 2068 1247 ad

1103 1261 1303 1294 decemviros,
1316 1269 1456 1301 tanquam
1469 1261 1505 1291 ad
1518 1260 1673 1295 dominos,
1687 1270 1832 1300 reportare
1844 1271 1849 1288 t
1866 1261 1944 1290 nihil
1954 1258 2008 1289 sibi
2016 1269 2070 1299 ap-

1102 1302 1502 1344 petitpraecipuePompejus
1516 1323 1525 1335 ,
1546 1303 1642 1333 nihil:
1664 1304 1729 1333 vult
1741 1303 1810 1333 sein
1822 1303 2001 1334 communi,
2023 1310 2071 1331 at-

1102 1347 1204 1385 quein
1214 1344 1323 1375 eodem
1334 1364 1343 1377 ,
1363 1355 1424 1384 quo
1435 1347 1526 1374 ceteri
1538 1365 1546 1379 ‚
1561 1347 1629 1385 jure
1639 1345 1756 1375 versari.
1788 1346 1843 1375 Sin
1856 1343 1899 1374 est
1914 1346 2068 1384 iniquum,

1105 1388 1253 1427 Qirites3
1272 1384 1293 1415 si
1304 1395 1399 1426 turpe,
1412 1384 1432 1415 si
1442 1387 1666 1417 intolerandum
1677 1407 1685 1421 ‚
1704 1388 1758 1416 hos
1769 1386 1970 1418 decemviros,
1980 1386 2071 1426 porti—

1105 1435 1173 1458 tores
1183 1438 1236 1457 om
1242 1428 1332 1457 nibus
1343 1430 1487 1458 omnium
1498 1431 1636 1468 pecuniis
1646 1428 1809 1462 constitui,
1829 1429 1882 1469 qui
1896 1437 1962 1457 non
1975 1425 2075 1456 modo⁴

1104 1480 1185 1512 reges
1201 1489 1210 1503 ‚
1230 1478 1316 1511 atque
1334 1479 1503 1500 exterarum
1530 1473 1692 1501 nationum
1715 1472 1858 1501 homines
1870 1481 1879 1504 3
1907 1469 1955 1499 sed
1979 1470 2070 1498 ctiam

1104 1515 1297 1552 imperatores
1309 1510 1428 1541 nostros
1438 1514 1609 1543 excutiant:
1621 1523 1686 1543 non
1698 1514 1777 1542 mihi
1788 1512 1930 1542 videntur
1939 1512 2069 1540 honoris

1100 1555 1183 1585 causa
1192 1556 1330 1594 excipere
1340 1556 1521 1594 Pompejum
1535 1575 1543 1588 ,
1565 1555 1613 1585 sed
1632 1564 1784 1588 metuere,
1806 1564 1844 1584 ne
1863 1554 1916 1583 ille
1935 1552 2064 1583 eandem

1103 1596 1302 1626 contumeliam
1314 1616 1323 1629 ‚
1345 1606 1434 1637 quam
1445 1599 1551 1630 ceteri,
1570 1596 1645 1627 ferre
1666 1607 1731 1626 non
1751 1595 1854 1636 possit:
1878 1595 2066 1634 spompejus

1103 1648 1203 1670 autem
1216 1640 1275 1668 hoc
1284 1640 1389 1668 animo
1399 1636 1442 1671 fit,
1455 1648 1498 1672 ut,
1509 1639 1659 1680 quidquid
1669 1639 1757 1669 vobis
1767 1639 1888 1678 placeat,
1900 1636 1954 1666 sibi
1965 1636 2068 1666 feren-

1103 1681 1177 1712 dum
1189 1689 1272 1721 putet
1284 1691 1289 1710 :
1307 1680 1388 1721 quod
1400 1690 1456 1710 vos
1468 1680 1544 1711 ferre
1554 1691 1620 1712 non
1629 1682 1766 1721 poteritis
1777 1701 1786 1714 ,
1810 1680 1841 1710 id
1855 1677 1992 1720 11101εᾶ0
2003 1688 2070 1718 per-

1105 1722 1203 1757 ficiat,
1223 1733 1261 1753 ne
1275 1722 1389 1753 diutius
1407 1724 1499 1753 inviti
1517 1722 1593 1753 ferre
1602 1724 1768 1764 cogamini.
1792 1725 2012 1752 Verumtamen
2022 1730 2072 1750 ca-

1104 1775 1155 1796 vet
1165 1785 1173 1800 ‚
1196 1774 1229 1795 ut
1240 1785 1248 1799 ,
1272 1768 1382 1805 StQA
1411 1775 1566 1795 pecuum
1589 1776 1664 1796 Posr
1683 1775 1743 1795 Nos
1764 1773 1928 1794 CONSULES
1947 1771 1990 1792 Ex
2010 1772 2072 1792 No-

1106 1818 1159 1839 VIS
1175 1817 1428 1838 vacua-armus
1443 1817 1671 1842 RECIPIATUR‚
1687 1817 1731 1837 EA
1745 1815 1943 1837 DECEMV1R1
1961 1813 2073 1835 UTAN-

1104 1860 1183 1880 TUR.
1206 1859 1286 1880 nova
1304 1847 1395 1889 porro
1414 1849 1571 1891 venstigalia
1590 1850 1675 1880 videt
1685 1860 1717 1879 ea
1726 1848 1791 1879 fore
1803 1869 1812 1882 ‚
1832 1858 1898 1889 quae
1909 1847 2072 1886 Pompejus

1102 1891 1286 1931 adjunxerit.
1310 1894 1354 1922 Ita
1366 1890 1492 1921 remissis
1504 1892 1666 1926 manubiis,
1676 1890 1874 1932 veffigalibus
1885 1889 1949 1929 ejus
1959 1891 2072 1919 virtute

1103 1936 1192 1974 partis
1203 1934 1232 1964 se
1242 1933 1302 1964 frui
1312 1942 1547 1974 putatoportere.
1573 1938 1655 1965 Parta
1666 1932 1699 1963 fit
1707 1934 1843 1973 pecunia,
1857 1932 2003 1973 Qirites,
2017 1930 2070 1960 de-

1102 1977 1244 2006 cemviris
1253 1984 1332 2006 tanta
1343 1995 1351 2008 ‚
1372 1984 1481 2015 quanta
1498 1974 1532 2005 sit
1549 1978 1582 2006 in
1598 1977 1682 2006 terris
1697 1987 1707 2010 3
1725 1974 1804 2004 nihil
1817 1970 2048 2014 pi‘aetermifl'um
2063 1982 2069 2000 ;

1103 2017 1151 2047 sed
1161 2027 1271 2047 omnes
1282 2018 1380 2050 urbes,
1391 2019 1469 2057 agri,
1482 2027 1569 2058 regna
1579 2017 1711 2058 denique
1723 2037 1730 2049 ‚
1744 2013 1900 2056 postremo
1912 2015 2004 2044 etiam
2015 2023 2070 2043 ve·-

1104 2059 1220 2100 &igalia
1230 2058 1324 2089 vestra
1332 2060 1483 2089 venierint
1496 2069 1502 2088 ;
1521 2057 1691 2089 accesserint
1705 2061 1737 2088 in
1745 2058 1905 2088 cumulum
1917 2055 2070 2085 manubiae

1103 2102 1513 2140 vestrorumirnperatorum:
1533 2110 1668 2142 quanrae,
1696 2101 1729 2130 &
1751 2109 1841 2141 quam
1860 2101 2011 2128 immanes
2022 2097 2069 2126 di-

1102 2145 1182 2174 vitiae
1194 2143 1374 2173 decemviris
1384 2144 1418 2172 in
1429 2145 1517 2173 tantis
1527 2143 1732 2176 auffionibus,
1744 2151 1789 2172 tot
1793 2141 1928 2181 judiciis,
1944 2148 2003 2169 tam
2019 2140 2070 2168 in-

1103 2184 1187 2215 finita
1197 2184 1339 2225 potestate
1349 2195 1448 2215 rerum
1468 2187 1612 2216 omnium
1633 2193 1823 2226 quaerantur‚
1842 2182 1962 2213 videtis.
2009 2183 2068 2212 Co-

1102 2228 1235 2269 gnoscite
1245 2237 1328 2257 nunc
1339 2227 1414 2257 alios
1434 2227 1622 2261 immensos,
1642 2236 1729 2267 atque
1750 2224 1968 2256 intolerabileis
1986 2233 2070 2264 qua:—

1104 2269 1165 2299 stus
1176 2290 1185 2302 ‚
1207 2279 1240 2299 ut
1258 2269 1432 2310 intelligatis
1442 2289 1450 2302 ,
1473 2269 1508 2299 ad
1522 2278 1671 2299 certorum
1683 2270 1848 2299 hominum
1859 2268 2069 2306 importunam

1102 2312 1263 2341 avaritiam
1273 2313 1331 2341 hoc
1340 2311 1480 2351 populare
1491 2311 1565 2353 legis
1575 2313 1691 2353 agrariae
1701 2320 1819 2340 nomen
1830 2307 1888 2339 esse
1897 2306 2051 2348 quaesitum
2060 2328 2067 2336 .

1103 2356 1168 2384 Hac
1177 2355 1302 2393 pecunia
1309 2353 1396 2393 jubet
1405 2363 1489 2395 agros
1502 2356 1563 2383 emi
1578 2374 1586 2387 ,
1605 2352 1667 2394 quo
1678 2352 1883 2383 deducamini.
1908 2352 1983 2380 Non
1994 2359 2070 2379 con·-

1104 2396 1185 2425 suevi
1194 2397 1336 2426 homines
1345 2397 1489 2435 appellare
1499 2396 1627 2435 asperius
1641 2416 1649 2429 ‚
1675 2396 1808 2436 Qirites
1821 2413 1828 2427 ,
1846 2391 1900 2423 nisi
1911 2389 2068 2422 lacessitus.

1105 2438 1207 2467 Velim
1226 2437 1289 2467 fieri
1304 2437 1416 2478 poss'et,
1436 2447 1469 2467 ut
1482 2437 1497 2467 a
1507 2447 1555 2467 nie
1566 2436 1627 2467 fine
1637 2436 1825 2467 contumelia
1835 2436 2070 2465 nominarentur

1103 2482 1136 2514 ii,
1147 2482 1199 2521 qui
1208 2480 1236 2510 se
1248 2480 1436 2510 decemviros
1448 2480 1562 2520 sperant
1571 2479 1689 2509 futuros
1702 2489 1708 2508 1
1723 2479 1782 2513 jam
1794 2477 1946 2509 videretis,
1958 2475 2070 2515 quibus

1104 2522 1283 2552 hominibus
1297 2524 1441 2552 omnium
1451 2531 1552 2551 rerum
1566 2522 1598 2552 ὃς
1608 2520 1835 2551 vendendarum
1850 2539 1858 2552 ,
1880 2518 1913 2548 ὃς
1923 2516 2070 2547 emenda-

1103 2574 1169 2594 rum
1183 2584 1190 2598 ‚
1211 2564 1387 2604 potestatem
1407 2564 1629 2604 permitteretis.
1656 2562 1712 2593 Sed
1724 2582 1732 2596 ‚
1751 2561 1832 2601 quod
1851 2570 1907 2600 ego
1920 2558 2066 2589 nondum

1106 2605 1201 2636 statuo
1213 2607 1290 2636 mihi
1302 2605 1360 2636 effe
1371 2605 1534 2636 dicendum
1547 2626 1555 2638 ‚
1567 2615 1624 2635 vos
1633 2613 1735 2634 tamen
1746 2603 1776 2632 id
1787 2602 1908 2642 potestis
1918 2610 1988 2631 cum
1999 2602 2067 2629 ani-

1105 2650 1164 2678 mis
1182 2648 1285 2679 vestris
1306 2650 1443 2690 cogitare.
1468 2650 1574 2677 Unum
1586 2648 1644 2677 hoc
1657 2646 1734 2676 certe
1750 2645 1857 2675 videor
1867 2645 1945 2673 mihi
1955 2639 2069 2672 veriffi-

1105 2690 1155 2720 me
1166 2689 1247 2731 poss'e
1258 2691 1374 2721 dicere:
1394 2699 1459 2720 tum
1473 2710 1481 2722 ‚
1502 2688 1573 2719 cum
1593 2688 1714 2718 haberet
1732 2688 1794 2717 haec
1809 2686 1886 2726 resp⁴
1905 2685 2067 2718 Luscinos,

1105 2732 1266 2767 Calatinos,
1279 2732 1436 2765 Acidinos,
1454 2732 1596 2761 homines
1607 2740 1671 2760 non
1681 2728 1782 2760 solum
1792 2728 1960 2759 honoribus
1969 2736 2068 2766 popu-

1973 2770 2006 2800 li,
2022 2778 2070 2796 re-

1106 2826 1156 2851 tine
1170 2826 1346 2856 ,11011111111111
1361 2827 1418 2850 l'al.
1430 2825 1478 2849 sec.
1497 2830 1569 2848 recte
1581 2821 1757 2855 nieojudicio.
1779 2830 1826 2846 nec
1838 2820 1937 2846 laborat
1948 2826 2070 2854 priorum.

1108 2861 1247 2887 verborum
1258 2861 1386 2887 sententia
1399 2880 1406 2891 ‚
1418 2859 1434 2885 si
1446 2858 1555 2884 verbum
1566 2860 1705 2891 quaesticnem
1717 2877 1724 2889 ‚
1739 2856 1802 2882 resol
1810 2856 1878 2881 vitus
1890 2856 1914 2880 in
1926 2856 2014 2889 quaestio
2024 2855 2067 2879 ..7.

1106 2898 1154 2923 hoc
1164 2897 1273 2924 admisti)
1287 2917 1294 2928 ,
1314 2906 1391 2923 nemo
1404 2905 1453 2922 non
1466 2894 1595 2930 'iutelligit
1606 2892 1672 2920 'illud
1684 2892 1754 2928 qnod
1766 2892 1851 2919 statim
1864 2891 1997 2927 sequitur:
2020 2893 2067 2915 Ho-

1108 2944 1160 2959 rum
1170 2938 1215 2960 erit
1224 2933 1443 2968 nullitmj.>cdict::m‚
1454 2938 1547 2965 quanto:
1555 2932 1597 2962 &c
1605 2950 1610 2956 .
1627 2929 1660 2956 sic
1670 2930 1740 2956 enini
1752 2927 1941 2955 restituendum
1953 2925 2019 2952 duxi
2031 2934 2065 2951 ex

1108 2969 1242 2996 Fallimur
1256 2969 1377 2996 omnibus
1391 2966 1654 2994 vett.ecld.aiinorum
1665 2964 1915 2992 εει1ῖ11111,1’11111;111115
1926 2963 1996 2989 enim
2010 2962 2068 2987 heic

1108 3006 1143 3032 est
1155 3006 1300 3032 Lambinus
1313 3025 1320 3037 ,
1332 3006 1376 3041 qui
1389 3005 1452 3030 citet
1463 3003 1608 3030 editionem
1619 3003 1681 3029 anni
1693 3012 1722 3028 1.)
1734 3011 1812 3028 ini.
1834 3002 1859 3027 'iii
1872 3009 1924 3036 quo
1935 2998 2068 3039 imerici-it

1106 3042 1174 3068 illud
1188 3043 1323 3078 vulgatum
1336 3052 1341 3066 z
1357 3045 1444 3067 Herum
1453 3043 1497 3066 erit
1506 3040 1692 3074 illudjudicium.
1702 3037 1838 3074 ecquando
1849 3038 1918 3063 enim
1932 3037 2016 3071 quaelo
2027 3041 2069 3060 te-

1107 3078 1258 3105 stiinonium
1270 3079 1383 3114 petitum
1396 3076 1448 3103 suit
1458 3076 1489 3102 ab
1499 3084 1552 3102 tani
1563 3074 1734 3106 adolescentis
1746 3075 1794 3100 :cvi
1807 3073 1949 3112 mangonio
1961 3072 1971 3098 ἓ
2047 3106 2052 3111 .

1146 3124 1170 3148 5.
1189 3119 1309 3148 'Pompegm
1319 3121 1396 3139 autem
1409 3115 1448 3139 hoc
1458 3116 1533 3138 animo
1545 3112 1611 3146 stin]
1640 3113 1680 3137 Ita
1692 3111 1758 3138 Pall.
1771 3111 1798 3136 8<
1808 3110 1873 3136 olim
1884 3110 1936 3134 culi
1948 3117 1954 3134 ς
1968 3116 1999 3133 ne
2010 3115 2069 3142 quis

1108 3157 1183 3186 putet
1194 3150 1341 3176 P.r·121mtii
1352 3157 1397 3175 :iut
1408 3149 1530 3176 Lambini
1542 3148 1669 3174 ieffiones
1681 3147 1802 3173 subnixas
1814 3145 1973 3172 :iustoritate
1984 3143 2068 3168 bono-

1107 3195 1165 3213 rum
1178 3186 1317 3213 librorum.
1330 3185 1540 3222 subintelligitur
1550 3192 1639 3212 autem
1652 3203 1659 3216 ‚
1671 3191 1786 3217 metuere,-
1797 3182 1868 3218 quod
1878 3179 2014 3241 praet-essin.

1914 3226 1936 3243 1.
1970 3222 2069 3247 ..νοητὴ

1692 1008 1804 1038 Utrum
1817 1008 1938 1038 tandem
1950 1009 2007 1038 hoc
2021 1018 2068 1037 επὶ·
2096 1023 2103 1030 -

2090 2190 2138 2224 24
