2295 3400
172 147 270 208 480

124 432 168 465 26

580 136 1080 188 M.TU1.L11
1163 132 1707 177 (3160110015

178 232 298 262 tempus
311 219 492 260 exspcSiant.
515 219 566 258 qui
581 215 640 246 fine
656 211 856 245 controversia
869 211 935 251 plus
948 207 1086 255 possunt,
1105 207 1137 236 h't
1184 211 1294 240 mentis
1308 218 1423 238 nomen
1436 209 1522 239 suum
1538 208 1694 250 inscripsit.
1718 206 1839 240 Infinita
1853 208 1922 240 sunt
1933 207 2038 240 {celera
2049 227 2058 243 2
2080 216 2122 250 qu

180 262 297 293 fortasse
309 270 541 301 nonnumquam
552 257 694 290 consilia,
714 266 746 286 36
767 255 924 285 sententias
939 254 1138 281 inimicorum
1185 254 1221 283 ab
1240 253 1295 281 illo
1312 252 1345 280 in
1363 252 1487 290 patriam
1508 250 1576 281 sunt
1595 256 1681 282 edita.
1704 252 1786 293 Qid
1800 271 1808 286 ,
1829 261 1894 292 quae
1909 261 1941 281 in
1955 250 2084 291 singulos
2096 252 2140 281 ci-

182 306 303 335 [001-11111
324 303 535 334 eXtiniescunt.
568 301 708 331 Tollatur
727 298 789 327 hazc
805 297 821 326 e
845 297 968 340 civitate⁴
985 291 1138 322 dist-ordia.

186 347 243 380 iani
258 354 365 375 omnes
380 343 445 377 isti,
466 345 517 384 qui
527 341 746 383 portenduntur
760 347 857 368 metus
869 357 877 370 ,
896 335 1140 379 exstinguentur:

180 383 244 423 'iam
256 386 419 426 istafierpcns
430 405 438 419 ‚
459 395 525 426 quae
538 394 600 414 tum
613 381 658 412 hic
672 380 837 412 delitescit,'
857 385 921 408 tum
935 378 963 406 se
972 384 1098 417 emergit
1110 374 1142 404 &

187 429 276 458 fertur
293 429 384 461 illuc;
405 424 588 466 compress'a,
609 434 694 464 atque
715 422 790 452 illisa
809 423 965 450 morietur.
1013 420 1144 447 Monent

186 473 269 500 enim
290 469 382 499 iidem
402 489 410 503 ‚
435 479 473 499 ne
492 468 618 498 occultis
636 465 769 496 consiliis
787 462 901 502 respub.
915 460 1047 491 laedatur.
1071 461 1146 500 Qae

186 512 254 542 sunt
267 512 429 541 occultiora
440 531 448 544 ‚
466 510 558 551 qnam
571 511 634 548 ejus
645 528 654 541 ,
673 509 725 548 qui
740 508 773 535 in
786 506 934 534 concione
947 502 1031 532 ausus
1046 499 1087 530 est
1100 502 1147 547 di—

189 563 254 584 cere
265 573 272 586 ‚
290 551 442 592 justitium
453 552 530 582 edici
541 559 679 591 oportere
691 569 699 582 ‚
718 546 962 591 juri-sdidhonem
973 547 1145 574 intermitti,

189 595 286 626 claudi
300 596 432 625 aerarium
447 613 455 627 ‚
477 593 587 631 iudicia
597 592 684 622 tolli?
703 587 759 619 nisi
767 588 845 618 rorte
856 586 1034 617 existimatis
1045 604 1063 631 ,Ι
1073 585 1149 630 hanc

189 645 301 666 tantam
312 630 522 667 colluvionem
533 635 577 664 illi
590 654 597 667 ‚
620 641 791 671 tantamque
809 628 993 660 eversionem
1008 634 1148 672 civitatis,

191 679 223 707 in
241 687 376 707 mentem
392 676 490 707 subito
505 678 537 706 in
551 674 654 706 rostris
671 684 726 704 nec
743 674 884 712 cogitanti
898 671 1001 700 venire
1012 665 1149 713 poruislc.

193 718 244 750 Est
277 719 377 749 uidem
391 720 442 748 ille
452 719 559 759 plenus
569 719 634 748 vini
645 737 654 750 ,
670 715 780 755 stupri,
797 714 913 745 somni,
930 710 1091 751 plenusque
1103 718 1152 737 in·—

192 730 462 792 coniidcratiss'inite
475 780 483 793 ,
502 770 534 790 ac
548 754 780 790 dementissima:
796 762 978 785 temeritatis.
1003 758 1153 796 verumta-

193 813 265 832 men
276 802 434 833 11οἑ1111015
443 803 555 844 vigiliis
567 821 576 834 ‚
599 803 692 831 etiam
709 800 843 828 coitione
860 797 1023 824 hominum
1037 813 1045 825 ‚
1065 789 1153 831 justi-

195 848 271 874 tium
292 844 365 874 illud
378 864 386 878 ,
406 852 587 884 conceptum
601 863 609 875 ,
630 852 661 871 ac
672 839 850 870 meditatum
870 836 920 866 cst.
952 838 1152 881 Mementote,

193 896 288 926 patri-s
300 886 479 925 conscripti,
498 885 590 915 verbo
602 884 656 913 illo
667 880 784 911 nefario
793 888 916 910 tentatas
926 874 1152 921 aureis-vestras,

196 929 229 958 ὃ(
240 928 439 967 perniciosam
451 929 531 957 viam
544 946 552 960 ‚
572 923 711 955 audiendi
721 919 939 951 consuetudine
950 939 959 953 ,
980 916 1037 947 esse
1048 925 1154 946 muni-

195 979 266 1001 tam.
288 971 426 1010 Sequitur
440 968 538 1001 illud,
571 977 615 996 NE.
637 972 903 995 DETERKORKBus‚
928 967 1153 1005 REPULsstE

198 1021 302 1042 uoxos
321 1020 514 1041 :inormi-uit.
542 1007 690 1048 Repulsus
707 1006 882 1035 videamus:
902 1012 973 1032 nam
992 1001 1155 1031 deteriores

197 1055 250 1094 qui
270 1051 344 1086 sint,
365 1051 432 1092 post
448 1050 574 1081 docebo.
599 1049 647 1079 sed
659 1049 803 1078 tamenin
820 1055 890 1078 eum
901 1044 1002 1074 cadere
1014 1045 1072 1073 hoc
1088 1051 1154 1071 ver-

197 1095 271 1125 bum
284 1094 436 1126 maxime,
457 1094 508 1134 qui
525 1090 558 1121 sit
575 1100 652 1121 unus
670 1090 813 1120 omnium
829 1087 1004 1117 mortalium
1026 1083 1084 1114 sine
1097 1083 1157 1112 ulla

198 1136 388 1167 dubitatione
398 1135 575 1164 deterrimus
584 1153 592 1167 ‚
603 1131 833 1163 concedendum
845 1128 893 1159 est¹
918 1129 980 1168 Qi
990 1127 1058 1156 sunt
1068 1128 1157 1171 igitur

198 1177 299 1219 reptas?
310 1181 320 1204 ‚⁷
331 1187 393 1206 non
404 1196 411 1209 ,
425 1185 456 1205 ut
468 1177 575 1216 opinor
585 1195 593 1208 ‚
606 1176 647 1207 ii,
659 1175 711 1214 qui
721 1171 882 1213 aliquando
893 1172 1042 1214 honorem
1055 1187 1064 1201 ‚
1080 1175 1157 1213 vitio

197 1221 406 1251 civitatis,non
417 1219 550 1251 suo‚non
561 1215 764 1247 sunt-assecuti.
787 1223 856 1243 nam
874 1212 903 1242 id
914 1210 1038 1252 quidem
1050 1208 1155 1255 multis

199 1261 274 1300 sepe.
296 1261 420 1298 optimis
439 1259 556 1289 civibus
571 1279 579 1291 ‚
603 1267 688 1299 atque
707 1254 926 1286 honestissimis
946 1254 1019 1282 viris
1040 1249 1156 1280 accidit.

201 1301 324 1342 Repulsi
340 1301 407 1331 sunt
417 1303 437 1331 ii
450 1321 457 1334 ,
480 1310 556 1342 quos
565 1299 600 1331 ad
613 1300 717 1329 omnia
725 1296 961 1339 progredienteis
974 1314 982 1327 ,
1002 1302 1078 1339 quos
1090 1300 1158 1340 111οῑ

200 1354 271 1374 nera
286 1353 388 1374 contra
405 1344 483 1384 leges
498 1342 671 1383 gladiatoria
689 1341 834 1380 paranteis
848 1357 856 1372 ,
881 1346 956 1378 quos
976 1332 1156 1382 apertissime

202 1386 388 1426 largienteis,
404 1395 467 1414 non
480 1383 579 1414 solum
590 1385 699 1416 alieni,
723 1381 770 1411 sed
781 1382 870 1409 etiam
882 1381 926 1409 [01
939 1398 947 1410 ‚
968 1386 1083 1409 vicini,
1107 1384 1160 1404 tri-

201 1427 306 1459 butes:
327 1427 450 1460 urbani,
472 1425 571 1456 rustici
582 1425 764 1466 repulerunt.
789 1424 880 1453 Hine
899 1422 1014 1465 honore
1033 1426 1161 1458 augean-

200 1479 247 1499 tur
259 1490 267 1502 ,
287 1478 458 1498 monemur.
484 1465 649 1498 Debeteffe
659 1474 774 1508 gratum
785 1484 793 1500 ‚
814 1463 894 1504 quod
907 1461 1090 1507 praedicunt:
1110 1456 1160 1488 sed

202 1520 304 1541 tamen
317 1512 387 1540 huic
396 1510 477 1540 malo
492 1510 620 1550 populus
631 1511 724 1538 Rom.
737 1507 798 1546 ipsc
807 1506 892 1535 nullo
903 1504 1094 1542 haruspicum
1110 1499 1162 1530 ad-

203 1553 325 1582 monitu
337 1572 344 1585 ‚
359 1552 406 1581 sua
417 1552 520 1592 sponte
529 1551 692 1591 prospexit.
716 1550 888 1578 DeteriOies
898 1554 1014 1577 cavete:
1029 1550 1159 1588 quorum

204 1595 327 1633 quidem
340 1603 446 1634 magna
461 1592 503 1623 est
521 1593 618 1622 natio:
636 1591 686 1621 sed
705 1599 804 1620 tamen
822 1597 927 1619 eorum
946 1595 1089 1616 omnium
1111 1584 1160 1612 hic

204 1637 269 1666 dux
284 1635 325 1666 est
336 1655 345 1668 ,
367 1644 452 1676 atque
466 1636 614 1674 princeps.
639 1634 760 1663 Etenim
771 1652 778 1665 ,
801 1629 821 1660 si
832 1630 1097 1674 unum-hominem
1109 1624 1161 1672 de-

205 1679 307 1708 terrim
314 1686 365 1706 um
376 1677 463 1716 poeta
473 1675 620 1715 praestanti
630 1675 736 1715 aliquis
747 1674 870 1714 ingenio
882 1691 890 1706 ‚
915 1670 993 1700 netis
1004 1690 1013 1704 ‚
1032 1677 1162 1707 conqui-

206 1718 326 1758 sitisque
340 1720 423 1748 vitiis
439 1717 641 1747 defoimatum
653 1737 661 1750 ‚
682 1715 937 1745 velletinducere:
960 1713 1081 1742 nullum
1091 1718 1164 1754 pro-

206 1759 290 1791 chto
301 1759 429 1790 dedecus
448 1761 574 1799 reperire
590 1757 703 1799 posset,
723 1757 804 1799 quod
823 1760 856 1787 in
876 1756 934 1785 hoc
952 1764 1016 1784 non
1035 1751 1158 1782 inellet:

210 1802 364 1842 multaque
383 1803 417 1831 in
435 1811 471 1831 eo
482 1803 601 1841 penitus
611 1799 727 1833 defixa,
748 1809 834 1840 atque
843 1796 1166 1841 haerentiapraeteriretr

211 1842 394 1876 Parentibus,
416 1842 449 1872 &
465 1842 524 1872 diis
541 1841 765 1873 immortalibus
776 1861 785 1874 ,
807 1841 948 1880 &patriae
959 1848 1014 1867 nos
1029 1843 1165 1881 primum

210 1895 314 1917 natura
331 1885 479 1914 conciliat.
503 1884 611 1914 eodem
630 1885 715 1913 enim
734 1892 870 1922 tempore
887 1881 920 1910 &
942 1880 1118 1919 suscipimur
1135 1884 1167 1904 10

210 1927 311 1957 lucem
321 1946 329 1959 ‚
344 1927 375 1956 8<
385 1928 443 1956 hoc
453 1925 561 1956 caelesti
572 1926 674 1965 spiritu
684 1934 827 1965 augemur
838 1943 846 1957 ‚
862 1923 1014 1953 &certam
1024 1929 1057 1950 in
1068 1917 1168 1949 sedem

211 1970 342 1999 civitatis
355 1989 362 2001 ,
380 1978 412 1998 ac
424 1967 565 1997 libertatis
575 1966 782 1997 adscribimus.
806 1964 863 1995 Iste
871 1973 1028 2004 parentum
1039 1968 1166 1991 nomen,

211 2011 286 2042 sacra
304 2030 313 2044 ,
337 2011 536 2042 memoriam,
557 2017 697 2050 gentem,
719 2008 884 2047 Fontejano
909 2007 1036 2035 nomine
1059 2002 1170 2032 obruit.

212 2052 340 2083 deorum
352 2054 446 2093 igneis
459 2071 466 2083 ‚
487 2055 495 2069 ¹
507 2051 681 2080 solleirineis
697 2049 813 2079 mensas
827 2069 835 2081 ‚
847 2048 965 2078 abditos
977 2067 985 2081 ,
996 2057 1028 2077 36
1037 2052 1171 2086 9606113-

212 2095 268 2123 leis
278 2093 361 2123 focos
373 2114 380 2127 ‚
404 2093 520 2123 occulta
533 2113 541 2126 ,
563 2091 740 2122 &maribus
750 2101 813 2120 non
825 2090 919 2120 invisa
929 2087 1029 2119 solum
1041 2107 1049 2121 ,
1068 2085 1117 2116 sed
1130 2093 1173 2114 et-

214 2136 275 2166 iam
295 2135 426 2165 inaudita
442 2135 516 2164 sacra
527 2154 534 2167 ‚
552 2133 845 2173 inexpiabiliscelere
856 2133 1008 2172 pervertit.
1031 2129 1174 2167 idemque

214 2181 316 2206 'earum
334 2177 482 2216 templum
497 2174 700 2206 inflammavit
715 2175 835 2204 dearum
847 2194 855 2207 ‚
875 2182 1002 2214 quarum
1016 2181 1073 2211 ope
1083 2172 1171 2214 etiarn

215 2219 282 2249 aliis
300 2220 449 2247 incendiis
468 2218 652 2247 subvenitur.
676 2216 757 2257 Qid
769 2215 804 2244 de
814 2225 905 2254 patria
915 2216 1018 2254 loquar
1030 2217 1040 2242 ?
1053 2213 1174 2252 quipri-

217 2259 306 2289 mum
318 2269 389 2288 eum
401 2262 497 2288 civem
509 2278 518 2292 ,
538 2262 550 2278 2
562 2261 612 2291 vi,
632 2257 711 2287 ferro
721 2277 729 2290 ‚
750 2257 890 2295 periculis
902 2277 910 2289 ,
922 2257 994 2285 urbe
1006 2275 1014 2288 ‚
1027 2255 1173 2284 omnibus

214 2298 464 2342 patrioepraefidiis
477 2300 593 2340 depulit
605 2320 613 2333 ,
631 2309 723 2340 quem
742 2308 796 2327 vos
813 2301 911 2337 patriae
931 2297 1173 2326 conservatorem

219 2342 278 2372 effe
288 2341 675 2382 saepissimejudicaveratis:
696 2339 803 2369 deinde
815 2339 916 2368 everso
926 2338 1057 2370 senatus,
1078 2345 1108 2365 ut
1118 2346 1173 2375 ego

219 2385 336 2424 semper
346 2384 411 2414 dixi
421 2403 428 2416 ,
442 2393 567 2413 comite:
580 2383 665 2415 duce,
677 2391 708 2411 ut
718 2381 769 2410 ille
778 2380 903 2412 dicebat,
917 2379 1051 2409 senatum
1061 2377 1173 2416 ipsum,

218 2427 390 2468 principem
403 2425 500 2454 salutis
511 2444 519 2458 ‚
540 2424 707 2464 mentisque
718 2423 843 2462 publica:
855 2441 862 2455 ,
883 2423 932 2454 vi,
953 2419 1031 2451 caede
1044 2439 1051 2452 ,
1071 2421 1174 2448 incen-

221 2467 337 2508 dinque
349 2468 503 2507 pervertit:
528 2466 645 2497 sustulit
655 2466 724 2497 duas
734 2465 811 2505 leges
822 2483 830 2497 ‚
853 2464 964 2494 AEliam
976 2481 984 2494 ,
1006 2462 1037 2490 &
1049 2458 1176 2505 Fufiam,

222 2512 357 2539 maxime
369 2508 658 2549 reipub-firss'utareu:
677 2506 831 2536 censuram
849 2503 1015 2534 exstinxit:
1036 2503 1175 2532 interces-

223 2549 339 2581 sionem
360 2551 507 2580 removit:
529 2550 655 2589 auspicia
674 2548 800 2578 delevit:
822 2546 976 2579 consules,
996 2544 1110 2575 sceleris
1129 2543 1173 2572 sui

223 2592 319 2622 socios
329 2612 336 2625 ,
355 2594 457 2621 aerario
470 2611 477 2624 ,
498 2592 664 2631 provinciis
675 2610 683 2623 ,
705 2590 837 2619 exercitu
847 2589 986 2618 armavit:
1003 2596 1082 2627 reges
1093 2606 1101 2620 ,
1122 2587 1174 2625 qui

221 2643 306 2662 erant
316 2653 323 2665 ‚
335 2633 486 2663 vendidit:
498 2635 624 2673 quinon
634 2641 716 2662 crant
725 2651 734 2664 ‚
746 2631 920 2670 appellavit:
933 2630 1173 2667 Cn.Pompejum

221 2678 272 2709 vi,
293 2673 390 2707 fei—ro,
410 2674 538 2705 domum
555 2674 718 2713 compulit:
742 2681 957 2713 imperatorum
977 2678 1176 2701 monumenta

222 2718 329 2747 evertit
347 2727 352 2745 2
381 2717 580 2748 inimicorum
599 2716 708 2749 domos
729 2713 920 2746 disturbavit:
940 2711 1044 2744 vestris
1064 2721 1176 2744 monu-

1187 296 1270 326 veis‚
1290 302 1365 333 quos
1383 292 1521 322 necavit?
1540 293 1635 323 socios
1647 313 1655 327 ‚
1676 303 1754 334 quos
1772 293 1921 334 diripuit?
1941 295 2146 333 imperatores,

1188 345 1263 378 quos
1277 333 1430 375 prodidit?
1449 336 1615 368 exercitus,
1635 345 1711 375 quos
1725 337 1870 366 tentaVit?
1892 334 1974 376 Qid
1987 333 2082 365 vero?
2101 344 2147 367 ea,

1189 387 1297 419 quanta
1307 377 1374 406 sunt
1387 395 1395 409 ‚
1416 384 1482 415 quae
1499 375 1529 404 in
1543 376 1632 416 ipsum
1645 377 1676 416 se
1690 377 1812 417 scelera.
1833 387 1899 418 quae
1911 387 1943 406 in
1954 377 2020 407 suos
2031 376 2150 406 edidit?

1190 428 1257 460 quis
1278 419 1382 447 minus
1400 416 1546 457 umquam
1559 421 1689 457 pepercit
1702 418 1836 449 hostium
1851 417 1949 449 castris
1963 439 1971 453 ,
1991 419 2084 459 quam
2094 418 2149 448 ille

1192 460 1337 491 omnibus
1346 462 1479 498 corporis
1495 458 1537 488 sui
1546 459 1697 499 partibus?
1716 470 1781 500 quae
1793 462 1876 490 navis
1893 470 2037 501 uniquam
2048 462 2081 489 in
2092 458 2153 489 flu-

1195 505 1281 532 mine
1290 501 1415 541 publico
1426 508 1488 530 tam
1496 501 1613 542 vulgata
1623 503 1767 531 omnibus
1778 521 1786 535 ‚
1806 502 1897 542 quam
1909 500 1993 532 istius
2004 511 2071 532 aetas
2080 501 2154 532 fuit?

1192 546 1260 586 quis
1272 552 1415 583 umquam
1427 551 1521 581 nepos
1531 551 1591 572 tam
1605 542 1698 572 libere
1712 542 1755 572 est
1764 552 1833 572 cum
1849 543 1949 572 scortis
1961 562 1969 576 ,
1992 544 2082 584 quam
2101 545 2155 573 hic

1194 595 1264 616 cum
1285 584 1436 615 sororibus
1455 584 1629 614 volutatus?
1649 584 1740 624 quarn
1758 584 1888 624 denique
1905 593 1964 614 1301
1983 587 2155 615 immanem

1195 626 1378 665 Charybdim
1389 626 1484 666 po'e'rae
1493 624 1636 667 fingendo
1646 628 1815 666 exprimere
1825 635 1986 665 potuerunt
1995 646 2004 660 ‚
2014 636 2080 666 quae
2088 635 2155 656 tan·

1198 679 1242 700 tos
1254 669 1410 699 exhaurire
1418 670 1546 708 gurgites
1558 665 1665 707 posset,
1692 676 1815 708 quantas
1827 666 1881 697 iste
1901 671 1913 694 ³
1925 670 2153 708 Byzantiorum,

1198 712 1479 752 Brogitarorumque
1497 709 1607 749 praedas
1625 708 1799 740 exsorbuit?
1818 717 1937 739 auttam
1947 709 2156 741 eminentibus

1198 754 1321 783 canibus
1333 751 1462 791 Scyllam
1474 770 1482 784 ‚
1503 761 1622 791 tamque
1634 751 1742 790 iejunis
1753 750 1844 791 quam
1855 770 1864 785 ‚
1883 750 1993 792 quibus
2002 750 2093 781 istum
2107 753 2157 781 vi·

1199 794 1275 824 detis
1292 813 1300 827 ,
1320 794 1452 823 4Geiliis
1465 813 1474 826 ,
1493 793 1627 826 Clodiis,
1646 795 1740 822 Titiis
1755 791 1845 822 rostra
1861 793 1921 832 ipsa
1940 793 2158 823 mandentem?

1177 858 1179 869 ,
1200 838 1314 876 Qare,
1336 835 1366 864 id
1385 835 1467 874 quod
1485 843 1657 865 extremum
1675 833 1718 864 est
1735 836 1767 864 in
1781 835 1983 874 Haruspicum
2000 833 2155 875 responsis,

1202 885 1390 907 011ον1011το
1413 895 1421 909 ,
1452 885 1497 905 ΝΕ
1520 885 1656 907 anison.
1685 885 1807 906 srArus
1831 885 2078 906 COMMUTETUR.
2110 885 2158 907 et-

1201 921 1286 948 enim
1298 919 1352 948 vix
1361 918 1422 947 haec
1433 937 1441 952 ,
1464 916 1485 946 fi
1499 917 1630 959 undique
1640 917 1799 948 fulciamus
1810 938 1818 951 ‚
1835 918 1898 958 jam
1910 917 2051 948 labefacta
2061 937 2069 952 ,
2089 919 2156 953 vix,

1203 963 1339 1001 inquam,
1351 961 1457 990 innixa
1467 961 1499 989 in
1507 969 1649 990 omnium
1659 958 1799 989 nostrum
1809 961 1942 989 humeris
1951 959 2155 999 cohaerebunt..

1200 1005 1268 1035 Fuit
1286 1001 1441 1042 quondam
1459 1004 1499 1032 ita
1515 1000 1601 1032 firma
1614 1003 1675 1032 haec
1689 1002 1811 1035 civitas,
1833 1001 1865 1031 &
1877 1002 1976 1031 valens
1987 1021 1996 1035 ‚
2013 1011 2044 1032 ut
2061 1002 2158 1044 negli-

1200 1046 1334 1084 gentiam
1345 1043 1478 1076 senatus‚
1502 1044 1552 1073 vel
1570 1046 1661 1073 etiam
1678 1044 1802 1082 injurias
1821 1045 1938 1073 civium
1958 1042 2033 1073 ferre
2049 1043 2157 1083 poffet.

1197 1087 1266 1126 Jam
1286 1094 1350 1115 non
1367 1084 1473 1126 potest.
1496 1087 1632 1115 aerarium
1651 1085 1773 1115 nullum
1791 1084 1853 1115 est:
1877 1084 2072 1125 vedrigalibus
2091 1095 2159 1116 non

1201 1126 1362 1160 fruuntur,
1381 1128 1432 1166 qui
1442 1126 1651 1156 redemerunt:
1670 1126 1829 1156 3061011135
1848 1127 2020 1166 principum
2037 1128 2158 1158 cecidit:

1202 1168 1365 1199 consensus
1377 1167 1521 1199 ordinum
1534 1167 1577 1197 est
1589 1166 1724 1198 divulsus
1737 1179 1742 1195 z
1760 1168 1873 1207 judicia
1883 1171 2036 1207 perierunt
2048 1178 2053 1196 :
2073 1168 2160 1199 5suf.

1200 1210 1291 1252 fragia
1307 1209 1454 1249 descripta
1470 1217 1609 1239 tenentur
1626 1208 1642 1239 a
1658 1211 1775 1249 paucis:
1798 1210 1949 1239 bonorum
1963 1211 2101 1244 animus,
2120 1209 2159 1241 ad

1202 1261 1312 1282 nutum
1324 1250 1417 1281 nostri
1431 1251 1546 1282 ordinis
1556 1250 1784 1291 expeditusjam
1795 1260 1860 1280 non
1874 1252 1944 1280 erit:
1962 1253 2063 1281 civem
2073 1271 2082 1285 ,
2102 1253 2158 1292 qui

1203 1294 1230 1324 se
1243 1303 1300 1333 pro
1313 1293 1413 1333 patriae
1422 1293 1513 1322 salute
1523 1301 1655 1332 opponat
1663 1291 1777 1321 invidia
1787 1312 1795 1326 ,
1815 1291 1920 1322 frustra
1926 1291 2048 1332 posthac
2058 1296 2159 1334 requi-

1200 1345 1284 1366 retis.
1306 1338 1403 1373 Quare
1412 1335 1494 1365 hunc
1504 1333 1612 1364 statum
1623 1354 1631 1367 ,
1642 1336 1694 1374 qui
1705 1343 1786 1364 nunc
1795 1333 1855 1367 est,
1867 1335 2092 1375 qualiscumque
2102 1334 2157 1369 est,

1202 1378 1285 1408 nulla
1294 1378 1350 1406 alia
1360 1386 1389 1405 re
1402 1396 1411 1409 ,
1431 1375 1487 1406 nisi
1495 1377 1654 1406 concordia
1663 1396 1672 1410 ‚
1687 1377 1814 1406 retinere
1822 1375 1991 1416 poss'umus.
2014 1386 2085 1406 nam
2097 1396 2106 1410 ‚
2126 1385 2161 1408 ut

1204 1419 1330 1450 meliore
1340 1416 1430 1448 simus
1441 1418 1509 1448 loco
1520 1437 1528 1452 ‚
1548 1427 1586 1448 ne
1599 1417 1764 1458 optandum
1773 1418 1897 1458 quidem
1909 1417 1952 1448 est
1962 1438 1970 1451 ,
1988 1418 2160 1459 1110110911-

1203 1463 1270 1491 nito
1282 1471 1287 1490 :
1303 1459 1449 1490 deteriore
1459 1468 1559 1490 autem
1569 1459 1643 1490 statu
1653 1468 1685 1489 ut
1696 1457 1786 1489 fimus
1796 1479 1805 1493 ,
1819 1469 1896 1490 unus
1907 1458 1949 1491 est
1958 1459 2085 1490 inferior
2092 1470 2160 1502 gra-

1203 1503 1259 1533 dus
1269 1522 1278 1536 ‚
1299 1511 1348 1532 aut
1362 1503 1499 1532 interitus
1510 1522 1518 1535 ‚
1541 1510 1590 1531 aut
1600 1502 1762 1532 servitutis.
1785 1500 1847 1541 quo
1864 1511 1884 1531 0
1921 1501 2075 1532 trudamur
2085 1522 2094 1535 ,
2116 1501 2159 1532 dii

1206 1544 1392 1574 immortales
1403 1553 1459 1573 nos
1472 1543 1658 1578 admonent,
1677 1552 1825 1584 quoniam
1839 1542 2022 1583 jampridem
2034 1543 2159 1574 humana

1202 1586 1314 1627 consilia
1327 1585 1505 1617 ceciderunt.
1530 1588 1628 1624 Atque
1636 1594 1692 1626 ego
1705 1586 1780 1614 hanc
1791 1587 1962 1615 orationem
1973 1604 1981 1618 ‚
2002 1588 2035 1615 P.
2048 1587 2082 1615 C.
2098 1594 2161 1616 tam

1204 1628 1337 1662 tristem,
1358 1636 1420 1657 tam
1437 1636 1557 1668 gravem
1579 1625 1669 1656 6non
1689 1625 1897 1665 suscepissem,
1917 1636 1999 1660 non,
2021 1629 2160 1666 inquam,

1206 1669 1261 1700 nisi
1272 1671 1347 1700 hanc
1355 1669 1514 1709 personam
1527 1688 1536 1702 ,
1548 1668 1580 1698 &
1590 1669 1641 1697 has
1648 1669 1766 1707 parteis,
1777 1667 1944 1698 honoribus
1951 1668 2056 1707 populi
2065 1671 2159 1699 Rom.

1206 1710 1309 1743 vestris
1327 1711 1466 1751 plurimis
1486 1719 1670 1740 ornamentis
1691 1710 1768 1740 milii
1788 1710 1924 1740 tributis.
1944 1709 2104 1745 deberem,
2126 1711 2162 1741 δε

1207 1753 1322 1794 poss'em
1333 1751 1493 1783 sustinere:
1514 1752 1562 1783 sed
1577 1761 1677 1782 tamen
1691 1751 1779 1781 facile
1793 1751 1958 1781 tacentibus
1969 1753 2075 1781 ceteris
2085 1771 2094 1785 ‚
2115 1761 2166 1782 re-

1209 1793 1357 1826 ticuiss'em
1370 1805 1375 1822 1
1389 1795 1436 1824 sed
1448 1795 1510 1824 haec
1519 1796 1614 1824 oratio
1625 1802 1729 1823 omnis
1736 1791 1796 1822 fuit
1805 1802 1869 1822 non
1880 1792 2063 1823 anerei-itatis
2073 1803 2162 1828 meae,

1210 1836 1258 1867 sed
1273 1837 1399 1877 publicae
1413 1837 1577 1876 religionis.
1599 1845 1667 1865 mea
1686 1833 1808 1864 fuerunt
1823 1834 1912 1864 verba
1926 1832 2043 1865 fortafle
2061 1836 2164 1876 plura:

1210 1880 1362 1909 sententiae
1372 1878 1498 1918 quidem
1511 1887 1619 1908 omnes
1633 1876 1820 1916 haruspicum
1833 1886 1838 1904 z
1857 1876 1893 1906 ad
1906 1886 1981 1916 quos
1994 1885 2044 1906 aut
2058 1876 2162 1908 referri

1211 1923 1347 1951 nuntiata
1359 1919 1474 1950 ostenta
1485 1929 1550 1949 non
1562 1919 1726 1951 convenit,
1743 1927 1792 1948 aut
1802 1927 1907 1948 eorum
1921 1916 2065 1958 responfis
2078 1929 2165 1950 com·

1212 1964 1330 1992 moveri
1346 1959 1460 1992 necess'e
1479 1960 1531 1991 est.
1554 1959 1643 2002 Qod
1664 1958 1685 1989 fi
1704 1968 1800 1990 cetera
1815 1962 1909 2001 magis
1926 1961 2093 2002 pervulgata
2108 1969 2168 1991 nos

1212 2005 1298 2043 saepe,
1309 2004 1463 2034 &leviora
1471 2012 1635 2033 moverunt
1646 2013 1651 2031 :
1662 2012 1724 2033 vox
1736 2002 1796 2041 ipsa
1805 2001 1931 2038 deorum
1941 2002 2168 2033 immortalium

1214 2055 1278 2076 non
1289 2048 1417 2075 menteis
1429 2054 1572 2075 omnium
1581 2043 1791 2084 permovebit?
1809 2042 1906 2074 'nolite
1919 2054 2003 2074 enim
2017 2044 2048 2074 id
2064 2053 2168 2084 putare

1213 2089 1343 2118 accidere
1353 2085 1434 2127 poss'e
1445 2107 1453 2121 ,
1464 2087 1546 2128 quod
1555 2097 1588 2116 iti
1597 2085 1706 2116 fabulis
1715 2086 1788 2126 saepe
1799 2085 1907 2116 videtis
1919 2084 1982 2115 fieri
1993 2105 2002 2119 ,
2016 2095 2047 2116 ut
2066 2091 2080 2114 7
2091 2086 2168 2116 deus

1213 2131 1319 2170 aliquis
1335 2129 1441 2171 eiaps'm
1454 2130 1486 2158 de
1498 2137 1554 2158 cato
1566 2148 1574 2162 ‚
1592 2137 1689 2158 coetus
1698 2129 1863 2157 hominum
1872 2127 1968 2161 adeat,
1993 2128 2124 2158 versetur
2133 2128 2168 2157 in

1213 2181 1309 2205 terris,
1325 2181 1395 2201 cum
1406 2172 1587 2200 hominibus
1596 2170 1793 2210 colloquatur.
1816 2172 1941 2210 cogitate
1948 2178 2042 2210 genus
2051 2169 2169 2199 sonitus

1215 2215 1279 2253 ejus
1289 2233 1297 2246 ‚
1316 2222 1407 2254 quem
1418 2212 1606 2244 Latinienses
1616 2214 1806 2242 nuntiarunt:
1827 2209 2111 2240 recordaminiillud
2123 2219 2168 2240 et-

1215 2257 1275 2284 1301
1286 2275 1294 2288 ,
1305 2254 1387 2295 quod
1399 2254 1537 2284 nondum
1548 2253 1590 2282 est
1600 2254 1724 2282 relatum
1734 2270 1743 2285 ,
1753 2250 1834 2291 quod
1844 2252 1950 2281 eodem
1961 2250 2022 2281 fere
2032 2261 2169 2292 tempore

1214 2296 1309 2326 1319105
1326 2306 1358 2325 10
1378 2305 1446 2336 agro
1457 2298 1566 2325 Piceno
1576 2295 1720 2324 Potentiae
1731 2294 1883 2322 nuntiatur
1893 2302 2080 2323 terraemotus
2097 2295 2169 2324 hor-

1216 2338 1311 2366 ribilis
1322 2357 1330 2370 ,
1343 2347 1413 2365 cum
1423 2335 1600 2376 quibusdam
1612 2336 1714 2363 muitis
1725 2353 1733 2367 ‚
1745 2334 1976 2374 metuendisque
1985 2335 2083 2364 rebus.
2107 2336 2170 2365 haec

1217 2377 1320 2408 eadem
1338 2376 1474 2416 profecto
1492 2396 1501 2409 ,
1529 2386 1594 2416 quae
1613 2375 1710 2405 futura
1728 2375 1943 2414 prospicimus,
1962 2376 2171 2416 impendentia

1216 2419 1439 2458 pertimescens.
1471 2421 1593 2448 Etenim
1617 2419 1677 2446 haec
1699 2416 1825 2446 deorum
1850 2418 2072 2448 immortalium
2099 2428 2168 2452 vox,

1218 2463 1282 2491 haec
1292 2460 1377 2500 paene
1387 2459 1650 2499 oratiojudicanda
1659 2457 1700 2487 est
1713 2478 1722 2491 ‚
1740 2468 1810 2488 cum
1825 2459 1884 2499 ipse
1899 2459 2030 2489 mundus
2040 2479 2050 2493 ,
2072 2455 2086 2478 ⁸
2095 2459 2170 2491 cum
2184 2481 2186 2483 »

1216 2504 1263 2532 aer
1276 2512 1362 2542 atque
1382 2510 1482 2535 terrae,
1503 2510 1590 2531 motu
1610 2500 1740 2541 quodam
1760 2509 1841 2530 novo
1860 2501 2114 2536 contremiscunt,
2135 2502 2170 2532 86

1217 2543 1353 2575 inusitato
1372 2543 1485 2583 aliquid
1505 2544 1580 2575 sono
1593 2563 1601 2575 ‚
1621 2541 1851 2582 incredibilique
1868 2542 2042 2582 prat-dicunt.
2065 2546 2171 2584 inquo

1215 2585 1430 2616 constltuendae
1445 2585 1534 2616 nobis
1552 2583 1676 2625 quidem
1698 2583 1763 2613 sunt
1780 2593 2002 2623 procurationes
2013 2605 2022 2618 ,
2044 2584 2175 2616 &obse—-

1216 2629 1307 2658 erario
1318 2647 1327 2662 ,
1347 2626 1610 2668 quemadmodum
1623 2634 1796 2655 monemur.
1820 2626 1868 2666 sed
1879 2625 1980 2656 faciles
1993 2627 2060 2657 sunt
2071 2635 2173 2667 preces

1215 2669 1291 2710 apud
1302 2679 1372 2702 eos,
1394 2671 1445 2709 qui
1456 2667 1535 2698 ultro
1545 2669 1635 2697 nobis
1651 2667 1731 2695 viam
1745 2666 1844 2697 salutis
1864 2667 2045 2699 ostendunt:
2063 2667 2173 2699 nostrae

1217 2712 1307 2743 nobis
1317 2712 1386 2742 sunt
1395 2720 1472 2742 inter
1483 2719 1540 2741 nos
1551 2720 1601 2741 irae
1609 2729 1618 2743 ‚
1631 2707 1846 2750 discordiaeque
1854 2709 2013 2750 placandae.

1997 2755 2041 2782 M.
2065 2754 2176 2783 Tot.-

242 2803 248 2806 ν
267 2821 289 2837 i.
308 2814 425 2839 Solemnis
443 2802 742 2847 mmffis'sPhJ-ng
749 2803 907 2847 itff‘torisftlia
920 2832 927 2845 ‚
942 2813 1046 2846 ‘me-risu.
1068 2821 1100 2839 :in
1113 2800 1184 2838 fort-e
1206 2829 1207 2842 l

1263 2821 1287 2845 5.
1307 2812 1429 2845 Sufflagia
1438 2813 1551 2846 desti-ista
1560 2809 1700 2836 hahenaim*
1706 2811 1816 2844 paucis]
1836 2811 1867 2835 In
1889 2810 1975 2835 locuni
1986 2807 2059 2834 flium
2079 2807 2175 2833 reduxi

226 2847 271 2874 li'ic
282 2850 368 2874 locuni
385 2849 478 2875 habere
497 2851 579 2885 potest
600 2850 666 2876 Festi
685 2853 763 2876 solla?
781 2849 847 2876 doce
858 2859 900 2875 nic
911 2849 1047 2876 uuitlieri.
1067 2857 1126 2875 iiam
1137 2849 1183 2875 vix
1205 2845 1207 2857 '
1226 2848 1510 2874 lettioneintimuatan1
1521 2846 1644 2873 omnibus
1656 2853 1722 2872 vett.
1742 2842 2014 2880 eddssfirffraguntibus
2029 2843 2093 2869 item
2106 2843 2175 2870 Pall-

227 2883 292 2910 milii
304 2884 413 2911 dubium
428 2885 457 2911 sit
469 2886 529 2921 quin
542 2886 676 2921 intelligat
689 2887 749 2912 Deis
763 2886 831 2912 sacra
841 2884 914 2912 solia.

264 2929 292 2945 2.
313 2922 433 2953 Vnst-tro,
442 2922 578 2955 pericula]
600 2922 762 2948 Gulielmius
776 2921 892 2948 tentabat
903 2921 1031 2946 reri-icusts.

265 2964 291 2992 3.
313 2958 492 2990 Byzantiorum,
506 2960 722 2992 Brogitarorumque
736 2958 853 2991 [vr-edan]
876 2957 931 2984 l'al.
946 2966 1028 2983 nonus
1041 2958 1184 2987 154111111ηο-

228 3001 325 3025 rum-jue
338 3011 344 3022 ,
363 2992 396 3018 de
406 3002 458 3027 quo
469 2992 639 3026 cogit-indum
659 2995 704 3020 cst.
725 2995 821 3030 qnippe
832 2994 864 3019 [16
877 3002 982 3029 quoque
995 2991 1185 3019 Gciiiblacense

230 3027 378 3063 exemplar,
391 3027 422 3053 sic
433 3029 619 3062 'l‘ni-iiigicnin.

265 3071 295 3096 4.
315 3065 403 3095 celliis,
413 3064 496 3089 Clodiis
508 3083 515 3094 ,
526 3064 618 3097 711111]
631 3065 695 3098 Jam
708 3064 785 3091 sciiiel
795 3063 865 3095 dixi,
877 3064 934 3090 mss.
946 3063 1002 3090 fei-c
1014 3063 1114 3100 semper
1126 3068 1185 3089 Sex-

227 3105 279 3124 tum
291 3101 358 3125 lxiinc
376 3099 507 3135 appellare
518 3101 561 3124 ΕΛ(
571 3110 627 3124 [Hm.
649 3100 736 3134 itaque
757 3100 871 3126 viderint
884 3101 978 3126 Critici
999 3109 1029 3126 311
1041 3109 1093 3127 hon
1106 3108 1184 3135 queat

227 3135 344 3162 revocari
357 3136 382 3161 in
395 3135 478 3162 usum.
498 3144 556 3161 nain
576 3136 602 3160 &t
615 3135 671 3160 lieic
689 3145 793 3171 quoque
811 3136 927 3162 inculcat
944 3135 1041 3164 disti-te
1053 3136 1124 3172 triga
1142 3134 1185 3162 di-

226 3170 332 3199 etei-um
345 3171 513 3208 scriptorum,
525 3170 683 3208 insuperque
692 3171 803 3208 scriptus
815 3174 841 3200 S.
854 3171 981 3202 vietoris.

1224 2885 1250 2909 δε
1262 2886 1290 2910 S.
1302 2883 1418 2911 Victoris
1430 2904 1438 2916 ,
1451 2884 1496 2910 nisi
1507 2881 1578 2919 quod
1589 2882 1698 2908 ultimus
1710 2882 1756 2908 'illc
1767 2901 1774 2913 ‚
1786 2882 1922 2914 elafii-(prm.
1944 2880 2049 2914 vulgata
2059 2880 2177 2912 disti-itta.

1225 2930 1275 2947 non
1288 2920 1372 2946 16610.
1393 2919 1542 2946 consulatur
1553 2919 1638 2946 noster
1649 2927 1696 2953 pro
1707 2918 1812 2943 Plancio
1823 2926 1876 2952 cup.
1891 2915 1932 2942 18.
1944 2914 1964 2942 f.

1261 2956 1288 2982 6.
1309 2957 1525 2991 Qnfisscepzsfflm,
1535 2965 1579 2980 non
1591 2973 1598 2985 ,
1608 2958 1707 2987 mquam
1719 2972 1726 2984 ‚
1737 2954 1782 2986 nist
1788 2954 1860 2982 hanc,
1871 2952 1938 2985 &ej
1961 2951 2105 2978 Lambinus
2116 2950 2177 2978 vul-

1203 2989 1205 3007 :
1225 2993 1309 3027 gavit,
1320 3003 1364 3017 mm
1374 2996 1432 3026 quin
1442 2994 1513 3017 lianc.
1533 2990 1559 3015 &
1572 2989 1604 3016 fic
1613 2998 1719 3025 quoque
1729 2991 1756 3014 S.
1768 2988 1884 3013 victoris
1895 2988 1920 3012 δε
1936 2986 1992 3012 Pal.
2003 2996 2097 3013 nonus.

1260 3035 1286 3062 7.
1306 3031 1369 3054 Deus
1380 3029 1466 3061 aliqui}
1475 3028 1580 3059 delapsus·
1589 3027 1600 3050 ἑ
1610 3027 1682 3058 πίω]
1707 3023 1788 3050 Haud
1798 3023 1875 3049 aliter
1885 3022 1955 3048 idem
1969 3032 2050 3049 nonus
2064 3042 2071 3054 ,
2082 3024 2110 3048 ὅ(
2122 3021 2178 3049 suf-

1225 3063 1345 3098 fragatur
1356 3066 1382 3089 S.
1395 3063 1523 3094 meroris,
1534 3061 1579 3088 iiiii
1590 3060 1661 3097 quod
1671 3061 1691 3086 is
1703 3060 1794 3086 littei-a
1804 3060 1890 3086 minus
1901 3061 1976 3094 aliqui
1987 3070 1993 3084 ;
2003 3059 2082 3086 etiam
2094 3058 2178 3088 τεὲὶέ.

1223 3099 1354 3134 publicat-i
1363 3099 1435 3135 prius
1450 3119 1458 3131 ‚
1476 3098 1562 3133 aliquis
1573 3095 1673 3130 elapshi.
2003 3097 2007 3105 '

1261 3134 1289 3161 8.
1308 3136 1365 3160 Cism
1375 3138 1417 3160 ae'r
1426 3143 1496 3169 arque
1506 3141 1573 3159 terrae
1581 3134 1669 3168 metm]
1691 3132 1734 3160 Est
1744 3132 1760 3160 εἰ
1779 3132 1806 3159 S.
1813 3130 1933 3167 Δνὶκῖἰοιῆε
1947 3150 1955 3164 ,
1973 3130 2153 3168 produxitque
2162 3131 2180 3157 ὲ

1228 3170 1272 3198 suo
1284 3171 1393 3198 Fulvius
1404 3172 1491 3200 noster
1500 3169 1622 3197 111-1111115.
2011 3182 2019 3185 ’-
2174 3173 2182 3180 ”“

2050 3211 2074 3231 1·
2093 3203 2185 3231 §Astu-

2179 1003 2221 1038 28
