2297 3389
447 153 706 199 OnArto
745 163 811 196 in
848 150 901 198 L.
936 149 1332 197 CAa-ierrAM
1368 148 1686 195 SECUNDA.

103 234 227 268 modoa
238 234 332 267 vobis
344 234 435 273 huius
444 233 600 265 horribilis
609 233 682 264 belli
691 253 701 267 ‚
716 243 750 264 ac
768 232 876 264 nefarii
896 233 1066 274 periculum

100 279 275 319 depellatur.
291 281 415 309 Dicatur
425 277 492 307 sane
503 274 618 316 ejelzlms
628 274 686 306 esse
696 276 712 306 a
723 275 963 309 me,dummodo
973 283 1018 304 eat
1032 276 1066 304 in

103 319 308 351 exfilium.sed
319 321 397 350 mihi
407 318 528 351 credite,
540 327 605 347 non
614 317 658 348 est
670 319 776 347 iturus.
795 320 974 357 Numquam
985 325 1041 357 ego
1051 315 1067 346 a

102 361 163 392 diis
174 360 397 393 immortalibus
406 360 516 400 optabo
527 380 535 392 ,
549 361 694 400 Quirites,
708 359 832 389 invidiae
844 368 918 388 meae
929 357 1064 387 levanda:

107 405 202 438 citusa,
218 412 250 433 ut
259 405 296 433 L.
308 402 466 432 Catilinam
477 401 583 432 ducere
592 403 758 432 exercitum
768 400 903 430 hostium
911 420 922 433 ‚
934 408 1020 440 atque
1030 400 1063 428 in

106 448 202 476 armis
210 445 334 475 volitare
344 443 477 474 audiatis:
488 443 538 474 sed
548 443 648 474 triduo
658 452 759 474 tamen
769 441 1065 491 audietiszmultoque

106 489 202 528 magis
213 485 287 515 illud
298 487 446 519 timeo,ne
457 487 535 515 mihi
545 483 579 515 sit
590 485 778 515 invidiosum
789 483 962 525 aliquando,
977 482 1061 524 quod

104 530 196 560 illum
206 528 359 558 emiserim
368 527 482 568 potius,
495 537 586 568 quarn
596 525 680 568 quod
691 528 843 563 eiecerim.
864 525 913 557 sed
924 523 997 556 cum
1007 523 1064 555 fint

81 592 86 596 -
103 571 260 603 homines,
271 571 323 610 qui
334 570 433 603 illurn,
444 580 516 600 cum
525 568 681 610 profe&us
691 567 871 607 sit,eje8tum
882 567 939 598 ess'e
949 567 1059 600 dicant,

102 611 199 645 idem,
212 609 232 641 si
243 610 406 652 interfestm
418 610 575 652 esset-,quid
585 611 738 641 dicerent?
748 613 939 652 Qamquam
949 608 1063 650 ist1‚qui

100 654 263 684 Catilinam
273 652 436 684 Massiliam
447 656 489 684 ire
499 652 638 684 meritant
649 672 658 687 ‚
672 663 736 683 non
744 661 805 683 tam
818 653 877 681 hoc
886 659 1062 692 queruntur,

98 697 191 737 quam
201 704 349 725 verentur.
374 698 479 726 Nemo
487 695 529 726 est
538 694 666 725 istorum
676 704 736 725 tam
748 694 917 723 misericors
928 701 942 722 r
958 693 1012 733 qui
1023 692 1062 721 il-

99 737 167 768 lurn
177 747 242 767 non
252 737 285 767 ad
295 737 554 778 Manlium,quam
565 737 600 767 ad
611 735 818 768 Maffilienseis
831 737 874 764 ire
885 734 979 764 malit.
1002 733 1060 764 Ille

99 788 201 810 autem
212 800 222 813 ,
245 778 448 810 simehercule
459 781 518 809 hoc
534 778 617 820 quod
636 779 715 818 agit,
739 785 908 816 numquam
926 775 994 806 ante
1008 785 1061 806 co-

97 819 213 860 gitafl'et
223 841 231 855 ‚
245 831 346 852 tamen
354 821 583 852 latrocinantem
594 820 623 849 se
632 817 761 849 interfici
772 818 878 848 mallet
887 837 896 851 ‚
906 827 997 859 quam
1008 827 1059 846 ex-

92 862 187 903 sulem
197 864 301 893 vivere.
325 873 407 893 nunc
417 862 490 893 veti>
499 882 508 895 ‚
531 864 603 892 cum
615 862 643 891 ei
653 861 730 890 nihil
742 860 838 890 adhuc
854 869 959 900 praeter
968 857 1058 900 ipsius

97 905 287 935 voluntatem
298 926 306 939 ‚
325 906 602 946 cogitationemque
622 902 761 932 acciderit
769 922 778 936 ‚
801 900 858 932 nisi
876 901 959 942 quod
977 903 1058 932 vivis

99 946 190 977 nobis
199 949 298 977 Roma
305 945 458 987 proreQus
468 944 525 976 est:
546 954 685 985 optemus
695 943 795 985 potius
805 964 815 978 ‚
832 952 866 974 ut
874 952 921 974 eat
932 945 965 974 in
978 941 1055 973 exfi-

59 989 79 1024 8
100 989 279 1030 lium,quam
291 998 460 1030 queramur.
483 986 540 1017 Sed
551 997 603 1017 cur
614 986 776 1017 tamdiude
787 996 850 1016 uno
861 984 946 1016 hoste
956 985 1058 1026 loqui·

98 1040 186 1061 mur:
213 1030 248 1060 δε
262 1030 300 1060 de
309 1040 345 1060 eo
357 1029 442 1060 hoste
452 1050 461 1063 ,
476 1031 528 1070 qui
545 1030 609 1069 jam
627 1028 735 1059 fatetur
749 1029 779 1059 se
795 1027 853 1058 effe
863 1026 1002 1058 hostem:
1021 1027 1056 1058 δε

97 1081 188 1113 quem
198 1091 207 1105 ‚
229 1073 299 1113 quia
309 1092 317 1106 ‚
336 1071 419 1114 quod
435 1072 551 1111 semper
576 1071 663 1101 volui
671 1089 681 1104 ‚
702 1080 808 1101 murus
829 1069 953 1101 interest
962 1089 971 1104 ‚
992 1079 1057 1101 non

98 1116 195 1144 timeo
208 1124 212 1142 ε
224 1114 261 1144 de
270 1115 317 1144 his
328 1134 337 1148 ,
355 1116 407 1156 qui
416 1113 592 1153 diffimulant
600 1133 609 1146 ,
634 1113 686 1154 qui
697 1115 807 1143 Romae
817 1120 976 1143 remanent
984 1131 992 1146 ‚
1004 1114 1058 1153 qui

96 1156 258 1188 nobiscum
269 1156 354 1189 sunt,
375 1157 452 1186 nihil
462 1155 613 1185 dicimus!
631 1164 708 1196 quos
718 1154 844 1195 quidem
863 1164 939 1195 ego,
960 1153 980 1184 si
993 1155 1057 1184 ullo
1091 1161 1111 1192 p

95 1197 193 1235 modo
202 1197 266 1228 fieri
275 1197 370 1238 poffet
380 1218 388 1232 ,
408 1208 471 1228 non
483 1206 544 1228 tam
555 1197 658 1227 ulcisci
667 1195 772 1226 studeo
784 1215 794 1230 ‚
813 1200 823 1215 ¹
835 1198 928 1237 quam
937 1196 1035 1227 sanare
1045 1216 1054 1231 ,

97 1240 221 1280 &ipsos
238 1241 352 1280 placare
364 1239 490 1280 reipubl.
505 1249 602 1280 neque
612 1238 644 1269 id
654 1248 745 1279 quare
756 1237 820 1268 fieri
832 1248 897 1269 non
904 1237 994 1278 possit
1003 1258 1012 1272 ‚
1033 1237 1055 1268 fi

98 1282 260 1313 meaudire
272 1283 378 1313 volent
388 1301 396 1316 ‚
409 1281 558 1323 intelligo.
585 1283 746 1320 Exponam
758 1282 841 1310 enim
851 1280 939 1310 vobis
948 1300 958 1314 ‚
977 1282 1056 1319 Qui-

97 1325 189 1358 rites,
210 1334 250 1354 ex
268 1323 378 1365 quibus
394 1323 553 1365 generibus
563 1321 801 1352 hominumistae
819 1324 913 1363 copiae
928 1332 1054 1363 compa-

96 1375 216 1398 rentur:
234 1365 344 1396 deinde
363 1365 484 1407 singulis
500 1364 711 1394 ²medicinam
724 1362 860 1398 consilii,
882 1373 970 1406 atque
988 1374 1054 1395 ora-

93 1410 189 1438 tionis
200 1417 285 1441 meae,
298 1406 410 1449 siquam
423 1416 540 1447 potero,
550 1404 682 1437 afferam.
705 1410 717 1434 3
729 1408 836 1437 Unum
844 1416 938 1447 genus
948 1405 991 1436 est
1000 1416 1053 1437 eo—

94 1460 166 1481 tum
179 1469 188 1485 ‚
205 1451 260 1491 qui
270 1459 381 1491 magno
401 1451 434 1479 in
444 1458 500 1479 aere
508 1449 609 1479 alieno
619 1468 628 1482 ‚
644 1449 773 1489 majores
790 1449 882 1478 eciam
897 1446 1053 1489 poffeffio-
1066 1482 1068 1484 v

94 1501 149 1523 nes
157 1492 283 1522 habent:
303 1501 431 1532 quarum
445 1500 547 1521 amore
560 1489 682 1520 adducti
691 1510 700 1525 ,
719 1489 843 1521 diffolvi
852 1491 940 1521 nullo
955 1490 1052 1521 modo

90 1531 224 1575 possunt.
248 1535 369 1564 Horum
380 1534 546 1564 hominum
555 1533 667 1573 species
685 1530 910 1563 honestissima:
930 1533 999 1563 sunt
1020 1543 1052 1562 e·

91 1577 162 1606 nim
177 1575 355 1616 locupletes:
376 1576 517 1606 voluntas
529 1573 602 1605 vero
613 1594 622 1608 ‚
644 1574 678 1604 &
687 1572 1049 1615 causaimpudentissima.

91 1620 146 1652 Tu
153 1620 230 1660 agris
241 1638 250 1651 ,
270 1626 302 1648 tu
315 1616 449 1648 aedificiis
458 1638 469 1652 ‚
492 1627 525 1648 tu
535 1626 677 1658 argento..
694 1620 711 1643 4
723 1625 753 1647 tu
763 1615 878 1657 familia
888 1637 897 1651 ,
919 1625 950 1647 tu
962 1616 1050 1647 rebus

89 1661 239 1694 omnibus
248 1660 417 1695 ornatus‚&
425 1659 564 1700 copiosus
573 1657 608 1689 sis
620 1662 633 1686 5
644 1659 677 1689 δε
690 1658 809 1689 dubites
817 1658 856 1689 de
868 1657 1049 1700 poss'ess‘ione

90 1702 263 1736 detrahere,
291 1704 443 1744 acquirere
460 1702 496 1732 ad
515 1700 629 1732 fidem?
661 1700 745 1741 Qud
770 1702 857 1731 enim
875 1700 1048 1742 exspestas?

91 1744 323 1785 bellumtquid?
331 1754 402 1787 ergo
407 1746 445 1775 in
453 1742 617 1775 vastati-one
627 1744 770 1774 omnium
780 1752 843 1773 tuas
852 1740 1050 1783 pofl‘efl'iones

90 1785 287 1818 sacrosan&as
304 1785 417 1818 futuras
426 1788 530 1827 putas?
550 1796 587 1816 an
601 1785 713 1816 tabulas
728 1787 842 1815 novas?
861 1794 958 1816 errant
967 1805 977 1820 ,
997 1787 1050 1826 qui

90 1828 160 1860 istas
172 1828 187 1859 a
196 1828 322 1860 Catilina
330 1828 508 1869 exspestant.
520 1837 590 1858 meo
600 1826 751 1858 beneficio
761 1827 867 1858 tabulae
877 1837 965 1858 novae
978 1837 1050 1867 pro-

90 1870 228 1902 ferentur
237 1891 246 1905 ,
265 1869 373 1901 verum
381 1869 571 1900 austronariae.
594 1880 692 1910 neque
701 1872 786 1900 enirn
795 1868 844 1900 isti
854 1890 863 1903 .
876 1871 928 1911 qui
937 1867 1050 1910 poffes-

88 1912 187 1944 fiones
198 1913 324 1947 habent,
343 1913 401 1943 alia
416 1915 531 1943 ratione
540 1911 602 1942 ulla
618 1911 689 1942 salvi
708 1910 765 1941 effe
780 1909 913 1951 possunt.
933 1911 1016 1952 quod
1026 1909 1048 1941 fi

92 1954 243 1986 maturius
260 1953 355 1985 facere
375 1953 557 1987 voluiss'ent,
579 1963 676 1993 neque
693 1952 738 1992 (id
754 1953 836 1993 quod
853 1956 1049 1983 Srunrxssb

94 2007 179 2028 MUM
190 1996 245 2037 est)
266 1994 284 2016 ⁶
293 2005 403 2027 certare
418 2006 489 2026 cum
508 1995 604 2025 usuris
622 1994 770 2025 fluetibus
782 1994 989 2034 praediorum;
1012 1995 1047 2024 ἃ·

89 2038 344 2080 locupletioribus
353 2039 401 2068 his
414 2058 422 2072 ‚
441 2037 475 2067 &
486 2035 666 2067 melioribus
679 2035 797 2066 civibus
807 2045 968 2067 uteremur.
990 2035 1047 2066 sed

86 2082 181 2113 hosce
198 2082 341 2112 homines
361 2077 493 2110 minime
511 2087 586 2119 puto
603 2077 857 2118 pertimescendos
869 2098 878 2111 ,
900 2077 984 2122 quod
997 2086 1048 2108 aut

83 2123 198 2154 deduci
215 2123 252 2154 de
273 2123 418 2153 sententia
435 2120 575 2161 poffunt3
594 2128 662 2153 aut,
684 2118 705 2149 si
721 2119 959 2160 permanebunt,
982 2129 1047 2149 ma-

87 2167 133 2206 gis
144 2166 223 2196 mihi
233 2165 373 2195 videntur
382 2172 453 2193 vota
467 2161 574 2192 fa8turi
582 2170 686 2192 contra
694 2161 845 2201 rempubl.
862 2161 953 2202 quam
963 2171 1044 2191 arma

45 2212 70 2247 9
87 2209 183 2238 laturi.
207 2207 345 2237 Alterum
354 2214 449 2246 genus
459 2203 502 2234 est
510 2213 618 2234 eorum
631 2223 639 2237 ,
649 2213 701 2244 qui
709 2204 892 2244 quamquam
902 2213 1047 2243 premun-

87 2260 136 2281 tur
146 2259 201 2280 aere
221 2250 322 2279 alieno
333 2267 341 2281 ‚
362 2247 608 2277 dominationem
622 2255 722 2276 tamen
735 2244 926 2284 exspestant:
943 2254 1044 2275 rerum

69 2296 72 2297 ⁷
85 2293 177 2332 potiri
187 2291 295 2321 volunt
305 2301 310 2319 :
325 2290 435 2317 honores
443 2307 452 2322 ,
472 2297 550 2328 quos
561 2289 662 2328 quieta
671 2296 734 2326 rep.
745 2287 900 2326 desperant
910 2307 919 2320 ,
929 2296 1045 2326 pertur-

81 2334 149 2366 bata
156 2333 299 2375 consequi
309 2332 337 2363 se
345 2329 428 2372 poss‘e
438 2329 621 2363 arbitrantur.
654 2328 773 2371 Qubus
791 2329 850 2359 hoc
867 2330 1045 2370 praecipien-

1975 160 2069 209 401

1109 232 1184 264 dum
1195 232 1316 264 videtur
1330 254 1339 268 ,
1359 242 1458 264 unum
1470 231 1622 264 scilicet&
1631 229 1715 261 idem
1727 247 1736 264 ‚
1755 227 1837 271 quod
1847 228 1952 259 ceteris
1965 231 2070 259 omni—

1107 274 1182 308 bus,
1203 284 1236 306 ut
1254 276 1428 316 desperent,
1449 275 1478 306 se
1489 274 1540 308 id,
1558 273 1640 316 quod
1650 280 1816 305 conantur,
1837 270 1979 311 consequi
1997 271 2067 311 pos-

1105 316 1135 345 se
1148 316 1301 356 :prim-um
1311 320 1455 348 omnium
1466 327 1516 347 me
1525 318 1624 357 ipsum
1634 317 1664 346 vi
1686 315 1767 348 ilare,
1779 311 1875 345 adesse
1884 332 1892 346 ‚
1907 312 2066 353 providere

1105 357 1231 397 reipubl.
1255 359 1365 390 deinde
1374 368 1501 401 magnos
1513 360 1660 389 animose
1688 367 1703 386 e
1722 359 1756 387 in
1776 355 1866 386 bonis
1883 356 1978 388 viris,
1998 365 2066 386 ma-

1104 408 1195 438 gnam
1213 401 1428 434 concordiam,
1459 402 1626 430 maximam
1655 397 1885 429 multitudinem
1901 415 1910 431 ,
1940 405 2062 438 magnas

1102 449 1243 480 praetere-a
1259 444 1360 482 copias
1371 443 1524 472 militum:
1544 442 1617 472 deos
1634 440 1765 482 denique
1782 438 1982 470 immortaleis
1992 439 2065 469 huic

1103 481 1221 513 invidio
1230 483 1355 522 populo,
1367 482 1526 514 clarissimo
1535 482 1891 523 imperio‚pulcherrimae
1903 480 2062 515 urbi,con-

1102 532 1145 554 tra
1158 532 1268 554 tantam
1288 527 1355 554 vim
1370 525 1486 554 sceleris
1499 545 1507 558 ,
1527 526 1674 565 prasente&
1689 524 1840 555 auxilium
1861 521 1919 553 effe
1938 522 2064 556 laturos„

1102 564 1193 608 Qod
1207 564 1228 596 si
1242 567 1306 606 jam
1325 565 1441 599 sintid,
1461 567 1543 606 quod
1562 576 1632 596 cum
1652 567 1773 596 summo
1791 564 1890 595 furore
1910 566 2055 605 cupiunt,

1100 608 1215 648 adepti:
1231 618 1308 638 num
1318 608 1364 638 illi
1376 609 1409 637 in
1423 609 1522 637 cinere
1531 607 1612 637 urbis
1624 627 1633 640 .
1645 607 1678 638 &
1689 608 1831 648 sanguine
1840 607 1958 636 civium
1969 625 1978 639 .
1989 615 2057 647 qux

1099 658 1203 680 mente
1212 650 1425 682 conscelerata.
1445 659 1477 679 ac
1485 648 1596 679 nefaria
1604 651 1840 688 concupierunt,
1867 649 1896 679 se
1906 648 2057 682 consules,

1097 701 1129 721 ac
1143 690 1303 722 dieracores
1313 711 1323 726 ‚
1343 692 1491 722 autetiam
1502 700 1582 732 reges
1592 689 1833 730 sperantfuturos
1846 694 1857 719 ἓ
1878 700 1943 720 non
1952 689 2059 720 vident

1096 732 1127 763 id
1139 733 1167 762 se
1177 743 1302 773 cupere.
1324 732 1407 774 quod
1428 731 1558 772 fiadepti
1574 731 1689 762 fuerint
1701 751 1709 765 .
1734 730 1862 773 fugitivo
1880 732 1988 765 alicui,
2008 741 2060 763 aut

1095 774 1253 815 gladiatori
1263 775 1390 806 concedi
1402 773 1436 804 sit
1452 772 1586 805 necesse?
1609 775 1752 804 Tertium
1770 782 1862 812 genus
1882 772 1925 803 est
1947 779 2056 803 7aetate

1094 817 1159 856 jam
1169 815 1313 847 affectum
1321 837 1330 851 ‚
1345 816 1393 847 sed
1404 825 1505 846 tamen
1516 816 1730 846 exercitatione
1748 813 1904 844 robustum
1918 826 1923 843 ς
1943 825 2004 856 quo
2013 825 2054 845 ex

1097 868 1205 900 genere
1220 858 1262 890 est
1282 860 1340 899 ipse
1365 859 1518 891 Manlius,
1541 859 1589 888 cui
1608 866 1691 887 nunc
1709 856 1837 887 Catilina
1848 856 1985 887 succedit.
2011 859 2053 886 Hi

1097 900 1167 931 sunt
1176 901 1318 931 homines
1338 896 1353 920 ⁸
1363 911 1401 931 ex
1411 902 1448 930 iis
1463 900 1595 930 coloniis
1606 918 1613 932 ,
1633 907 1704 940 quas
1724 897 1838 928 Fesulis
1853 897 1935 928 Sulla
1942 897 2057 928 consti-

1096 944 1172 973 tuit:
1205 953 1278 983 quas
1296 953 1352 985 ego
1372 942 1541 975 universas,
1568 942 1686 972 civium
1703 937 1761 970 effe
1780 941 1968 980 optimorum
1980 959 1988 973 ,
2021 941 2058 972 &v

1094 983 1327 1015 fortissimorum
1337 986 1473 1015 virorum
1486 984 1582 1014 sentio
1598 994 1604 1012 :
1618 982 1667 1013 sed
1679 991 1779 1012 tamen
1789 982 1821 1011 hi
1840 981 1909 1012 sunt
1929 982 2032 1011 coloni
2042 1002 2050 1015 ‚

1092 1027 1145 1068 qui
1157 1027 1186 1056 se
1196 1027 1336 1066 insperata
1345 1046 1354 1061 ‚
1371 1026 1595 1067 repentinisque
1603 1026 1741 1065 pecuniis
1754 1021 1936 1054 sumtuosuis
1947 1043 1955 1056 .
1968 1023 2054 1053 inso-

1092 1068 1264 1110 lentiusque
1281 1068 1439 1110 jafirarunt.
1463 1069 1495 1097 hi
1512 1067 1589 1098 dum
1607 1065 1772 1100 aedificant,
1795 1074 1937 1106 tanquam
1956 1064 2048 1095 beati:

1093 1110 1169 1141 dum
1187 1110 1324 1151 praediis,
1345 1109 1480 1143 lecticis,
1499 1108 1626 1140 familiis
1650 1110 1786 1149 magnis,
1806 1108 1984 1138 ⁹conviviis
2001 1116 2054 1146 ap*

1113 1154 1199 1183 aratis
1209 1152 1394 1184 deleEtantur
1403 1173 1412 1187 ‚
1424 1155 1458 1182 in
1468 1160 1585 1183 tantum
1596 1161 1634 1181 aes
1643 1151 1777 1180 alienum
1787 1148 1956 1180 inciderunt
1965 1168 1975 1182 ‚
1995 1158 2028 1179 ut
2039 1170 2050 1183 .

1095 1193 1198 1225 sisalvi
1210 1194 1269 1226 ess'e
1278 1197 1395 1230 velint,
1416 1195 1498 1226 Sulla
1508 1192 1542 1224 sit
1561 1195 1598 1223 iis
1617 1193 1653 1223 ab
1664 1191 1770 1223 inferis
1787 1191 1973 1222 excitandus.
1998 1192 2058 1232 qui.

1090 1238 1183 1268 etiam
1203 1238 1373 1271 nonnullos
1390 1235 1526 1279 agresteis
1547 1256 1555 1269 ‚
1582 1236 1725 1266 homines
1746 1235 1862 1264 tenueis
1880 1253 1890 1267 ,
1910 1241 1997 1274 atque
2018 1244 2052 1264 e-

1091 1281 1206 1320 genteis
1217 1299 1226 1314 ‚
1248 1282 1282 1310 in
1291 1280 1419 1311 eandem
1429 1279 1514 1309 illam
1524 1279 1607 1318 spem
1615 1279 1784 1318 rapinarum
1795 1284 1929 1306 veterum
1948 1277 2053 1315 impu-

1090 1322 1198 1351 lerunt.
1223 1324 1310 1364 Qos
1319 1333 1334 1353 e
1357 1332 1375 1352 o
1386 1322 1525 1363 utrosque
1536 1340 1545 1354 ,
1568 1321 1702 1360 Qirites
1714 1339 1723 1352 ,
1743 1321 1772 1338 ¹0
1781 1319 1815 1348 in
1823 1317 1933 1348 eodem
1942 1327 2053 1359 genere

1091 1363 1291 1403 praedatorum
1304 1384 1313 1399 ,
1356 1366 1581 1404 ireptorumque
1590 1371 1684 1402 pono.
1708 1360 1764 1392 Sed
1773 1370 1825 1390 eos
1837 1361 1897 1390 hoc
1914 1368 2028 1389 moneo
2039 1379 2050 1393 2

1088 1403 1347 1440 desinantfurere,
1366 1416 1399 1437 ac
1406 1406 1657 1446 proscriptiones,
1678 1402 1712 1434 δε
1731 1401 2042 1442 dietamras'coginare.

1090 1450 1208 1478 Tantus
1217 1450 1301 1479 enim
1311 1449 1422 1478 iuorum
1432 1455 1587 1490 temporum
1596 1446 1670 1476 dolor
1680 1444 1796 1475 inustus
1806 1442 1850 1475 est
1861 1444 1976 1476 civitati
1986 1461 1995 1476 ‚
2016 1452 2050 1473 ut

1081 1489 1150 1530 ‘jam
1159 1489 1213 1520 ista
1222 1500 1288 1521 non
1298 1489 1393 1521 modo
1405 1491 1547 1520 homines
1559 1508 1567 1523 ‚
1588 1488 1637 1519 sed
1647 1497 1686 1518 ne
1695 1485 1826 1528 pecudes
1834 1484 1960 1527 quidem
1970 1484 2049 1516 mihi

1089 1530 1212 1571 passurae
1221 1530 1280 1563 esse
1289 1533 1460 1566 videantur.
1473 1534 1621 1574 Qartum
1630 1539 1724 1572 genus
1733 1527 1776 1559 est
1786 1528 1854 1559 sane
1863 1527 1982 1558 varium
1993 1545 2002 1561 ‚
2015 1527 2048 1558 &

1090 1573 1216 1604 mistum
1229 1595 1237 1609 ‚
1250 1575 1283 1605 &
1292 1575 1501 1605 turbulentum
1514 1584 1520 1602 ε
1535 1574 1588 1614 qui
1594 1570 1778 1612 jampridem
1785 1577 1965 1610 premuntur
1976 1580 1984 1603 ;
1995 1570 2049 1610 qui

1087 1625 1257 1657 numquam
1267 1624 1423 1659 emergent
1434 1627 1439 1645 :
1458 1618 1510 1658 qui
1521 1617 1630 1656 partim
1644 1615 1750 1644 inertia
1760 1632 1769 1646 ,
1786 1613 1896 1653 partim
1907 1610 1987 1641 male
1996 1621 2049 1651 ge-

1087 1657 1183 1688 rendo
1192 1661 1317 1701 negotio
1326 1680 1335 1694 ,
1355 1660 1465 1700 partim
1472 1659 1564 1688 etiarn
1573 1656 1725 1687 sumtibus
1734 1675 1744 1689 ‚
1760 1655 1794 1685 in
1801 1662 1899 1684 vetere
1909 1662 1965 1684 aerc
1975 1653 2049 1683 alie—

1087 1709 1130 1730 no
1138 1701 1279 1733 vacillant
1292 1705 1361 1743 :qui
1370 1701 1556 1732 vadimoniis
1565 1719 1574 1733 ,
1582 1698 1705 1738 judiciis
1716 1718 1726 1732 ‚
1740 1700 1765 1717 ¹¹
1777 1694 2047 1737 proscriptionibus

1087 1742 1240 1773 bonorum
1251 1742 1400 1786 defatigati
1406 1742 1562 1784 ,permulti
1571 1741 1605 1772 δε
1615 1750 1653 1771 ex
1661 1739 1782 1774 urbe,&
1791 1748 1831 1768 ex
1840 1739 1916 1780 agris
1925 1738 1954 1768 se
1964 1738 1997 1767 in
2007 1737 2046 1767 il-

1090 1785 1116 1815 la
1126 1784 1216 1816 castra
1223 1785 1361 1816 conferre
1374 1785 1525 1816 dicuntur·
1554 1783 1653 1814 Hosce
1670 1791 1726 1824 ego
1748 1784 1776 1800 ¹²
1786 1790 1851 1811 non
1861 1790 1922 1810 tam
1932 1779 2047 1810 milites

1084 1828 1176 1857 aereis
1187 1847 1196 1861 ‚
1216 1826 1309 1869 quam
1326 1827 1494 1868 infitiatores
1504 1826 1588 1855 lentos
1599 1822 1658 1855 effe
1672 1824 1807 1854 arbitror.
1833 1823 1886 1863 qui
1901 1822 2047 1851 homines

1086 1868 1222 1909 primum
1243 1868 1264 1898 si
1283 1869 1356 1900 stare
1364 1879 1430 1900 non
1439 1866 1580 1910 possunt,
1599 1874 1756 1898 corruant:
1780 1863 1830 1896 sed
1846 1866 1905 1898 ita,
1929 1871 1962 1894 ut
1980 1873 2045 1894 non

1087 1910 1184 1941 modo
1200 1913 1305 1942 civitas
1313 1932 1322 1945 ,
1351 1912 1401 1943 sed
1426 1921 1465 1941 ne
1491 1910 1587 1941 vicini
1602 1908 1729 1950 quidem
1749 1907 1886 1948 proximi
1904 1906 2042 1937 sentiant.

1087 1962 1159 1983 nam
1176 1953 1253 1984 illud
1264 1963 1328 1984 non
1348 1953 1488 1994 intelligo
1499 1972 1508 1986 ‚
1519 1950 1719 1992 quamobrem
1730 1969 1740 1982 ‚
1758 1947 1780 1978 si
1797 1950 1900 1979 vivere
1916 1945 2045 1977 honeste

1086 2004 1152 2024 non
1160 1993 1283 2035 poss'unt
1293 2015 1301 2028 ,
1322 1997 1417 2035 perire
1428 1996 1553 2034 tuipiter
1570 1992 1683 2022 velint:
1707 1999 1758 2021 aut
1774 1999 1827 2020 cur
1838 1998 1977 2019 Mtuoiuz
1985 1997 2044 2018 oo·

1086 2045 1176 2066 noar.
1193 2038 1340 2077 perituros
1359 2038 1386 2066 se
1397 2045 1470 2066 cum
1488 2034 1594 2064 multis
1605 2053 1614 2067 ‚
1633 2030 1758 2075 quamsi
1774 2031 1830 2062 soli
1838 2039 1978 2072 pereant,
1997 2039 2044 2060 ar-

1084 2078 1244 2110 bitrentur.
1267 2079 1420 2119 Qijntum
1429 2086 1524 2119 genus
1533 2074 1577 2106 est
1595 2073 1809 2115 parricidarum
1819 2093 1828 2107 ,
1846 2071 2019 2103 sicariorum
2030 2091 2040 2106 ‚

1086 2119 1217 2160 denique
1229 2121 1372 2150 omnium
1382 2117 1623 2149 facinorosorum
1635 2127 1640 2145 :
1661 2126 1739 2157 quos
1749 2125 1804 2157 ego
1813 2114 1829 2145 a
1840 2114 1969 2145 Catilina
1976 2123 2042 2144 non

1084 2171 1205 2192 revoco.
1229 2171 1301 2192 nam
1314 2171 1412 2202 neque
1424 2159 1530 2191 divelli
1544 2158 1581 2190 ab
1590 2168 1627 2188 eo
1641 2156 1780 2198 possunt:
1797 2156 1833 2187 δεῖ
1843 2164 1963 2198 pereant
1973 2154 2044 2186 sane

1082 2205 1115 2233 in
1128 2204 1305 2237 latrocinio,
1323 2204 1470 2244 quoniam
1478 2202 1547 2232 sunt
1558 2202 1599 2230 ita
1607 2200 1716 2234 multi,
1737 2208 1772 2230 ut
1787 2208 1842 2229 eos
1859 2207 1961 2238 capere
1977 2206 2042 2227 car-

1081 2255 1206 2275 cernon
1222 2243 1319 2286 poffit.
1343 2243 1532 2275 Postremum
1550 2250 1650 2272 autem
1667 2251 1762 2284 genus
1771 2239 1832 2271 est:
1851 2249 1917 2271 non
1937 2237 2041 2270 solum

1084 2297 1233 2321 numer0‚
1256 2284 1365 2316 verum
1384 2287 1476 2316 etiam
1497 2289 1524 2312 ¹3
1534 2294 1641 2326 genere
1652 2283 1715 2324 ipso
1727 2304 1736 2317 .
1756 2291 1843 2323 atque
1860 2290 1937 2313 Vita:
1956 2281 2040 2332 quod

1081 2330 1240 2372 proprium
1258 2328 1301 2360 est
1319 2328 1475 2364 Catilinae,
1493 2327 1531 2359 de
1547 2327 1612 2368 ejus
1628 2324 1748 2357 delcetu
1759 2345 1770 2362 ‚
1791 2327 1893 2355 immo
1911 2334 1984 2395 verp
2002 2323 2041 2353 de

1868 2375 1962 2408 comp
1978 2375 2039 2396 exu

116 2524 140 2542 ¹·
162 2516 242 2548 Qum
253 2513 346 2546 sanare
361 2512 390 2543 ὁ*
407 2513 464 2546 las&
476 2514 578 2546 placare
588 2512 663 2546 reim]
696 2512 765 2539 Pall.
776 2519 830 2540 tres
841 2512 940 2539 Colon.
951 2512 1030 2539 Fabr.
1068 2513 1120 2548 jam
1129 2514 1267 2547 confit-'lum
1277 2513 1443 2538 exercitatione
1453 2512 1567 2543 robustum
1578 2528 1586 2541 ,
1601 2507 1672 2545 quod
1683 2507 1767 2534 solum
1777 2506 1868 2534 inveni
1878 2506 1905 2532 in
1916 2505 1976 2532 Pal.
1986 2505 2036 2532 de-

75 2550 180 2577 Uverd.
191 2548 404 2584 qusimsanarefibi
412 2549 470 2582 ipfiis
483 2568 491 2581 ,
506 2551 604 2581 placare
622 2551 681 2581 reip.
700 2548 771 2584 quod
783 2549 858 2575 valde
867 2548 963 2585 probat
973 2550 1033 2575 Gu-

74 2587 192 2614 lielmius
205 2595 212 2617 3
233 2585 359 2622 quoniam
380 2592 480 2611 veteres
499 2584 639 2611 sceleratos
650 2584 731 2610 exisse
743 2586 757 2610 :l
769 2583 793 2610 se
805 2604 814 2616 ,
832 2586 860 2610 St
872 2585 968 2611 mentis
980 2585 1032 2611 im-

55 2632 65 2646 r'
73 2631 149 2659 potes
160 2622 298 2649 ducerent.
319 2619 387 2647 unde
397 2621 513 2647 dementia
524 2640 531 2652 ‚
541 2630 590 2657 pro
601 2620 708 2653 scelere,
718 2621 745 2646 ὃς
757 2627 861 2648 amentes
870 2630 918 2657 pro
928 2620 1032 2648 facino-

74 2659 150 2687 rosis.
170 2658 281 2686 adeatur
291 2657 320 2683 Sc
330 2655 436 2683 Medius
448 2657 564 2693 Epistola
575 2666 637 2683 ειν.

109 2705 138 2722 2.
158 2695 303 2722 Medicinam
313 2695 395 2726 confilii
404 2700 473 2728 atque
481 2693 618 2728 orationis]
642 2693 813 2725 Basificanus,
822 2695 948 2726 orationis,
959 2692 1032 2729 quod

72 2734 185 2768 probum
196 2729 355 2757 Guiielmio.
506 2762 508 2765 .

109 2777 137 2804 3.
158 2771 232 2792 Unum
244 2775 319 2800 genus
335 2767 371 2791 cfr
387 2764 488 2799 eorum]
509 2765 552 2791 Sic
571 2765 640 2792 Pali.
657 2772 734 2796 tres,
758 2764 791 2791 fic
801 2765 876 2791 Hitt.
888 2764 1031 2792 &Uverd.

70 2803 137 2832 item
148 2803 232 2830 editio
243 2802 373 2839 princeps.
392 2800 524 2837 deincipes
536 2812 541 2828 :
552 2805 745 2835 primumgemss.
767 2801 853 2828 minus
865 2801 949 2827 recle.

106 2847 136 2873 4.
155 2838 316 2873 Tufamilia]
333 2837 389 2864 l’al.
401 2836 449 2863 sec.
461 2837 660 2874 &perscriptum
671 2837 734 2864 alias
745 2837 799 2874 legi
810 2839 904 2863 tabula.
915 2844 944 2864 ut
955 2837 1028 2864 forte

70 2875 156 2902 fuerit
168 2895 176 2907 ,
195 2882 222 2899 tu
232 2882 325 2907 argemo
338 2893 345 2905 ‚
364 2881 391 2898 tu
400 2875 488 2900 tabulas
499 2894 507 2906 ‚
526 2881 553 2899 tu
557 2874 666 2907 familia.

110 2921 124 2945 5
131 2932 137 2937 .
156 2915 188 2937 Et
197 2911 287 2937 dubites
297 2911 323 2935 dc
332 2911 451 2943 poffiffione
461 2910 593 2941 detrahere,
603 2910 728 2944 adquirere
736 2909 873 2943 adfidcm?]
888 2909 931 2936 Est
943 2909 957 2935 ὰ
969 2908 1028 2935 mss'.

69 2947 229 2984 potioribus»,
241 2955 325 2982 neque
335 2945 390 2972 abit
401 2946 511 2972 nimium
523 2944 607 2972 editio
619 2953 706 2977 vetus,
716 2954 774 2980 qua:
786 2964 795 2977 ‚
805 2945 834 2975 &¹
843 2946 899 2970 dub.
910 2945 1028 2978 dcpoffeff.

69 2985 165 3009 den-ah.
175 2986 295 3016 acquirere
298 2983 381 3016 fidem.
399 2981 523 3018 deinceps
533 2982 636 3018 vulgati
647 3000 656 3014 ,
675 2983 704 3015 ὰ
712 2982 803 3008 dubites
813 2981 907 3016 aliquid
914 2981 1030 3015 depoffis-

62 3021 126 3055 fiune
136 3020 257 3044 detrahere
268 3038 277 3050 ‚
296 3019 400 3052 acfidcm
411 3021 544 3052 acquirere.

106 3056 134 3081 6.
155 3058 254 3080 Certare
262 3063 313 3079 cam
321 3054 522 3087 ufhrisfrufflbus
528 3054 692 3089 praeliorum]
715 3053 772 3080 Pal.
784 3052 834 3079 sec.
854 3053 884 3084 (θ’
894 3053 1026 3087 ftuflibur.

68 3090 205 3128 quomodo
215 3090 315 3116 exstare
324 3090 390 3116 item
400 3090 428 3117 in
440 3089 490 3117 iliis
499 3089 638 3117 adnotavit
649 3089 699 3125 Cuj
705 3099 745 3118 ac.
757 3089 804 3116 lib.
816 3098 873 3115 111.
884 3088 1026 3116 Obserrat.

31 3143 34 3146 ·
65 3137 97 3156 α
120 3148 125 3153 .
138 3135 183 3152 ¹⁸2.

95 3137 251 3200 {fufium
253 3162 308 3195 jam
317 3161 435 3193 afficffum,
441 3163 484 3195 sed
491 3169 570 3188 tamen
579 3164 744 3188 exercitatione
753 3161 892 3196 robustum]
904 3162 946 3188 Ita
956 3161 1026 3187 Pall-

69 3199 194 3237 &prima
204 3197 298 3225 editio.
316 3197 362 3226 alii
373 3196 429 3224 mss.
439 3198 554 3231 effitiunt.
574 3198 640 3226 editi
649 3198 779 3234 posterius
791 3217 800 3232 ,
819 3196 926 3225 brevius
938 3216 947 3231 ‚
961 3204 1030 3225 aare

1074 2558 1156 2576 cimo.

1109 2584 1138 2611 8.
1158 2588 1198 2612 Ex
1214 2585 1244 2611 iis
1261 2584 1360 2611 coloniis
1377 2593 1437 2618 quas·
1454 2582 1565 2616 Feficlis]
1587 2580 1656 2607 Pall.
1667 2586 1721 2606 tres
1732 2579 1832 2615 priores
1844 2577 2033 2604 &Vifihitcm

1073 2620 1150 2647 Basti.
1162 2620 1247 2648 codex
1259 2640 1268 2653 ,
1279 2622 1388 2653 Faesulas.
1402 2618 1472 2645 unde
1483 2618 1612 2651 conjicere
1623 2617 1670 2647 cst,
1681 2615 1808 2651 glossema
1818 2613 1880 2646 effe,
1891 2613 1923 2640 ad
1934 2623 2034 2650 provo-

1072 2656 1194 2684 cabulum
1204 2667 1266 2692 quar
1277 2676 1285 2688 ,
1305 2655 1377 2682 sicuti
1388 2654 1488 2681 dudum
1499 2653 1603 2680 monuit
1615 2653 1748 2678 Muretus.
1767 2651 1794 2676 ὅτ
1816 2659 1879 2676 vero
1894 2650 2034 2677 Manutius

1072 2692 1133 2720 ideo
1144 2703 1237 2720 vocem
1247 2693 1322 2720 istam
1333 2691 1487 2718 exturbavit
1496 2689 1571 2717 libris
1583 2688 1644 2714 fiiis.
1665 2697 1724 2715 nam
1735 2685 1881 2719 Lambino,
1895 2685 2033 2713 affirman-

1072 2729 1092 2755 ti
1105 2749 1114 2762 ‚
1134 2739 1186 2756 non
1198 2728 1318 2764 reperisse
1330 2728 1355 2754 in
1367 2727 1424 2753 mss.
1435 2727 1486 2753 iuis
1498 2727 1543 2754 vix
1554 2724 1644 2751 credo.

1108 2774 1138 2801 9.
1157 2766 1279 2791 Conari-aiii
1289 2764 1440 2797 apparatis]
1466 2763 1509 2788 Sic
1527 2761 1611 2795 major
1630 2769 1688 2796 pars
1709 2758 1767 2786 mss.
1786 2759 1937 2795 retinetque
1947 2757 2034 2785 editio

1071 2809 1145 2828 vetus
1157 2811 1165 2832 ;
1179 2801 1353 2831 recentiores,
1364 2799 1480 2829 comi-vis,
1493 2799 1664 2831 apparatibue,
1674 2806 1726 2822 non
1737 2796 1775 2823 ita
1785 2795 1874 2832 inepte
1886 2803 1985 2821 tamen.

1111 2846 1153 2864 10.
1173 2840 1202 2862 In
1220 2838 1293 2863 eodem
1305 2834 1579 2869 genereprxdatorum.]
1601 2834 1630 2859 Iu
1642 2832 1741 2859 Colon.
1753 2832 1930 2865 prediatorum.
1941 2831 1959 2857 ii
1971 2830 2032 2857 sunt

1070 2873 1115 2909 qni
1127 2873 1231 2909 proediis
1242 2871 1437 2899 cxaedificaiidis
1449 2871 1476 2895 S<
1487 2868 1641 2896 excolendis
1651 2876 1823 2905 occupantur.
1843 2868 1868 2893 in
1887 2867 1936 2893 hoc
1946 2866 2033 2903 igitur

1070 2919 1167 2944 genere
1177 2908 1354 2935 communiter
1365 2907 1389 2933 se
1400 2915 1497 2947 ponere
1507 2906 1545 2932 ait
1554 2906 1662 2932 colonos
1672 2904 1735 2932 illos
1757 2904 1887 2931 obaeratos
1907 2903 1936 2929 8<
1953 2912 2033 2939 agre-

1069 2946 1118 2972 stes
1131 2965 1140 2978 ,
1157 2944 1337 2980 direptionum
1349 2942 1468 2979 cupidos.
1488 2941 1663 2968 Gulielmius.

1111 2990 1119 3006 1
1130 2991 1152 3008 1.
1170 2981 1381 3014 Pro-scriptionibus
1398 2981 1506 3004 bonorum
1518 2977 1668 3013 defatigati]
1689 2975 1853 3005 Gulielmius
1872 2974 2032 3008 conjiciebat

1069 3017 1210 3050 difflztigati.

1109 3063 1117 3079 i
1124 3062 1152 3079 2.
1171 3056 1223 3078 Non
1232 3059 1282 3078 ram
1292 3053 1378 3076 milites
1388 3050 1465 3077 acreit
1475 3070 1483 3081 ,
1495 3048 1568 3084 qusint
1576 3051 1719 3084 infitiatores
1728 3049 1827 3084 lentos]
1849 3048 1906 3075 Pal.
1916 3047 1967 3074 sec.
1977 3057 2033 3075 non

1070 3089 1148 3116 habet
1159 3090 1174 3115 :i
1185 3089 1269 3124 prima
1281 3096 1358 3113 manu
1370 3086 1435 3113 illud
1447 3087 1532 3112 aereis.

1108 3134 1151 3165 ¹3·
1170 3127 1257 3150 Geni-re
1275 3124 1320 3157 ipsa
1339 3130 1410 3157 atque
1421 3125 1478 3148 vita
1489 3142 1498 3154 ,
1516 3122 1577 3156 quud
1592 3123 1712 3158 proprium
1722 3124 1757 3147 ef!
1765 3120 1899 3154 Catilium]
1922 3119 2036 3146 Divinat-

1070 3160 1233 3187 Gulielmius
1247 3179 1255 3189 ,
1274 3168 1359 3195 neque
1372 3158 1441 3185 male
1452 3157 1576 3196 profesto
1587 3178 1596 3190 ‚
1613 3161 1672 3185 vita
1685 3177 1692 3189 ,
1703 3159 1809 3191 Qirites
1815 3160 1937 3191 proprium
1946 3156 2036 3183 Catili-

1067 3207 1102 3225 ηε
1113 3216 1121 3231 ,
1132 3197 1161 3230 &⁶
1171 3196 1197 3223 de
1208 3196 1302 3223 ditem«.
1320 3204 1379 3223 nam
1390 3195 1449 3223 mss'.
1460 3194 1631 3259 sanci-‘aliquot
1639 3195 1749 3222 Catilinae
1758 3196 1801 3221 eft.
1935 3227 1984 3256 θ’
2021 3226 2026 3232 ,

1543 3240 1558 3259 0
1566 3240 1583 3259 G
1892 3236 1904 3257 Ι
1911 3247 1918 3256 .
1984 3233 2040 3254 am·

2072 1530 2115 1555 10
