2337 3400
120 112 216 179 962
526 106 596 154 M.
675 104 1036 152 Tri-Lati

121 192 283 233 Philippici
293 198 438 220 vocentur
452 208 459 221 ‚
483 187 563 228 quod
576 198 605 218 tu
616 186 742 228 quadam
755 185 878 227 epistola
888 185 991 224 jocans
1003 182 1072 215 scri-

124 236 211 277 psisti.
237 232 360 263 Duabus
370 231 456 260 rebus
467 239 590 268 egemus
601 250 609 262 ‚
629 231 738 259 Cicero
754 249 763 261 ,
777 228 902 267 pecunia
913 225 945 257 &
956 225 1075 265 supple-

125 286 231 307 m··n:o
244 286 248 302 ;
259 283 381 313 quirum
395 272 481 301 altera
491 270 583 310 poiest
593 269 642 300 abs
651 280 678 300 te
689 270 826 308 expediri
842 288 850 302 ‚
861 277 893 298 ut
903 267 1000 309 aliqua
1010 275 1074 308 pars

124 318 259 348 militum
285 314 371 343 istinc
386 315 518 342 mittatur
530 312 617 342 nobis
633 332 640 344 ,
661 311 708 341 vel
718 313 828 341 secreto
837 307 963 340 consilio
973 308 1077 338 adver-

127 360 175 389 sus
197 356 316 387 Pansam
331 374 338 387 ,
359 353 406 383 vel
425 353 543 383 aciione
557 356 589 383 in
603 354 703 383 senatu
715 363 719 381 :
731 353 819 382 altera
830 371 838 385 ‚
858 361 924 393 quae
934 352 1027 391 magis
1037 348 1079 380 est

125 397 293 430 necessaria,
307 405 404 435 neque
415 404 484 424 meo
494 396 640 425 exercitui
653 403 746 434 magis
756 414 764 428 ,
776 394 870 435 quam
881 393 1078 433 reliquorum.

128 443 198 471 Hoc
209 439 301 479 magis
311 437 400 467 doleo
412 435 508 466 Aliam
532 436 547 450 ⁸
558 437 574 450 “
596 446 623 466 at
636 439 666 466 in
677 435 775 466 Asiam
785 435 892 467 censeo
902 434 1078 475 persequen-

125 482 209 512 dum.
234 480 322 510 Nihil
333 479 409 508 mihi
421 478 529 508 videris
539 480 596 508 hoc
607 488 741 518 tempore
756 478 864 508 melius
875 476 1003 506 acturus.

371 522 561 550 CICERO
591 522 787 554 BRUTQ
811 522 839 550 S.

87 548 109 582 6
222 566 294 594 Uon
304 572 386 602 cgere
397 571 423 591 te
433 562 546 592 duabus
559 561 722 592 necessariis
730 562 818 592 rebus
831 560 933 592 scribis
943 580 953 594 ,
963 560 1080 601 supple-

223 613 328 634 mento
341 604 372 633 &
383 614 505 643 pecunia
518 624 526 637 ‚
540 602 664 634 difficile
675 602 834 634 consilium
845 602 896 633 est.
921 613 984 633 non
996 604 1079 632 enim

127 649 207 678 mihi
225 655 386 676 occurrunt
411 645 561 676 facultates
582 667 589 680 ,
610 646 719 687 quibus
738 655 781 676 uti
803 655 830 676 te
847 643 929 685 poss'e
947 644 1079 677 videam,

125 697 230 730 praeter
249 688 313 717 ill-is
325 707 333 720 ,
349 697 419 726 quas
437 688 551 718 senatus
561 688 711 721 decrevit,
734 697 765 718 ut
775 689 914 728 pecunias
926 687 940 717 a
952 687 1080 716 civitati—

126 731 182 761 bus
204 738 319 759 mutuas
338 729 480 759 sumeres.
506 731 553 759 De
573 730 781 769 supplemento
801 738 902 759 autem
915 738 978 758 non
991 727 1081 757 video

125 771 199 811 quid
221 769 283 801 fieri
294 769 390 810 poffit.
414 773 622 801 tantumenim
634 770 714 802 abest
727 791 734 804 ,
756 780 787 801 ut
799 771 888 802 Pansa
899 771 936 801 de
949 770 1079 800 exercitu

126 814 193 846 suo,
205 822 252 842 aut
262 810 373 842 dilectu
380 812 439 842 tibi
449 813 562 854 aliquid
573 814 679 843 tribuat
692 833 699 846 ‚
712 823 744 843 ut
758 822 846 843 etiam
859 811 985 842 moleste
996 809 1079 843 ferat,

126 863 187 885 tam
201 854 315 884 multos
326 854 360 884 ad
376 862 404 884 te
414 856 456 884 ire
466 856 652 885 voluntarios
665 855 837 896 :quomodo
847 854 970 895 quidem
980 851 1079 885 credo,

125 896 208 938 quod
229 898 274 926 his
294 895 399 928 rebus,
420 906 485 937 qua:
496 899 527 926 in
539 897 622 926 Italia
632 896 834 928 decernuntur
848 917 856 930 ‚
876 896 973 926 nullas
983 896 1082 934 copias

123 939 222 969 nimis
231 947 351 979 magnas
363 935 420 967 esse
430 938 595 968 arbitretur:
607 938 765 979 quomodo
777 948 877 968 autem
888 937 978 968 multi
989 936 1082 975 suspi-

123 989 230 1011 cantur
241 1000 250 1014 ,
271 979 355 1020 quod
376 989 414 1009 ne
425 989 451 1009 te
460 980 582 1020 quidem
596 981 679 1009 mmis
692 979 813 1018 firmum
822 978 880 1010 esse
893 979 982 1010 velit:
999 976 1081 1018 quod

124 1031 182 1063 ego
203 1031 267 1051 non
286 1021 423 1060 suspicor.
456 1021 545 1062 Qod
565 1021 665 1052 scribis
687 1031 714 1052 te
732 1021 769 1053 ad
793 1025 928 1052 Tertiam
945 1021 1081 1051 sororem

123 1061 266 1103 scripsisse
277 1082 285 1096 ,
309 1071 340 1092 ut
352 1072 389 1091 ne
400 1064 481 1102 prius
492 1063 612 1093 ederent
622 1073 654 1094 ea
663 1083 672 1097 ‚
684 1074 749 1105 quae
759 1063 837 1104 gesta
847 1063 862 1093 ὲ
871 1061 966 1094 Cassio
976 1059 1080 1093 essent,

124 1104 218 1146 quam
238 1106 315 1134 mihi
335 1104 433 1134 visum
453 1102 524 1134 esset
533 1124 541 1138 ‚
563 1105 652 1135 video
672 1115 700 1135 te
715 1114 846 1135 veritum
860 1103 918 1135 ess'e
930 1103 960 1133 id
973 1123 981 1136 ,
1000 1100 1081 1142 quod

124 1146 293 1183 verendum
306 1144 374 1179 fuit,
388 1155 425 1175 ne
437 1148 531 1176 animi
542 1149 668 1186 partium
680 1147 810 1181 Caefiiris,
821 1145 980 1187 quomodo
991 1146 1081 1173 etiam

123 1198 207 1219 nunc
230 1197 324 1227 partes
344 1187 528 1227 appellantur
549 1209 557 1222 ,
586 1190 782 1219 vehementer
799 1194 1080 1219 commoverentur.

123 1229 182 1261 Sed
194 1229 263 1259 ante
274 1239 363 1270 quam
375 1239 436 1259 tuas
447 1229 555 1260 litteras
570 1232 741 1271 accepimus
753 1250 762 1263 ‚
783 1229 880 1260 audita
892 1238 937 1259 res
948 1235 1026 1260 erat,
1047 1226 1081 1256 &

124 1271 312 1312 pervulgata:
335 1272 378 1301 tui
398 1273 486 1302 etiam
504 1271 647 1302 tabellarii
657 1272 691 1302 ad
707 1272 818 1302 multos
828 1271 1082 1302 familiareistuos

125 1313 237 1343 litteras
263 1312 429 1343 attulerant.
462 1315 560 1355 Qare
592 1323 692 1355 neque
712 1312 925 1353 supprimenda
943 1321 988 1342 res
1006 1318 1078 1343 erat>

125 1354 289 1395 praesertim
309 1353 380 1384 cum
402 1354 432 1384 id
447 1353 512 1385 fieri
523 1365 586 1385 non
596 1353 693 1396 posset
704 1375 712 1388 ,
737 1365 835 1396 neque
846 1354 865 1384 fi
876 1353 971 1395 poffet
985 1373 994 1387 ‚
1016 1361 1081 1381 1³0ss

125 1396 337 1437 divulgandam
358 1398 458 1436 potius
470 1417 478 1430 ‚
502 1396 593 1438 quam
604 1397 811 1428 occultandam
822 1405 1008 1437 putaremus.
1030 1394 1079 1423 De

124 1440 271 1469 Cicerone
283 1447 354 1468 meo
366 1457 374 1471 ‚
388 1436 439 1468 etsi
453 1447 569 1469 tantum
584 1438 627 1469 est
637 1441 670 1469 in
679 1448 715 1469 eo
724 1448 872 1480 quantum
882 1437 983 1469 scribis
992 1456 1000 1470 ‚
1015 1443 1081 1465 tan·

123 1488 190 1510 tum
201 1480 312 1510 scilicet
323 1499 330 1511 ‚
353 1488 500 1520 quantum
509 1479 625 1514 debeo,
645 1481 778 1521 gaudeo:
799 1478 864 1511 &si
877 1500 886 1513 ,
906 1478 990 1520 quod
1000 1485 1081 1509 amas

123 1530 196 1552 eum
207 1540 217 1553 ‚
237 1519 274 1550 co
284 1521 391 1560 majora
398 1520 471 1552 facis
483 1520 640 1562 :idipsum
651 1521 868 1553 incredibiliter
876 1520 990 1563 gaudeo
1000 1540 1011 1555 ,
1030 1518 1045 1549 ‘a
1054 1528 1083 1550 te

126 1571 198 1592 eum
211 1561 307 1602 diligi.

366 1604 571 1635 CICERO
601 1605 800 1640 BRUTO,
822 1608 851 1637 S.

90 1629 110 1663 7
230 1647 261 1674 U
274 1654 303 1674 Ξ
325 1645 430 1675 litterae
451 1654 504 1675 tuo
523 1649 652 1676 nomine
670 1649 798 1678 recitatae
817 1645 873 1678 sint
883 1645 929 1677 Id.
942 1646 1036 1687 April.
1050 1646 1082 1676 in

224 1686 322 1716 senatu
336 1705 347 1719 ,
364 1686 532 1727 eodemque
548 1696 683 1728 tempore
701 1691 828 1719 Antonii
850 1709 859 1722 ,
890 1688 978 1719 credo
998 1687 1033 1718 ad
1054 1696 1082 1718 te

127 1726 267 1768 scripsisse
288 1737 356 1757 tuos
369 1738 374 1756 :
394 1738 526 1768 quorum
547 1739 601 1770 ego
621 1731 740 1760 nemini
762 1730 906 1760 concedo.
930 1729 987 1760 Sed
1003 1729 1083 1759 nihil

126 1768 243 1800 necesse
254 1777 313 1799 erat
323 1768 424 1799 eadem
437 1772 557 1800 omneis
570 1781 574 1800 :
594 1771 670 1802 illud
684 1769 799 1802 necesse
810 1782 860 1802 me
869 1770 904 1802 ad
917 1779 944 1801 te
955 1771 1082 1801 scribere

127 1811 201 1852 quid
219 1811 358 1841 sentirem
376 1810 413 1841 de
431 1820 492 1842 tota
510 1811 729 1843 constitutione
746 1814 835 1853 hujus
857 1812 949 1846 belli,
976 1812 1009 1842 &
1022 1821 1083 1852 quo

123 1853 242 1893 judicio
261 1850 351 1882 essem
364 1871 374 1886 ‚
397 1862 512 1893 quaque
534 1854 689 1885 sententia.
713 1855 860 1884 Voluntas
877 1863 944 1884 mea
954 1872 963 1886 ³
983 1855 1083 1886 Brute,

132 1894 169 1924 de
181 1895 298 1925 summa
310 1903 372 1934 rep.
384 1894 500 1934 semper
511 1894 612 1925 eadem
625 1894 698 1929 suit,
721 1905 786 1936 quae
797 1905 862 1926 tua:
875 1897 949 1925 ratio
958 1893 1082 1940 quibus—

126 1935 197 1966 dam
217 1938 249 1966 in
266 1935 353 1966 rebus
375 1935 384 1974 (
398 1945 460 1966 non
479 1939 562 1966 enim
573 1937 737 1978 omnibus)
755 1937 857 1978 paullo
865 1935 984 1967 fortasse
993 1937 1086 1968 vehe-

127 1979 274 2008 mentior.
298 1979 360 2007 scis
377 1977 455 2007 mihi
467 1977 730 2018 semperplacuiffc
740 1989 804 2010 non
816 1989 882 2021 rege
892 1977 992 2009 solum
1005 1998 1013 2013 ,
1034 1977 1083 2008 sed

127 2029 220 2061 regno
241 2019 358 2049 liberari
378 2019 515 2060 rempub.
539 2023 588 2051 Tu
610 2020 709 2051 lenuis
730 2042 738 2055 ,
765 2021 934 2052 immortali
953 2021 1085 2051 omnino

125 2071 198 2092 cum
210 2070 258 2091 tua
267 2060 368 2091 laude:
388 2060 436 2091 sed
447 2061 519 2103 quid
530 2062 640 2092 melius
651 2060 742 2093 fuerit
752 2083 760 2097 ,
781 2072 891 2104 magno
901 2061 1005 2093 dolore
1017 2061 1084 2092 sen-

124 2101 219 2133 fimus
231 2122 239 2135 ‚
260 2112 369 2143 magno
391 2103 528 2142 periculo
550 2104 707 2134 sentimus.
730 2107 858 2136 Recenti
868 2104 924 2134 illo
934 2113 1082 2144 tempore,

125 2152 160 2175 tu
171 2145 275 2174 omnia
283 2144 318 2174 ad
328 2153 432 2184 pacem
445 2165 453 2178 ,
474 2155 540 2185 quae
548 2147 682 2176 oratione
692 2145 802 2177 confici
813 2156 876 2177 non
886 2155 1014 2187 poterat:
1026 2155 1082 2186 ego

125 2187 234 2216 omnia
242 2184 276 2215 ad
285 2185 449 2216 libertatern
465 2207 472 2219 ‚
493 2197 558 2226 qua:
569 2185 703 2229 sine-pace
713 2189 796 2219 nulla
805 2187 862 2219 est:
874 2197 976 2228 pacem
988 2187 1081 2228 ipsam

125 2224 210 2258 bello
219 2236 305 2268 atque
315 2237 404 2257 armis
413 2227 493 2258 effici
504 2228 584 2268 posse
594 2231 759 2260 arbitrabar.
773 2230 875 2261 Studia
886 2240 948 2260 non
959 2229 1084 2260 deerunt

124 2279 211 2301 arma
228 2269 435 2309 poscentium,
456 2280 584 2311 quorum
604 2269 789 2311 repressimus
801 2274 950 2311 impetum
962 2291 973 2305 ,
991 2271 1083 2302 ardo-

123 2321 250 2352 remque
259 2309 464 2341 restinximus.
488 2314 587 2352 Itaque
598 2322 644 2342 res
653 2315 685 2342 in
696 2323 767 2344 eum
782 2315 884 2344 locum
896 2322 1034 2345 venerat,
1049 2321 1081 2343 ut

125 2351 184 2383 nifi
196 2352 300 2383 Caesari
309 2351 476 2383 Ofilaviano
487 2353 559 2383 deus
569 2354 692 2394 quidam
703 2355 786 2384 illam
799 2364 933 2385 mentem
946 2352 1081 2388 dedisset,

124 2393 159 2425 i'n
177 2393 351 2434 potestatem
370 2392 560 2434 perditissimi
573 2397 708 2426 hominis
721 2416 729 2429 ‚
754 2396 1083 2436 &turpiffimiM.An—

127 2438 206 2467 tonii
228 2435 415 2466 veniendum
434 2435 540 2467 fuerit:
558 2446 689 2477 quocum
701 2437 784 2468 vides
794 2439 851 2469 hoc
861 2446 995 2477 tempore
1005 2439 1082 2476 ipso,

126 2477 207 2519 quod
218 2477 261 2511 sit,
273 2487 480 2519 quantumque
489 2487 648 2509 certamen.
672 2479 706 2509 1d
716 2477 856 2519 profesio
866 2480 986 2509 nullum
998 2477 1079 2511 effer,

126 2517 183 2549 nisi
205 2528 269 2550 tum
280 2520 468 2550 conservatus
481 2518 551 2550 esset
563 2522 726 2551 Antonius.
748 2520 805 2551 Sed
817 2521 878 2551 haec
889 2521 1012 2551 omitto.
1036 2530 1082 2550 res

125 2563 212 2591 enim
223 2561 239 2592 a
249 2570 276 2592 te
286 2559 363 2602 gesta
375 2562 594 2596 memorabilis,
606 2562 638 2592 &
648 2562 735 2602 paene
745 2563 1001 2603 caeleitis‚repellit
1010 2572 1081 2592 om-

127 2605 193 2632 neis
204 2601 455 2642 reprehensiones:
485 2605 574 2644 uippe
584 2614 648 2645 quae
658 2614 696 2635 ne
708 2604 795 2635 laude
806 2604 929 2645 quidem
939 2605 1008 2635 satis
1016 2604 1082 2634 ido-

129 2653 183 2674 nea
202 2643 280 2675 affici
297 2642 393 2685 possit.
416 2648 462 2676 Ex
492 2646 564 2676 itisti
574 2654 670 2687 nuper
677 2647 763 2677 vultu
774 2646 890 2677 severo:
901 2648 1077 2680 exercitum,

127 2685 238 2725 copias,
255 2686 389 2726 legiones
406 2687 529 2718 idoneas
550 2697 639 2728 perte
648 2688 878 2728 brevitempore
889 2686 1078 2729 comparasti.

130 2727 185 2756 Dii
203 2728 389 2758 immortales
402 2748 410 2762 ‚
430 2732 480 2769 qui
500 2729 552 2759 ille
561 2731 704 2764 nuntius,
722 2731 855 2771 quaeillae
868 2730 992 2764 litterae,
1014 2739 1080 2771 quae

127 2767 231 2813 laetitia
241 2769 354 2800 senatus
365 2790 374 2803 ‚
394 2780 459 2811 quae
469 2771 599 2802 alacritas
609 2773 738 2803 civitatis
749 2780 809 2803 erat
821 2774 826 2801 !
847 2772 925 2802 nihil
935 2782 1080 2812 umquam

129 2808 195 2837 vidi
205 2818 264 2840 tam
274 2814 417 2841 omnium
430 2809 625 2844 consensione
635 2813 799 2844 laudatum.
822 2816 891 2845 Erat
898 2814 1081 2854 exspek’tatio

130 2849 321 2889 reliquiarum
339 2856 466 2884 Antonii
479 2865 484 2882 :
502 2863 594 2895 quem
606 2857 737 2896 equitatu
748 2875 758 2890 ‚
779 2855 1008 2897 legionibusque
1018 2865 1082 2886 ma-

130 2899 188 2929 gna
197 2901 234 2920 ex
242 2901 319 2938 parte
330 2894 474 2933 spoliaras.
497 2905 530 2926 ea
538 2906 655 2937 quoque
666 2897 770 2928 habuit
778 2900 895 2928 exitum
906 2897 1081 2938 optabilem.

132 2933 213 2978 Nam
225 2942 284 2978 tuat⁸
293 2934 393 2965 litterae
402 2945 467 2976 quae
477 2939 602 2968 recitatae
613 2941 644 2968 in
655 2939 758 2969 senatu
768 2939 785 2969 s
783 2948 836 2969 unt
846 2958 856 2973 ‚
878 2939 1083 2980 &imperato-

130 2982 172 3019 ris
181 2972 355 3020 consilium,
368 2976 399 3006 &
412 2979 545 3009 militum
559 2980 749 3015 virtutem,&
758 2980 936 3012 industriam
947 2990 1082 3015 tuorum,

129 3024 164 3044 in
173 3013 282 3062 quibus
291 3016 447 3063 Ciceronis
460 3022 539 3052 mei,
551 3021 710 3053 declarant.
733 3022 824 3064 Qod
832 3021 852 3053 fi
862 3025 921 3054 tuis
929 3021 1085 3063 placuisset

130 3054 167 3097 de
187 3057 234 3087 his
257 3057 362 3087 litteris
372 3057 496 3093 referri,
516 3061 549 3090 &
561 3061 614 3092 nisi
626 3065 658 3094 in
668 3073 787 3104 tempus
797 3063 1085 3096 turbulent'iffimum

128 3095 197 3137 post
208 3097 366 3129 discessum
377 3101 480 3145 l³ansae
489 3102 621 3133 consulis
637 3104 826 3141 incidissent,
854 3107 953 3138 honos
966 3115 1086 3148 quoque

121 3137 221 3179 Justus
233 3159 242 3177 2
261 3139 294 3174 ὅς
312 3139 438 3173 debitus
460 3141 517 3175 diis
528 3143 754 3180 immortalibus
765 3147 899 3182 decretus
910 3147 989 3183 esset.
1012 3150 1088 3183 Ecce

1117 106 1655 157 Cicznonis

1118 188 1173 221 tibi
1186 188 1262 220 Idib.
1275 187 1371 229 April.
1382 188 1499 219 advolat
1508 188 1597 219 mane
1608 190 1686 220 celer
1694 190 1844 233 Pilus‚qui
1855 193 1901 224 vir
1912 194 1917 224 t
1930 191 1972 224 dii
1982 191 2071 227 boni,

1119 230 1210 272 quam
1231 231 1346 272 gravis!
1364 240 1452 271 quam
1473 229 1611 260 constans
1627 233 1633 259 l
1660 232 1749 273 quam
1762 234 1910 268 bonarum
1927 238 1958 266 in
1968 236 2073 275 repub.

1121 274 1271 313 partium!
1297 273 1355 303 Hic
1375 270 1513 312 epistolas
1532 269 1616 302 affert
1634 272 1724 308 duas,
1747 285 1837 306 unam
1859 287 1911 307 tuo
1931 280 2072 310 nomine,

1121 316 1240 345 alteram
1253 315 1392 344 Antonii.
1416 313 1464 343 dat
1481 312 1610 342 Servilio
1622 332 1632 347 ‚
1651 315 1763 346 tribun.
1774 318 1854 358 pltb.
1866 319 1917 349 ille
1929 321 2077 349 Cornuto:

1122 359 1282 387 recitantur
1291 359 1325 386 in
1335 355 1575 386 senatu.·ANwN
1582 362 1631 383 tus
1643 365 1772 389 paocos.
1785 369 1890 401 magna
1901 360 2073 392 admiratio,

1125 408 1158 429 ut
1168 397 1187 428 sl
1198 396 1272 428 ess'et
1281 399 1449 430 recitatum,
1461 398 1670 426 DOLABELLA
1682 407 1878 431 IMPERATOR
1894 423 1901 436 ‚
1913 403 1928 433 a
1938 412 1998 443 quo
2008 403 2075 442 qui-

1123 440 1192 471 dem
1213 448 1357 470 venerant
1373 438 1535 469 tabellarii:
1557 436 1605 467 sed
1622 447 1715 468 nemo
1729 440 1918 477 Pilifirnilis,
1938 446 1990 485 qui
2004 453 2076 483 pio-

1123 482 1197 512 ferrc
1221 482 1331 511 litteras
1340 480 1461 511 auderet
1474 499 1485 514 ,
1503 487 1553 509 aut
1563 477 1781 520 magistratibus
1791 483 1920 515 reddere.
1943 490 2018 516 Tua:
2031 495 2079 516 re-

1122 526 1266 557 citantur,
1287 523 1392 554 breves
1401 522 1460 552 illae
1469 520 1593 562 quidem
1605 540 1613 555 ‚
1627 520 1716 552 sedin
1728 525 1896 555 Antonium
1909 526 2076 557 admodum

1125 566 1207 596 lenes
1227 576 1234 594 :
1254 566 1449 595 vehementer
1471 563 1632 594 admiratus
1651 563 1774 595 senatus.
1798 568 1875 596 mihi
1896 577 1992 598 autem
2015 577 2078 598 non

1125 617 1183 638 erat
1201 607 1384 647 explicatum
1400 627 1408 639 ,
1429 605 1503 647 quid
1514 614 1642 645 agerem.
1665 604 1749 636 falsas
1760 606 1912 638 dicerem?
1932 608 2032 650 quidsi
2047 619 2079 640 tu

1126 659 1173 680 eas
1194 647 1379 689 approbasses
1397 651 1409 677 ?
1426 645 1661 678 confirmarem?
1680 658 1743 678 non
1761 658 1821 679 erat
1840 649 1993 691 dignitatis
2011 660 2078 681 tuae.

1123 692 1219 732 itaque
1240 691 1291 720 ille
1301 690 1367 720 dies
1377 688 1506 720 silentio.
1528 686 1674 719 Postridie
1683 699 1782 720 autem
1794 689 1865 721 cum
1876 692 1974 722 sermo
1985 694 2081 722 incre·

1124 730 1267 766 bruiffet,
1287 732 1428 772 Pilusque
1447 730 1554 761 oculos
1572 731 1784 762 vehementius
1803 733 1965 764 hominum
1976 731 2075 764 offen-

1124 772 1229 807 disset,
1254 783 1358 805 natum
1377 774 1509 804 omnino
1526 770 1570 802 est
1589 773 1773 812 principium
1794 774 1809 804 a
1822 784 1883 804 me.
1907 777 1955 805 De
1964 775 2080 815 procos.

1124 818 1261 847 Antonio
1285 817 1396 846 multa:
1414 816 1538 846 Sextius
1556 812 1649 844 causae
1664 824 1729 847 non
1739 813 1844 845 defuit.
1867 815 1937 847 Post
1948 826 2078 847 mecum:

1124 867 1237 899 quanto
1257 859 1344 889 suum
1363 856 1461 887 filium
1474 876 1482 890 ,
1503 863 1616 896 quanto
1638 866 1742 887 meum
1754 858 1785 887 in
1798 859 1933 897 periculo
1942 857 2080 889 futurum

1124 901 1264 935 duceret,
1285 898 1305 930 si
1318 907 1422 930 contra
1435 896 1552 939 procos·
1563 906 1643 928 arma
1654 895 1796 929 tuliss'ent.
1818 898 1898 930 nosti
1909 901 2080 930 hominem:

1125 943 1218 972 causae
1235 952 1299 972 non
1317 940 1421 972 defuit.
1445 941 1697 970 Dixeruntetiam
1708 939 1768 970 alii.
1792 940 1892 971 Labeo
1900 940 1973 972 verb
1984 940 2083 971 noster

1125 994 1181 1013 nec
1192 982 1306 1024 signum
1316 992 1402 1014 tuum
1417 984 1451 1012 in
1462 979 1586 1021 epistola
1598 1001 1606 1014 ,
1626 991 1682 1011 nec
1695 981 1776 1012 diem
1789 981 1954 1023 appositum
1966 1003 1974 1016 ‚
1986 993 2042 1013 nec
2053 992 2081 1012 te

1126 1024 1263 1066 scripsisse
1281 1025 1316 1056 ad
1338 1033 1404 1055 tuos
1416 1044 1424 1057 ,
1445 1033 1478 1053 ut
1496 1022 1614 1052 soleres.
1638 1023 1695 1054 hoc
1713 1033 1817 1065 cogere
1840 1024 1976 1057 volebat,
1995 1024 2082 1054 falsas

1127 1067 1236 1097 litteras
1253 1065 1311 1096 effe
1322 1085 1331 1099 ,
1344 1066 1377 1096 &
1388 1064 1409 1094 fi
1420 1065 1543 1105 quaer'is,
1555 1062 1706 1103 probabat.
1732 1067 1823 1096 Nunc
1835 1075 1921 1097 tuum
1934 1065 1975 1096 est
1984 1065 2081 1096 consi-

1126 1109 1222 1142 lium,
1245 1110 1352 1141 Brute,
1373 1106 1409 1136 de
1426 1115 1491 1136 toto
1510 1114 1617 1145 genere
1636 1103 1719 1135 belli.
1743 1106 1842 1138 Video
1857 1117 1884 1138 te
1901 1108 2018 1136 lenitate
2029 1107 2082 1137 de-

1127 1149 1226 1180 leta-ari
1240 1168 1248 1183 ,
1270 1149 1303 1179 &
1322 1158 1394 1178 cum
1410 1156 1509 1188 putare
1519 1144 1653 1176 frustum
1664 1145 1721 1177 efl'e
1732 1151 1925 1179 maximum:
1944 1149 2080 1189 praeclare

1126 1191 1251 1231 quidem
1264 1210 1273 1225 ,
1292 1189 1342 1221 sed
1353 1190 1419 1221 aliis
1430 1189 1519 1219 rebus
1538 1207 1546 1221 ,
1557 1188 1624 1218 aliis
1634 1189 1820 1229 temporibus
1834 1191 1917 1221 locus
1926 1190 1983 1221 esse
1994 1191 2080 1223 solet,

1125 1233 1273 1274 debetque
1291 1231 1470 1262 clementiae.
1502 1231 1595 1260 Nunc
1612 1228 1684 1270 quid
1702 1232 1798 1271 agitur
1814 1232 1903 1262 Brute
1928 1236 1937 1261 ?
1961 1233 2084 1273 templis

1126 1273 1254 1305 deorum
1285 1273 1510 1304 immortalium
1526 1272 1672 1302 imminet
1690 1273 1855 1304 hominurn
1873 1274 2027 1314 egentium
2049 1274 2082 1304 ὃς

1127 1316 1160 1346 &
1178 1317 1365 1356 perditorum
1383 1315 1470 1356 spes,
1489 1323 1545 1344 nec
1565 1313 1729 1355 quidquam
1748 1313 1828 1345 aliud
1846 1314 2014 1346 decernitur
2026 1315 2084 1346 hoc

1127 1357 1209 1388 bello
1221 1377 1230 1393 ,
1247 1355 1303 1388 nifi
1321 1356 1426 1388 utrum
1448 1355 1552 1388 simus,
1574 1364 1679 1385 necne.
1702 1357 1908 1396 cuiparcimus
1920 1377 1928 1390 ,
1948 1357 2081 1398 autquid

1125 1403 1263 1440 agimus?
1285 1401 1342 1429 His
1361 1408 1430 1440 ergo
1446 1396 1657 1431 consulimus,
1677 1397 1786 1438 quibus
1806 1396 1971 1429 viaoribus
1992 1397 2085 1429 vesti-

1124 1443 1209 1481 gium
1230 1439 1369 1472 nostrum
1391 1440 1512 1472 nullum
1530 1439 1742 1479 relinquetur?
1769 1442 1849 1470 Nam
1869 1440 1941 1481 quid
1961 1438 2084 1471 interest

1124 1484 1203 1513 inter
1222 1483 1414 1513 Dolabellam
1427 1501 1438 1514 ‚
1458 1481 1491 1511 &¹
1509 1483 1650 1520 quemvis
1659 1483 1866 1512 Antoniorum
1877 1484 1989 1513 trium?
2006 1491 2084 1522 quo-

1125 1534 1194 1554 rum
1204 1523 1275 1555 ficui
1291 1525 1439 1564 parcimus
1450 1542 1458 1557 ,
1480 1521 1547 1552 duri
1558 1520 1672 1553 fuimus
1683 1524 1716 1552 in
1727 1522 1894 1554 Dolabella.
1919 1526 1992 1554 Haec
2001 1533 2033 1553 ut
2043 1525 2083 1554 ita

1127 1567 1247 1597 sentiret
1264 1566 1401 1599 senatus,
1419 1564 1605 1605 populusque
1624 1565 1719 1595 Rom.
1743 1562 1794 1595 etsi
1808 1574 1854 1595 res
1873 1565 1934 1606 ipsa
1943 1565 2078 1606 cogebat,

1127 1616 1228 1638 tamen
1245 1609 1380 1638 maxima
1391 1615 1429 1637 ex
1438 1615 1516 1647 parte
1529 1604 1632 1636 nostro
1642 1602 1769 1636 consilio
1781 1627 1789 1640 ‚
1810 1615 1896 1648 atque
1906 1606 2083 1637 austeritate

1126 1648 1295 1690 perfeetum
1304 1648 1358 1679 est.
1381 1651 1431 1682 Tu
1441 1646 1463 1678 fi
1470 1649 1546 1678 hanc
1555 1649 1704 1678 rationem
1716 1658 1780 1678 non
1789 1649 1907 1688 probas,
1920 1657 2001 1679 tuam
2012 1648 2082 1678 sen-

1127 1695 1251 1721 tentiam
1264 1690 1423 1722 defendam
1436 1709 1444 1724 ,
1457 1699 1520 1720 non
1534 1689 1701 1730 relinquam
1713 1699 1825 1720 meam.
1848 1700 1946 1731 neque
1956 1688 2083 1720 diss'olu-

1127 1742 1191 1762 tum
1211 1733 1227 1763 a
1246 1742 1273 1763 te
1292 1732 1459 1773 quidquam
1478 1732 1621 1761 homines
1631 1727 1823 1770 exspeEtant,
1844 1741 1942 1772 neque
1951 1730 2081 1762 crudele.

1128 1775 1228 1813 Hujus
1252 1776 1294 1804 rei
1313 1775 1482 1804 moderatio
1502 1771 1596 1802 facilis
1606 1770 1667 1806 est,
1687 1774 1761 1802 utin
1769 1772 1848 1802 duces
1859 1775 2022 1803 vehemens
2035 1771 2082 1806 sis,

1127 1817 1161 1846 in
1181 1814 1437 1845 militesliberalis.
1459 1815 1640 1844 Ciceronem
1651 1823 1778 1848 meum,
1800 1816 1945 1845 miBrute
1958 1834 1967 1848 ,
1988 1814 2084 1847 velim

1127 1855 1216 1897 quam
1237 1855 1406 1897 plurimum
1424 1865 1524 1886 tecum
1543 1854 1660 1886 habeas.
1681 1857 1809 1886 Virtutis
1819 1855 2007 1896 disciplinam
2018 1865 2085 1885 me-

1129 1899 1237 1929 liorem
1255 1899 1383 1939 reperiet
1397 1898 1513 1928 nullam
1525 1917 1535 1931 ‚
1556 1897 1648 1938 quam
1665 1897 1954 1939 contemplationem
1968 1918 1977 1932 ,
1996 1906 2084 1939 atque

1127 1941 1333 1972 imitationem
1345 1942 1401 1971 tui.
1413 1949 1451 1970 xx
1460 1949 1471 1969 1
1481 1949 1505 1969 1.
1517 1939 1644 1969 Kalend.
1656 1941 1716 1979 Maj
1722 1941 1742 1970 i.

1345 1983 1537 2013 CICERO
1558 1982 1810 2016 OCTAVIO,
1835 1985 1866 2013 S.

1171 2025 1233 2054 Haec
1243 2022 1353 2066 epistola
1361 2033 1413 2054 non
1423 2022 1466 2054 eft*
1478 2025 1499 2052 C
1499 2024 1606 2052 iceronis
1616 2034 1627 2050 :
1640 2023 1690 2063 sed
1705 2023 1892 2054 declamatoris
1908 2021 2040 2063 alicujus.

1137 2064 1200 2142 Sl
1221 2075 1272 2106 per
1291 2075 1353 2097 tuas
1371 2066 1506 2106 legiones
1525 2066 1603 2094 mihi
1617 2065 1735 2095 licitum
1745 2063 1845 2096 fuiffet
1857 2085 1867 2100 ,
1885 2075 1951 2106 quae
1961 2066 2085 2096 nomini

1188 2117 1258 2138 meo
1270 2127 1279 2141 ‚
1290 2108 1513 2148 populoqueR.
1526 2107 1595 2137 sunt
1603 2105 1816 2138 inimiciffimae
1826 2126 1835 2140 ‚
1846 2109 1949 2138 venire
1959 2110 1991 2138 in
2002 2107 2087 2137 sena-

1129 2158 1194 2179 tum
1206 2169 1215 2183 ‚
1232 2159 1393 2191 coramque
1413 2149 1450 2179 de
1469 2158 1532 2189 rep.
1555 2147 1724 2189 disputare,
1742 2146 1895 2180 fecissem:
1914 2158 2011 2190 neque
2021 2158 2084 2179 tam

1129 2191 1278 2225 libenter,
1294 2189 1569 2232 quamnecess'ario.
1593 2200 1709 2221 NULLA
1719 2193 1976 2231 enim-nnmerum
1991 2209 2000 2224 ,
2018 2200 2084 2231 quae

1129 2233 1304 2264 vulneribus
1323 2232 1520 2267 adhibentur,
1540 2241 1599 2263 tam
1610 2231 1889 2267 faciuntdolorem,
1907 2232 1997 2273 quam
2017 2241 2084 2272 quae

1129 2275 1199 2305 sunt
1216 2275 1360 2306 salutaria.
1382 2274 1440 2306 Sed
1459 2276 1606 2315 quoniam
1623 2274 1798 2305 cohortibus
1821 2276 1942 2304 armatis
1950 2275 2083 2304 circum·

1129 2317 1234 2357 saeptus
1250 2317 1364 2348 senatus
1377 2336 1386 2351 ,
1408 2317 1488 2346 nihil
1504 2315 1586 2346 aliud
1595 2315 1663 2345 vere
1675 2313 1771 2356 potest
1781 2315 1938 2346 decernere
1953 2335 1962 2349 ,
1983 2314 2037 2345 nlsl
2049 2316 2089 2345 ti-

1129 2368 1221 2388 mere.
1243 2360 1280 2388 In
1295 2358 1445 2398 Capitolio
1455 2356 1534 2398 signa
1543 2357 1622 2390 sunt,
1636 2359 1669 2387 in
1679 2357 1750 2387 urbe
1761 2358 1875 2387 milites
1885 2365 2036 2398 vagantur,
2049 2358 2086 2387 in

1128 2402 1242 2439 Campo
1252 2398 1342 2430 castra
1351 2408 1508 2440 ponuntur
1519 2418 1528 2433 ,
1541 2398 1573 2429 δε
1582 2398 1665 2429 Italia
1675 2407 1736 2429 tota
1746 2419 1754 2432 ,
1768 2399 1938 2440 legionibus
1947 2399 1982 2429 ad
1994 2399 2086 2429 liber-

1128 2449 1221 2471 tatem
1235 2439 1368 2471 nostram
1382 2441 1558 2481 conscriptis
1568 2459 1577 2474 ,
1599 2439 1634 2470 ad
1645 2440 1820 2471 servitutem
1831 2439 1967 2471 adduffis
1977 2460 1986 2475 ,
1998 2441 2086 2481 equi·

1127 2490 1248 2522 tatuque
1269 2491 1437 2513 exterarum
1458 2484 1617 2512 nationum
1630 2501 1640 2516 ,
1661 2481 1835 2513 destinetur.
1857 2482 1962 2514 cedam
1984 2481 2083 2512 tibiin

1125 2524 1280 2563 pxaesentia
1288 2523 1368 2558 foro,
1379 2525 1471 2557 curia,
1484 2522 1516 2554 &
1526 2521 1714 2554 sanetiffimis
1724 2523 1850 2555 deorum
1862 2523 2083 2554 immortalium

1128 2565 1251 2605 templis
1270 2576 1276 2594 τ
1298 2567 1331 2596 in
1350 2565 1460 2606 quibus
1472 2584 1480 2599 ,
1501 2565 1696 2596 reviviscente
1711 2566 1775 2605 jam
1792 2566 1925 2596 liberate
1943 2585 1953 2599 ,
1973 2564 2083 2595 deinde

1125 2607 1222 2637 rursus
1239 2606 1371 2647 oppressa
1389 2626 1399 2642 ,
1420 2607 1538 2637 senatus
1559 2607 1639 2637 nih-il
1656 2605 1819 2638 consulitur
1839 2627 1848 2641 ‚
1869 2609 1956 2638 timet
1975 2606 2082 2639 multa,

1125 2647 1273 2686 affintitur
1291 2649 1396 2679 omnia.
1419 2647 1486 2689 post
1494 2650 1584 2679 etiam
1595 2649 1697 2689 paullo
1707 2669 1717 2683 ,
1732 2649 1922 2689 tem-poribus
1931 2650 1970 2678 ita
1981 2645 2086 2688 postu-

1126 2691 1255 2721 lantibus
1267 2709 1277 2725 ,
1297 2690 1402 2721 cedam
1413 2691 1485 2721 urbe
1496 2700 1601 2731 :quam
1615 2700 1667 2731 per
1679 2701 1730 2722 me
1739 2691 1940 2722 conservatam
1956 2708 1965 2723 ,
1974 2698 2005 2719 ut
2015 2687 2086 2719 esset

1128 2732 1239 2767 libera,
1267 2734 1301 2763 in
1320 2731 1459 2763 servitute
1477 2733 1580 2763 videre
1590 2742 1655 2763 non
1665 2741 1782 2772 potem.
1804 2731 1906 2762 cedam
1919 2733 1977 2761 vita
1990 2750 1999 2765 ‚
2016 2740 2086 2771 quae

1126 2784 1309 2815 quamquam
1320 2774 1446 2805 sollicita
1455 2773 1498 2805 est
1510 2793 1520 2808 ‚
1542 2782 1643 2805 tamen
1655 2793 1664 2808 ,
1675 2772 1858 2814 siprofutura
1866 2770 1908 2802 est
1917 2773 1989 2812 reip.
2004 2771 2085 2802 bona

1127 2817 1177 2856 spe
1186 2815 1365 2856 posteritatis
1376 2825 1426 2846 me
1435 2815 1620 2846 consolatur:
1640 2825 1699 2860 qua
1706 2814 1828 2848 sublata,
1839 2823 1903 2843 non
1914 2813 2085 2844 dubitanter

1128 2857 1265 2888 occidam
1277 2878 1287 2892 ‚
1305 2867 1392 2899 atque
1410 2859 1451 2888 ita
1463 2856 1567 2887 cedam
1579 2875 1588 2890 ‚
1607 2865 1640 2887 ut
1648 2860 1770 2886 tortuna
1776 2855 1893 2896 judicio
1903 2865 1974 2885 meo
1989 2876 1997 2888 ‚
2018 2863 2084 2885 non

1128 2900 1249 2930 animus
1271 2901 1350 2930 mihi
1368 2897 1493 2929 defuisse
1502 2897 1645 2928 videatur.
1668 2896 1749 2928 Illud
1759 2895 1833 2927 veto
1845 2916 1853 2931 ,
1874 2896 1956 2938 quod
1965 2897 1997 2927 &
2009 2906 2085 2937 prae-

1131 2941 1222 2972 sentis
1241 2941 1357 2972 doloris
1367 2939 1410 2971 est
1419 2939 1566 2970 indicium
1579 2958 1589 2972 ,
1610 2938 1643 2968 &
1677 2940 1809 2969 raeteritae
1821 2939 1937 2978 injuriae
1949 2937 2086 2977 testimo-

1132 2985 1233 3017 nium,
1245 2983 1278 3014 &
1288 2983 1454 3015 absentium
1464 2979 1535 3011 sens
1533 2989 1566 3009 us
1575 2977 1646 3021 signi
1672 2981 1760 3014 catio,
1771 2990 1836 3011 non
1844 2982 2084 3021 praetermittam,

1154 3026 1208 3055 uin
1219 3045 1229 3058 ‚
1249 3025 1397 3065 quoniam
1405 3020 1546 3053 coram-id
1555 3020 1650 3052 facere
1658 3022 1821 3062 prohibeor
1831 3042 1840 3056 ,
1850 3023 1953 3054 absens
1963 3020 2084 3062 profim:

1159 3065 1282 3107 quidem
1295 3073 1361 3094 mea
1370 3063 1446 3094 salus
1459 3072 1509 3094 aut
1517 3063 1601 3093 utilis
1609 3066 1682 3104 reip.
1695 3063 1736 3095 est
1746 3083 1755 3099 ,
1773 3074 1823 3095 aut
1833 3063 1996 3104 conjuncta
2003 3065 2082 3095 certe

1159 3107 1264 3138 ublicae
1272 3106 1366 3137 saluti.
1389 3107 1472 3136 Nam
1484 3124 1492 3139 ,
1503 3114 1555 3145 per
1563 3103 1655 3136 desim
1668 3106 1889 3138 immortalium
1902 3104 1992 3137 fidem
2008 3104 2086 3146 (qifi

1155 3147 1219 3182 orte
1236 3145 1340 3183 frustra
1356 3156 1409 3183 eos
1418 3147 1535 3191 appello
1545 3165 1555 3185 ,
1577 3156 1712 3190 quorum
1722 3157 1804 3182 aures
1816 3167 1827 3185 ,
1845 3156 1931 3190 atque
1941 3147 2090 3220 ιωὶωυξῇ

2000 3197 2043 3221 ΠΟ
2065 3198 2093 3223 ιδ
