2301 3395
246 121 312 194 38
660 114 1156 171 Νῶ-Τυιιαι

1234 111 1736 170 C1CERoNis

241 221 310 246 tur.
337 208 432 245 Cum
453 189 567 244 autem
583 206 697 257 plures
716 207 822 243 libi-os
839 206 883 242 de
897 205 1047 253 Legibus
1064 202 1207 253 scripfis-
1261 202 1295 239 in
1311 206 1528 253 Lycaoniam
1541 205 1582 241 ad
1596 205 1758 241 Iconium
1770 204 1804 241 in
1818 203 1923 242 castra
1935 204 2052 246 venit,
2063 205 2220 254 epist.i6.·

242 259 290 295 set
303 284 312 300 ‚
332 258 375 295 ad
395 270 459 293 nos
480 268 548 294 tres
570 268 707 293 tantum
722 282 731 297 ‚
753 256 846 304 iique
866 254 1014 290 mutilati
1036 265 1206 302 pervene-
1253 255 1287 288 ὃ(
1306 252 1526 301 sequentibus
1548 255 1607 291 lib.
1624 266 1656 296 5.
1692 254 1733 290 ad
1755 254 1855 290 Attic·
1874 257 1909 291 &
1929 254 2022 302 epist.
2036 268 2065 298 4.
2084 255 2160 291 libr.
2179 268 2187 291 ι
2198 267 2219 298 5

243 319 337 344 runt.
387 307 530 343 FaSturn
553 319 646 342 anno
678 306 850 351 superiore
873 302 1205 340 senatusconsultum

240 367 317 392 erat
328 381 338 395 ‚
360 369 406 392 ne
428 355 503 405 quis
518 354 698 403 praetorius
719 363 776 389 aut
797 352 981 389 consularis
1000 353 1090 388 intra
1101 351 1205 400 quin·

240 404 440 457 quennium
454 404 487 440 in
503 404 720 452 provinciam
735 402 784 437 ire
797 401 905 450 poffet
917 425 926 440 ‚
949 413 988 438 ut
1002 401 1069 437 Dio
1081 401 1137 436 lib.
1151 413 1205 443 40.

242 454 371 490 1cribit.
395 456 474 490 Hoc
488 454 520 487 S.
531 453 571 488 C.
585 453 633 489 ire
643 452 679 486 in
692 450 886 498 provincias
897 450 1008 486 coaffl
1021 450 1099 486 sunt
1112 474 1121 488 ‚
1146 449 1205 498 qui

240 503 279 539 iii
293 516 348 540 eas
361 515 404 540 ex
419 513 565 549 praetura
577 525 586 539 ‚
599 510 657 536 aut
670 512 713 536 ex
725 499 905 536 consulatu
918 511 990 534 non
1003 499 1149 535 iverant.
1170 499 1205 533 in

243 553 298 588 his
313 563 385 589 erat
399 554 448 587 M.
462 550 624 587 Tullius:
651 547 751 597 cujus
764 549 834 584 sors
857 548 940 583 cum
962 547 1095 596 dejegm
1115 547 1206 587 esset,

242 601 368 637 Cilicia
381 599 560 648 provincia
578 598 763 634 consularis
779 610 862 633 cum
874 597 1029 634 exercitu
1049 596 1208 646 peditum

243 661 314 686 xii.
328 649 399 685 mil.
413 648 573 696 equitum
585 646 697 684 duum
711 646 783 682 mil.
796 658 855 682 nc.
867 647 898 682 ei
910 646 1056 682 obvenit
1067 673 1075 686 ‚
1086 647 1209 682 auno-

242 712 281 735 re
295 699 490 734 Plutarcho·
517 696 643 733 Cicero
654 696 687 732 se
706 708 835 731 nomen
847 705 986 731 tantum
998 696 1147 730 duarum
1161 694 1210 730 le-

240 748 392 794 gionum
405 745 556 782 habuisse
567 769 576 783 ‚
597 744 644 781 ait
653 744 747 793 epist.
767 756 817 786 15.
830 744 924 786 lib.5.
935 744 976 779 ad
987 746 1058 779 Att.
1072 746 1106 780 δε
1119 746 1208 791 ep·6.

241 796 300 831 lib.
311 795 482 840 3.Fam.ait
493 807 529 829 in
542 804 636 830 tanta
645 793 799 830 militum
809 793 977 842 paucitate
989 792 1131 828 abfuiffe
1144 803 1211 827 tres

238 846 414 880 cohortes-
442 843 575 879 Tenuit
595 843 722 878 Cicero
744 855 806 890 pro
828 853 905 878 cos.
923 841 1027 877 etiam
1048 842 1210 888 Cyprum

240 893 388 930 insolam
403 892 535 928 Ciliciae
548 892 743 940 oppofitam
760 917 768 930 ,
782 893 816 927 &
829 902 989 938 praeterea
1000 901 1067 925 tres
1079 890 1209 925 dioece-

240 942 289 978 ses
302 941 461 978 Afiaticas
473 967 482 982 ,
498 940 738 990 Cibyraticam
753 964 761 979 ‚
776 939 1038 988 Synnadensem
1051 965 1060 980 ‚
1074 940 1108 975 &
1121 941 1210 986 Apa-

239 992 416 1027 meensem
431 1014 440 1028 ‚
463 1001 503 1026 ut
516 989 572 1026 lib.
586 1001 616 1032 5.
629 992 664 1026 ὃς
677 993 706 1024 6-
722 988 762 1025 ad
776 992 844 1024 Att·
858 988 1069 1037 perspicitur.
1094 987 1210 1034 itaque

239 1039 300 1076 lib.
317 1053 344 1076 1.
356 1039 399 1075 de
411 1039 565 1078 Divinat.
591 1038 637 1074 ait
649 1062 658 1076 ‚
673 1038 703 1074 se
718 1037 915 1074 nationibus
928 1036 1083 1072 Cilicum
1095 1062 1104 1076 ‚
1129 1035 1210 1071 Pisi-

237 1088 364 1124 darum
375 1114 384 1129 ,
397 1090 434 1125 δε
445 1087 656 1136 Pamphyliae
669 1086 850 1134 praefuisse.
879 1084 1043 1121 Successit
1057 1087 1107 1120 M.
1119 1085 1210 1120 Tul-

238 1137 307 1173 lius
332 1140 394 1186 Ap.
408 1136 555 1172 Claudio
569 1162 578 1178 ‚
605 1148 710 1184 quem
732 1137 775 1171 de
794 1134 1002 1170 successione
1024 1133 1209 1169 certiorem

238 1186 322 1223 facit
333 1185 472 1234 epist.,2.
494 1185 552 1220 lib.
571 1197 598 1228 3.
622 1183 740 1220 Famil.
758 1184 840 1219 cum
863 1182 1042 1232 epistolam
1062 1182 1210 1230 primam

241 1248 338 1284 prius
350 1235 391 1270 ad
407 1234 515 1281 ipsum
528 1234 565 1269 in
579 1233 737 1269 Ciliciam
750 1231 897 1269 misisset.
926 1234 1073 1279 Legatos
1089 1231 1210 1267 habuit

238 1284 366 1320 Cicero
378 1307 389 1322 ‚
408 1282 627 1330 QTullium
645 1283 785 1318 fratrem
799 1305 807 1320 ‚
831 1282 873 1317 C.
886 1279 1125 1329 Pomptinium
1139 1306 1148 1320 ‚
1170 1282 1209 1315 L.

239 1332 404 1369 Tullium
417 1358 426 1372 ‚
451 1334 485 1369 &
506 1333 557 1367 M.
572 1330 767 1379 Annejum:
794 1329 1013 1377 Qaestorem
1035 1331 1078 1365 L.
1091 1328 1208 1365 Mem-

240 1381 342 1417 nium
354 1407 364 1423 ‚
376 1380 436 1416 cui
448 1380 628 1417 C.Coelius
639 1380 754 1428 postea
765 1378 931 1415 succeffit.
955 1377 1132 1414 profectius
1146 1380 1209 1414 Ci-

236 1443 320 1466 cero
331 1443 374 1466 ex
387 1429 473 1466 urbe
485 1429 601 1465 mense
613 1428 721 1477 Majo,
733 1428 846 1465 Nonis
855 1440 939 1464 cum
953 1427 1069 1463 Attico
1083 1427 1118 1463 in
1131 1429 1208 1463 Tu-

234 1479 378 1517 sculano
391 1478 469 1517 fuit,
482 1477 562 1514 inde
576 1478 723 1526 Arpino‚
733 1481 882 1518 Arcano,
894 1478 1033 1526 Aquino
1048 1502 1056 1517 ,
1073 1477 1207 1512 Cuma-

239 1540 347 1564 mano
359 1552 369 1568 ,
394 1528 605 1576 Pompejano
618 1553 628 1568 ‚
649 1530 684 1564 δε
699 1526 901 1562 Trebulano
920 1525 1102 1573 peragratis
1116 1551 1124 1565 ‚
1142 1526 1207 1560 Be-

240 1587 436 1613 neventum
458 1576 556 1612 venit
582 1587 617 1612 ν.
644 1575 693 1611 Id.
717 1575 811 1612 Maii.
838 1576 1032 1611 Tarentum
1057 1587 1114 1611 xv.
1130 1574 1206 1610 Kal.

235 1625 321 1675 Jun.
333 1628 367 1662 &
380 1625 538 1661 triduum
553 1637 637 1660 cum
648 1623 815 1672 Pompejo
828 1647 837 1661 i
853 1626 887 1660 &
898 1623 990 1672 apud
1002 1622 1206 1671 Pompejum

237 1673 307 1710 fuit
319 1699 327 1713 ‚
341 1673 437 1721 epist.
455 1686 482 1710 ι.
495 1686 525 1710 2.
539 1686 567 1717 3.
579 1688 610 1717 4.
624 1686 653 1714 5·
665 1676 697 1710 6.
709 1676 743 1710 &
757 1687 786 1715 7·
799 1672 856 1708 lib.
870 1672 958 1715 5.·ad
974 1674 1042 1708 Art.
1056 1672 1207 1708 Brundi-

239 1721 328 1759 sium
341 1724 438 1759 venit
450 1736 478 1758 a.
490 1722 524 1758 d.
537 1734 589 1757 xi.
605 1721 946 1771 Kalend-Jun.epist.
968 1733 993 1765 3.
1012 1721 1074 1756 lib.
1094 1733 1122 1766 3.
1146 1723 1205 1757 Fa-

238 1772 314 1808 mil.
334 1770 384 1807 ibi
397 1771 511 1819 plures
524 1771 596 1806 dies
607 1770 744 1807 mansit.
771 1770 881 1818 pridie
893 1783 978 1806 non.
1001 1768 1099 1819 Junii
1111 1769 1143 1805 se
1153 1781 1206 1807 et—

237 1821 307 1858 iam
320 1831 398 1856 tum
408 1819 578 1856 Brundisii
597 1818 695 1855 fuisse
715 1819 829 1855 scn‘bit
846 1819 886 1855 ad
903 1819 1053 1867 Appium
1067 1819 1160 1867 epist.
1175 1832 1207 1863 4.

234 1868 331 1913 iib.3.
344 1871 437 1905 Fam.
450 1868 591 1904 interim
605 1869 792 1904 M-Coelius
804 1867 845 1904 ad
857 1880 940 1903 eum
953 1867 1044 1903 mifit
1055 1891 1065 1905 ‚
1077 1867 1169 1913 epist.
1180 1880 1189 1903 i
1199 1896 1206 1903 .

236 1917 314 1953 libr·
330 1921 362 1954 8.
387 1918 444 1953 cui
457 1917 602 1953 Athenis
615 1916 780 1966 rescripsit
791 1916 881 1965 epist.
900 1921 933 1953 8.
958 1916 1017 1953 lib.
1031 1929 1059 1952 2.
1089 1917 1205 1952 Famil.

237 1966 420 2001 Brundisio
444 1966 619 2014 profeclus
641 1967 784 2002 Aetium
817 1964 912 2002 venit
940 1975 1036 2001 xvii.
1058 1965 1204 2001 Kalend.

236 2015 388 2050 Athenas
412 2026 479 2049 vii.
493 2014 639 2050 Kalend·
654 2015 803 2062 Qintil.
818 2014 911 2061 epist.
924 2026 947 2057 9
978 2016 1010 2050 8<
1029 2026 1077 2049 10:
1102 2013 1159 2049 lib.
1173 2025 1200 2056 5.

238 2062 282 2099 ad
295 2067 364 2099 Att.
379 2063 548 2099 Exulabat
567 2073 645 2097 tum
659 2063 800 2098 Athenis
812 2063 854 2098 C.
866 2059 1110 2098 Memmius’de
1128 2075 1203 2098 am-

236 2112 314 2147 bitu
326 2110 590 2146 condemnatus,
599 2109 693 2157 epist.
703 2122 733 2145 2.
743 2110 836 2153 lib.3.
847 2110 890 2146 ad
901 2112 987 2145 Frat.
996 2112 1031 2144 ἃ
1040 2110 1135 2154 epist.
1153 2121 1204 2150 19.

239 2160 298 2196 lib.
317 2172 325 2195 1
340 2172 368 2204 3.
380 2161 473 2194 Fam.
488 2161 522 2195 &
535 2159 708 2205 Appi-anus
719 2158 777 2192 lib.
791 2170 819 2192 2.
832 2157 858 2191 is
870 2156 981 2204 pridie
993 2179 1003 2193 ‚
1022 2168 1129 2204 quam
1142 2155 1203 2190 Ci-

235 2221 320 2244 cero
334 2208 484 2244 Athenas
499 2206 607 2244 venit,
619 2206 804 2255 Mitylenas
817 2205 991 2253 proesius
1004 2214 1085 2240 erat,
1096 2215 1164 2250 ορ]
1179 2216 1204 2239 ι-

237 2258 297 2292 lib.
316 2269 349 2299 5.
369 2256 411 2292 ad
424 2258 494 2291 Ati.
505 2266 584 2291 tum
600 2256 727 2300 Cicero
743 2254 784 2289 ad
801 2266 883 2289 eum
904 2252 995 2289 mifit
1012 2251 1105 2299 epist.
1123 2264 1148 2287 ι.
1171 2254 1205 2287 &

239 2305 309 2353 seq.
322 2316 362 2341 ut
375 2304 513 2341 videtur
527 2330 534 2344 ,
549 2304 605 2339 lib.
617 2316 626 2339 1
641 2316 671 2347 3.
683 2303 802 2338 Famil.
818 2303 914 2342 Cum
930 2299 1071 2336 Athenis
1084 2299 1206 2335 decem

238 2352 537 2448 {siffiffefsfflei
542 2351 727 2437 ἑέἓέἶὲῗέ
730 2365 809 2436 ⁰1¹<¹221
818 2349 971 2447 ‘sisi-i
980 2348 1077 2446 Ἓέἓς
1087 2348 1204 2432 ῗῖοἴῖ·

241 2454 277 2489 &
293 2450 413 2494 13.1ib.
431 2463 462 2493 5.
473 2450 515 2487 ad
528 2452 602 2486 Att.
613 2452 647 2486 ἃ
658 2448 751 2498 epist.
764 2453 794 2484 8.
808 2447 868 2483 lib.
883 2461 911 2485 2.
935 2446 1055 2483 Famil.
1073 2445 1206 2481 Tralles

239 2500 338 2536 venit
360 2512 388 2535 a.
406 2499 439 2534 d·
467 2511 518 2536 vl·
531 2499 608 2536 Kal.
621 2498 740 2535 Sextil.
765 2508 867 2544 atque
888 2496 930 2532 ad
941 2497 1092 2544 Appium
1115 2493 1208 2529 misit

240 2547 327 2596 epist
352 2559 380 2589 5.
396 2547 454 2583 lib.
472 2559 500 2591 3.
513 2547 628 2583 Famil.
643 2546 850 2583 Laodiceam
863 2545 898 2580 in
913 2544 1128 2592 provinciam
1145 2555 1206 2578 ve-

239 2595 607 2692 saniens}-
619 2595 736 2686 ςςςς
864 2591 1207 2679 ςςςςςςςςςςς

242 2693 286 2730 ad
298 2693 509 2729 Ciceronem
532 2692 645 2740 plures
659 2692 813 2740 epistolas
833 2690 959 2739 scripfit
973 2716 981 2724 .
1008 2702 1085 2738 quae
1107 2688 1163 2723 lib.
1179 2691 1209 2723 8.

245 2741 362 2779 Famil.
375 2741 519 2778 exstant.
540 2741 578 2776 in
621 2751 718 2776 uarta
731 2741 805 2777 Kal
820 2740 937 2777 Sextil-
952 2739 1029 2774 data
1048 2736 1209 2773 meminit

245 2789 449 2826 C.Mareelli
462 2801 535 2827 00⁵.
550 2754 713 2837 designati
727 2802 733 2824 :
748 2790 861 2826 habita
873 2799 957 2836 ergo
969 2786 1110 2823 comitia
1120 2798 1207 2821 con-

243 2839 363 2875 sularia
375 2838 520 2875 fuerunt
534 2849 612 2874 ante
625 2838 791 2874 Sextilem
803 2861 814 2876 ,
832 2838 958 2885 quibus
970 2836 1070 2872 creati
1081 2835 1207 2870 consu-

243 2887 291 2923 les
304 2886 383 2923 sunt
395 2911 405 2925 ‚
419 2889 457 2923 L·
470 2887 593 2922 Paulus
607 2888 641 2922 ὃς
653 2886 684 2922 C
709 2887 893 2923 Marcellus
906 2912 915 2928 ,
927 2898 995 2936 qua
1007 2897 1043 2920 re
1056 2883 1207 2931 cognita,

242 2936 372 2971 Cicero
386 2947 460 2971 non
472 2934 585 2970 solum
600 2933 678 2982 ipsis
690 2959 700 2975 ,
724 2946 849 2970 verum
863 2935 966 2970 etiam
980 2935 1022 2969 C.
1040 2931 1205 2969 Marcello

242 2984 354 3032 patri,
367 2985 399 3020 &
413 2982 630 3021 MMarcello
642 2982 737 3018 fratri
750 2984 893 3030 patrueli
906 2984 948 3019 C.
965 2980 1118 3019 Marcelli
1131 2991 1201 3016 cos.

241 3032 310 3069 des.
321 3031 511 3080 gratulatus
526 3031 574 3067 est
587 3057 597 3072 ,
620 3030 714 3078 epist.
730 3043 761 3078 7.
775 3036 805 3067 8.
816 3033 895 3075 9.&
915 3044 962 3067 12.
983 3031 1042 3067 lib.
1065 3042 1115 3073 ¹5·
1142 3031 1202 3071 Fa-

242 3080 315 3118 mil.
340 3080 518 3118 Triduum
540 3090 694 3116 moratus
715 3079 918 3118 Loadiceae‚
939 3080 1099 3116 triduum
1114 3081 1203 3126 Apa·
1235 3112 1236 3115 ,

240 3141 349 3170 imeae,
363 3128 511 3169 totidem
523 3128 595 3166 dies
607 3128 771 3179 Synnade
789 3139 858 3173 vu.
871 3127 1018 3168 Kalend.
1031 3126 1204 3178 Septemb·

1256 303 1349 338 Fam.
1364 303 1406 339 C.
1419 303 1551 339 Cassius
1564 329 1573 344 ,
1594 303 1655 351 qui
1665 302 1816 352 quaestor
1829 306 1880 340 M.
1890 303 1998 340 Crassi
2013 303 2123 340 fuerat
2137 329 2145 345 ‚
2166 315 2219 339 at-

1256 363 1323 400 que
1345 363 1389 388 ex
1410 352 1505 388 clade
1517 377 1526 390 ‚
1551 365 1629 400 quae
1644 353 1685 388 ad
1698 353 1845 389 Carrhas
1865 363 2002 400 accepta
2021 364 2093 388 erat
2105 379 2114 393 ‚
2138 365 2221 389 cum

1257 410 1350 448 parte
1369 402 1542 437 exercitus
1562 402 1592 437 {e
1604 401 1641 436 in
1657 402 1795 450 Syriam
1809 413 1980 450 receperat
1994 414 2034 437 eo
2052 412 2224 449 tempore,

1257 461 1328 497 quo
1342 448 1467 486 Cicero
1480 450 1517 485 iri
1528 450 1688 487 Ciciliam
1700 451 1797 487 venit
1806 475 1815 489 ‚
1830 450 2016 486 Antiochia
2027 450 2221 486 tenebatur:

1257 499 1464 547 Parthosque
1484 499 1644 540 cedentes
1658 500 1699 536 ab
1719 499 1850 548 oppido
1866 499 2036 535 inlecutus
2048 511 2122 534 rem
2136 499 2225 534 bene

1257 545 1353 594 gessit
1365 573 1373 587 ‚
1400 548 1506 584 Osace
1525 548 1614 584 duce
1633 548 1748 584 occiso
1760 572 1771 587 ‚
1793 548 1919 584 Cicero
1931 547 2026 595 epist.
2046 560 2098 583 io.
2121 547 2178 583 lib.
2193 559 2224 583 2.

1261 595 1377 632 Famil.
1402 599 1437 633 &
1450 596 1543 646 epist.
1558 610 1614 635 20.
1628 598 1685 634 lib·
1701 610 1731 640 5.
1753 597 1795 633 ad
1810 597 1985 638 Atticum,
2012 598 2079 632 Dio
2093 596 2152 631 lib.
2166 609 2226 639 40.

1254 643 1410 692 Justinus
1433 658 1489 689 42.
1516 646 1619 682 Unde
1641 646 1767 682 Cicero
1795 646 1939 692 Philipp.
1954 657 1992 680 ιι.
2017 645 2061 680 de
2083 644 2222 682 Caffio:

1260 695 1403 740 Magnas
1417 694 1474 730 ille
1486 707 1538 730 res
1549 694 1647 742 gessit
1658 706 1736 731 aute
1747 695 1860 739 Bibuli
1873 694 1999 729 lummi
2013 693 2079 730 viri
2092 694 2222 730 adven-

1259 751 1336 778 tum
1349 766 1359 780 ‚
1384 755 1469 779 cum
1482 745 1690 780 Parthorum
1712 743 1940 780 nobilissimos
1957 743 2062 778 duces
2078 769 2086 782 ‚
2110 742 2223 779 maxi-

1259 791 1398 839 masque
1420 792 1533 841 copias
1555 792 1646 829 fudit
1660 821 1667 833 ‚
1692 793 1907 842 Syriamque.»
1920 791 2064 827 immani
2078 792 2221 827 Partho·

1259 852 1339 892 rum
1363 841 1495 889 impetu
1521 842 1689 878 liberavit.
1718 844 1757 877 In
1772 841 1878 877 castra
1891 840 2074 876 Ciceronis
2087 840 2127 876 ad
2142 842 2220 876 Ico-

1259 900 1359 924 nium
1376 900 1456 925 ante
1477 889 1571 926 diem
1593 902 1647 926 111.
1663 890 1846 927 Kalendar.
1859 889 2022 938 Septemb
2049 899 2221 925 venerunt

1258 936 1358 984 legati
1379 938 1467 974 missi
1486 938 1528 974 ad
1542 940 1718 975 Antiocho
1733 940 1978 986 Commageno
1993 963 2003 977 ,
2019 938 2114 986 iique
2126 950 2218 974 nun-

1257 986 1387 1022 tiarunt
1409 1012 1419 1028 ‚
1453 989 1661 1024 Parthorum
1694 1001 1835 1036 magnas
1866 987 1980 1035 copias
2006 988 2218 1035 Euphratem

1256 1033 1396 1070 transire
1407 1036 1546 1084 coepisse
1557 1062 1565 1077 ‚
1585 1048 1624 1073 ut
1637 1037 1752 1073 scribit
1764 1036 1857 1085 epist.
1879 1050 1903 1073 ι.
1918 1039 1952 1073 &
1967 1048 1995 1080 3.
2010 1036 2066 1072 lib.
2084 1047 2133 1077 15·
2157 1036 2217 1071 Fa—

1259 1082 1332 1118 mil.
1347 1084 1458 1120 Pridie
1472 1086 1616 1121 Kalend·
1631 1086 1802 1134 Septemb.
1829 1086 1957 1121 Cicero
1970 1084 2075 1120 castra
2087 1084 2128 1120 ab
2142 1085 2219 1119 Ico-

1258 1132 1318 1167 nio
1341 1134 1455 1169 movit
1468 1159 1478 1174 ,
1502 1134 1636 1183 iterque
1655 1148 1713 1181 per
1725 1134 1980 1183 Cappadociam
2004 1134 2040 1168 in
2059 1132 2219 1169 Ciliciam

1258 1180 1385 1217 faciens
1397 1206 1407 1219 ‚
1421 1183 1455 1217 in
1471 1183 1686 1230 Cappadocia
1698 1194 1853 1220 extrema
1865 1196 1939 1218 non
1951 1183 2057 1229 longe
2067 1182 2087 1218 a
2099 1183 2219 1217 Tauro

1256 1230 1346 1278 apud
1361 1231 1530 1278 oppidum
1542 1231 1704 1280 Cybistra
1717 1231 1824 1267 castra
1837 1231 1948 1280 posuit
1961 1255 1970 1269 ‚
1983 1230 2109 1278 epist.6.
2124 1230 2183 1268 lib.
2192 1242 2218 1274 3.

1257 1281 1290 1315 δε
1303 1278 1396 1327 epist.
1413 1292 1443 1316 2.
1460 1282 1540 1323 &4.
1562 1281 1620 1316 lib.
1638 1293 1688 1323 15.
1713 1283 1804 1316 Fam.
1816 1283 1850 1317 ὃς
1869 1279 1964 1328 epist.
1982 1286 2034 1315 ιδ.
2057 1279 2115 1314 lib.
2128 1290 2158 1320 5·
2176 1278 2219 1315 ad

1256 1329 1325 1364 Att.
1337 1328 1384 1364 ibi
1397 1341 1481 1364 cum
1490 1329 1561 1365 dies
1572 1330 1729 1379 quinque
1740 1329 1820 1365 effer
1831 1339 2068 1365 commoratus
2079 1354 2087 1365 ,
2101 1339 2218 1375 regem

1254 1377 1524 1414 Ariobarzanem
1538 1402 1548 1416 ‚
1566 1377 1665 1424 cujus
1675 1379 1816 1414 salutem
1831 1378 1976 1415 asenam
1989 1376 2217 1412 commenda-

1256 1436 1328 1462 tam
1340 1426 1485 1463 habebat
1496 1451 1507 1466 ‚
1519 1427 1738 1474 praesentibus
1749 1427 1878 1462 insidiis
1893 1426 2050 1462 liberavit
2060 1450 2069 1463 ‚
2084 1436 2122 1460 ut
2134 1424 2216 1460 scri-

1253 1474 1303 1511 bit
1323 1476 1364 1511 ad
1377 1476 1572 1514 Catonem,
1596 1479 1631 1513 ὃ(
1644 1476 1781 1523 copiose
1800 1476 1945 1524 exponit
1964 1473 2217 1521 magistratibus

1254 1523 1348 1571 epist.
1366 1537 1395 1561 2.
1420 1527 1456 1561 ὃ(
1470 1538 1500 1568 4-
1525 1525 1583 1561 lib.
1600 1537 1653 1568 15.
1680 1525 1798 1561 Famil.
1813 1525 1894 1561 inde
1905 1523 2087 1560 confestim
2103 1523 2166 1558 iter
2180 1521 2216 1558 in

1253 1573 1414 1610 Ciliciam
1438 1573 1520 1610 fecit
1542 1587 1602 1623 per
1622 1574 1756 1622 Taurip
1785 1573 1832 1610 las
1852 1597 1861 1612 ‚
1891 1575 1927 1610 ὃς
1951 1572 2097 1608 Tarsum
2121 1570 2218 1607 venit

1254 1635 1281 1657 a·
1293 1622 1327 1659 d.
1349 1635 1404 1662 ιιι.
1423 1625 1520 1660 Non·
1533 1623 1681 1660 onobr.
1695 1623 1749 1672 epi
1782 1636 1849 1660 .20.
1869 1622 1926 1658 lib.
1932 1633 1963 1664 5.
1981 1621 2023 1657 ad
2036 1624 2106 1657 Att.
2120 1622 2216 1656 Non·

1255 1671 1402 1707 Oftobr.
1422 1672 1460 1707 in
1483 1673 1600 1708 senatu
1622 1672 1770 1709 recitatae
1792 1673 1872 1708 sunt
1892 1670 2073 1707 Ciceronis
2100 1670 2216 1707 iiterae.

1253 1733 1336 1768 quas
1349 1721 1487 1768 publice
1498 1721 1541 1756 de
1553 1722 1712 1757 Parthico
1723 1720 1881 1757 tumultu
1894 1720 2029 1756 miserat
2042 1744 2051 1760 ‚
2074 1717 2158 1766 epist
2187 1730 2216 1754 ι.

1252 1769 1310 1804 lib.
1330 1781 1381 1811 ¹5·
1404 1771 1429 1805 F
1430 1770 1523 1806 amil.
1535 1772 1570 1806 &
1582 1769 1676 1818 epist.
1689 1770 1751 1805 ult.
1767 1770 1825 1806 lib.
1842 1780 1870 1811 5·
1882 1768 1923 1804 ad
1936 1770 2005 1804 Att.
2020 1767 2217 1814 eodemque

1251 1817 1307 1854 die
1328 1818 1455 1854 Cicero
1480 1819 1587 1854 Tarso
1614 1823 1792 1855 Amanum
1817 1816 1933 1854 versus
1956 1815 2130 1865 profectus
2153 1814 2215 1856 est,

1251 1866 1345 1916 epist.
1360 1872 1390 1902 8.
1402 1867 1460 1903 lib.
1478 1879 1506 1911 3.
1530 1866 1648 1903 Famil.
1659 1867 1718 1915 qui
1732 1879 1833 1903 mons
1844 1876 1915 1902 erat
1927 1864 2080 1900 hostium
2093 1864 2217 1913 plenus

1250 1916 1550 1963 sempiternorum.
1576 1915 1633 1951 hic
1653 1915 1727 1952 a-d.
1751 1914 1870 1951 111.'1d.
1894 1913 2024 1950 O&ob.
2043 1923 2216 1961 magnum

1249 1977 1437 2000 numerum
1451 1964 1539 2000 hosti
1545 1977 1604 1999 um
1615 1963 1742 1999 cecidit
1751 1988 1760 2002 ‚
1771 1962 1904 1999 castella
1916 1961 2144 1998 munitissima
2155 1973 2214 1996 ce-

1250 2024 1312 2060 pit,
1325 2012 1482 2049 incendit
1493 2039 1501 2053 ,
1515 2013 1773 2060 imperatorque
1784 2011 1969 2059 appellatus
1980 2009 2028 2046 est
2039 2036 2047 2050 ,
2060 2010 2216 2057 epist=20.

1249 2062 1307 2097 lib.
1323 2073 1354 2103 5.
1367 2061 1406 2097 ad
1427 2065 1483 2096 Att
1507 2061 1598 2106 epist.
1612 2074 1662 2095 ιο.
1676 2061 1767 2094 lib-2.
1781 2063 1816 2095 &
1830 2073 1859 2101 4.
1872 2059 1929 2093 lib.
1940 2072 1946 2092 ι
1958 2069 1988 2099 5.
2001 2057 2120 2093 Famil.
2133 2057 2216 2093 vide

1247 2120 1389 2155 quoque
1414 2107 1720 2142 Commentarium
1746 2105 1904 2141 nostrum
1928 2106 1964 2141 in
1984 2105 2213 2152 Ligarianam.

1248 2155 1312 2189 His
1334 2155 1435 2190 rebus
1455 2155 1502 2189 ita
1517 2154 1619 2201 gestis
1632 2180 1641 2194 ‚
1662 2154 1767 2190 castra
1778 2155 1815 2190 in
1829 2154 1999 2190 radicibus
2011 2156 2139 2190 Amani
2152 2155 2215 2191 ha-

1249 2203 1326 2238 buit
1338 2228 1346 2242 ,
1369 2215 1408 2239 ea
1434 2203 1502 2250 ipsa
1514 2227 1521 2239 ,
1547 2215 1624 2250 quae
1636 2214 1760 2239 contra
1772 2206 1917 2238 Darium
1941 2202 2107 2239 habuerat
2125 2202 2216 2249 apud

1252 2251 1357 2286 Iffum
1373 2251 1564 2287 Alexander
1576 2274 1586 2288 ‚
1608 2261 1646 2286 ut
1658 2251 1706 2286 est
1717 2251 1799 2286 locis
1807 2250 1882 2298 jam
1894 2251 2014 2287 citatis.
2040 2251 2120 2287 inde
2132 2252 2213 2287 Pin·-

1250 2299 1422 2336 denissum
1451 2299 1619 2347 oppidum
1652 2300 1922 2335 munitissimum
1948 2300 2213 2336 Eleutherocili-

1252 2361 1335 2383 cum
1354 2348 1415 2382 diu
1436 2348 1601 2383 omnibus
1621 2348 1789 2384 machinis
1808 2360 2048 2396 oppugnatum
2067 2349 2214 2397 septimo

1251 2399 1285 2433 &
1306 2395 1592 2444 quinquagesimo
1617 2396 1674 2433 die
1697 2399 1809 2445 cepit,
1835 2398 2072 2433 Saturnalibus
2099 2410 2212 2439 mane,

1251 2446 1343 2493 epist·
1358 2457 1414 2482 20.
1437 2445 1496 2480 lib.
1513 2457 1545 2486 5.
1569 2444 1610 2480 ad
1625 2448 1694 2481 Att.
1716 2448 1751 2482 &
1772 2445 1865 2493 epist.
1881 2465 1912 2490 4·
1933 2446 1984 2482 lib
2018 2457 2068 2488 15.
2095 2446 2213 2482 Famil.

1254 2493 1447 2530 Pindenisso
1460 2504 1561 2541 capto
1573 2494 1764 2530 exercitum
1778 2495 1813 2530 in
1829 2495 1972 2531 hiberna
1984 2493 2112 2530 dimisit
2122 2518 2132 2532 ‚
2156 2494 2212 2530 iis-

1252 2555 1319 2590 que
1330 2542 1508 2590 Qntum
1532 2542 1671 2578 fratrem
1696 2542 1897 2592 praeposuit,
1917 2542 2012 2590 epist.
2030 2558 2060 2584 4.
2084 2543 2141 2578 lib·
2161 2554 2212 2584 15-

1257 2594 1422 2628 Extremo
1435 2592 1502 2626 hoc
1516 2604 1609 2626 anno
1623 2592 1748 2627 Cicero
1762 2592 1803 2628 ad
1817 2592 2015 2628 Curionem
2023 2590 2114 2627 misit
2125 2603 2212 2638 etp-7.

1254 2639 1309 2675 lib.
1327 2651 1356 2675 2-
1369 2641 1461 2675 Fam.
1473 2639 1509 2674 in
1521 2653 1588 2688 qua
1599 2640 1647 2674 illi
1660 2640 1704 2676 de
1715 2641 1893 2677 tribunatu
1905 2640 1993 2690 pleb.
2006 2639 2211 2687 gratulatur,

1254 2701 1359 2736 quem
1371 2687 1413 2724 ad
1425 2699 1477 2724 ιν.
1490 2688 1541 2725 Id.
1553 2689 1716 2725 Decemb.
1727 2690 1816 2725 iniit.

1374 2791 1467 2823 Anno
1479 2785 1565 2822 urbis
1576 2798 1709 2885 necyicii.
1720 2789 1878 2825 Ciceronis
1890 2796 2093 2824 LV11.COSS.

1671 2846 1784 2874 afflant
1795 2860 1805 2874 ι

1279 2900 1319 2934 L.
1349 2900 1609 2935 AEMILIUS
1639 2900 1920 2937 PAULLUS‚
1947 2899 1989 2934 C.
2015 2899 2185 2935 CLAU-

1465 2949 1597 2983 DIUS
1634 2949 1998 2986 MARCELLUS.

1341 3029 1374 3063 D
1397 3028 1460 3063 hos
1470 3028 1625 3064 consules
1637 3028 1775 3066 exstant
1784 3027 1963 3064 Ciceronis
1976 3026 2081 3062 literae
2096 3040 2103 3062 :
2129 3029 2209 3077 qui-

1341 3077 1405 3112 bus
1417 3077 1499 3124 petit
1512 3100 1522 3115 ‚
1548 3088 1588 3113 ut
1599 3078 1703 3126 quam
1717 3075 2107 3114 honorificentiffimum
2120 3077 2156 3111 S.
2172 3079 2205 3113 G

1248 3126 1291 3162 de
1301 3126 1403 3163 rebus
1416 3130 1433 3162 a
1445 3125 1476 3161 se
1487 3124 1591 3173 gestis
1602 3127 1803 3164 faciendum
1816 3123 2163 3209 curent-epist.1·ol7{c¹
2178 3137 2217 3169 3.ss

2104 3185 2113 3206 i
2140 3185 2166 3208 ,ι
2177 3185 2211 3217 5.

1709 3223 1740 3259 .-
1755 3238 1799 3256 ‘b
