2302 3353
498 155 569 187 niz
617 139 1477 192 luvam-ronsan-onrca
1522 148 1747 198 L113,11.
2050 167 2110 219 59

150 224 233 258 cium
242 223 331 256 suum
340 231 406 254 reus
414 219 588 263 pertinuisse
600 231 607 251 :
621 231 687 255 nec,
702 220 723 252 fi
731 222 813 263 quod
827 223 859 251 in
870 232 906 252 eo
917 221 951 252 fit
961 223 1107 255 deliaum

151 267 205 298 sibi
213 267 330 298 attribui
339 273 485 305 oportere.
508 263 542 294 Id
552 273 647 304 genus
657 264 750 294 causae
760 263 802 294 est
812 264 986 303 hujusmodi
999 275 1003 292 z
1024 268 1061 294 In
1072 276 1108 295 eo

151 309 264 340 foedere
273 328 281 342 ‚
301 307 382 348 quod
390 305 505 336 factum
514 305 558 336 est
567 305 722 347 quondam
733 316 803 336 cum
813 305 999 335 Samnitibus
1009 326 1018 339 ,
1038 309 1107 346 qui-

152 351 221 381 dam
232 349 401 380 adolescens
412 347 524 378 nobilis
535 357 657 387 porcam
668 347 808 378 sustinuit
818 346 894 383 jussu
904 349 1105 387 imperatoris.

151 391 273 423 Foedere
282 399 381 421 autem
390 389 427 420 ab
437 386 539 419 senatu
548 389 717 429 improbato
729 409 737 423 ,
758 390 979 429 &imperatore
989 390 1106 420 Samni-

150 433 229 464 tibus
236 432 350 465 dedito‚
366 430 490 473 quidam
501 433 534 462 in
544 432 646 461 senatu
658 441 729 461 eum
739 441 858 472 quoque
868 431 942 461 dicit
953 451 961 464 .
973 433 1026 472 qui
1036 441 1107 471 por-

147 484 214 505 cam
232 475 362 504 tenuerit
370 493 378 507 ,
397 473 468 503 dedi
484 481 629 514 oportere.
658 475 794 503 Intentio
803 472 846 503 est
857 493 864 506 ,
886 473 967 503 Dedi
977 481 1103 514 oportet.

147 514 292 556 Depulfio
302 515 354 549 est,
367 517 441 545 Non
449 523 574 556 oportet.
598 514 730 555 Qipestio
741 514 794 549 est,
806 517 994 555 Oporteatne.
1016 517 1105 545 Ratio

149 557 202 591 est,
214 560 289 587 Non
298 560 382 587 enim
392 567 498 587 meum
508 556 568 586 fuit
576 556 724 590 officium.
737 567 792 588 nec
802 567 868 587 mea
876 556 1017 597 potestaS,
1031 555 1103 587 cum

150 599 185 630 δε
194 599 226 629 ἰδ’
235 601 326 629 aetatis
336 619 344 633 ,
368 599 400 629 &
409 601 539 639 privatus
550 597 642 628 efl'em
651 618 659 632 ,
672 599 705 629 &
714 597 786 628 eflet
795 599 912 629 summa
919 609 991 628 cum
1001 598 1105 628 aueto-

147 643 231 672 ritate
239 661 248 675 ‚
261 641 444 681 &potestate
453 642 623 680 imperator,
634 643 687 682 qui
696 640 811 670 videret
821 649 854 670 ut
864 640 928 670 satis
940 638 1103 670 honestum

147 682 246 713 foedus
254 682 400 713 feriretur.
422 681 591 712 Infirmatio
601 681 644 712 est
654 701 662 715 ‚
675 685 714 712 At
722 684 808 711 enim
817 683 962 722 quoniam
973 691 1004 712 tu
1014 683 1104 722 parti-

146 734 215 765 ceps
225 724 319 755 sanstus
329 735 360 755 es
371 727 404 754 in
413 722 579 764 tuipiffimo
587 723 699 753 foedere
709 724 835 753 summae
846 723 898 753 reli
922 725 1000 753 ionis
1012 744 1019 757 ‚
1032 723 1102 753 dedi

147 775 175 796 te
185 769 337 797 convenit.
365 766 515 808 Judicatio
524 764 584 798 est,
605 763 721 803 Cumis
732 785 740 797 ‚
763 767 814 805 qui
820 734 960 807 poteslgatis
968 765 1042 794 nihil
1050 766 1102 795 ha-

148 808 256 842 buerit,
264 807 343 849 juss'u
353 808 548 848 imperatoris,
560 808 593 836 in
602 805 714 836 foedere
726 806 888 837 &intanta
899 807 1044 848 religione
1055 809 1102 836 in-

148 849 293 884 terfuerit,
305 849 496 880 dedendusne
506 846 539 878 sit
548 847 802 881 hostibus,necne.
826 850 895 879 Hoc
903 858 997 889 genus
1007 849 1098 879 causae

146 891 163 922 a
183 893 330 932 superiore
339 893 396 921 hoc
404 889 522 923 differt,
546 887 629 930 quod
640 891 672 919 in
682 890 736 919 illo
747 890 886 920 concedit
895 891 923 920 se
935 900 1001 920 reus
1011 900 1102 930 opor-

150 933 234 963 tuifle
244 933 337 964 facere
346 932 388 965 id,
398 931 479 973 quod
489 930 554 960 fieri
564 931 641 961 dicat
650 932 796 962 accusator
805 930 977 971 oportuisse,
990 932 1007 962 s
1003 932 1037 961 ed
1048 932 1101 962 ali-

145 977 195 1005 cui
207 977 258 1008 rei,
270 983 318 1004 aut
326 975 447 1003 homini
455 973 572 1003 causam
581 973 722 1007 attribuit,
735 983 800 1014 quae
810 974 957 1003 voluntati
967 974 1024 1003 suae
1034 972 1100 1002 fue-

145 1018 185 1046 rit
203 1015 423 1056 impedimento
441 1013 501 1044 sine
517 1013 715 1044 concessionis
732 1015 872 1055 partibus.
905 1017 987 1045 Nam
997 1025 1099 1045 earum

146 1059 243 1098 major
251 1057 387 1099 quaedam
397 1058 443 1087 vis
452 1055 503 1086 est:
514 1056 596 1096 quod
605 1056 693 1096 paulo
703 1056 770 1096 post
780 1058 973 1098 intelligetur.
993 1059 1030 1087 In
1041 1058 1100 1087 hoc

145 1109 245 1130 autem
265 1109 330 1129 non
347 1099 477 1128 accusare
495 1099 622 1128 alterum
633 1117 641 1131 ‚
661 1108 718 1128 nec
728 1099 846 1139 culpam
858 1100 890 1129 in
900 1099 994 1130 alium
1005 1106 1100 1128 trans-

143 1141 218 1172 ferre
229 1141 325 1174 debet,
338 1140 387 1171 sed
397 1138 610 1173 demonstrare,
622 1149 690 1170 eam
700 1150 763 1170 rem
774 1150 829 1170 nec
838 1140 873 1171 ad
883 1141 922 1174 se,
934 1150 989 1170 nec
999 1140 1033 1171 ad
1043 1150 1099 1180 po-

145 1182 288 1217 testatem,
300 1192 397 1223 neque
407 1181 443 1212 ad
453 1179 591 1211 officium
603 1182 691 1211 suurn
700 1181 872 1222 pertinuisse
881 1191 931 1212 aut
938 1184 1096 1222 pertinere.

144 1228 242 1266 Atque
254 1227 286 1254 in
296 1225 353 1254 hoc
362 1233 468 1265 genere
479 1224 537 1253 hoc
545 1223 651 1253 accidit
661 1226 733 1253 novi
745 1243 754 1257 ,
774 1223 857 1264 quod
867 1225 1013 1254 accusator
1022 1233 1097 1265 quo-

145 1277 202 1307 que
213 1267 284 1306 saepe
295 1276 333 1296 ex
343 1267 512 1296 remotione
522 1266 768 1295 criminationem
776 1264 909 1295 conficit.
933 1269 976 1295 Ut
992 1264 1013 1295 si
1031 1267 1098 1306 quis

145 1318 216 1338 eum
236 1309 364 1342 accusat,
385 1309 458 1348 qui,
476 1305 547 1336 cum
557 1305 762 1346 praetoi·effet,
784 1310 817 1337 in
826 1307 1052 1347 expeditionem
1062 1306 1097 1336 ad
1115 1331 1117 1333 ,

143 1360 224 1381 arma
232 1350 381 1391 populum
391 1350 515 1381 vocarit,
525 1347 597 1377 cum
609 1351 694 1378 Coss.
705 1347 846 1379 adess'ent.
866 1352 948 1378 Nam
961 1357 992 1379 ut
1004 1351 1037 1378 in
1049 1349 1098 1378 su-

145 1394 259 1432 periore
276 1391 419 1431 exemplo
436 1400 503 1419 reus
521 1390 557 1420 ab
575 1390 629 1420 suo
641 1389 745 1420 officio
754 1410 763 1424 ,
787 1400 819 1420 ac
827 1390 971 1430 potestate
980 1389 1095 1421 facturn

145 1434 325 1465 demovebat
336 1444 342 1462 :
361 1432 442 1463 sicin
451 1433 510 1462 hoc
519 1431 555 1461 ab
565 1433 628 1471 ejus
639 1430 743 1462 officio
752 1443 784 1462 ac
793 1431 938 1472 potestate
947 1452 956 1465 ,
976 1434 1029 1473 qui
1048 1442 1097 1462 ac-

143 1476 269 1510 cusatur,
279 1476 341 1517 ipse
349 1472 617 1505 accusatorfanum
627 1474 827 1507 removendo,
848 1475 901 1505 hac
911 1475 972 1514 ipsa
979 1476 1096 1504 ratione

143 1516 306 1548 confirmat
321 1517 550 1547 accusationem.
583 1518 620 1545 In
631 1516 684 1546 hac
693 1516 729 1546 ab
741 1525 868 1557 utroque
879 1520 889 1535 ¹
901 1526 939 1546 ex
950 1516 1096 1547 omnibus

144 1560 318 1593 honestatis,
331 1560 363 1589 &
372 1558 508 1589 utilitatis
517 1557 648 1597 partibus
658 1577 666 1591 ‚
680 1559 829 1598 exemplis
840 1578 848 1591 ‚
860 1556 960 1600 signis,
977 1560 1096 1588 ratioci-

143 1601 331 1643 nando‚quid
340 1601 482 1641 cujusque
492 1598 596 1633 officii,
604 1600 615 1640 j
620 1600 846 1640 uris‚potestatis
856 1599 890 1630 sit
898 1602 991 1641 quaeri
1002 1610 1095 1640 opor-

145 1643 229 1677 tebit,
242 1644 285 1678 &,
295 1642 425 1673 fueritne
436 1645 464 1672 ei
475 1662 484 1676 ‚
496 1651 557 1682 quo
568 1641 605 1671 de
614 1644 724 1682 agitur,
737 1642 767 1672 id
774 1644 850 1682 juris
861 1662 868 1675 ‚
882 1641 976 1672 otficii
988 1661 996 1675 ,
1007 1651 1095 1682 pote-

145 1684 227 1716 statis
236 1685 425 1718 attributum,
436 1694 542 1714 necne.
562 1685 662 1713 Locos
672 1692 772 1714 autem
781 1686 976 1714 communeis
985 1693 1024 1713 ex
1035 1684 1096 1723 ipsa

142 1737 173 1757 re
183 1747 192 1761 ,
212 1726 232 1757 fi
242 1727 313 1769 quid
323 1727 540 1768 indignationis
551 1745 559 1758 ‚
580 1735 611 1755 ac
620 1725 848 1765 conquestionis
860 1725 995 1758 habebit,
1016 1726 1095 1755 sumi

89 1787 104 1820 3
117 1787 127 1811 1
144 1771 307 1810 oportebit.
339 1768 466 1808 Conceffio
476 1767 527 1801 est,
537 1777 689 1807 perquam
701 1771 715 1786 ²
726 1777 790 1797 non
799 1766 913 1797 factum
924 1768 1022 1808 ipsum
1034 1769 1094 1796 im-

141 1811 282 1852 probatur
292 1830 301 1845 ,
312 1810 347 1841 ab
355 1820 407 1841 reo
420 1821 425 1839 :
444 1809 494 1840 sed
505 1818 538 1839 ut
546 1809 715 1850 ignoscatur
723 1829 732 1843 ,
753 1809 783 1839 id
793 1811 912 1849 petitur.
934 1810 1020 1849 cujus
1029 1819 1095 1850 par-

141 1862 184 1884 tes
195 1854 263 1884 sunt
271 1852 534 1893 duae‚purgatio,&
542 1851 718 1891 deprecatio.
743 1852 877 1891 Purgatio
887 1849 995 1891 est,per
1002 1861 1092 1891 quam

141 1895 205 1925 e'us
215 1896 268 1936 qui
276 1895 424 1925 accusatur
432 1903 497 1923 non
507 1892 621 1923 fanum
631 1893 729 1932 ipsum
740 1912 749 1926 ‚
779 1893 826 1923 sed
837 1893 976 1923 voluntas
988 1891 1095 1923 defen-

166 1939 232 1966 itur.
263 1939 304 1966 Ea
313 1936 402 1965 habet
409 1937 515 1974 parteis
525 1936 593 1964 treis
603 1954 611 1968 ‚
632 1935 868 1973 imprudentiam
879 1954 888 1967 ,
907 1934 1007 1964 casum
1018 1954 1027 1967 ,
1040 1944 1094 1964 ne-

141 1975 359 2008 cessitudinem.
390 1976 584 2017 Imprudentia
599 1974 642 2005 est
653 1995 661 2008 ,
680 1974 752 2005 cum
763 1974 844 2005 sciss'e
853 1975 966 2015 aliquid
977 1978 1001 2005 is
1012 1995 1020 2009 ‚
1041 1977 1094 2016 qui

143 2021 284 2061 arguitur,
296 2026 434 2060 negatur:
455 2019 497 2047 Ut
505 2016 580 2056 apud
589 2016 732 2056 quosdam
743 2017 792 2046 lex
802 2025 870 2049 erat,
883 2019 930 2046 Ne
941 2019 1008 2057 quis
1020 2019 1095 2046 Dia-

141 2071 189 2092 nae
200 2061 332 2090 vitulum
342 2059 523 2089 immolaret.
547 2061 654 2088 Nautae
662 2057 796 2098 quidam,
807 2056 878 2088 cum
888 2057 1006 2088 adversa
1015 2066 1093 2088 tem-

141 2101 252 2144 pestate
265 2103 298 2132 in
316 2101 376 2132 alto
389 2100 572 2141 jastarentiu·
580 2119 588 2133 ‚
609 2109 759 2129 voverunt
769 2119 777 2133 ‚
797 2098 818 2129 fi
828 2110 865 2129 eo
874 2108 961 2139 portu
972 2119 980 2133 ,
1000 2109 1092 2140 quem

140 2143 365 2184 conspiciebant
374 2162 382 2176 ,
404 2143 494 2183 potiti
504 2139 599 2171 essent
608 2160 617 2174 ‚
629 2143 657 2171 ei
666 2140 723 2170 deo
734 2161 742 2175 ,
755 2143 806 2182 qui
815 2141 859 2171 ibi
869 2139 941 2170 ess'et
950 2161 958 2174 ,
972 2141 1000 2171 se
1011 2144 1093 2171 vitu—

141 2185 208 2216 lum
227 2185 449 2215 immolaturos.
481 2183 556 2213 Casu
574 2191 634 2212 erat
651 2184 684 2212 in
702 2192 739 2212 eo
756 2191 845 2222 portu
863 2181 971 2212 fanum
985 2185 1091 2213 Dianae

142 2228 206 2268 ejus
217 2247 227 2261 ,
246 2229 295 2257 cui
304 2226 435 2257 vitulum
445 2225 601 2255 immolari
611 2223 800 2255 nonlicebat.
831 2223 1040 2265 Imprudentes
1050 2225 1093 2255 le—

142 2271 186 2310 gis
197 2290 206 2303 ,
226 2267 298 2298 cum
307 2267 437 2299 exifl'ent
445 2287 454 2300 ‚
475 2267 607 2296 vitulum
626 2267 872 2296 immolaverunt.
899 2267 1091 2297 Accusantur.

141 2312 276 2342 Intentio
286 2309 348 2344 est,
368 2310 508 2339 Vitulum
518 2307 699 2338 immolastis
709 2310 735 2338 ei
746 2308 820 2342 deo,
839 2310 887 2338 cui
898 2308 1090 2338 nonlicebat.

142 2351 287 2393 Depulsio
296 2352 380 2383 estin
389 2349 577 2381 concessione
585 2348 687 2390 posita.
718 2352 809 2380 Ratio
819 2349 861 2380 est
871 2371 879 2383 ‚
901 2350 1012 2381 nescivi
1026 2360 1090 2381 non

140 2394 239 2424 licere.
268 2392 438 2424 Infirmatio
448 2392 491 2422 est
502 2412 510 2426 ,
524 2395 643 2422 Tamen
654 2412 663 2425 ,
674 2393 818 2433 quoniam
829 2391 924 2422 fecisti
934 2391 1015 2433 quod
1026 2402 1090 2422 non

141 2435 258 2469 licebat,
269 2445 307 2466 ex
319 2437 381 2477 lege
393 2435 538 2475 supplicio
548 2434 656 2476 dignus
665 2443 705 2463 es.
725 2433 876 2474 Judicatio
887 2433 929 2464 est
938 2453 946 2467 ,
969 2432 1048 2464 Cum
1059 2433 1090 2464 id

142 2476 245 2508 fecerit
253 2498 262 2511 ,
276 2482 356 2518 quod
366 2486 432 2507 non
442 2479 608 2517 oportuerit
618 2496 626 2509 ‚
639 2476 671 2506 &
681 2475 711 2505 id
722 2485 787 2505 non
797 2484 932 2517 oportere
941 2475 1089 2510 nescierit,

143 2517 216 2549 sitne
227 2519 370 2559 supplicio
380 2518 498 2560 dignus.
529 2518 613 2558 Casus
623 2526 722 2547 autem
733 2516 878 2548 inferetur
886 2519 919 2547 in
928 2516 1092 2548 conceffio-

142 2570 226 2594 nem,
236 2561 307 2591 cum
317 2559 571 2591 demensi-‘rabitur
579 2561 675 2600 aliqua
682 2559 813 2590 fortunae
822 2561 868 2589 vis
877 2560 1025 2590 voluntati
1035 2559 1091 2589 ob-

141 2601 244 2633 stitifl'e
254 2623 262 2637 ,
283 2612 317 2633 ut
334 2604 367 2632 in
385 2603 455 2632 hac:
476 2600 555 2631 Cum
566 2601 803 2632 Lacedaemoniis
813 2602 862 2631 lex
871 2600 943 2631 ess'et
952 2621 961 2635 ,
980 2600 1091 2632 hostias

141 2643 196 2675 nisi
203 2644 249 2674 ‘ad
268 2642 444 2675 sacrificium
461 2643 612 2685 quoddam
632 2643 784 2673 redemtor
796 2641 965 2685 praebnifl‘et
975 2663 983 2677 ,
1011 2645 1092 2683 capi-

139 2685 196 2716 tale
205 2684 292 2716 ess'et:
305 2685 414 2716 hostias
423 2688 448 2715 is
459 2705 467 2719 ,
481 2687 533 2726 qui
543 2685 707 2716 redemerat
716 2705 725 2719 ‚
738 2684 809 2715 cum
821 2683 956 2715 sacrificii
968 2685 1031 2715 dies
1041 2688 1090 2715 in·-

140 2725 226 2758 staret
235 2748 244 2761 ,
263 2729 297 2758 in
306 2728 411 2758 urbem
422 2737 460 2757 ex
469 2737 538 2769 agro
546 2728 638 2768 coepit
645 2737 739 2768 agere.
761 2735 826 2757 tum
837 2727 934 2758 subito
949 2730 961 2754 3
973 2729 1089 2768 magnis

177 2846 186 2863 i
196 2858 200 2863 .
216 2842 256 2864 Ex
263 2841 367 2865 omnibus
376 2841 497 2873 honestatis
505 2840 534 2870 ὼ
541 2841 654 2866 utilitatis
661 2841 773 2873 panibus
779 2839 801 2872 .]
812 2841 853 2865 lta
862 2840 888 2865 ὃ(
901 2839 946 2865 Pal
953 2839 1018 2874 &stc-
1030 2847 1088 2865 nam

136 2871 221 2900 editio
230 2875 315 2910 prima
326 2895 333 2906 ‚
344 2875 431 2901 omisit
440 2876 598 2908 honestatis&
606 2887 614 2902 .·
631 2875 692 2902 ideo
703 2874 825 2901 videlicet
836 2874 907 2911 quod
918 2874 1053 2909 reperisset
1063 2875 1089 2901 in

137 2910 191 2935 anti
213 2911 252 2936 uis
265 2930 272 2942 ,
282 2912 311 2942 &-
318 2913 423 2937 omnibus
432 2912 552 2944 honestatis
557 2913 670 2944 partibus
682 2930 690 2943 ‚
700 2911 730 2941 ὸ·
737 2913 842 2937 omnihus
851 2912 1091 2943 utilitatispartihus,·

1153 232 1326 255 commotus
1336 225 1559 266 tempestatibus
1569 227 1679 261 fluvius
1690 233 1814 263 Eurotas
1823 231 1913 275 is,qui
1923 241 2042 273 propter
2051 235 2112 265 La-

1153 265 1361 297 cedaemonem
1371 267 1439 299 fluit
1448 289 1456 302 ‚
1477 271 1516 300 ita
1535 281 1660 312 magnus
1671 273 1704 303 &
1712 275 1878 304 vehemens
1887 274 1981 305 faetus
1992 274 2035 305 est
2045 295 2053 309 ,
2076 284 2111 307 ut

1152 315 1189 334 eo
1199 307 1309 353 traduci
1318 308 1451 340 vffihmae
1460 312 1546 342 nullo
1557 314 1651 344 modo
1662 314 1790 355 possent.
1805 316 2043 351 Redemtor‚suae
2053 328 2108 348 vo-

1151 346 1272 377 luntatis
1283 349 1474 383 ostendendae
1483 355 1567 385 causa
1576 375 1584 389 ‚
1608 357 1717 387 hostias
1727 357 1884 388 constituit
1891 361 2011 389 omneis
2029 361 2062 389 in
2073 360 2110 390 li-

1153 396 1215 417 tore
1225 407 1233 421 ‚
1250 398 1283 419 ut
1292 409 1300 422 ‚
1321 394 1372 431 qui
1391 401 1469 438 trans
1486 394 1604 428 flumen
1620 397 1714 430 ess'ent
1725 421 1734 433 ‚
1754 400 1856 430 videre
1873 399 2002 441 possent.
2026 400 2106 431 Cum

1150 438 1259 476 ornnes
1271 429 1370 478 studio
1382 443 1445 472 ejus
1456 436 1583 468 subitam
1596 438 1734 471 fluminis
1745 442 1987 483 magnitudinem
1998 443 2107 473 scirent

1150 469 1237 518 tulssc
1247 473 1586 520 impedimento.tamen
1595 482 1718 521 quidam
1729 486 1831 524 capitis
1841 482 2036 514 arceffierunt.
2055 487 2106 515 In-

1151 520 1245 542 tentio
1255 512 1309 546 est,
1322 514 1448 549 Hostiae,
1458 527 1528 557 quas
1539 520 1678 557 debuisti,
1693 525 1728 555 ad
1740 524 1915 557 sacrificium
1924 525 2030 566 praesto
2040 536 2105 556 non

1147 552 1280 603 fuerunt.
1303 556 1447 602 Depulsio
1457 558 1517 593 est,
1529 563 1686 594 concessio.
1709 569 1810 601 Ratio,
1823 568 1952 598 Flumen
1962 570 2046 598 enim
2057 569 2107 599 su-

1149 595 1213 625 bito
1224 606 1363 631 accrevit,
1374 598 1407 628 ὃς
1415 609 1449 629 ea
1458 610 1488 629 re
1499 602 1610 633 traduci
1620 615 1683 636 non
1692 617 1861 647 potuerunt.
1872 608 2039 640 Infirmatio
2050 609 2104 644 est,

1148 639 1269 684 Tamen
1281 659 1288 671 ‚
1301 649 1458 680 quoniam,
1470 642 1551 682 quod
1562 645 1611 674 lex
1616 646 1713 685 jubet,
1725 648 1839 681 fafitum
1850 661 1914 681 non
1923 650 1976 684 est,
1989 652 2100 692 suppli-

1147 689 1195 709 cio
1206 679 1315 728 dignus
1326 691 1366 728 es.
1387 682 1538 723 Judicatio
1548 684 1591 715 est
1601 707 1610 719 ‚
1629 687 1706 718 Cum
1717 692 1748 720 in
1759 702 1791 722 ea
1801 702 1830 722 re
1840 693 1992 723 redemtor·
2001 702 2104 723 contra

1147 721 1245 762 legem
1255 722 1367 769 aliquid
1377 725 1482 754 fecerit
1491 746 1499 758 ,
1520 736 1577 767 qua
1594 730 1627 758 in
1638 739 1667 758 re
1678 730 1775 762 studio
1786 735 1811 772 ej
1816 744 1849 763 ns
1860 734 1952 764 subita
1963 733 2102 766 fluminis

1147 762 1297 793 obstiterit
1309 766 1486 806 magnitudo
1498 787 1506 800 ,
1527 768 1713 808 supplicio‘ne
1724 773 1832 814 dignus
1843 774 1886 804 sir.
1933 776 2102 815 Neceffitudo
2124 780 2137 814 3
2148 780 2167 805 2

1146 813 1246 851 autem
1255 805 1383 849 infertur
1394 827 1403 840 .
1423 806 1496 838 cum
1506 811 1537 838 vi
1546 811 1675 850 quadam
1687 823 1751 843 reus
1763 815 1792 844 id
1803 835 1811 848 ,
1823 817 1903 855 quod
1914 816 2036 852 fecerit,
2057 819 2104 848 fe-

1146 845 1214 876 cisse
1224 847 1413 882 defenditur,
1425 850 1485 880 hoc
1493 853 1588 882 modo
1606 863 1611 882 z
1632 856 1697 884 Lex
1707 854 1750 885 est
1759 858 1833 895 apud
1846 858 1984 888 Rhodios
1998 879 2006 892 ‚
2018 869 2051 889 ut
2061 880 2069 893 ,
2083 858 2104 891 fi

1145 897 1201 928 qua
1210 888 1330 919 rostrata
1340 892 1372 919 in
1382 900 1470 929 portu
1480 895 1563 923 navis
1575 894 1755 934 deprehensa
1766 896 1808 930 sit,
1820 898 1995 937 publicetur.
2020 899 2099 931 cum

1145 939 1250 976 magna
1260 932 1293 960 in
1302 931 1361 961 alto
1373 932 1530 972 tempestas
1541 934 1612 965 esset
1623 939 1681 967 :vis
1692 948 1864 973 ventorum,
1877 941 1980 970 invitis
1991 944 2101 976 nautis.

1145 971 1339 1001 Rhodiorum
1358 975 1391 1003 in
1401 983 1522 1013 portum
1533 979 1636 1008 navim
1654 980 1764 1021 coegit.
1788 981 1924 1023 Qaestor
1935 984 2036 1012 navim
2047 993 2101 1022 po-

1144 1013 1209 1059 puli
1218 1023 1315 1044 vocat.
1333 1017 1427 1045 Navis
1438 1015 1582 1048 dominus
1592 1029 1678 1060 negat
1686 1022 1831 1061 publicari
1842 1031 1986 1063 oportere.
1999 1026 2101 1054 Inten-

1145 1063 1186 1083 tio
1207 1054 1249 1084 est
1261 1075 1268 1088 .
1289 1055 1423 1087 Rostrata
1435 1060 1519 1088 navis
1530 1061 1562 1089 in
1580 1070 1667 1100 portu
1687 1063 1868 1102 deprehensa
1884 1063 1935 1095 est.
1959 1064 2103 1105 Depulsio

1144 1095 1204 1129 est,
1218 1096 1376 1143 concessio.
1399 1101 1490 1129 Ratio
1501 1120 1509 1134 ‚
1531 1103 1587 1134 Vi,
1601 1103 1805 1135 &neceflario
1823 1105 1926 1136 sumus
1936 1108 2098 1147 inportuni

1143 1137 1247 1167 coaCti.
1270 1141 1439 1171 Infirmatio
1450 1141 1492 1171 est
1502 1162 1510 1176 ‚
1535 1145 1648 1175 Navim
1668 1155 1706 1175 eit
1724 1147 1788 1188 lege
1808 1156 1909 1178 tamen
1927 1149 2032 1189 populi
2043 1147 2101 1179 effe

1143 1189 1268 1219 oportet.
1290 1181 1440 1222 Judicatio
1451 1183 1504 1217 est,
1517 1182 1595 1216 cum
1607 1186 1758 1218 rostratam
1769 1191 1873 1219 navim
1885 1191 1918 1220 in
1927 1199 2013 1229 portu
2022 1193 2040 1217 4
2050 1190 2102 1220 de-

1141 1222 1316 1261 prehensam
1327 1223 1376 1253 lex
1386 1224 1545 1263 publicarit
1556 1247 1563 1260 ,
1575 1238 1706 1269 cumque
1717 1231 1779 1260 haec
1790 1233 1873 1261 navis
1885 1252 1893 1264 ,
1914 1233 2018 1261 invitis
2028 1242 2102 1263 nau-

1142 1265 1178 1293 tis
1189 1283 1197 1296 ,
1218 1265 1249 1310 vi
1259 1264 1439 1305 tempestatis
1449 1268 1481 1296 in
1493 1277 1613 1307 portum
1624 1270 1759 1310 conjecta
1768 1270 1803 1302 fit
1822 1292 1831 1306 ,
1851 1281 2024 1312 oporteatne
2033 1283 2100 1303 eam

1140 1304 1296 1344 publicari.
1321 1309 1442 1337 Horum
1461 1316 1554 1340 trium
1584 1321 1709 1342 enerum
1718 1312 1832 1343 idcirco
1843 1324 1939 1344 unum
1954 1316 1988 1344 in
1998 1315 2099 1345 iocum

1140 1347 1326 1378 contulimus
1346 1351 1484 1390 exempla
1494 1371 1503 1384 ,
1522 1352 1604 1393 quod
1624 1352 1729 1383 similis
1749 1356 1782 1384 in
1801 1365 1834 1386 ea
1848 1358 2008 1396 praeceptio
2016 1367 2100 1398 argu*

1140 1397 1316 1419 mentorum
1328 1390 1460 1421 traditur.
1480 1395 1561 1423 Nam
1573 1396 1606 1424 in
1615 1395 1662 1425 his
1672 1396 1817 1426 omnibus
1826 1396 1963 1437 primurn
1976 1418 1984 1431 ,
1996 1396 2017 1427 si
2026 1398 2097 1439 quid

1140 1440 1186 1459 res
1203 1431 1265 1470 ipsa
1281 1431 1364 1462 dabit
1372 1431 1518 1464 facultatis
1530 1455 1539 1468 .
1557 1436 1763 1476 conjecturam
1774 1438 1878 1469 induci
1889 1439 1925 1469 ab
1934 1440 2099 1470 accusatore

1141 1473 1308 1512 oportebit,
1320 1482 1353 1503 ut
1361 1474 1392 1504 id
1403 1495 1410 1508 ‚
1422 1476 1502 1516 quod
1513 1478 1665 1508 voluntate
1674 1478 1788 1509 facium
1798 1481 1964 1522 negabitur,
1976 1482 2097 1512 consu!-

1140 1512 1171 1544 [ὸ
1181 1510 1296 1560 ἱαᾷυω
1307 1515 1474 1555 suspicione
1484 1516 1580 1560 aliqua
1589 1519 1810 1552 demonstretur
1821 1534 1826 1551 :
1839 1522 1960 1553 Deinde
1975 1523 2097 1554 induce—

1138 1566 1169 1585 re
1179 1555 1391 1587 deiinitionem
1402 1557 1634 1595 necessitudinis,
1645 1571 1695 1592 aut
1705 1563 1785 1593 casus
1795 1583 1804 1596 ,
1816 1573 1864 1594 aut
1874 1564 2095 1604 imprudentiae:

1140 1598 1173 1627 &
1183 1598 1321 1638 exempla
1329 1598 1365 1629 ad
1375 1609 1441 1630 eam
1452 1600 1663 1634 definitionem
1674 1604 1833 1646 adjungere
1844 1625 1852 1639 ‚
1873 1607 1905 1635 in
1916 1606 2026 1646 quibus
2036 1608 2095 1637 im-

1138 1640 1295 1680 prudentia
1303 1638 1391 1670 fuisse
1401 1642 1536 1674 videatur
1545 1664 1555 1677 ,
1567 1653 1617 1675 aut
1626 1646 1707 1676 casus
1718 1666 1726 1679 ,
1742 1655 1792 1676 aut
1802 1646 1983 1677 neceffitudo
1994 1668 2002 1681 ,
2015 1647 2047 1677 δε
2057 1648 2095 1678 ab

1139 1683 1185 1710 his
1196 1681 1227 1711 id
1236 1681 1318 1722 quod
1328 1692 1394 1712 reus
1404 1683 1522 1719 inferat,
1535 1686 1706 1726 separare‚id
1718 1687 1769 1721 est,
1786 1687 1942 1719 ostendere
1952 1688 2092 1728 dissimile,

1138 1722 1221 1764 quod
1231 1724 1326 1768 levius
1337 1744 1345 1757 ‚
1361 1723 1478 1756 facilius
1489 1747 1497 1760 ‚
1511 1737 1576 1757 non
1585 1729 1762 1769 ignorabile.
1777 1739 1840 1759 non
1849 1729 2020 1764 fortuitum,
2033 1741 2097 1761 non

1138 1763 1333 1795 necessarium
1343 1765 1441 1796 fuerit.
1465 1768 1568 1799 Postea
1577 1769 1780 1801 demonstrare
1792 1792 1800 1805 ‚
1812 1770 1936 1812 potuiss'e
1946 1774 2029 1802 vitari
2041 1793 2049 1806 ‚
2061 1773 2095 1804 δε

1137 1807 1191 1837 hac
1201 1809 1314 1852 ratione
1322 1808 1474 1847 provideri
1483 1810 1620 1850 potuisse,
1632 1810 1652 1841 si
1662 1813 1731 1846 hoc,
1747 1822 1796 1843 aut
1805 1813 1882 1843 illud
1891 1812 2013 1848 fecisset,
2025 1817 2039 1841 5
2048 1823 2096 1845 ant

1137 1846 1193 1878 nifi
1202 1847 1316 1879 feciflet
1324 1869 1333 1882 ,
1354 1853 1527 1889 praecaveri:
1547 1852 1580 1883 &
1590 1852 1819 1884 definitionibus
1838 1854 1993 1886 ostendere
2003 1876 2011 1889 ,
2032 1866 2097 1886 non

1136 1891 1212 1921 hanc
1220 1890 1457 1930 imprudentiam
1467 1913 1476 1926 ,
1496 1902 1547 1924 aut
1555 1895 1655 1925 casum
1666 1915 1674 1928 .
1694 1905 1743 1926 aut
1753 1894 2000 1927 neceffitudinem
2010 1916 2019 1929 ,
2040 1897 2090 1928 sed

1136 1934 1274 1962 inertiam
1285 1951 1294 1964 ‚
1308 1933 1521 1973 negligentiam
1532 1955 1540 1969 ,
1551 1935 1716 1966 fatuitatem
1726 1940 1880 1967 nominari
1891 1946 2037 1978 oportere.
2049 1942 2092 1969 Ac

1136 1972 1157 2002 si
1167 1983 1225 2013 qua
1233 1972 1414 2004 neceffirudo
1427 1976 1632 2016 turpitudinem
1641 1977 1793 2008 videbitur
1802 1978 1908 2008 habere
1920 1998 1928 2011 ,
1943 1980 2094 2019 oportebit

1136 2024 1190 2054 per
1208 2015 1345 2045 locorum
1372 2019 1587 2048 communium
1608 2019 1848 2059 implicationem
1866 2020 2093 2061 redarguentem

1136 2055 1340 2086 demonstrare
1350 2076 1359 2089 ,
1381 2058 1501 2098 quidvis
1510 2062 1622 2104 perpeti
1633 2080 1640 2093 ‚
1655 2063 1734 2090 mori
1746 2061 1876 2102 denique
1894 2062 1981 2092 satius
1991 2061 2091 2095 fuiss'e.

1136 2097 1228 2139 quarn
1246 2098 1397 2137 ejusmodi
1413 2099 1621 2131 necessitudini
1637 2102 1849 2143 obtemperare.
1873 2106 1969 2143 Atque
1979 2112 2044 2133 tum
2054 2114 2092 2134 ex

1135 2141 1182 2169 his
1192 2139 1267 2169 locis
1277 2160 1286 2173 ‚
1308 2139 1345 2169 de
1356 2141 1465 2181 quibus
1477 2144 1510 2172 in
1519 2144 1662 2184 negotiali
1671 2152 1751 2183 parte
1761 2143 1880 2174 dietum
1889 2145 1933 2174 est
1944 2165 1952 2178 .
1971 2146 2046 2184 juris
2057 2145 2091 2176 δε

1135 2183 1278 2221 aequitatis
1287 2190 1422 2212 naturam
1434 2185 1584 2223 oportebit
1592 2195 1721 2225 quaerere
1730 2205 1739 2219 ,
1762 2186 1795 2216 δε
1806 2205 1814 2219 ,
1827 2185 1905 2227 quasi
1915 2189 1947 2216 in
1959 2186 2091 2218 absoluta

1131 2222 1312 2263 juridiciali,
1331 2233 1384 2264 pcr
1401 2225 1430 2254 se
1447 2225 1507 2255 hoc
1516 2226 1615 2266 ipsum
1626 2227 1661 2257 ab
1679 2227 1767 2257 rebus
1776 2227 1921 2258 omnibus
1930 2229 2086 2269 separatim

1135 2262 1325 2295 considerare.
1348 2267 1447 2307 Atque
1465 2267 1524 2297 hoc
1534 2270 1567 2297 in
1577 2269 1645 2298 loco
1656 2288 1663 2301 ,
1686 2266 1705 2298 si
1716 2268 1836 2300 facultas
1845 2271 1902 2300 erit
1912 2290 1920 2303 ,
1941 2271 2091 2311 exemplis

1136 2308 1179 2336 uti
1190 2307 1350 2346 oportebit,
1359 2308 1468 2349 quibus
1478 2310 1512 2339 in
1521 2307 1612 2339 simili
1621 2310 1813 2341 excusatione
1823 2321 1886 2341 non
1897 2310 1930 2341 sit
1939 2314 2087 2353 ignotum:

1136 2349 1169 2378 ὃς
1178 2350 1373 2380 contentione
1385 2370 1393 2383 ,
1414 2352 1508 2392 magis
1525 2352 1587 2381 illis
1598 2352 1817 2392 ignoscendum
1825 2351 1912 2383 fuiss'e
1926 2364 1931 2382 :
1944 2354 1976 2384 δε
1987 2363 2025 2384 ex
2034 2353 2085 2383 de-

1134 2390 1320 2420 liberationis
1337 2391 1468 2432 partibus
1479 2412 1487 2426 ,
1508 2401 1590 2433 turpe
1608 2402 1658 2423 aut
1676 2395 1783 2424 inutile
1801 2392 1860 2424 effe
1877 2395 2002 2425 concedi
2018 2404 2086 2425 eam

1134 2442 1198 2462 rem
1209 2452 1218 2466 ‚
1229 2442 1295 2474 quae
1305 2433 1341 2463 ab
1349 2433 1513 2465 adversario
1522 2432 1681 2465 commissa
1690 2434 1723 2465 sit
1734 2447 1742 2470 ;
1764 2445 1960 2476 permagnum
1969 2434 2040 2469 effe.
2052 2436 2086 2466 &

1135 2483 1245 2514 magno
1253 2473 1390 2505 futurum
1400 2475 1581 2507 detrimento
1591 2497 1599 2509 ,
1621 2474 1642 2506 fi
1651 2487 1684 2507 ea
1693 2487 1738 2507 res
1747 2478 1783 2507 ab
1793 2479 1830 2506 iis
1841 2496 1849 2511 ‚
1870 2479 1922 2518 qui
1931 2475 1947 2497 ⁶
1956 2476 2086 2517 potesta-

1134 2525 1196 2546 tem
1205 2515 1314 2546 habent
1323 2516 1496 2548 vindicandi
1508 2538 1516 2552 ‚
1527 2516 1661 2560 neglecta
1669 2516 1713 2547 sit.
1745 2517 1894 2549 Defensor
1901 2527 2002 2549 autem
2013 2529 2087 2549 con·
2107 2527 2120 2559 3
2134 2526 2146 2559 3

1134 2555 1222 2587 verfis
1241 2558 1385 2588 omnibus
1404 2560 1450 2588 his
1459 2559 1589 2599 partibus
1599 2561 1708 2599 poterit
1718 2562 1771 2589 uti.
1794 2560 1932 2591 Maxime
1941 2569 2041 2591 autem
2052 2563 2086 2591 in

1133 2599 1286 2630 voluntate
1296 2599 1484 2631 defendenda
1490 2600 1773 2635 commorabitun&
1783 2603 1816 2631 in
1826 2611 1857 2632 ea
1866 2612 1897 2632 re
1905 2602 2089 2643 adaugenda,

1134 2651 1200 2682 quae
1209 2641 1357 2671 voluntati
1367 2641 1456 2672 fuerit
1467 2641 1687 2682 impedimento
1700 2654 1704 2671 :
1725 2642 1758 2673 &
1770 2643 1796 2673 se
1806 2643 1873 2683 plus
1883 2664 1891 2678 ,
1903 2643 1994 2685 quam
2005 2643 2085 2674 fece-

1133 2686 1172 2713 rit
1181 2703 1189 2717 ,
1209 2683 1302 2713 facere
1313 2693 1376 2713 non
1385 2682 1512 2724 potuisse
1533 2694 1538 2711 :
1559 2683 1633 2713 &in
1643 2685 1786 2714 omnibus
1797 2684 1884 2715 rebus
1894 2686 2080 2716 voluntatem

1134 2724 1257 2765 spectari
1268 2734 1403 2765 oportere
1416 2736 1421 2753 ;
1433 2725 1465 2756 &
1476 2725 1503 2756 se
1514 2727 1655 2756 convinci
1665 2735 1729 2756 non
1737 2724 1818 2767 poss‘e
1828 2746 1837 2760 ‚
1849 2725 1931 2768 quod
1942 2737 2005 2757 non
2016 2726 2086 2757 absit

1996 2769 2012 2799 ᾖ
2022 2769 2093 2798 cul-¹

1165 2845 1194 2870 4.
1215 2839 1382 2870 &prehensam
1390 2839 1429 2861 lex
1434 2837 1591 2871 pamla-urin]
1611 2836 1734 2864 Lambini
1752 2836 1836 2864 editio
1849 2856 1857 2869 ,
1874 2842 1999 2874 lea-jubent
2004 2843 2086 2874 publi-

1130 2877 1184 2899 cari
1194 2892 1202 2905 ,
1213 2873 1255 2901 scd
1266 2881 1361 2909 praeter
1371 2873 1514 2899 editionem
1525 2871 1620 2899 castam
1631 2874 1658 2899 ὃ(
1671 2873 1738 2900 Pan.
1748 2881 1813 2901 tres.

1169 2918 1194 2942 5.
1213 2912 1264 2935 Aut
1273 2910 1409 2942 nififecifflt
1420 2928 1427 2939 ,
1434 2909 1589 2942 purcman]
1612 2908 1766 2936 Editionnm
1776 2910 1862 2947 prima
1871 2929 1880 2950 .‘
1892 2918 1936 2936 aut
1945 2921 1973 2936 ne
1976 2913 2010 2945 fic
2013 2913 2089 2952 freisl-

136 2953 190 2980 qno
218 2947 246 2972 ὅ(
257 2947 283 2973 in
296 2947 417 2983 vulgata:
437 2947 664 2984 arbitrareturque
673 2948 788 2974 alterum
798 2947 947 2974 membrum
957 2946 1008 2973 ess'e
1019 2950 1032 2973 ὲ
1045 2956 1090 2974 va·
1123 2946 1160 2978 fit
1174 2948 1313 2978 praecawen'.
1332 2944 1466 2980 quomodo
1476 2946 1501 2970 δι
1516 2944 1629 2971 Palatin.
1643 2944 1748 2972 iecund.
1769 2955 1917 2986 nam-prim.
1938 2955 1992 2973 tres
2012 2957 2084 2983 prro-

136 2980 177 3007 ria
186 2981 310 3008 leffione.

172 3025 202 3042 2.
221 3020 368 3052 Nonfaffum
376 3018 449 3052 lpfim
456 3020 628 3053 improbatum]
640 3019 782 3056 Sequentia
793 3019 887 3045 volunt
896 3019 1026 3054 legamus,
1032 3025 1090 3051 pro-

137 3052 238 3084 barum,-
257 3053 326 3088 qnod
337 3055 364 3080 &
375 3054 476 3082 voffius
495 3055 582 3082 noster
602 3055 668 3082 vidit
678 3055 770 3082 elefitis
781 3055 835 3082 illis
846 3055 1033 3082 Orator-iarum
1044 3056 1090 3081 ln-

137 3086 303 3115 stitutionum
314 3089 387 3116 libris
397 3100 403 3116 :
417 3099 501 3127 neque
511 3091 589 3117 aliter
599 3092 666 3118 Pan.
677 3091 727 3118 sec.

176 3130 202 3161 3..
221 3125 317 3156 Μαρία
325 3126 434 3152 commotis
443 3128 639 3162 tempestatibus.]
656 3127 700 3153 Est
710 3128 725 3153 ἀ
737 3126 794 3154 Pal.
805 3125 855 3153 sec.
865 3125 1088 3163 quemadmodum

137 3165 284 3190 coniecerat
294 3160 448 3189 Lambinus.
467 3163 540 3191 retro
552 3162 603 3190 <usi
613 3169 744 3190 commotus.

1132 2990 1172 3007 res
1185 2989 1258 3007 voces
1279 2989 1328 3006 non
1349 2980 1425 3006 habet
1437 2989 1445 3009 3
1470 2979 1569 3006 offendi
1582 2989 1667 3008 tamen
1680 2981 1816 3016 vulgatum
1828 2991 1855 3008 in
1867 2981 1980 3009 Palatin.
1991 2985 2083 3010 tei-tio.

1131 3016 1275 3043 Lambinus
1284 3016 1364 3042 finxit
1377 3035 1385 3047 ,
1396 3025 1423 3041 ac
1432 3025 1460 3040 ne
1470 3017 1494 3049 fi
1505 3016 1597 3050 facer-et
1607 3036 1614 3048 ,
1625 3020 1765 3050 putarer-I.
1785 3018 1945 3044 Gulielmius
1957 3018 2083 3046 stribebut

1130 3055 1144 3078 e
1156 3052 1284 3114 plciiilqne
1295 3051 1405 3078 Sudridi
1415 3050 1490 3077 libris
1502 3070 1510 3084 ,
1519 3060 1562 3078 am
1571 3054 1854 3087 nccjiciffll·1pr.tcmeri;
1873 3053 1943 3090 qnod
1954 3064 2006 3081 nori
2018 3065 2081 3083 coii-

1132 3095 1184 3114 tem
1216 3097 1292 3114 erim.

1166 3098 1203 3149 6?
1214 3126 1350 3156 Pori-limem
1368 3124 1508 3150 vindicandi
1514 3124 1536 3158 .]
1556 3125 1597 3150 Ita
1607 3133 1710 3160 qnoque
1722 3124 1789 3151 Pan.
1800 3125 1880 3161 prim.
1889 3134 1919 3153 ac
1929 3132 1992 3154 tert.
2012 3127 2079 3152 Item

1131 3160 1215 3188 Grcv.
1225 3160 1253 3187 &
1263 3159 1406 3188 stiffi-idei.
1424 3167 1528 3198 recepta
1538 3159 1759 3222 lusticffadicandr‘.
2029 3199 2049 3223 τ
2072 3178 2090 3221 ην

1657 3204 1672 3221 2
1994 3205 2004 3224 ἶ
2015 3217 2019 3222 .
2047 3205 2069 3220 ..¹⁵
