2297 3389
117 272 190 315 quid
201 271 422 312 hocindignius
433 289 441 304 ,
463 279 513 300 aut
528 269 601 311 quid
618 267 721 299 minus
732 267 890 298 ferendum
911 268 1005 299 videri
1020 277 1076 306 po-

65 317 71 321 '
115 313 192 344 test?
210 312 352 343 Verresne
370 310 489 342 habebit
506 310 593 342 domi
612 311 669 341 suae
687 309 898 340 candelabrum
908 310 996 351 Jovis
1008 312 1074 348 Opt.

115 358 196 386 Max.
212 354 229 385 ὲ
238 355 367 395 gemmis
377 372 385 385 ‚
407 362 538 393 auroque
546 351 714 391 perfeetum
726 355 737 381 ἓ
757 352 804 390 cuj
808 360 841 381 us
852 349 968 391 fulgore
979 351 1077 380 collu-

113 406 178 426 cere
189 416 197 430 ,
224 404 252 426 at
273 404 308 425 ue
318 392 552 435 illustrariJovis
563 396 630 433 Opt.
644 395 726 423 Max.
741 392 889 432 templum
901 392 1055 431 oportebat
1066 411 1075 424 ,

113 437 145 468 id
157 448 171 467 a
193 436 251 468 udi
282 445 333 465 um
345 436 376 466 in
389 434 539 474 ejusmodi
551 437 702 465 conviviis
712 433 911 464 constituetur
921 453 928 466 ,
949 443 1014 474 quae
1029 432 1077 461 do-

113 489 157 508 me
181 475 339 518 icisstupris,
356 475 532 518 flagitiisque
543 475 708 518 flagrabunt
721 480 731 505 ?
743 479 779 506 In
790 475 1002 505 istiusienonis
1014 483 1076 504 tur-

114 517 224 559 piisimi
234 518 328 549 domo
338 516 427 548 simul
439 528 510 548 cum
521 520 625 548 ceteris
637 518 812 548 Chelidonis
823 516 1008 547 hereditariis
1025 525 1074 545 or-

115 561 264 591 namentis
274 579 283 592 ‚
297 560 439 599 Capitolii
449 570 625 590 ornamenta
640 561 813 599 ponentur?
832 557 912 598 Qd
924 559 994 587 huic
1005 557 1074 587 sacri

114 611 258 642 umquam
276 600 342 631 fore
352 621 360 634 ‚
381 611 430 631 aut
439 601 512 641 quid
529 600 617 632 fuisse
631 600 759 641 religiosi
772 604 879 640 putatis
893 620 900 632 ,
922 601 974 639 qui
994 608 1075 628 nunc

115 652 197 674 tanto
214 643 321 673 scelere
341 643 370 673 se
382 642 561 673 obstrstfflm
578 642 634 673 effe
647 653 711 673 non
731 644 859 673 sentiat?
879 643 931 682 qui
947 643 979 669 in
990 639 1073 679 judi-

115 688 198 715 cium
216 686 335 717 veniat,
357 684 456 714 ubine
471 684 833 725 precariquidemJovem
845 686 911 722 Opt.
925 684 1008 712 Max.
1033 690 1076 710 ar-

115 736 172 767 que
182 726 218 756 ab
227 736 264 755 eo
273 725 420 754 azia-ilium
427 734 516 766 petere
529 736 612 756 more
622 728 765 755 omnium
775 723 872 765 poffit?
885 724 901 754 a
911 733 972 764 quo
983 725 1073 752 etiam

116 768 159 798 dii
170 768 357 797 immortales
367 768 415 798 sua
424 777 560 807 repetunt
569 769 602 797 in
612 777 648 797 eo
657 767 785 806 judicio,
796 765 878 807 quod
895 764 1073 795 hominibus

114 809 150 839 ad
169 809 232 839 suas
250 819 294 839 res
311 808 486 849 repetundis
503 808 546 839 est
563 808 773 839 constitutum.
814 810 963 837 Miramur
981 807 1072 836 Athe-

117 852 164 880 nis
178 852 351 881 Minervam
363 871 371 883 ‚
392 851 462 880 Deli
473 850 648 890 Apollinem
661 870 669 883 ‚
689 851 844 892 Junonem
858 851 957 882 Sami,
971 851 1066 887 Pergae

118 893 250 922 Dianam
261 912 269 924 ‚
297 892 410 922 multos
427 900 564 932 praeterea
581 891 617 922 ab
634 891 693 922 isto
711 891 784 921 deos
806 901 866 921 tota
888 889 970 923 Asia,
994 891 1076 919 Grae-

114 935 220 974 ciaque
242 933 368 963 violatos
386 953 395 966 ,
433 934 485 974 qui
501 932 516 963 a
537 934 688 973 Capitolio
711 943 820 963 manus
847 931 992 962 abstinere
1012 941 1076 960 non

115 977 268 1015 potuerit?
287 974 369 1015 quod
386 976 493 1014 privati
511 975 655 1005 homines
673 974 709 1005 de
722 975 781 1005 suis
791 976 928 1014 pecuniis
946 981 1072 1005 ornant,

117 1018 307 1056 ornaturique
327 1016 411 1049 suut,
431 1016 463 1046 id
474 1018 505 1046 C.
520 1019 626 1046 Verres
644 1017 680 1047 ab
698 1016 815 1057 regibus
828 1018 927 1046 ornari
949 1024 1014 1044 non
1032 1013 1075 1043 est

117 1056 221 1099 passus.
244 1060 346 1098 Itaque
356 1059 415 1087 hoc
422 1056 538 1088 nefario
546 1058 655 1088 scelere
664 1067 821 1097 concepto,
834 1057 908 1086 nihil
916 1055 1005 1097 postea
1015 1065 1076 1085 tota

119 1101 154 1129 in
163 1098 263 1130 Sicilia
272 1109 369 1140 neque
379 1100 468 1133 sacri,
489 1109 585 1141 neque
595 1098 724 1141 religiosi
734 1098 790 1129 esse
802 1099 898 1129 duxit.
922 1101 962 1128 ita
973 1098 1030 1128 sese
1041 1099 1074 1127 in

120 1151 154 1171 ea
162 1142 317 1181 provincia
330 1150 381 1180 per
393 1142 560 1171 triennium
571 1139 663 1182 geffit,
676 1151 708 1171 ut
718 1141 754 1171 ab
763 1140 820 1171 isto
830 1151 894 1170 non
908 1139 1005 1170 solum
1017 1140 1073 1168 ho-

121 1182 256 1212 minibus
266 1202 275 1216 ‚
299 1181 406 1212 verum
424 1184 512 1212 etiam
523 1183 580 1212 diis
590 1183 813 1213 immortalibus
826 1182 925 1211 bellum
936 1179 1075 1210 indicium

62 1229 76 1263 3
87 1229 101 1262 3
119 1233 278 1264 putaretur.
300 1223 415 1264 Segesta
426 1223 467 1254 est
477 1224 624 1264 oppidum
633 1234 769 1265 pervetus
780 1225 812 1253 in
823 1224 933 1256 Sicilia,
947 1223 1072 1262 judices,

119 1265 200 1307 quod
211 1265 246 1295 ab
259 1268 353 1295 AEnea
361 1264 393 1295 fu
417 1268 495 1295 iente
503 1266 519 1296 a
527 1268 619 1303 Troia
629 1287 637 1299 ,
658 1276 744 1306 atque
758 1268 791 1295 in
802 1267 864 1295 haec
873 1265 938 1295 loca
947 1266 1075 1294 venien-

119 1316 167 1341 te,
188 1306 348 1337 conditum
360 1318 376 1336 e
402 1318 418 1337 e
429 1306 645 1338 demonstrant.
677 1310 778 1348 Itaque
791 1306 938 1348 Segestani
949 1316 1013 1336 non
1027 1306 1075 1336 so-

119 1348 186 1378 lum
196 1357 334 1389 perpetua
343 1349 489 1382 societate,
499 1358 585 1390 atque
595 1351 726 1380 amicitia
736 1369 744 1381 ,
754 1347 862 1379 verum
873 1350 962 1378 etiam
973 1358 1073 1387 cogna-

118 1391 192 1419 tione
208 1391 237 1420 se
246 1400 316 1420 cum
327 1391 441 1430 populo
452 1392 597 1425 Romano
606 1389 788 1430 conjunfiims
807 1388 864 1420 effe
883 1389 1073 1420 arbitrantur.

119 1434 190 1462 Hoc
206 1431 358 1472 quondam
376 1432 522 1471 oppidum
533 1453 541 1466 ,
560 1443 631 1463 cum
642 1433 694 1462 illa
702 1433 807 1462 civitas
821 1441 892 1461 curn
902 1433 1002 1461 Poenis
1020 1431 1073 1460 suo

119 1475 268 1507 nomine,
286 1483 319 1503 ac
337 1474 387 1503 sua
400 1474 505 1513 sponte
515 1474 635 1504 bellaret
646 1494 655 1508 ‚
675 1473 692 1504 a
702 1471 998 1514 Karthaginiensibus
1019 1476 1029 1491 ¹
1041 1474 1073 1502 vi

117 1523 236 1554 captum
247 1535 255 1548 ‚
275 1524 361 1555 atque
376 1514 509 1545 deletum
526 1515 585 1546 est:
605 1517 768 1557 omniaque
779 1536 788 1549 ,
809 1525 875 1556 quae
893 1522 1075 1544 ornamento

119 1556 187 1587 urbi
203 1555 261 1586 effe
271 1555 388 1596 possent
397 1576 405 1590 ‚
418 1558 631 1599 Karthaginem
642 1558 711 1588 sunt
721 1567 758 1587 cx
768 1557 823 1587 illo
832 1556 901 1586 loco
914 1556 1072 1596 deportata.

118 1597 177 1628 fuit
186 1597 262 1638 apud
272 1597 444 1640 Segestanos
455 1605 492 1629 ex
503 1599 748 1640 aeresimulacrum
760 1596 945 1631 Dianaeffim
956 1598 1074 1628 summa

117 1649 203 1680 atque
210 1638 411 1681 antiquissima
418 1641 580 1680 praeditum
590 1642 736 1682 religione
747 1661 756 1674 ‚
777 1649 845 1671 turn
854 1639 991 1681 singulari
1002 1649 1074 1679 ope-

117 1691 166 1714 re,
189 1679 374 1722 artificioque
389 1682 565 1721 perfectum.
588 1684 647 1713 hoc
658 1682 829 1713 transsatum
840 1683 1053 1722 Karthaginem
1064 1701 1072 1714 ,

118 1723 223 1753 Iocum
235 1721 351 1753 tantum
362 1744 371 1757 ‚
383 1724 582 1766 hominesque
595 1733 722 1755 mutarat
734 1735 739 1754 :
758 1724 938 1765 religionem
948 1723 1071 1764 quidem

115 1763 271 1806 pristinam
282 1765 483 1796 conservabat.
505 1776 576 1797 nam
586 1776 706 1808 propter
713 1767 859 1797 eximiam
873 1764 1073 1806 pulchritudi-

116 1816 190 1837 nem
200 1825 209 1840 ,
220 1808 311 1836 etiam
322 1806 457 1837 hostibus
467 1807 569 1850 digua,
586 1819 676 1850 quam
690 1806 868 1839 sanStiffime
880 1807 995 1837 colerent
1005 1826 1013 1841 ,
1023 1808 1072 1836 vi-

116 1847 248 1878 debatur.
270 1849 386 1888 aliquot
405 1849 517 1880 saeculis
530 1850 613 1890 post,
635 1853 666 1881 P.
677 1852 781 1890 Scipio
790 1850 873 1879 bello
882 1850 996 1879 Punico
1015 1857 1073 1879 ter—

116 1892 161 1920 tio
171 1890 385 1930 Karthaginem
395 1893 472 1930 cepit
484 1901 488 1920 :
499 1902 557 1932 qua
566 1894 599 1922 in
607 1891 734 1922 vi&oria
743 1891 854 1930 (videte
863 1892 1000 1920 hominis
1010 1892 1071 1920 vir-

116 1940 213 1962 tutem
223 1950 232 1964 ‚
256 1931 289 1961 &
298 1931 486 1971 diligentiam
497 1953 506 1966 ,
526 1942 559 1963 ut
568 1933 601 1963 &
610 1932 758 1968 domesticis
765 1932 967 1973 praeclariffimae
975 1932 1073 1960 virtu-

118 1974 152 2003 rtsss
169 1973 296 2013 exemplis
303 1972 449 2012 gaudeatis
460 1993 469 2006 ,
494 1975 526 2004 &
537 1984 573 2004 eo
583 1975 696 2013 majore
706 1974 779 2004 odio
789 1974 911 2014 dignam
929 1973 1013 2003 istius
1023 1975 1072 2002 in·-

116 2014 294 2045 credibilem
313 2014 465 2044 audaciam
481 2015 641 2055 judicetis)
661 2016 834 2046 convocatis
844 2016 951 2045 Siculis
967 2015 1071 2044 omni-

116 2056 192 2088 bus,
213 2055 296 2095 quod
314 2054 475 2086 diutiffime
489 2078 496 2090 ‚
519 2056 731 2098 saepiffimeque
748 2056 883 2087 Siciliam
900 2064 1038 2087 vexatam
1056 2055 1072 2086 a

116 2095 411 2138 Karthaginiensibus
419 2108 562 2139 cognorat
570 2119 579 2132 ,
595 2098 682 2138 jube:
691 2099 798 2129 omnia
806 2100 946 2138 conquiri
958 2108 964 2126 2
981 2097 1072 2137 polli-

117 2148 217 2172 cetur,
239 2137 293 2168 fibi
305 2149 418 2179 magnae
431 2149 507 2170 curae
517 2139 581 2170 fore
592 2160 600 2173 ‚
623 2149 656 2170 ut
672 2142 778 2170 omnia
795 2139 966 2171 civitatibus
977 2159 985 2173 ‚
1006 2149 1071 2179 quae

115 2181 257 2221 cujusque
270 2178 402 2213 fuissent,
414 2180 649 2212 restituerentur.
673 2184 756 2212 Tum
766 2181 828 2215 illa,
842 2191 908 2221 quae
917 2181 1071 2222 quondam

115 2222 232 2253 fuerant
241 2224 366 2251 Himera
376 2222 487 2253 sublata
497 2243 505 2255 ,
518 2223 554 2253 de
563 2222 672 2264 quibus
685 2233 769 2253 antea
778 2222 854 2256 dixi,
864 2224 1070 2259 Thermitanis

116 2264 185 2295 sunt
201 2263 330 2293 reddita:
354 2271 420 2294 tum
433 2264 490 2294 alia
503 2264 680 2294 Gelensibus
691 2285 699 2297 ‚
721 2265 778 2295 alia
796 2265 1000 2305 Agrigentinis
1014 2274 1019 2293 :
1038 2265 1070 2294 in

115 2305 223 2347 quibus
237 2307 327 2335 etiam
341 2305 393 2334 ille
411 2304 506 2335 nobilis
518 2314 636 2339 taurus,
654 2316 747 2346 quem
765 2304 982 2336 crudelissimus
1001 2314 1071 2335 om—

117 2349 206 2378 nium
225 2356 420 2387 tyrannorum
440 2348 569 2378 Phalaris
585 2345 719 2380 habuifl‘ae
733 2347 862 2380 dicitur,
880 2358 942 2388 quo
962 2349 1050 2378 vivos
1061 2366 1069 2381 ‚

117 2389 344 2429 suppliciicausa
353 2408 362 2422 ‚
374 2388 530 2420 demittere
540 2391 683 2420 homines
692 2409 700 2424 ‚
717 2390 750 2420 ὃς
760 2389 902 2428 subjicere
914 2388 1070 2419 flammam

116 2430 237 2462 solebat.
260 2440 352 2471 quem
371 2439 488 2461 taurum
497 2433 597 2472 Scipio
614 2431 687 2461 cum
703 2430 838 2461 redderet
847 2432 1070 2472 Agrigentinis,

116 2471 222 2503 dixifl'e
242 2472 366 2502 dicitur:
390 2482 525 2511 AEQJUM
544 2482 616 2503 Essa
633 2473 704 2503 illos
720 2474 848 2514 cogitare
859 2492 868 2507 ,
891 2482 990 2502 utrum
1000 2471 1073 2502 effet

116 2514 222 2544 Siculis
233 2514 336 2543 utilius
347 2533 355 2546 ‚
374 2514 471 2545 suisne
481 2515 589 2545 servire
598 2534 607 2548 ,
628 2524 665 2545 an
674 2517 787 2555 populo
797 2517 942 2544 Romano
952 2514 1072 2544 obtem-

117 2565 231 2596 perare:
249 2554 415 2585 cumidem
434 2565 673 2587 monumentum
684 2555 898 2586 &domesticae
915 2555 1073 2585 crudelita-

65 2599 154 2642 34tis
165 2618 174 2630 ‚
188 2597 221 2628 &
231 2596 338 2627 nostrae
348 2597 586 2628 mansuetudinis
598 2598 751 2628 haberent.
773 2598 832 2627 Illo
842 2606 976 2637 tempore
986 2600 1073 2638 Sege-

67 2657 71 2659 ‡
118 2638 206 2671 stanis
217 2641 350 2670 maxima
357 2648 429 2669 cum
437 2649 505 2671 cura
515 2641 578 2670 haec
586 2640 645 2680 ipsa
655 2641 753 2670 Diana
764 2659 773 2674 ,
792 2638 830 2669 de
846 2649 904 2680 qua
921 2639 1051 2669 dicimus
1062 2658 1070 2674 ‚

4 2643 10 2670 'e
0 2562 13 2626 2⁴⁶»-
0 2515 14 2543 ,u
0 2316 15 2500 {fun-‘vi
0 1772 19 2295 ›do-0⁴5-“43QQ-m0-
0 1413 14 1756 a—.e⁴.w·-·—-·-v-«aeu·-
4 1388 5 1396 ⁴

157 2789 181 2807 ι.
198 2783 225 2807 Vi
233 2788 326 2813 captum
337 2787 406 2812 arque
416 2779 511 2804 deletum
521 2779 580 2813 effi]
592 2780 633 2805 Ita
643 2777 769 2805 Manutii.
780 2785 806 2804 at
816 2777 962 2809 Viam-ius,
977 2784 1004 2804 at
1014 2775 1075 2802 edd.

121 2816 233 2852 priores,
243 2823 271 2842 at
282 2815 349 2841 Pali.
360 2818 387 2841 ὀί
399 2816 511 2840 Gruter.
521 2816 631 2849 dqjetium
642 2816 692 2848 οῦς
705 2813 777 2850 quod
788 2824 841 2841 non
855 2814 931 2841 video
941 2822 986 2840 cur
997 2812 1076 2839 alteri

121 2852 213 2879 cedere
222 2851 326 2878 debeat.

157 2897 185 2914 2.
204 2892 254 2914 Haec
264 2887 395 2919 arms-<fita
403 2885 514 2920 Segeste]
528 2886 596 2912 Pali.
607 2887 720 2913 Gruter.
731 2884 775 2912 ecl.
785 2892 842 2912 ret.
852 2886 963 2918 resaisitus
980 2892 1010 2911 ut
1021 2883 1078 2911 fere

120 2923 230 2960 suspicer
241 2922 355 2949 triadem
366 2922 432 2948 hanc
442 2931 450 2946 x
459 2922 583 2948 erborum
595 2922 644 2948 esse
655 2924 670 2948 a
681 2922 845 2957 benignitate
856 2921 1010 2948 scribarum.

159 2968 185 2995 3.
203 2960 256 2993 Ipsa
269 2960 324 2992 sace
338 2958 484 2991 pernosti-2]
504 2957 578 2984 Belle
590 2967 599 2989 5
619 2968 704 2994 neque
718 2958 796 2984 aliter
808 2957 866 2984 mss.
877 2957 969 2984 nostri.
989 2957 1078 2992 inepte

123 2995 207 3023 Cui-io
217 2997 322 3028 perustus
333 3013 341 3025 ‚
351 2994 397 3020 alii
404 2994 534 3027 perculfiu.

158 3039 187 3064 4.
205 3034 292 3057 Donum
298 3031 378 3062 populi
386 3033 428 3055 Ro.
438 3030 464 3055 id
472 3030 510 3064 effi
522 3030 655 3064 dicebam]
675 3029 756 3057 Abest
767 3029 799 3057 ab
810 3029 935 3066 Hittorp.
945 3030 973 3055 8<
985 3027 1078 3062 Cujac.

123 3066 215 3092 lenum.
236 3065 307 3091 reele
320 3084 328 3096 ‚
339 3065 426 3101 inquit
437 3065 609 3092 Gulielmius.

118 3145 173 3171 pop.
184 3141 246 3162 Rom.
265 3135 400 3171 placetque
411 3136 559 3163 Gulielmio
571 3146 580 3167 3
600 3137 659 3163 cum
678 3137 786 3172 ipsemet
797 3137 894 3163 Cicero
905 3136 995 3172 paullo
1005 3136 1059 3171 post
1073 3155 1081 3168 ‚

109 3172 232 3212 ‘'dandem
243 3172 309 3200 hauc
318 3171 430 3201 Dianam
439 3173 560 3202 nominet
574 3180 745 3202 monumentum
755 3175 860 3202 Vichriae
868 3176 900 3201 ¹1².
910 3173 1029 3207 africani.

686 155 813 203 Lm.
846 152 937 200 IV,
985 169 1051 201 tn
1097 151 1153 197 C.
1189 149 1477 198 VERREM.

62 241 105 276 32
119 229 221 266 auor,
242 228 446 270 accusatorque
465 225 524 259 esre
546 225 675 259 deberes.
700 226 797 257 Vobis
807 236 907 257 autem
922 246 929 260 ‚
955 227 1068 263 iudices
1080 250 1088 264 ,
1125 225 1274 256 redditur:
1300 233 1463 265 reportatur
1479 223 1626 267 Segestam
1648 233 1654 255 t
1685 224 1717 257 in
1735 223 1795 256 suis
1812 222 1944 271 antiquis
1962 223 2085 256 sedibus

1101 3184 1104 3202 ι
1125 3171 1152 3198 δῦ
1163 3170 1288 3207 Hittorp.
1297 3171 1418 3205 segestam
1429 3189 1440 3204 ‚
1452 3168 1523 3206 quod
1535 3169 1638 3197 malim.

1995 163 2086 211 301

1126 267 1247 298 summa
1264 276 1335 297 cum
1353 267 1552 306 gratulatione
1569 268 1685 298 civium
1703 286 1712 300 ‚
1737 266 1769 296 δί
1786 267 1890 298 laetitia
1911 268 2080 305 reponitur.

1127 311 1141 327 ²
1154 310 1225 338 Haec
1236 317 1295 338 erat
1304 307 1395 347 posita
1404 307 1527 349 Segestae
1535 328 1543 341 ‚
1558 307 1626 339 sane
1637 308 1792 339 excelsam
1802 306 1858 338 basi
1870 319 1875 337 ι
1887 310 1921 339 in
1932 317 1990 350 qua
1997 317 2087 349 gran-

1125 348 1214 378 dibus
1226 349 1329 379 litteris
1347 353 1377 379 P.
1391 352 1564 381 AFRICANI
1587 359 1703 380 nomen
1711 359 1772 381 crat
1781 350 1910 380 incisum
1923 370 1932 383 ‚
1956 359 2087 390 eumque

1128 392 1362 420 KARTHAOENE
1377 400 1486 421 CAFTA
1502 401 1718 422 nnsrxrmssi:
1735 411 1743 424 ,
1764 392 1970 432 perscriptum-
2003 391 2085 421 cole-

1128 430 1212 460 batur
1221 430 1237 460 a
1247 432 1381 461 civibus:
1404 431 1440 461 ab
1449 434 1593 463 omnibus
1606 433 1728 463 advenis
1741 433 1898 463 visebatur.
1920 430 1993 464 curn
2003 443 2087 473 qum-

1128 471 1188 501 stor
1197 471 1384 504 effemmihil
1395 474 1473 503 mihi
1485 474 1592 505 abillis
1605 473 1648 503 est
1657 474 1894 505 demonstratum
1906 474 1999 514 prius.
2021 477 2091 505 Erat

1126 513 1294 543 admodum
1313 514 1447 553 ariiplum
1459 534 1467 547 ,
1489 516 1684 546 &excelsum
1699 515 1817 555 fignum
1836 526 1906 545 curu
1924 515 2015 546 stola:
2036 526 2087 546 ve—

1126 563 1300 584 rumtamen
1313 555 1406 584 inerat
1421 556 1453 584 in
1468 557 1518 585 ilia
1537 558 1743 595 magnitudine
1764 567 1831 587 atras
1842 577 1850 590 ,
1870 567 1957 598 arque
1972 557 2091 588 habitus

1128 596 1284 636 virginalis.
1307 596 1416 634 sagittet
1426 596 1500 634 perid
1508 597 1594 628 :bant
1604 598 1639 628 ab
1648 599 1792 628 humero:
1814 598 1927 634 liuistra
1936 609 2027 629 manu
2042 609 2089 630 re-

1126 638 1238 667 tinebat
1247 647 1347 667 arcun]
1359 647 1363 665 z
1384 637 1484 667 dextra
1508 639 1660 668 ardentem
1688 639 1782 669 facem
1796 640 1976 680 praefercbat.
2001 643 2089 672 Hanc

1124 678 1197 708 cum
1214 677 1266 709 iste
1275 679 1425 709 sacrorum
1435 681 1579 709 omnium
1592 679 1683 710 hostis
1696 702 1703 713 ,
1725 683 1967 723 religionumque
1985 682 2089 721 praedo

1124 719 1260 750 vidist‘et:
1284 718 1363 760 quafi
1382 720 1432 750 illa
1450 723 1462 747 3
1479 721 1539 759 ipsa
1556 720 1619 750 face
1638 721 1788 761 percufl'us
1807 722 1894 755 effer,
1917 726 1956 753 ita
1969 722 2090 764 flag-mie

1123 762 1295 802 cupiditate2
1307 771 1394 802 atque
1403 764 1533 792 amentia
1543 765 1642 802 coepit.
1659 765 1785 802 imperat
1794 764 2011 805 magistratibus
2021 764 2088 798 iste,

1125 813 1157 833 ut
1170 813 1236 834 earn
1247 803 1450 833 demoliantur
1459 823 1468 836 ,
1491 803 1524 833 δε
1536 801 1588 833 fibi
1599 804 1688 834 dent:
1707 805 1785 834 nihil
1805 804 1855 834 sibi
1868 808 1976 844 gratius
1986 806 2088 837 oslen-

1125 845 1170 875 dit
1180 844 1329 875 futurum.
1352 844 1398 874 illi
1409 843 1482 875 vero
1492 844 1588 875 dicere
1599 865 1608 879 ‚
1629 845 1660 875 id
1672 844 1725 875 fibi
1743 847 1817 884 anm
1827 846 1873 883 effe
1882 858 1892 875 .·
1911 848 1997 888 seque
2011 847 2086 878 cum

1125 887 1243 917 summa
1255 886 1419 927 religione,
1442 895 1506 916 tum
1525 886 1647 917 summo
1669 896 1753 917 metu
1770 888 1870 929 legum
1882 908 1890 921 ‚
1912 889 2086 928 &judicio-

1124 938 1191 957 rum
1203 929 1305 958 teneri.
1329 927 1382 957 iste
1395 937 1458 957 tum
1470 937 1568 967 petere
1577 928 1612 958 ab
1625 928 1767 961 illis‚tum
1778 931 1898 963 minari,
1912 938 1975 959 tum
1990 931 2086 970 spem,

1123 979 1188 999 tum
1209 976 1327 999 metum
1346 968 1513 999 ostendere.
1542 970 1739 1010 Opponcbant
1748 970 1793 1000 illi
1805 971 1958 1001 interdum
1969 982 2087 1002 nomen

1123 1011 1256 1041 Africani
1269 1023 1275 1040 :
1294 1015 1311 1038 4
1321 1010 1438 1041 donum
1449 1011 1553 1050 populi
1564 1013 1700 1042 Romani
1711 1011 1786 1041 illud
1797 1010 1853 1042 effe
1871 1012 2009 1042 dicebant
2021 1024 2026 1041 t
2038 1015 2088 1043 ni-

1123 1053 1168 1082 hil
1184 1054 1213 1083 se
1225 1055 1258 1082 in
1268 1062 1305 1083 eo
1315 1052 1466 1092 potestatis
1476 1053 1582 1083 habere
1591 1073 1599 1087 2
1621 1053 1702 1094 quod
1715 1055 1878 1093 imperator
1887 1052 2061 1085 clai-issimus
2072 1075 2083 1090 ,

1122 1094 1195 1124 urbe
1209 1094 1342 1124 hostium
1353 1103 1443 1133 capta,
1459 1099 1714 1125 5monumencum
1729 1095 1864 1125 vicloriae
1874 1096 1978 1135 populi
1989 1097 2085 1127 Rom.

1126 1134 1182 1166 effe
1192 1134 1340 1165 voluisset.
1365 1135 1444 1165 Cum
1456 1135 1509 1166 iste
1519 1137 1618 1166 nihilo
1629 1135 1773 1167 remiffius
1785 1149 1793 1172 3
1805 1146 1889 1178 atque
1899 1139 1991 1167 etiam
2003 1138 2087 1168 mul-

1126 1187 1157 1208 to
1171 1178 1381 1208 vehementius
1391 1177 1673 1218 instaretquotidie:
1689 1189 1733 1208 res
1743 1181 1838 1219 agitur
1851 1181 1883 1209 in
1896 1179 2008 1209 senatu.
2033 1189 2088 1209 ve—

1125 1221 1283 1249 hementer
1291 1219 1327 1249 ab
1337 1219 1482 1249 omnibus
1492 1221 1678 1250 reclamatur.
1702 1223 1803 1260 Itaque
1814 1220 1868 1250 illo
1879 1229 2015 1260 tempore
2025 1241 2033 1254 ,
2054 1231 2088 1252 ac

1125 1263 1225 1301 primo
1236 1260 1321 1290 istius
1331 1261 1460 1291 adventu
1471 1271 1654 1302 pernegatur.
1677 1261 1788 1301 postea,
1799 1262 1945 1302 quidquid
1956 1272 2015 1292 erat
2024 1273 2086 1291 one-

1123 1304 1156 1331 ris
1167 1305 1200 1332 in
1214 1304 1311 1332 nautis
1323 1322 1332 1335 ,
1348 1303 1570 1344 remigibusque
1580 1303 1737 1344 exigendis
1747 1323 1755 1337 ,
1772 1306 1805 1333 in
1818 1302 1973 1334 frumento
1987 1306 2087 1344 impe—

1124 1344 1216 1374 rando
1228 1364 1237 1378 ‚
1248 1343 1412 1385 Segestanis
1421 1364 1429 1377 ‚
1438 1352 1535 1386 prater
1548 1352 1657 1378 ceteros,
1671 1345 1844 1385 imponebat
1855 1346 2007 1385 aliquanto
2017 1356 2085 1375 arn-

1123 1387 1213 1426 plius,
1224 1385 1315 1427 quam
1328 1384 1402 1415 ferre
1411 1384 1538 1425 poss'ent.
1549 1396 1687 1426 praeterea
1699 1386 1884 1428 magistratus
1893 1397 1998 1416 eorum
2009 1397 2085 1416 evo—

1123 1428 1220 1458 cabat:
1241 1429 1395 1467 optimum
1413 1437 1564 1469 quemque
1580 1427 1843 1459 &nobiliffimum
1863 1428 1898 1458 ad
1917 1428 1946 1458 se
1963 1426 2087 1459 arceffe-

1126 1470 1181 1500 bat:
1194 1471 1308 1499 circum
1320 1470 1424 1499 omnia
1432 1471 1597 1508 provinciae
1606 1469 1670 1500 fora
1679 1470 1820 1510 rapiebat:
1832 1468 2004 1511 singillatim
2015 1471 2086 1500 uni·

1123 1513 1231 1552 cuique
1250 1511 1411 1541 calamitati
1420 1510 1486 1541 fore
1494 1512 1522 1541 se
1538 1511 1750 1542 denuntiabat:
1768 1510 1783 1531 ⁶
1794 1512 1963 1542 universam
1973 1512 2001 1542 se
2011 1511 2084 1541 sun-

1124 1553 1202 1583 ditus
1212 1552 1297 1582 illam
1307 1553 1480 1582 eversurum
1491 1551 1549 1583 efl‘e
1560 1554 1711 1583 civitatem
1724 1554 1901 1583 minabatur.
1920 1556 2021 1594 Itaque
2030 1553 2086 1582 ali-

1122 1594 1253 1636 quando,
1267 1594 1373 1624 multis
1384 1595 1481 1628 malis,
1495 1604 1665 1636 magnoque
1676 1605 1759 1625 metu
1769 1594 2087 1636 vidtiSegestanifflrae-

1123 1638 1195 1667 toris
1208 1637 1321 1678 imperio
1333 1635 1487 1677 parendum
1498 1634 1555 1666 effe
1565 1636 1768 1667 decreverunt.
1787 1647 1898 1678 magno
1906 1647 1976 1666 cum
1987 1636 2084 1669 luein,

1107 1677 1110 1680 ’
1124 1679 1156 1709 &
1164 1688 1279 1720 gemitu
1288 1680 1381 1708 totius
1390 1679 1519 1708 civitatis
1529 1698 1538 1711 ‚
1550 1679 1658 1708 multis
1666 1689 1700 1708 cu
1706 1689 1735 1708 m
1749 1680 1890 1717 lacrymis
1899 1699 1908 1712 ‚
1922 1679 1954 1709 ὃς
1965 1679 2083 1708 lamen-

1123 1723 1235 1751 tatione
1244 1721 1392 1752 virorum,
1405 1720 1628 1760 mulierumque
1639 1722 1793 1754 omnium,
1804 1718 1995 1750 fimulacrum
2007 1722 2080 1750 Dia-

1123 1772 1170 1792 nae
1194 1761 1364 1792 tollendum
1382 1761 1504 1791 locatur.
1539 1767 1552 1790 7
1562 1762 1669 1792 Videte
1685 1771 1796 1802 quinta
1812 1763 1958 1802 religione
1976 1761 2076 1792 suerit.

1121 1803 1196 1844 apud
1208 1802 1381 1844 Segestanos
1390 1812 1540 1844 repertum
1549 1801 1607 1834 effe
1616 1823 1624 1837 ‚
1646 1805 1761 1843 judices
1771 1823 1778 1837 ,
1800 1803 1904 1834 scitote
1924 1805 2059 1833 neminem
2071 1824 2080 1838 ,

1122 1856 1218 1886 neque
1232 1845 1362 1875 liberum
1372 1865 1380 1878 ‚
1391 1855 1487 1886 neque
1499 1845 1616 1875 servum
1627 1865 1635 1879 ‚
1648 1855 1745 1886 neque
1755 1847 1854 1875 civem
1867 1865 1876 1878 ,
1890 1855 1987 1886 neque
1996 1856 2082 1886 pere*

1122 1890 1254 1929 grinum‚
1266 1888 1317 1927 qui
1326 1886 1404 1916 illud
1414 1885 1530 1927 signum
1541 1887 1657 1916 auderet
1672 1889 1822 1928 attingere.
1843 1887 1984 1926 Barbaros
1993 1888 2085 1928 quos-

1122 1930 1190 1959 dam
1202 1929 1339 1968 Lilybaeo
1354 1923 1473 1958 sscitote
1482 1928 1640 1958 advocatos
1650 1926 1707 1957 effe
1717 1929 1879 1968 operarios.
1898 1924 1936 1958 'hi
1951 1929 2083 1969 denique

1120 1969 1197 2000 illud
1208 1989 1216 2003 ‚
1230 1970 1324 2009 ignari
1337 1969 1425 1998 totim
1438 1970 1542 2009 negotii
1552 1990 1560 2003 ,
1576 1979 1608 1999 ac
1618 1969 1772 2011 religionis
1782 1990 1790 2003 ,
1804 1970 1940 2000 mercede
1955 1980 2083 2010 accepta,

1123 2011 1311 2042 sustulerunt.
1335 2010 1416 2051 quod
1427 2009 1498 2041 cum
1508 2021 1546 2040 ex
1555 2010 1668 2050 oppido
1678 2020 1889 2051 exportaretur,
1903 2021 1996 2052 quern
2005 2022 2083 2041 con-

1122 2062 1249 2083 ventum
1265 2052 1427 2082 mulierum
1440 2050 1552 2082 fanum
1564 2051 1621 2082 effe
1635 2052 1843 2083 arbitramini?
1860 2063 1951 2094 quem
1971 2051 2085 2083 fletum
2106 2050 2108 2052 ’

1124 2095 1277 2135 majorum
1288 2097 1379 2124 natu?
1398 2103 1528 2134 quorum
1547 2095 1690 2124 nonnulli
1704 2096 1794 2124 etiam
1810 2094 1900 2124 illurn
1914 2094 1997 2125 diem
2017 2105 2084 2124 me-

1127 2139 1224 2167 moria
1232 2136 1373 2166 tenebant
1381 2155 1390 2169 ‚
1401 2139 1473 2165 cum
1488 2136 1540 2165 illa
1548 2135 1651 2166 eadem
1661 2137 1759 2166 Diana
1768 2135 1915 2177 Segestam
1927 2157 1937 2169 ‚
1957 2137 2084 2166 Kartha-

1122 2181 1192 2220 gine
1205 2177 1321 2208 revesta
1331 2197 1340 2211 ‚
1363 2176 1523 2207 νίξὶοτὶεπη
1542 2178 1645 2217 populi
1657 2179 1791 2208 Romani
1815 2177 1912 2207 reditu
1930 2178 1983 2208 suo
2003 2188 2086 2208 nun-

1123 2219 1227 2250 tiaii‘et.
1243 2220 1342 2261 Q'am
1351 2217 1500 2249 diffimilis
1510 2220 1558 2249 hic
1569 2220 1632 2249 dies
1642 2220 1687 2249 illi
1698 2221 1827 2260 tempori
1836 2219 2004 2249 videbitur?
2015 2230 2084 2250 tum

1124 2263 1283 2301 imperator
1300 2261 1405 2301 populi
1416 2262 1551 2290 Romani
1564 2263 1610 2291 vii·
1622 2259 1796 2291 clariffimus
1807 2281 1815 2295 ,
1836 2261 1908 2291 deos
1917 2264 2027 2301 patrios
2038 2272 2085 2290 rc-

1120 2303 1255 2346 portabat
1264 2302 1426 2343 Segestanis
1437 2322 1445 2336 ,
1458 2312 1496 2332 ex
1507 2302 1578 2332 urbe
1589 2302 1721 2333 hostium
1734 2312 1928 2343 recuperatos.
1953 2313 2033 2333 nunc
2043 2313 2084 2333 ex

1122 2345 1195 2375 urbe
1213 2346 1366 2375 sociorum
1384 2352 1492 2383 praetor
1500 2344 1635 2383 ejusdem
1645 2345 1752 2385 populi
1770 2343 1952 2384 turpiffimus
1965 2365 1974 2378 ,
1994 2353 2084 2384 atque

1121 2385 1339 2427 impuriffimus
1350 2406 1358 2419 ,
1380 2385 1502 2416 eosdem
1512 2386 1583 2415 illos
1593 2386 1664 2416 deos
1673 2386 1789 2416 nefario
1800 2386 1906 2416 scelere
1924 2385 2081 2425 afferebat.

1123 2428 1205 2470 Qiid
1215 2429 1273 2458 hoc
1282 2437 1344 2458 tota
1352 2427 1453 2457 Sicilia
1463 2427 1505 2457 est
1513 2428 1619 2457 clarius
1632 2448 1639 2461 ‚
1657 2438 1748 2468 quam
1757 2432 1771 2454 9
1782 2429 1901 2457 omneis
1912 2427 2081 2469 Segestanas

1125 2480 1273 2500 matronas
1284 2490 1292 2502 ‚
1305 2469 1337 2499 &
1346 2470 1476 2509 virgines
1486 2467 1657 2499 convenifle
1670 2490 1678 2503 ‚
1690 2468 1761 2499 cum
1771 2471 1867 2500 Diana
1877 2478 2083 2509 exportaretur

1123 2523 1161 2542 ex
1171 2511 1305 2552 oppido?
1318 2509 1433 2541 unxisse
1444 2512 1603 2551 unguentis
1615 2513 1626 2539 ?
1636 2509 1798 2550 complesse
1806 2512 1941 2544 coronis,
1951 2512 1985 2541 &2
1995 2509 2082 2541 flori-

1125 2555 1203 2584 bus?
1223 2563 1285 2584 ture
1295 2573 1303 2586 ‚
1319 2551 1519 2592 odoribusque
1528 2550 1653 2581 incensis
1667 2553 1756 2592 usque
1767 2553 1803 2582 ad
1812 2554 1872 2593 agri
1886 2550 1973 2582 fineis
1989 2553 2082 2593 prosb-

1122 2604 1201 2625 cutas
1220 2594 1277 2625 effe
1289 2598 1298 2623 ?
1319 2596 1405 2624 Hanc
1420 2602 1450 2622 tu
1464 2602 1574 2623 tantam
1594 2594 1773 2634 religionem
1784 2591 1804 2622 si
1815 2602 1881 2623 tum
1900 2595 1934 2624 in
1951 2595 2084 2633 imperio

1123 2647 1243 2678 propter
1260 2636 1452 2676 cupiditatem
1462 2655 1471 2668 ,
1492 2643 1578 2675 atquc
1598 2635 1750 2665 audaciam
1761 2645 1825 2666 non
1832 2636 2062 2676 pertimescebas
2074 2646 2082 2666 :

1358 2693 1367 2697 -
2044 2688 2086 2708 ne

1156 2776 1185 2802 6.
1206 2774 1516 2810 Univcrfiimsesunditus]
1537 2774 1618 2800 Putat
1629 2773 1790 2800 Gulielmius
1811 2774 1905 2801 melius
1918 2793 1927 2806 ‚
1946 2776 2063 2808 universis
2074 2792 2086 2805 ‚

1121 2811 1192 2848 quod
1204 2813 1230 2838 in
1242 2813 1334 2846 Cujac.
1351 2819 1430 2847 atque
1444 2812 1566 2845 Ilittorp.
1579 2811 1624 2836 nili
1636 2818 1723 2836 tamen
1735 2810 1823 2837 verius
1834 2810 2014 2839 existimemus
2026 2813 2086 2835 uni-

1120 2851 1202 2882 ·versm
1213 2867 1221 2879 ,
1242 2855 1270 2874 ut
1282 2848 1436 2884 responde-..1
1448 2846 1648 2880 illifingii'lutim:
1667 2846 1694 2872 ὅ(
1706 2846 1840 2882 corrumpi
1850 2846 1980 2876 facillimi:
1996 2846 2087 2883 potuit

1120 2885 1146 2911 in
1157 2885 1302 2915 unia-ersam.
1944 2882 1946 2884 ’

1156 2929 1171 2954 7
1178 2940 1184 2945 .
1201 2921 1281 2946 Videte
1289 2926 1382 2954 quanta
1393 2917 1603 2952 re.¹]{qianefitcri1.]
1617 2917 1681 2944 Non
1691 2916 1820 2945 abhorreo
1829 2918 1862 2945 :rb
1872 2918 1966 2953 Cujac.
1976 2918 2004 2944 ὅ(
2018 2917 2085 2944 Hit-

1126 2964 1195 2991 torp.
1207 2958 1337 2989 religiosum
1350 2974 1357 2986 ,
1369 2954 1438 2990 quod
1450 2953 1514 2979 item
1526 2954 1625 2990 recepit.
1634 2953 1791 2981 Lambiiius.

1156 2992 1184 3017 8.
1203 2995 1284 3018 satire
1302 2992 1478 3024 πάππων-ᾦα
1495 2991 1637 3024 operarios]
1659 2990 1726 3026 Biga
1743 2990 1834 3017 eadem
1855 2990 1976 3016 adduffos.
1998 2989 2085 3016 nihilo

1120 3028 1203 3064 pejus.
1223 3035 1250 3053 at
1261 3026 1370 3052 Gruteri
1383 3025 1430 3051 nis.
1449 3026 1653 3052 controversiam
1672 3034 1762 3053 movet
1782 3026 1822 3052 illi
1837 3027 1936 3059 scitote,
1958 3034 2083 3061 tanquam

1121 3064 1280 3090 inculcatum
1300 3071 1333 3089 eit
1352 3062 1383 3088 iis
1405 3070 1462 3097 qua:
1480 3062 1669 3097 piatcess‘erant.
1704 3062 1732 3088 8⁴<
1751 3070 1857 3099 poterat
1876 3062 1937 3090 l'ane
1956 3061 2086 3088 subintel-

161 3111 187 3135 5.
207 3106 384 3129 Monumentum
393 3103 553 3134 viffiriaepop.
563 3101 621 3134 Ro]
639 3101 773 3137 Hittorpii
785 3108 922 3137 excerpta,
933 3100 1081 3127 excludunt
1127 3100 1186 3135 ligi.

1157 3143 1186 3169 9.
1205 3139 1286 3160 Omnes
1296 3135 1427 3165 Segestanus
1438 3133 1584 3168 matronam]
1597 3132 1698 3172 PaLpr.
1709 3134 1737 3162 δε
1747 3134 1829 3164 Grut.
1837 3134 1978 3169 Segestanos.
1989 3132 2086 3166 Cujac.

1999 3213 2024 3230 ι.
2069 3200 2087 3228 (ι’

1543 3206 1564 3234 P
1574 3215 1590 3241 r
1612 3214 1626 3240 3
