2337 3400
77 1681 119 1704 10

124 126 219 191 878
565 118 997 166 M.Tut.11

117 211 194 239 vitio
213 214 312 247 pereo.
338 205 348 223 ¹
360 200 437 232 nihil
455 199 530 229 mihi
543 198 706 229 malicausa
716 199 832 230 attulit:
858 195 1078 238 ²omniaculpa

117 248 266 281 commeta
283 247 360 276 sunt.
382 252 438 283 ego
453 243 535 271 enim
548 260 556 274 ‚
576 250 646 270 cum
655 251 749 282 genus
760 240 977 270 bellividerem
990 259 999 274 ,
1019 241 1079 268 im-

119 300 212 331 parata
232 291 264 318 δε
282 285 402 316 infirma
423 284 529 313 omnia
547 292 649 312 contra
668 281 886 322 paratiffimos‚
910 283 1079 323 3quieram,

121 331 204 372 (quid
224 329 377 359 facerem?
396 328 616 364 >ceperamque
637 323 797 355 consilium
822 334 886 354 non
908 333 969 354 tam
991 322 1080 356 forte,

120 374 210 413 qnam
226 371 303 400 mihi
314 377 419 409 praeter
429 376 542 396 ceteros
551 366 792 397 concedendum.
815 364 910 397 4cess'1
922 367 998 396 meis
1009 384 1019 398 ,
1033 364 1082 395 vel

121 414 221 454 potius
240 413 340 451 parui:
360 419 398 440 ex
412 408 521 449 quibus
533 418 608 438 unus
617 419 675 449 qua
687 418 788 438 mente
798 407 888 438 fuerit
899 428 908 442 ‚
927 410 952 437 is
963 427 971 441 ‚
991 416 1083 448 quem

120 466 150 485 tu
168 455 243 484 mihi
255 451 451 483 commendas
463 469 471 483 ‚
493 450 654 491 cognosces
665 460 703 480 ex
717 450 805 490 ipsius
819 451 926 480 litteris
937 470 945 482 ‚
965 459 1038 490 quas
1048 449 1084 479 ad

121 507 149 527 te
160 517 168 530 ,
191 496 224 526 &
239 495 274 526 ad
284 496 357 525 alios
368 491 462 523 misit:
487 501 558 532 quas
568 502 623 532 ego
635 500 803 533 numquam
813 491 989 532 aperuifl'em
1001 512 1010 525 ‚
1030 489 1085 521 nisi

120 549 164 569 res
176 537 238 568 asta
249 536 285 567 sic
295 534 382 567 esset:
398 534 511 564 delatus
523 533 564 564 est
572 534 607 565 ad
619 544 669 564 me
678 534 837 565 fasciculus
847 546 852 564 z
864 535 941 565 solvi
955 554 964 568 ,
982 532 1001 563 fi
1012 532 1087 576 quid

122 581 156 611 ad
169 590 217 610 me
227 579 298 609 esl'ct
311 579 475 608 litterarum
492 576 588 606 :nihil
599 585 667 606 erat:
678 577 803 617 epistola
811 579 935 607 Vatinio
951 577 1087 617 &Ligu-

124 625 169 652 rio
180 623 277 653 altera·
293 617 362 660 jussi
372 619 406 649 ad
417 627 468 648 eos
480 618 597 648 deterri:
614 619 660 648 illi
669 620 705 649 ad
716 629 765 649 me
776 618 874 650 statim
886 619 1022 649 ardentes
1032 618 1088 647 do-

123 665 188 694 lore
208 671 356 694 venerunt
369 682 376 695 ,
400 660 495 691 scelus
513 661 650 690 hominis
663 662 841 692 clamantes:
862 660 1000 701 epistolas
1012 661 1091 689 mihi

125 707 262 746 legerunt
280 705 381 745 plenas
400 705 545 732 omniurn
571 704 604 732 in
615 703 863 743 meprobrorum.
888 705 937 732 1116
948 704 1088 741 Ligurius

125 747 233 778 furere.
258 747 285 777 se
302 748 387 776 enim
409 745 478 775 scire
497 745 618 774 summo
636 746 725 775 illum
750 747 783 775 in
793 745 868 775 odio
879 743 966 774 fuisse
976 745 1090 774 caesari:

125 791 216 819 illum
235 797 335 819 tamen
359 796 421 817 non
446 786 541 817 mode
559 785 685 821 foviss'e,
713 787 760 817 sed
773 787 805 817 &
821 796 933 817 tantam
946 787 1091 826 illipecu-

127 834 209 862 niam
230 828 341 861 dedzsl'e
361 830 486 859 honoris
507 830 568 858 mei
591 829 684 859 causa.
707 831 766 859 hoc
778 839 833 869 cgo
845 829 948 859 dolore
959 837 1088 867 accepto,

125 874 210 903 volui
225 873 299 903 scire
309 892 317 906 ,
331 871 405 912 quid
420 869 571 911 scripsisset
580 871 615 900 ad
625 881 748 901 ceteros.
773 870 826 911 ipsi
835 872 920 901 enim
933 871 978 900 illi
988 871 1089 910 putavi

126 915 330 956 perniciosum
340 914 414 946 fore,
427 910 447 942 fi
456 915 520 953 ejus
532 913 589 942 hoc
600 922 717 943 tantum
729 913 821 943 scelus
833 917 844 939 5
853 910 1091 953 percrebruiss'et·

125 968 162 988 co
185 959 256 987 novi
274 955 409 992 eiusdem
420 956 553 996 generis:
574 953 589 974 ⁶
600 954 635 984 ad
655 964 682 985 te
694 954 779 986 mifi:
802 965 874 996 quas
886 954 905 985 fi
916 955 1032 995 putabis
1046 953 1092 983 illi

126 968 182 1040 1ρέ
192 1000 265 1030 111116
276 997 334 1028 esse
344 997 428 1028 reddi
440 1017 448 1030 ,
469 996 593 1030 reddes;
613 997 657 1026 nil
670 1007 720 1027 me
731 997 825 1027 laedet.
849 1007 920 1027 nam
931 997 1014 1038 quod
1026 994 1092 1025 resi-

127 1050 222 1083 gnatae
239 1041 325 1074 sunt3
345 1039 448 1071 habet,
477 1040 608 1078 opinor,
631 1039 695 1078 ejus
706 1037 823 1081 signum
837 1041 1027 1079 Pomponia,
1039 1039 1092 1068 hac

126 1084 180 1114 ille
200 1083 356 1113 acerbitate
375 1082 466 1110 initio
486 1082 554 1110 navi
577 1082 687 1111 ationis
706 1083 777 1111 cum
800 1082 867 1112 usus
887 1079 958 1111 esset
973 1101 981 1114 ‚
1009 1089 1092 1110 tanto

129 1135 180 1156 me
198 1125 304 1155 dolore
322 1121 438 1156 affecit,
463 1131 495 1152 ut
513 1132 551 1162 po
582 1132 614 1152 ea
629 1124 796 1162 jacuerim:
821 1133 918 1164 neque
936 1133 1018 1152 nunc
1032 1131 1092 1151 tam

127 1177 182 1208 pro
202 1167 228 1197 se
244 1187 252 1200 ,
278 1175 368 1206 quam
386 1173 490 1194 contra
508 1174 557 1194 me
572 1185 580 1198 ‚
604 1163 728 1194 laborare
747 1165 867 1195 dicitur.
891 1167 930 1195 ita
947 1163 1094 1194 omnibus

129 1209 218 1240 rebus
236 1217 362 1248 urgeor3
381 1216 452 1247 quas
473 1205 613 1236 sustinere
622 1208 678 1237 vix
688 1205 805 1247 possum
818 1227 826 1240 ‚
848 1207 894 1236 vel
905 1206 994 1246 plane
1006 1205 1093 1235 nullo
1114 1201 1116 1221 '¹

129 1251 225 1281 modo
245 1248 381 1290 poffum:
403 1248 513 1289 quibus
535 1250 568 1278 111
589 1249 717 1279 miseriis
738 1259 795 1279 una
813 1248 855 1278 est
869 1258 922 1288 pro
934 1247 1091 1279 omnibus,

129 1292 212 1333 quod
228 1292 314 1322 istam
326 1290 465 1321 miseram
476 1309 484 1324 ,
499 1292 696 1331 patrimonio,
708 1291 829 1321 fortuna
841 1292 927 1320 omni
939 1290 1094 1330 spoliatam

128 1335 308 1375 relinquam.
331 1342 419 1374 quare
441 1342 468 1362 te
484 1352 491 1366 ,
517 1341 549 1362 ut
564 1333 717 1372 polliceris
732 1353 740 1367 ‚
767 1332 871 1363 videre
887 1333 975 1372 plane
986 1331 1092 1361 velim.

130 1377 225 1407 alium
241 1378 336 1409 enim,
348 1376 396 1405 cui
407 1375 490 1404 illam
501 1375 720 1405 commendem
732 1374 827 1405 habeo
837 1376 1008 1407 neminem;
1019 1382 1096 1413 quo-

131 1421 215 1449 niam
231 1419 317 1448 matri
333 1427 372 1458 qu
379 1426 457 1458 oque
466 1416 571 1447 eadem
582 1417 721 1447 intellexi
732 1416 789 1447 esse
798 1425 894 1457 parata
907 1437 915 1451 ‚
931 1426 996 1457 quae
1008 1416 1097 1445 mihi.

132 1460 183 1491 sed
196 1480 204 1494 ,
221 1459 241 1490 fi
260 1470 309 1490 me·
326 1469 390 1489 non
410 1457 546 1489 offendes
558 1478 566 1492 ,
588 1459 654 1489 satis
669 1468 770 1489 tamen
781 1459 889 1489 habeto
899 1457 1098 1489 commenda-

134 1510 194 1532 tam
206 1522 214 1535 ,
225 1511 423 1542 patruumque
434 1503 465 1530 in
475 1511 506 1531 ea
517 1521 524 1534 ,
536 1510 682 1541 quantum
697 1521 705 1534 ‚
717 1502 840 1541 poteris,
853 1502 1000 1541 mitigato.
1024 1501 1099 1529 Haec

134 1544 169 1574 ad
190 1553 217 1574 te
244 1544 288 1572 die
306 1543 399 1571 natali
418 1552 489 1572 meo
505 1541 620 1582 scripfi:
648 1553 712 1584 quo
731 1545 846 1573 utinam
866 1543 1015 1582 susceprus
1033 1550 1098 1570 non

134 1583 227 1615 effem
240 1605 248 1619 ,
269 1593 318 1615 aut
337 1594 375 1614 ne
397 1584 470 1624 quid
491 1594 529 1614 ex
543 1584 649 1614 eadem
669 1593 762 1615 matre
780 1584 880 1625 postea
897 1593 1003 1614 natum
1016 1581 1098 1613 ess‘et.

135 1628 219 1668 plura
233 1626 358 1658 scribere
382 1624 454 1655 fletu
465 1626 636 1665 prohibeor.

359 1670 569 1698 CICERO
599 1670 812 1702 ATTICo,
848 1671 876 1698 S.

230 1712 261 1741 D
283 1719 362 1739 meas
381 1709 587 1739 incredibileis
604 1710 795 1751 aegritudines
812 1709 926 1751 aliquid
938 1710 1010 1739 novi
1019 1718 1101 1739 acce-

231 1753 322 1782 direx
336 1753 373 1781 iis
386 1770 393 1784 ‚
411 1756 499 1791 7quae
509 1751 544 1780 de
554 1754 643 1792 QQ.
654 1751 689 1782 ad
700 1762 750 1782 me
758 1751 933 1782 afferuntur.
945 1754 975 1782 P.
988 1754 1104 1781 Teren-

142 1797 202 1825 tius
217 1814 225 1828 ,
249 1790 263 1812 8
275 1803 360 1823 meus
377 1791 552 1823 necessarius
566 1812 575 1827 ,
598 1803 701 1832 operas
721 1795 753 1823 in
772 1802 862 1834 portu
877 1813 885 1826 ,
910 1794 943 1822 &
962 1793 1103 1832 scriptura

139 1835 214 1867 Afia’.
235 1845 288 1875 pro
308 1834 447 1875 magistro
469 1834 560 1864 dedit.
585 1836 610 1864 is
629 1837 778 1876 Qintum
796 1834 893 1864 filium
911 1834 1014 1874 Ephefi
1027 1833 1103 1863 vidit

137 1887 188 1907 vx.
208 1879 256 1908 Id.
277 1876 428 1907 Decemb.
450 1886 580 1916 eumque
594 1875 726 1906 studiose
738 1886 856 1917 propter
866 1878 1032 1906 amicitiam
1043 1885 1102 1905 no-

138 1919 227 1950 stram
245 1920 404 1952 invitavit3
422 1928 553 1959 cumque
570 1928 609 1948 ex
629 1928 666 1948 eo
681 1918 718 1948 de
733 1929 783 1949 me
803 1917 1012 1952 cunetaretur,
1031 1927 1103 1947 eum

139 1960 191 1991 fibi
202 1964 242 1992 ita
251 1959 357 1991 dixiffe
366 1960 499 1990 narrabat
511 1981 519 1994 ,
540 1960 568 1990 se
578 1961 654 1990 mihi
665 1959 722 1990 effe
732 1959 976 1991 inimicissimum
992 1973 1000 1994 ;
1014 1959 1103 1989 volu-

139 2013 270 2044 mcnque
285 2001 338 2032 sibi
349 2000 510 2032 ostendiss'e
520 2003 676 2035 orationis,
685 2012 774 2043 quam
788 2003 863 2043 apud
876 2003 1017 2033 Caesarem
1028 2011 1104 2032 con—

138 2055 180 2076 tra
202 2055 250 2075 me
269 2043 340 2075 ess'et
360 2044 512 2074 habiturus
528 2055 533 2073 :
553 2044 671 2074 multaa
682 2045 709 2074 se
719 2044 798 2075 dieta
810 2055 913 2075 contra
926 2044 989 2084 ejus
998 2053 1104 2074 arnen-

139 2097 222 2117 tiam:
238 2087 334 2117 multa
345 2085 447 2126 postea
458 2088 548 2117 Patris
558 2084 710 2116 consimili
719 2087 827 2117 scelere
839 2086 938 2117 secum
951 2088 1102 2127 Qintum

138 2139 252 2169 patrem
265 2130 419 2158 locutum:
443 2129 530 2168 cujus
542 2128 671 2167 furorem
680 2131 764 2159 exiis
773 2127 908 2169 epistolis
921 2149 928 2162 ‚
948 2138 1019 2169 quas
1028 2128 1063 2158 ad
1075 2137 1102 2157 te

139 2169 225 2205 misi,
243 2171 405 2210 perspicere
422 2170 556 2210 petuisti.
580 2171 643 2201 haec
662 2171 717 2200 tibi
738 2171 837 2201 dolori
853 2169 1021 2201 ess'e9certe
1034 2170 1105 2200 scio:

139 2222 190 2243 me
200 2213 322 2253 quidem
335 2214 506 2242 excruciant
515 2232 523 2246 ,
551 2212 583 2242 &
595 2211 631 2242 eo
644 2215 737 2254 magis
749 2234 756 2247 ‚
773 2213 856 2254 quod
868 2215 946 2243 mihi
957 2222 1027 2242 curn
1042 2212 1103 2242 illis

139 2264 178 2285 ne
198 2253 342 2295 querendi
360 2254 484 2294 quidem
505 2255 607 2285 locum
630 2254 769 2285 futurum
792 2264 876 2296 puto.
900 2258 947 2284 De
957 2254 1105 2284 AFricanis

139 2296 228 2326 rebus
242 2296 332 2337 longe
343 2297 398 2325 alia
410 2296 498 2325 nobis
509 2316 517 2329 ‚
537 2307 569 2327 ac
580 2306 610 2326 111
620 2297 789 2336 scripseras,
811 2298 998 2327 nuntiantur.
1026 2295 1104 2326 nihil

139 2339 224 2369 enim
239 2336 357 2368 firmius
371 2335 430 2367 esse
444 2337 566 2372 dicunt,
585 2339 662 2368 nihil
671 2341 810 2378 paratius.
826 2339 937 2369 accedit
950 2338 1103 2378 Hispania,

186 2463 208 2480 1.
228 2456 360 2480 Nzisilmihi
371 2455 427 2479 mali
438 2454 518 2486 caussa
528 2454 636 2487 anulis]
661 2454 779 2480 Faernus
790 2455 818 2480 ὃ(
830 2455 967 2481 Manutius
979 2463 1011 2480 ex
1024 2454 1109 2480 Ubal-

142 2490 197 2517 diui
211 2490 361 2516 Bandiuelli
381 2490 449 2515 libro
461 2490 584 2524 legebant
595 2509 602 2521 ,
623 2490 693 2523 casm
704 2509 711 2522 ,
725 2499 773 2526 pro
787 2510 795 2521 ,
813 2492 892 2526 cauffa
904 2509 912 2521 ,
931 2490 1002 2526 quod
1013 2490 1109 2517 habeut

146 2527 302 2554 Memmium
315 2526 429 2558 codices,
441 2527 466 2551 8<
479 2535 570 2552 omnes
584 2526 697 2561 vulgati.

183 2572 211 2588 2.
227 2566 312 2588 Omnia
332 2563 400 2595 culpa
419 2564 541 2588 cmm-arla
553 2563 640 2596 fient]
662 2561 818 2597 Legcndum
834 2568 863 2588 ut
885 2562 990 2589 videtur
1001 2562 1109 2594 Fulxio,

147 2608 180 2626 ex
193 2598 261 2624 libro
275 2598 411 2633 Longohi,
422 2601 499 2623 omnia
513 2607 564 2624 mea
573 2601 642 2631 culpa
651 2600 774 2623 contraffa
785 2598 855 2631 fimt.

187 2643 213 2670 3.
233 2634 373 2668 §git-rann]
396 2635 532 2660 Manutius
553 2635 590 2660 ita
609 2635 635 2659 ὅ(
648 2634 738 2660 Rosius
749 2634 920 2667 conjecerunt
933 2653 940 2666 ‚
965 2644 1015 2660 non
1030 2634 1110 2670 longe

148 2670 291 2706 pracsertim
305 2670 443 2696 recedente
457 2679 544 2696 vetere
569 2670 708 2706 scriptura.
733 2670 940 2705 vulgo,iverar1.·‚
957 2670 1013 2697 mss.
1026 2671 1111 2697 Pal-it.

150 2707 176 2731 St
197 2706 354 2733 Bcffarionis
374 2706 470 2733 habeut
485 2726 493 2738 ,
506 2707 630 2740 sciveram
652 2708 666 2732 a
680 2707 813 2739 shiftendo,
833 2707 858 2732 Sc
872 2706 946 2733 16616
967 2715 996 2733 ut
1007 2706 1114 2734 videtur
1133 2716 1135 2736 1

170 2751 242 2768 unio.

146 2743 166 2777 J
186 2784 214 2809 4.
233 2781 290 2811 ciffi
298 2779 385 2813 mein]
409 2780 448 2805 Ita
460 2778 613 2805 emendavit
631 2786 728 2815 proetor
741 2778 937 2805 Lemoxicensis
949 2797 957 2810 ‚
970 2788 1029 2805 cum
1049 2777 1113 2805 scri-

150 2820 223 2849 ptum
238 2815 370 2850 reperiffet
380 2816 406 2841 in
418 2815 501 2841 scidis
515 2834 522 2847 ‚
533 2816 695 2849 cqffimi1'55i12
708 2815 888 2848 Tornrefiano,
900 2817 969 2849 ccffim
979 2817 1024 2842 his.
1037 2815 1112 2851 vulg.

157 2851 266 2882 cagffimm.

190 2893 218 2917 5.
237 2887 442 2921 Percrebrmffit]
465 2887 729 2923 Vulgpercrebmffit.

188 2920 217 2946 6.
237 2921 277 2946 Ad
285 2928 305 2945 te
316 2924 389 2955 mist]
414 2923 492 2955 Vulz.
510 2926 593 2948 literas·
604 2924 637 2949 ad
645 2931 666 2948 tc
676 2925 733 2957 miſs.

189 2962 217 2989 7.
237 2958 292 2989 Qae
302 2957 326 2981 dc
337 2965 358 2981 te
368 2960 400 2988 ἐξ,
413 2961 449 2991 μζ,
457 2953 489 2984 a]
497 2969 530 2984 me
541 2959 703 2993 {iffi-rantum]
727 2959 771 2985 Sic
781 2969 814 2986 ex
826 2958 960 2986 veteribus
981 2959 1057 2987 libris
1067 2961 1115 2988 Vi-
1136 2950 1138 2961 Ι

153 2990 254 3018 &orius
265 2993 393 3018 correxit.
416 2995 487 3029 vulg.
498 2996 523 3019 dc
534 2996 663 3029 gistrum,
674 3005 724 3025 oc.

191 3028 218 3054 8.
239 3032 311 3055 silem
321 3029 462 3060 necem-im
471 3039 550 3061 operar
561 3035 586 3056 in
595 3033 689 3065 fortun]
716 3031 829 3058 Codices
842 3032 997 3059 Mcmmiani
1010 3032 1116 3064 habent,

1076 118 1618 172 (316311οΝ13

1127 202 1158 219 ¹0
1169 197 1202 230 &
1211 198 1335 229 alienata
1345 199 1440 233 Italia;
1453 199 1608 240 legionem
1619 210 1675 232 nec
1684 199 1730 232 vis
1740 200 1856 236 eadem,
1869 210 1925 233 nec
1932 201 2094 239 voluntan-

1123 242 1243 272 urbana:
1261 250 1306 270 165
1326 240 1457 280 perditae-
1480 241 1554 282 quid
1565 241 1607 272 est
1619 262 1628 275 2
1646 243 1699 273 ubi
1711 245 1893 285 acquiescam
1907 265 1915 277 ‚
1935 243 1989 274 nisi
2000 245 2092 286 quam

1124 284 1177 314 diu
1189 290 1252 314 tuas
1262 283 1370 312 litteras
1381 283 1446 323 lego
1459 286 1545 323 ‚²quae
1556 282 1649 314 ess'ent
1655 284 1791 324 profecto
1801 286 1975 319 crebriores,
1988 285 2007 316 fi
2017 285 2094 328 quid

1126 326 1249 356 haberes
1261 344 1269 359 ,
1288 334 1350 365 quo
1371 334 1488 364 putares
1507 333 1607 354 meam
1633 326 1801 357 molestiam
1814 330 1913 358 minui
1929 327 2020 369 poss'e.
2043 326 2094 358 sed

1127 376 1228 398 tamen
1246 376 1272 397 te
1285 376 1374 407 rogo,
1388 369 1414 385 ¹¹
1427 376 1466 396 ne
1477 367 1658 396 intermittas
1672 367 1797 399 scribere
1809 369 1842 400 ad
1855 379 1904 399 me
1918 389 1927 403 ,
1948 368 2096 411 quidquid

1128 412 1183 440 erit
1198 421 1206 443 3
1223 409 1480 449 eosquequimihi
1491 417 1552 437 tam
1563 408 1724 438 crudeliter
1736 411 1854 441 inimici
1865 412 1932 442 sunt
1944 433 1952 446 ,
1965 410 1985 441 sl
2001 409 2098 442 odiss'e

1129 461 1194 482 non
1213 459 1297 490 potes
1310 470 1317 483 ,
1337 450 1445 489 accuses
1454 458 1572 483 tamem
1588 460 1652 480 non
1664 458 1698 480 ut
1706 451 1820 491 aliquid
1831 452 1966 492 proficias
1978 473 1986 488 ‚
2006 453 2054 483 sed
2064 461 2098 482 ut

1131 504 1181 524 me
1203 493 1258 523 tibi
1276 502 1377 523 carum
1394 490 1452 521 effe
1473 491 1609 521 sentiant.
1633 492 1720 522 Plura
1734 494 1769 522 ad
1781 501 1807 522 te
1820 494 1943 525 scribam
1956 515 1964 529 ‚
1987 493 2097 525 simihi

1131 535 1167 566 ad
1177 544 1223 565 eas
1233 535 1344 564 litteras
1354 554 1362 568 ‚
1380 543 1451 574 quas
1461 533 1604 574 proxime
1616 533 1652 564 ad
1664 542 1690 564 te
1701 534 1789 568 dedi,
1802 536 1990 576 rescripseris.
2013 537 2099 567 Vale.

1132 587 1205 608 xu.
1226 579 1309 607 ΚΜ..
1321 576 1410 608 Febr.

1363 619 1560 649 CICERO
1589 620 1807 652 ATTICO,
1839 622 1869 650 S.

1223 663 1400 691 ospaci-us
1416 661 1479 700 jam
1507 662 1636 691 cruciatu
1646 663 1851 691 maximorum
1864 660 2005 691 dolorum
2018 681 2027 696 ‚
2047 671 2098 697 ne,

1224 702 1245 732 si
1264 701 1296 732 fit
1317 701 1460 742 quidem,
1479 702 1563 743 quod
1584 702 1620 733 ad
1631 711 1659 732 te
1668 702 1796 733 debeam
1808 703 1950 737 scribere,
1971 703 2058 734 facile
2067 704 2100 735 id

1134 747 1245 786 exequi
1263 743 1370 784 poffim
1383 756 1391 778 ·‚
1412 745 1469 774 hoc
1481 745 1585 774 minus
1596 764 1604 778 ,
1623 743 1706 785 quod
1717 754 1762 775 res
1779 746 1863 775 nulla
1872 743 1913 774 est
1925 765 1933 778 ,
1952 755 2018 785 quae
2029 746 2100 776 scri-

1133 788 1230 817 benda
1248 786 1301 821 sm
1321 784 1393 816 cum
1413 786 1576 827 praesertim
1593 797 1631 816 ne
1640 787 1702 826 spes
1710 786 1835 828 quidem
1847 787 1908 816 ulla
1918 785 2099 821 ostendatur,

1112 830 1191 869 .f0re
1203 829 1310 859 melius.
1334 831 1374 858 ita
1388 829 1447 866 jam
1459 838 1495 857 ne
1505 837 1568 858 tuas
1578 828 1702 870 quidem
1713 830 1822 859 litteras
1832 827 1982 868 exspeetoz
1993 838 2102 869 quam-

1135 881 1227 912 quam
1248 870 1484 911 semperaliquid
1495 869 1623 900 afferunt
1637 891 1645 903 ,
1668 870 1752 911 quod
1762 871 1867 900 velim.
1890 880 1979 911 quare
1991 880 2022 900 tu
2033 872 2102 911 qui-

1134 915 1205 944 dem
1225 913 1364 946 scribito,
1382 922 1454 942 cum
1465 914 1521 942 erit
1533 932 1542 946 ‚
1558 915 1608 942 cui
1619 912 1679 942 des.
1705 922 1760 953 ego
1769 915 1829 942 tuis
1839 914 1990 952 proximis
2001 932 2009 946 ,
2030 921 2103 953 quas

1137 964 1238 986 tamen
1254 956 1317 992 jam
1336 955 1455 995 pridem
1473 956 1589 994 accepi,
1609 955 1687 984 nihil
1701 955 1814 988 habeo,
1833 954 1915 995 quod
1930 954 2102 984 rescribam.

1135 998 1229 1038 longo
1239 999 1324 1027 enim
1339 996 1498 1026 intervallo
1508 995 1598 1026 video
1610 998 1769 1027 immutata
1779 995 1837 1026 esse
1848 999 1953 1026 omnia
1966 997 2033 1026 :illa
2043 995 2102 1026 effe

1113 1044 1115 1059 ¹
1134 1038 1240 1073 firma,
1261 1042 1362 1079 ¹²quae
1371 1038 1495 1077 jubeant
1506 1047 1560 1067 nos
1572 1036 1705 1073 stultitia
1727 1037 1835 1068 nostrae
1846 1036 2025 1079 graviffimas
2035 1047 2104 1078 poe-

1135 1091 1187 1111 nas
1195 1080 1335 1120 pendere.
1359 1082 1389 1110 P.
1403 1078 1678 1110 Sallustiocuranda
1688 1080 1756 1110 sunt
1768 1089 1821 1109 11-5
1834 1090 1912 1110 xxx.
1937 1090 2004 1121 quae
2019 1089 2103 1110 acce-

1114 1134 1115 1146 1
1136 1125 1167 1162 pi
1182 1123 1198 1153 a
1211 1125 1266 1152 Cn.
1280 1120 1432 1152 Sallustio.
1455 1121 1551 1150 velim
1571 1120 1686 1153 videas,
1703 1124 1730 1148 ¹³
1746 1131 1777 1151 ut
1787 1120 1846 1151 fine
1857 1132 1941 1152 mora
1949 1130 2101 1152 curentur.

1114 1191 1115 1200 ,
1137 1165 1174 1194 de
1197 1174 1229 1194 ea
1248 1173 1278 1193 re
1297 1161 1392 1202 scripsi
1407 1161 1442 1192 ad
1453 1164 1646 1192 Terentiam:
1665 1171 1752 1202 atque
1763 1163 1821 1192 hoc
1831 1164 1929 1203 ipsum
1938 1163 2000 1202 jam
2010 1173 2103 1203 prope

1115 1233 1116 1237 ,
1133 1205 1331 1236 consumtum
1350 1202 1401 1234 est.
1423 1213 1514 1244 quare
1532 1203 1562 1234 id
1572 1213 1692 1245 quoque
1702 1204 1795 1234 velim
1807 1224 1817 1237 ,
1835 1215 1905 1235 cum
1917 1206 1968 1234 illa
1987 1206 2103 1239 videas,

1138 1257 1170 1277 ut
1191 1246 1242 1281 fit,
1263 1249 1317 1287 qui
1337 1255 1468 1277 utamur.
1492 1247 1541 1276 hic
1557 1245 1676 1276 fortafl'e
1694 1255 1800 1286 potero
1821 1247 1936 1277 sumere
1947 1266 1956 1280 ‚
1980 1245 2000 1275 fi
2011 1247 2103 1277 sciam

1115 1293 1117 1332 ζ
1142 1289 1207 1320 istic
1226 1297 1361 1330 paratum
1379 1287 1454 1318 fore.
1478 1288 1527 1318 sed
1537 1289 1636 1328 prius,
1656 1298 1746 1329 quarn
1758 1288 1789 1318 id
1799 1288 1902 1318 scirem
1915 1308 1923 1322 ,
1946 1288 2023 1318 nihil
2033 1288 2104 1319 sum

1138 1332 1223 1362 ausus
1234 1332 1360 1362 sumere.
1383 1328 1645 1369 Qifitomnium
1657 1339 1757 1360 rerum
1768 1329 1856 1360 status
1867 1329 1987 1364 noster,
2008 1329 2103 1360 vides.

1139 1374 1218 1404 nihil
1227 1372 1269 1403 est
1280 1373 1373 1406 mali,
1390 1372 1475 1412 quod
1486 1382 1549 1402 non
1562 1372 1595 1402 &
1605 1371 1766 1402 sustineam
1782 1373 1814 1402 &
1825 1372 2007 1412 exspestem.
2030 1381 2104 1412 qua-

1139 1426 1207 1446 rum
1227 1425 1326 1445 rerum
1344 1425 1371 1444 eo
1385 1414 1506 1455 gravior
1522 1413 1566 1444 est
1581 1413 1670 1444 dolor
1681 1434 1689 1447 ‚
1707 1424 1768 1455 quo
1777 1415 1865 1454 culpa
1875 1416 1981 1453 major.
2003 1413 2059 1444 Ille
2069 1415 2104 1445 in

1141 1458 1250 1497 Achaja
1265 1466 1330 1487 non
1350 1455 1437 1487 ceffat
1452 1455 1489 1486 de
1506 1456 1595 1488 nobis
1613 1456 1775 1486 detrahere.
1799 1457 1878 1486 nihil
1889 1456 2031 1488 videlicet
2043 1464 2103 1487 tuae

1138 1500 1242 1530 litterae
1252 1498 1452 1539 profecerunt.
1475 1498 1559 1528 Vale.
1571 1508 1656 1528 v111.
1671 1498 1715 1528 Id.
1726 1500 1815 1528 Mart.

1384 1542 1575 1571 CICERO
1603 1542 1801 1570 ATTICO
1815 1560 1822 1574 2
1841 1543 1860 1571 S

1231 1585 1384 1614 EPHAmo
1401 1582 1480 1611 mihi
1498 1581 1515 1612 a
1533 1590 1562 1611 te
1579 1581 1689 1619 litteras
1709 1581 1839 1612 reddidit
1858 1585 1894 1612 A.
1907 1585 1949 1612 D.
1966 1590 2032 1612 nx.
2053 1581 2101 1611 Id.

1232 1627 1319 1654 Mart.
1335 1623 1467 1664 vespere.
1491 1634 1527 1653 eo
1543 1631 1642 1653 autern
1660 1623 1709 1653 die
1723 1623 1814 1654 mane
1828 1624 1997 1654 tabellarios
2012 1623 2105 1653 mise—

1142 1677 1204 1698 ram
1218 1687 1226 1701 ,
1245 1666 1354 1707 quibus
1363 1667 1399 1696 ad
1410 1676 1437 1696 re
1449 1665 1587 1695 dederam
1599 1666 1719 1695 litteras.
1743 1667 1802 1695 tuis
1814 1674 1913 1696 tamen
1925 1665 2012 1695 leffls
2023 1665 2106 1695 litte-

1142 1711 1181 1740 ris
1193 1729 1201 1743 ,
1222 1710 1324 1749 putavi
1341 1707 1455 1749 aliquid
1474 1707 1699 1737 rescribendum
1719 1706 1776 1737 efle
1794 1727 1802 1740 ‚
1828 1708 1964 1737 maxime
1981 1727 1991 1742 ,
2022 1706 2106 1747 quod

1143 1750 1276 1781 ostendis
1290 1759 1317 1780 te
1330 1751 1458 1789 pendere
1467 1750 1563 1779 animi
1575 1768 1583 1782 ‚
1602 1758 1765 1788 quamnam
1775 1751 1924 1779 rationem
1935 1748 1989 1779 fim
2001 1749 2106 1779 Caesari

1143 1793 1283 1824 allaturus
1294 1790 1493 1831 profeffionis
1505 1800 1579 1820 meae
1589 1799 1654 1820 tum
1666 1809 1674 1824 ‚
1689 1790 1761 1820 cum
1772 1800 1809 1820 ex
1820 1788 2107 1821 Italiadiscefferim.

1145 1835 1223 1865 nihil
1234 1843 1309 1873 opus
1319 1832 1361 1862 est
1371 1834 1449 1863 mihi
1460 1842 1539 1862 nova
1549 1834 1673 1862 ratione.
1696 1832 1770 1872 saepe
1783 1834 1867 1862 enirn
1880 1832 1915 1863 ad
1926 1842 1997 1863 eum
2009 1830 2108 1872 scripsi

1146 1876 1309 1916 multisque
1327 1875 1489 1908 mandavi,
1509 1884 1573 1904 non
1591 1872 1719 1914 potuifl'e
1731 1895 1739 1908 ,
1762 1873 1833 1904 cum
1849 1873 2006 1914 cupiiffem
2019 1895 2027 1907 ,
2048 1874 2108 1904 ser-

1146 1927 1254 1948 mones
1271 1919 1436 1947 hominum
1451 1915 1613 1950 sustinere3
1631 1917 1782 1957 multaque
1793 1918 1827 1946 in
1838 1926 1903 1947 eam
1915 1917 2106 1947 sententiam.

1146 1961 1224 1990 nihil
1243 1961 1327 1990 enim
1346 1969 1405 1989 erat
1425 1979 1434 1992 ,
1463 1958 1546 2000 quod
1568 1957 1674 1988 minus
1695 1968 1766 1988 eum
1788 1959 1901 1988 vellem
1923 1958 2108 1992 existimare,

1145 2002 1236 2044 quam
1249 2011 1299 2032 me
1310 2010 1388 2032 tanta
1398 2001 1434 2031 de
1447 2011 1478 2031 re
1492 2010 1556 2030 non
1568 2010 1638 2030 meo
1650 2000 1777 2031 confilio
1787 2001 1874 2030 usum
1885 1999 1949 2030 effe.
1964 1999 2108 2040 ¹4p0stea‚

1147 2045 1220 2075 cum
1240 2045 1319 2074 mihi
1336 2044 1442 2074 litterae
1455 2043 1470 2073 a
1485 2043 1578 2072 Balbo
1588 2043 1732 2072 Cornelio
1751 2044 1874 2073 minore
1892 2040 1987 2072 missae
2003 2040 2108 2076 ess'ent,

1146 2087 1238 2117 illum
1249 2085 1421 2116 existimare
1432 2106 1440 2119 ‚
1463 2087 1615 2126 Qintum
1628 2083 1749 2116 fratrem
1772 2085 1914 2114 ¹5liruum
1926 2094 2000 2115 meae
2009 2083 2111 2124 profe·

1150 2128 1262 2159 &ionis
1274 2126 1374 2161 fuifl'e,
1390 2128 1443 2166 (ita
1452 2136 1535 2157 enim
1548 2125 1669 2166 scripfit)
1682 2125 1710 2147 ¹⁶
1719 2129 1770 2168 qui
1781 2127 1920 2157 nondum
1930 2124 2107 2168 cognoffem

1145 2181 1212 2212 quae
1221 2170 1256 2200 de
1268 2180 1317 2200 me
1327 2172 1460 2212 Qintus
1471 2167 1623 2209 scripsisset
1630 2169 1664 2198 ad
1673 2172 1804 2200 multos:
1818 2167 1974 2198 etfi.multa
1983 2168 2110 2207 prensens

1148 2216 1178 2243 in
1189 2212 1365 2253 praesentem
1376 2212 1476 2242 acerbe
1488 2211 1647 2241 dixerat&
1656 2210 1766 2243 fecerat
1776 2223 1785 2246 3
1797 2216 1825 2240 ¹7
1835 2219 1937 2241 tamen
1949 2210 2025 2240 Nilo
2038 2218 2111 2240 11160

1148 2256 1194 2285 1115
1207 2255 1304 2284 verbis
1313 2254 1348 2284 ad
1360 2253 1504 2284 Caesarem
1514 2251 1621 2292 scripfi.

1192 2299 1239 2325 De
1251 2296 1364 2336 Qinto
1375 2295 1466 2333 fratre
1475 2306 1532 2324 meo
1542 2306 1594 2324 non
1603 2296 1697 2324 minus
1706 2294 1798 2325 laboro
1810 2315 1819 2329 ‚
1840 2304 1931 2336 quam
1939 2293 1971 2323 de
1981 2303 2024 2322 me
2035 2292 2090 2335 ipfh
2100 2303 2113 2321 .-

1145 2339 1196 2379 ftd
1210 2349 1272 2368 eum
1286 2337 1342 2367 riht
1361 2337 1549 2368 commendare
1565 2338 1615 2366 hoc
1634 2348 1692 2367 meo
1711 2345 1828 2378 tempore
1843 2347 1897 2367 non
1915 2336 2012 2365 audeo.
2039 2335 2116 2405 gaud

2058 2387 2112 2405 un-

1130 2476 1132 2478 .
1152 2455 1346 2482 Tornaelianus.
1369 2455 1457 2482 Antea
1466 2461 1523 2481 erat
1537 2473 1545 2485 ,
1555 2455 1584 2485 &-
1593 2458 1702 2481 alienam
1711 2457 1762 2481 alia
1771 2467 1779 2482 .·
1800 2455 1869 2483 unde
1880 2455 1963 2491 vulgo
1983 2455 2115 2488 fecerant,

1130 2486 1132 2519 1
1151 2492 1180 2521 &⁴
1189 2492 1300 2516 alienata
1310 2493 1398 2517 Gallia.

1130 2523 1132 2550 Ι,
1193 2536 1201 2553 1
1212 2536 1231 2553 1.
1256 2531 1291 2552 Ne
1300 2526 1472 2561 intermittam]
1493 2525 1591 2554 Scribit
1600 2524 1736 2554 Visstorius
1747 2536 1806 2554 cum
1816 2527 1932 2563 antiquis
1944 2527 2030 2560 libris,
2040 2533 2067 2554 ut
2075 2529 2117 2557 in,-

1153 2566 1282 2588 tcrmitras.
1679 2584 1681 2587 -

1192 2608 1234 2625 12.
1255 2600 1309 2631 Qae
1310 2600 1414 2633 jubeant
1422 2607 1464 2624 nos
1470 2599 1603 2632 stultitiae]
1626 2598 1708 2634 Vulg.
1718 2609 1766 2633 qus
1776 2599 1874 2625 debeam
1883 2593 2044 2633 nosstult‘itiae.

1130 2647 1132 2664 t
1193 2644 1234 2670 ¹3·
1255 2638 1410 2668 thsinemora
1419 2635 1557 2668 carentum]
1572 2635 1672 2669 Junius
1684 2645 1716 2661 ex
1728 2635 1814 2662 Palat.
1833 2636 1936 2663 duobus
1955 2636 2044 2671 legere
2062 2644 2115 2663 non

1132 2669 1133 2702 1
1152 2669 1329 2703 dubitaverit,
1340 2679 1367 2696 ut
1377 2681 1425 2705 qux
1435 2672 1468 2697 ad
1477 2673 1701 2705 mepenInen17stne
1711 2681 1786 2703 mora,
1796 2673 1847 2702 &a

1196 2715 1235 2740 ¹4-
1254 2710 1335 2739 ‘Postea
1346 2707 1421 2741 crim]
1444 2706 1564 2733 Debetur
1574 2707 1628 2733 haec
1648 2707 1782 2735 restitutio
1792 2707 1915 2735 Manutio
1927 2726 1935 2739 ,
1954 2707 2027 2743 prius
2040 2707 2116 2743 lege-

1134 2745 1135 2784 }
1150 2742 1241 2775 batur,
1249 2746 1405 2777 posteaquam.
1648 2774 1651 2775 ⁷

1135 2785 1136 2799 l
1194 2789 1202 2805 1
1212 2789 1236 2813 5.
1257 2783 1356 2805 Limum
1374 2789 1425 2805 mex
1438 2778 1612 2816 profeffionis]
1636 2779 1748 2806 Ursinus
1767 2779 1794 2806 111
1816 2778 1947 2805 veteribus
1967 2778 2043 2806 libris
2061 2779 2116 2816 legi

1157 2816 1251 2848 tradit,
1262 2818 1358 2842 illiciam
1368 2825 1418 2841 mere
1427 2816 1581 2849 profiHism's,
1593 2815 1664 2851 quod
1677 2815 1752 2841 valde
1763 2814 1971 2850 probatJunius.

1195 2853 1236 2879 16.
1256 2854 1303 2885 Qi
1312 2853 1411 2878 nondum
1421 2852 1562 2886 rognqffbm]
1583 2854 1653 2878 Cum
1664 2852 1780 2886 antiquis
1791 2850 1923 2877 codicibus
1943 2851 1981 2877 ita
1991 2852 2058 2888 legit
2068 2852 2118 2879 Vi-

1157 2889 1227 2916 6101.
1240 2889 1312 2923 vulg.
1327 2889 1441 2921 cognqffit.

1197 2933 1237 2959 ¹7·
1257 2926 1340 2950 Tamen
1349 2925 1412 2959 ‘Nlla
1421 2932 1465 2948 meo
1482 2922 1518 2947 his
1526 2922 1632 2955 verbis.)
1655 2921 1697 2948 Est
1717 2921 1766 2947 hoc
1777 2923 1791 2948 :i
1804 2923 1950 2949 Decurtato
1961 2934 1966 2949 :
1990 2923 2063 2959 vulg.
2076 2932 2119 2950 ta-

1156 2971 1206 2986 men
1216 2964 1247 2986 L.
1258 2964 1284 2986 in
1294 2970 1316 2985 eo
1325 2961 1359 2986 his
1372 2958 1428 2985 mss.
1438 2958 1481 2984 alii
1493 2957 1606 2987 habent3
1622 2964 1701 2982 tamen
1713 2960 1743 2984 L.
1756 2960 1835 2983 Lomeo
1845 2959 1897 2984 his.-
1917 2959 1974 2992 alii,
1983 2962 2015 2986 L.
2031 2963 2120 2995 Lime05

1156 2998 1199 3024 alii
1215 3017 1221 3028 ,
1234 3000 1265 3022 L.
1276 2999 1352 3021 Comeo
1360 2997 1395 3021 his
1403 2996 1465 3028 ipsis.
1487 2992 1555 3019 unde
1565 2993 1720 3019 dubitanter
1730 2995 1755 3019 S<
1771 2994 1865 3020 timide
1886 2994 1998 3022 faciebat
2008 2997 2118 3023 Lambi-

1160 3043 1206 3059 nus
1217 3034 1353 3066 λχχονίζωγ,
1367 3030 1406 3056 vel
1422 3034 1551 3059 λωκουικῶς
1562 3030 1596 3055 his
1605 3031 1659 3062 ipsis
1670 3049 1678 3060 ,
1697 3030 1746 3060 (Isc,
1773 3031 1949 3066 Pantagathus
1962 3029 2118 3068 reponebat,

154 3073 219 3089 mem
236 3065 376 3095 ›recessim-tm
396 3075 490 3097 magnas
510 3075 589 3098 operm·
605 3070 631 3092 in
646 3075 734 3101 portu5
756 3068 904 3095 Lambinus
917 3069 983 3095 nihil
1004 3077 1090 3096 mutat
1102 3070 1117 3095 :¹1
1159 3076 1238 3094 tamen
1248 3069 1274 3093 de
1291 3077 1313 3092 eo
1323 3067 1358 3092 his
1366 3067 1462 3097 verbis,-
1484 3065 1554 3100 quod
1575 3065 1661 3101 placet
1672 3065 1769 3091 Uriino
1780 3067 1806 3091 8<
1822 3068 1958 3093 Manutio.
1980 3069 2044 3095 Ant.
2060 3069 2120 3095 Au-

155 3099 283 3136 scriptura
295 3107 407 3134 recepta.

190 3145 206 3171 9
215 3157 220 3162 .
239 3136 381 3169 Certessio.]
405 3136 485 3171 Vulg.
498 3137 617 3169 terrascia.

1137 3105 1139 3124 ι’
1160 3105 1277 3140 gustinus
1290 3102 1403 3137 legebat,
1413 3108 1491 3126 tamon
1500 3103 1582 3126 literar
1591 3111 1626 3133 ego
1635 3102 1670 3126 his
1680 3103 1759 3127 verbis
1771 3113 1777 3126 :
1794 3103 1839 3128 alii
1850 3103 2067 3136 emendaverant,
2077 3112 2121 3130 ta-

1161 3150 1211 3165 men
1221 3140 1312 3164 levibus
1321 3138 1412 3163 verbis.
1433 3146 1489 3172 quae
1500 3138 1590 3165 omnia
1600 3137 1734 3174 improbat
1745 3140 1846 3175 Junius
1857 3141 1884 3166 &
1897 3140 2001 3177 reponit
2014 3159 2023 3173 ,
2041 3147 2123 3167 tamen

195 3181 241 3201 10,
251 3176 283 3198 Ει
293 3174 404 3200 alu-nata
414 3174 514 3207 [taam]
531 3174 573 3200 lta
583 3173 699 3201 restituit
709 3175 858 3209 Vistorius,
869 3183 899 3203 ut
909 3176 935 3203 Sc
947 3176 1026 3204 habet
1037 3176 1121 3204 codex
1137 3191 1138 3194 =
1157 3177 1213 3210 stilo
1223 3184 1267 3200 meo
1277 3175 1312 3200 his
1320 3174 1399 3200 verbis
1409 3174 1442 3199 ad
1449 3176 1478 3201 C.

2026 3212 2127 3258 ιβεοᾰ

2122 634 2167 671 11

2125 1545 2168 1571 12
