2302 3353
28 760 74 794 45

585 126 1069 174 nnORATo

92 217 107 236 π
117 212 189 246 cum
197 207 349 254 aggredior
357 203 519 247 ancipitem
529 205 646 237 causam
659 225 668 240 ,
689 204 723 236 &
739 214 860 248 gravem
879 206 915 237 ad
928 207 1048 237 animos

87 256 227 298 judicum
237 248 454 293 pertraehmdos
465 268 473 282 ‚
494 249 582 278 omni
591 257 693 278 mente
701 250 734 278 in
744 258 777 278 ea
785 258 821 278 co
843 250 965 278 itatione
977 268 985 281 ,
998 259 1050 278 cu-

92 307 180 339 raque
189 295 297 327 versor,
309 300 342 322 ut
351 291 460 321 odorer
468 289 560 332 quam
571 287 749 331 sagaciffime
759 259 866 330 possizm
877 310 884 323 ,
899 289 972 330 quid
982 290 1050 319 sen—

92 342 168 371 tiant
177 358 186 371 ,
198 335 268 378 quid
280 332 455 364 existiment
464 352 473 366 ,
485 332 557 373 quid
568 331 742 372 exspe&ent
752 352 760 366 ‚
771 331 844 373 quid
854 332 970 365 velint,
987 329 1050 372 quo

92 380 200 411 deduci
209 374 344 408 oratione
351 374 496 405 facillime
505 372 588 414 poffe
596 374 765 404 videantur.
796 375 826 404 Si
848 374 876 404 se
890 372 980 407 dant,
1003 373 1048 406 &,

93 431 126 452 ut
135 420 201 452 ante
211 419 287 452 dixi,
299 419 348 448 sua
356 418 472 457 sponte,
484 425 546 457 quo
555 416 745 456 impellimus
757 436 766 450 ,
777 416 927 446 inclinant
936 435 944 449 ,
963 423 991 446 at
1014 424 1049 444 ue

91 461 294 505 propendent:
314 461 427 499 accipio
438 458 519 499 quod
531 458 615 488 datur
625 477 633 492 ,
646 458 723 489 &ad
734 458 776 492 id,
788 458 868 488 unde
878 458 985 499 aliquis
1021 466 1050 487 a·

92 515 138 537 tus
147 503 321 536 ostenditur,
333 502 398 532 vela
408 501 458 531 do.
482 503 535 531 Sin
545 499 588 531 est
598 502 731 542 integer,
751 501 928 543 quietusque
934 499 1030 540 judex
1043 509 1049 527 :

90 547 158 589 plus
167 545 210 576 est
219 546 326 585 operis.
349 544 418 574 sunt
427 544 512 573 enim
521 545 626 573 omnia
635 542 764 573 dicendo
773 542 928 573 excitanda
937 561 945 576 ‚
970 541 1049 572 nihil

91 589 246 629 adjuvante
256 595 365 618 natura.
396 585 453 616 Sed
463 594 576 615 tantam
585 587 650 615 vim
660 585 748 615 habet
756 586 806 616 iila
817 605 825 618 ‚
846 595 911 626 quae
929 582 1011 614 recte
1033 582 1049 612 a

90 632 175 662 bono
184 630 272 670 po'e'ta
282 627 362 659 dieta
369 627 413 658 est
422 630 436 647 2
448 626 611 657 flexanima
623 646 631 660 ,
643 635 729 668 atque
737 629 882 657 omnium
891 627 994 668 regina
1003 634 1050 655 re-

90 683 158 704 rum
170 692 178 706 ,
190 673 285 702 oratio
295 691 304 705 ,
314 679 348 701 ut
357 680 421 700 non
432 668 527 699 modo
541 673 552 697 3
564 670 761 710 inclinantem
771 671 880 711 erigere
891 687 899 701 ,
911 676 960 698 aut
970 666 1049 698 stan—

92 724 155 745 tem
173 714 316 744 inclinare
328 733 336 747 ,
358 711 407 743 sed
424 713 515 742 etiam
531 711 733 741 adversantem
745 731 754 744 ‚
773 711 807 742 &
816 718 1046 751 repugnantem,

92 766 124 788 ut
133 757 283 799 imperaror
292 755 390 784 bonus
400 764 433 784 ac
441 752 527 783 fortis
538 773 547 786 ,
566 761 666 792 capere
676 750 772 792 poffit.
822 755 895 782 Haec
905 752 973 782 sunt
985 751 1045 783 ilia,

91 809 157 841 quae
168 808 218 828 me
227 797 333 828 ludens
344 794 456 827 Ciafl'us
466 793 561 824 modo
572 792 731 835 flagitabat,
741 793 831 836 quaea
842 804 891 824 me
902 793 1049 824 divinitus

91 840 205 872 trafihiri
215 840 307 870 solere
318 838 437 870 diceret,
450 836 483 866 &
491 837 525 865 in
534 836 616 866 causa
626 838 669 866 M.
683 837 800 878 Aquilii
812 857 820 870 ,
834 837 956 876 Cajique
966 838 1049 866 Nor—

89 883 173 916 bani,
185 880 398 920 nonnullisque
407 879 482 911 aliis,
494 875 573 919 quasi
582 878 721 918 praeclare
729 878 803 913 adsta,
815 878 945 909 laudaret
956 888 962 907 z
982 887 1046 918 quae

92 923 262 955 mehercule
271 931 337 964 ego,
349 919 453 954 Crasse,
465 918 536 950 cum
546 920 561 950 a
572 929 600 950 te
612 919 772 951 traElantui·
781 923 813 951 in
824 918 1048 954 causis,horrere

92 967 183 997 soleo.
202 973 279 996 tarini
288 965 333 993 vis
344 964 449 996 animi,
462 970 559 992 tantus
568 963 711 1002 impetus,
722 971 820 993 tantus
830 962 927 996 dolor,
940 962 1047 995 oculis,

91 1008 178 1038 vultu
189 1027 197 1040 ‚
208 1005 290 1048 gestu
300 1025 308 1039 ‚
322 1004 417 1045 digito
427 1004 557 1045 denique
568 1003 625 1034 isto
638 1013 690 1035 tuo
700 1003 856 1047 significari
866 1005 958 1035 solet:
983 1013 1048 1034 tan-

92 1059 157 1080 tum
167 1047 209 1079 est
219 1047 335 1077 flumen
344 1044 581 1088 gravissimorum
591 1067 599 1080 ‚
611 1049 862 1088 optimorumque
870 1046 1046 1079 verborum,

91 1100 152 1122 tam
161 1092 281 1131 integrae
291 1089 444 1119 sententiae
455 1107 463 1122 ‚
475 1097 535 1118 tam
546 1098 623 1119 verae
633 1109 640 1122 ‚
653 1097 715 1120 tam
726 1100 813 1122 novae
823 1110 831 1124 ,
843 1098 905 1120 tam
915 1087 1049 1129 sinepig-

92 1134 203 1164 mentis
213 1152 222 1165 ,
242 1130 373 1172 fucoque
382 1131 489 1171 puerili
500 1150 508 1164 ,
530 1139 563 1161 ut
571 1132 649 1161 mihi
659 1141 723 1161 non
735 1131 836 1162 solum
848 1140 879 1162 tu
889 1131 1048 1162 incendere

88 1174 234 1217 judicem,
246 1173 294 1204 sed
305 1173 364 1213 ipse
374 1172 474 1202 ardere
482 1171 619 1203 videaris.
641 1176 674 1204 N
676 1183 766 1211 EQE
784 1184 881 1204 FIERI
897 1172 1005 1214 potest,
1017 1181 1050 1202 ut

91 1217 190 1249 doleat
199 1218 222 1246 is
235 1236 243 1250 ,
261 1217 313 1257 qui
323 1214 423 1248 audit,
442 1223 476 1245 ut
484 1214 597 1249 oderit,
611 1224 644 1246 ut
655 1216 788 1247 invideat
798 1236 806 1250 ,
817 1225 851 1246 ut
859 1215 1050 1257 pertimescat

91 1258 223 1300 aliquid,
247 1257 323 1288 utad
334 1256 439 1287 fletum
450 1276 459 1291 ‚
481 1257 778 1299 misericordiamque
788 1258 968 1291 deducatui··,
993 1255 1050 1286 nisi

90 1310 200 1332 omnes
211 1302 344 1330 iimotus
355 1319 363 1333 ,
374 1308 451 1339 quos
461 1307 560 1329 orator
567 1299 707 1331 adhibere
717 1301 800 1330 volet
805 1301 903 1341 judici
912 1320 920 1334 ,
941 1302 975 1330 in
985 1299 1050 1339 ipso

93 1351 207 1375 oratore
216 1339 346 1382 impreffi
357 1339 515 1382 efl'e,atque
524 1341 617 1371 inusti
626 1342 819 1373 videbuntur.
835 1341 926 1384 Qod
938 1340 1050 1381 sifiasbus

92 1386 200 1426 aliquis
217 1384 305 1414 dolor
320 1383 523 1423 suscipiendus
538 1382 610 1414 efl‘et
619 1405 626 1418 ,
648 1385 681 1415 &
701 1383 722 1414 si
740 1387 773 1415 in
782 1384 934 1425 ejusmodi
944 1393 1051 1424 genere

94 1428 239 1458 orationis
247 1425 325 1456 nihil
335 1423 406 1455 esset
415 1446 423 1458 ‚
436 1423 491 1455 nisi
500 1424 609 1456 falsum
621 1447 630 1460 ‚
651 1435 738 1468 atque
747 1428 920 1458 imitatione
930 1425 1052 1456 simula-

97 1478 162 1500 tum
173 1489 182 1503 ,
201 1464 296 1508 major
304 1477 349 1497 ars
358 1467 456 1508 aliqua
464 1466 583 1498 forsitan
592 1467 665 1500 esset
672 1469 859 1511 requirenda.
882 1479 966 1499 nunc
982 1478 1048 1510 ego,

96 1510 169 1552 quid
180 1511 235 1541 tibi
244 1507 351 1543 Craffe»
362 1508 434 1551 quid
445 1511 548 1541 ceteris
557 1511 670 1542 accidat
680 1531 689 1545 ,
702 1512 803 1542 nescio
817 1522 822 1541 :
842 1511 879 1542 de
892 1521 941 1541 me
951 1520 1050 1541 autem

95 1553 178 1584 causa
188 1553 270 1583 nulla
279 1550 338 1586 est,
360 1561 412 1582 cur
429 1551 507 1592 apud
526 1553 668 1583 homines
678 1552 923 1594 prudentiffimos
936 1573 944 1587 ‚
964 1562 1051 1594 atque

95 1593 287 1626 amiciffimos
296 1594 426 1623 mentiar.
446 1604 511 1624 non
530 1596 703 1626 mehercule
721 1606 866 1638 umquam
885 1595 962 1636 apud
969 1596 980 1636 j
984 1595 1053 1625 udi-

97 1646 144 1668 ces
155 1657 163 1671 ,
183 1645 233 1667 aut
240 1636 378 1666 dolorem
389 1656 398 1670 ‚
417 1645 467 1666 aut
475 1637 713 1669 misericordiam
726 1658 734 1672 ‚
753 1648 802 1669 aut
812 1638 961 1669 invidiam
973 1658 981 1672 ‚
1003 1646 1054 1668 aut

96 1679 202 1710 odium
212 1680 338 1709 excitare
345 1678 476 1709 dicendo
486 1679 570 1709 volui
583 1691 588 1709 :
618 1682 693 1721 quin
703 1680 764 1721 ipse
773 1682 807 1711 in
816 1679 1052 1711 commovendis

93 1721 244 1762 judicibus
255 1741 263 1755 ‚
274 1722 311 1750 iis
320 1719 388 1761 ipfis
398 1719 528 1751 sensibus
540 1741 548 1755 ,
560 1722 596 1753 ad
606 1733 682 1764 quos
690 1723 761 1753 illos
771 1722 916 1754 adducere
924 1722 1050 1756 vellem,

98 1773 296 1804 permoverer.
328 1765 360 1792 N
363 1771 453 1804 EQE
469 1773 560 1794 ENIM
578 1764 666 1795 facile
676 1764 718 1795 est
726 1764 867 1806 perficere
877 1785 885 1799 ‚
907 1765 1052 1795 utirasca-

98 1814 154 1839 tur,
166 1807 254 1835 cuitu
264 1805 340 1835 velis
350 1824 358 1838 ,
365 1805 460 1845 judex
469 1826 478 1840 ‚
490 1804 511 1835 fi
521 1815 552 1836 tu
561 1808 623 1848 ipse
632 1807 663 1838 id
674 1808 755 1838 lente
764 1806 840 1837 ferre
850 1807 968 1837 videare
979 1817 984 1836 z
995 1816 1051 1837 ne-

95 1857 153 1889 que
164 1856 197 1877 ut
204 1847 302 1877 oderit
311 1857 383 1877 eum
395 1867 403 1881 ‚
415 1857 507 1889 quem
517 1857 549 1879 tu
558 1849 636 1879 velis
646 1871 655 1884 ‚
672 1848 727 1879 nifi
736 1849 866 1890 teipsum
877 1848 1051 1890 flagrantem

72 1926 81 1931 ί
96 1889 170 1920 odio
180 1889 247 1919 ante
258 1888 383 1919 viderit:
402 1899 500 1931 neque
508 1890 543 1920 ad
555 1891 792 1922 misericordiam
802 1892 964 1922 adducetur
974 1911 982 1925 ‚
996 1889 1052 1921 nifi

34 2137 80 2180 46

96 1933 126 1962 ei
138 1940 170 1961 tu
180 1929 259 1972 signa
267 1930 380 1960 doloris
389 1933 433 1960 tui
442 1932 552 1966 verbis,
565 1933 720 1964 sententiis
731 1953 738 1967 ,
749 1944 837 1967 voce,
849 1933 947 1966 vultu,
959 1933 1052 1963 colla-

96 1975 283 2013 crymatione
299 1971 428 2012 denique
447 1972 620 2004 ostenderis.
644 1978 695 2005 UT
714 1985 805 2005 ENIM
821 1976 905 2005 nulla
914 1976 1053 2005 materies

98 2024 161 2045 tam
169 2013 264 2044 facilis
273 2013 308 2043 ad
319 2013 573 2045 exardescendum
582 2016 625 2046 est
634 2037 642 2050 ,
662 2026 727 2057 quae
738 2036 746 2050 ‚
766 2015 822 2046 nisi
839 2016 962 2046 admoto
977 2017 1051 2056 igni,

96 2058 199 2099 ignem
218 2057 374 2095 concipere
390 2054 494 2095 possit:
513 2055 551 2087 fic
560 2058 643 2088 nulla
652 2068 740 2088 mens
749 2057 792 2088 est
801 2067 860 2088 tam
871 2058 905 2088 ad
915 2067 1055 2097 compre-

97 2097 288 2128 hendendam
299 2099 363 2126 vim
375 2099 499 2127 oratoris
515 2108 610 2138 parata
622 2120 630 2132 ‚
648 2110 713 2140 quae
732 2098 819 2140 poffit
836 2100 958 2130 incendi
970 2120 979 2133 ,
999 2097 1055 2128 nisi

98 2138 302 2170 inflammatus
311 2139 372 2179 ipse
382 2139 417 2169 ad
427 2149 503 2173 eam,
516 2140 549 2171 &
557 2141 662 2171 ardens
672 2140 832 2171 accesseris.
878 2144 931 2174 Ac,
943 2151 981 2170 ne
991 2140 1055 2170 for-

97 2181 126 2213 te
137 2182 195 2212 hoc
204 2191 359 2223 magnum,
373 2191 404 2211 ac
414 2181 550 2212 mirabile
560 2181 618 2213 effe
627 2183 763 2213 videatur
772 2203 780 2217 ‚
794 2184 956 2213 hominem
967 2184 1054 2212 toties

97 2224 190 2257 irasci,
201 2225 287 2254 toties
298 2223 409 2257 dolere,
418 2225 506 2253 toties
516 2227 604 2254 omni
614 2227 710 2255 animi
721 2234 807 2256 motu
816 2226 970 2258 concitari,
981 2234 1056 2265 prae-

100 2267 200 2298 sertim
212 2267 244 2295 in
254 2265 341 2296 rebus
350 2265 457 2296 alienis
469 2285 477 2299 ,
488 2276 596 2308 magna
604 2269 651 2297 vis
660 2266 703 2297 est
713 2277 815 2298 earum
827 2267 1038 2297 sententiarum
1045 2287 1052 2300 ‚

98 2317 184 2349 atque
195 2317 301 2338 eorum
311 2308 448 2337 locorum
459 2327 467 2341 ‚
485 2318 561 2349 quos
570 2319 634 2350 agas
645 2309 805 2350 tm&esqt1e
816 2308 944 2340 dicendo
955 2329 963 2342 ,
976 2309 1054 2338 nihil

100 2359 133 2380 ut
143 2359 217 2390 opus
227 2348 259 2380 fit
269 2348 458 2380 simulatione
469 2350 501 2380 &
510 2350 645 2381 fallaciis.
666 2352 728 2392 ipsa
738 2353 822 2382 enirn
834 2360 936 2382 natura
946 2352 1056 2381 oratio-

101 2393 148 2422 nis
166 2393 229 2432 ejus
239 2412 247 2425 ‚
271 2402 335 2432 quae
345 2391 500 2432 suscipitur
508 2392 543 2422 ad
551 2393 680 2423 aliorum
690 2396 810 2424 animos
819 2392 1055 2434 permovendos,

99 2443 248 2464 oratorem
257 2434 355 2474 ipsum
367 2436 461 2476 magis
470 2436 571 2469 etiam,
584 2434 675 2476 quam
686 2445 869 2477 quemquam
881 2436 1056 2475 eorum‚qui

100 2475 237 2510 audiunt,
247 2484 414 2516 permovet.
428 2479 465 2506 Et
474 2486 513 2506 ne
523 2477 624 2507 hocin
637 2476 740 2512 causis,
751 2480 784 2508 in
791 2477 925 2517 judiciis,
939 2479 970 2507 in
979 2478 1069 2507 ami--

101 2527 206 2548 corum
214 2517 402 2558 periculis,in
414 2519 560 2549 concursu
572 2520 748 2554 hominum,
760 2522 794 2549 in
802 2520 932 2553 civitate,
945 2521 979 2549 in
987 2518 1055 2549 foro

99 2559 229 2590 accidere
240 2561 387 2590 miremur
396 2580 404 2594 ,
424 2559 496 2590 curri
513 2563 611 2603 agitur
626 2572 692 2592 non
710 2560 811 2592 solum
831 2562 946 2603 ingenii
962 2560 1056 2591 nostri

98 2600 281 2632 existimatio
291 2600 373 2639 (nam
384 2601 415 2632 id
426 2601 496 2632 effet
505 2603 600 2633 levius
614 2614 820 2645 :quamquam‚
832 2602 902 2634 curn
913 2601 1059 2643 professus

102 2641 148 2677 sis,
160 2652 187 2673 te
197 2643 227 2674 id
237 2642 318 2684 poss'e
325 2642 421 2675 facere
430 2663 439 2678 ‚
459 2644 540 2685 quod
549 2647 654 2685 pauci,
677 2656 715 2677 ne
725 2646 755 2677 id
766 2646 890 2688 quidem
901 2646 1058 2687 negligen-

141 2763 151 2780 1
159 2774 165 2780 .
183 2757 240 2780 Cum
250 2756 369 2788 aggredior
377 2758 501 2788 ancipitem
512 2757 605 2790 causam
615 2756 748 2790 &gra-vem
759 2775 766 2788 ,
778 2758 812 2782 ad
819 2759 910 2782 animos
923 2776 930 2787 ,
941 2757 1007 2791 (ly-a]
1020 2758 1030 2782 Ι
1035 2764 1062 2783 ta
1082 2768 1083 2784 l

101 2789 209 2825 quidem
219 2791 286 2817 Pali.
296 2791 464 2827 posteriores.
485 2790 528 2817 sed
537 2801 578 2827 pr.
590 2793 617 2818 &
629 2791 679 2819 sec.
698 2793 763 2818 item
774 2793 828 2818 duo
838 2793 970 2822 Gallicani
983 2812 991 2824 ‚
1011 2802 1062 2818 eum

102 2827 220 2859 aggredior
237 2830 262 2853 in
274 2830 373 2861 ancipiti
383 2829 453 2863 causta
462 2828 571 2861 &gra-ni
579 2829 613 2854 ad
621 2832 711 2856 animos
722 2848 731 2863 ‚
741 2829 791 2861 &a
813 2838 897 2864 neque
908 2828 1060 2865 displicebat
1079 2828 1083 2867 ζ

103 2862 260 2889 Gulielmio.
1080 2887 1083 2914 1

138 2914 166 2931 2.
186 2908 336 2938 Flexanima,
346 2914 416 2942 atque
425 2909 525 2935 omnium
535 2911 617 2943 regina
626 2918 704 2935 rerum
713 2909 812 2944 oraim]
823 2910 853 2936 Iu
865 2908 967 2936 duobus
978 2911 1060 2936 Lam·
1082 2917 1083 2929 ¹

104 2940 226 2974 binianis,
236 2952 288 2969 non
299 2942 334 2969 est
345 2944 478 2979 copulatio
489 2952 570 2979 atque,
580 2955 665 2981 neque
675 2946 759 2973 exstat
769 2946 794 2973 in
808 2947 920 2972 Memm.
932 2953 977 2972 aut
988 2946 1060 2972 Pith.
1081 2934 1084 2964 l

104 2977 132 3002 &
142 2977 174 3003 sic
183 2977 264 3006 fuerit
273 2988 331 3015 pars
342 2978 491 3015 septenarii.
512 2981 628 3008 retinent
647 2991 704 3009 eam
724 2990 811 3009 tamen
823 2982 881 3008 Pal.
892 2982 1060 3018 posteriores.

104 3021 165 3039 nam
183 3015 284 3050 primus
302 3015 426 3051 praefert:
439 3019 488 3052 flos
499 3024 568 3052 atque
577 3021 661 3045 anima
669 3021 779 3045 omnium.
800 3018 850 3046 see.
860 3020 899 3045 lex
907 3025 976 3053 atque
987 3022 1062 3046 animi

103 3056 194 3075 natura
202 3053 312 3077 omnIum.

127 3094 130 3097 ’
142 3097 168 3124 3.
185 3093 340 3119 Inclinantem
348 3094 457 3129 ενιζςενε]
478 3094 547 3121 Pall.
557 3104 599 3132 pr.
610 3095 660 3123 sec.
673 3097 738 3124 item
749 3098 863 3124 Memm.
873 3097 901 3124 ac
913 3096 985 3124 Pith.
997 3099 1060 3124 exci-

100 3131 166 3157 pere.
187 3126 214 3151 δε
226 3126 281 3153 fere
300 3129 337 3168 eit
344 3137 374 3155 ut
384 3139 532 3165 praeponam
545 3132 666 3168 vulgato.
697 3134 819 3170 loquitur
837 3134 908 3161 enim
918 3133 1059 3170 dejuffice,

106 3167 231 3196 tanquam
240 3161 273 3191 de
283 3164 369 3193 milite
379 3165 453 3194 nobis
463 3165 624 3197 adversario.
653 3188 655 3191 -

1102 140 1202 174 RE
1281 129 1450 177 Lra.
1499 130 1567 179 11.
1983 149 2060 200 *99

1099 206 1173 238 dum
1185 205 1239 247 cst)
1249 207 1298 239 sed
1307 209 1443 240 alia-sunt
1452 210 1565 251 majora
1577 209 1675 242 multo
1684 230 1692 246 ,
1707 209 1778 251 fide!
1788 230 1797 246 ‚
1819 209 1958 243 officinm
1970 232 1978 246 ,
1992 212 2065 244 dili-

1098 252 1197 292 gentia
1209 260 1214 278 τ
1243 251 1353 291 quibus
1363 252 1450 282 rebus
1460 252 1581 284 adduc'ri
1592 275 1600 288 ‚
1621 255 1712 291 etiam
1723 253 1796 285 cum
1804 253 1999 286 alienissimos
2010 256 2064 286 de-

1099 290 1255 321 iendimus
1266 312 1274 325 ‚
1288 301 1389 324 tamen
1400 304 1451 324 eos
1460 295 1575 326 alienos
1588 317 1596 330 ‚
1609 295 1631 327 si
1640 295 1693 337 ipsi
1702 295 1760 327 viri
1770 296 1844 327 boni
1854 298 1997 327 volumus
2008 297 2061 328 ha-

1100 330 1175 377 beri,
1186 333 1357 365 existimare
1368 346 1432 366 non
1441 336 1607 377 pofl'umus.
1629 339 1697 373 Sed,
1709 347 1741 369 ut
1751 338 1825 373 dixi,
1838 349 1877 369 ne
1888 340 1988 369 hocin
1999 350 2057 370 no-

1099 371 1145 401 bis
1157 375 1270 404 mirum
1282 374 1339 405 effe
1350 377 1496 412 videatur,
1508 380 1580 420 quid
1591 379 1689 421 potest
1698 380 1757 411 ess'e
1767 391 1828 411 tam
1839 380 1958 414 fichum,
1970 381 2061 423 quim

1098 414 1200 461 versus
1212 435 1220 448 ,
1240 415 1331 462 quam
1342 419 1426 449 scena
1435 440 1443 453 ‚
1464 421 1554 461 quam
1566 421 1694 453 fabulae?
1713 432 1814 454 tamen
1834 424 1866 453 in
1886 424 1944 453 hoc
1954 433 2061 465 genere

1101 455 1174 495 saepe
1184 457 1246 496 ipse
1255 458 1318 487 vidi
1330 477 1338 491 ,
1365 458 1438 490 cum
1448 472 1486 491 ex
1495 464 1619 502 persona
1631 466 1709 495 mihi
1719 465 1819 496 ardere
1830 466 1913 496 oculi
1923 466 2061 496 hominis

1098 497 1254 528 histrionis
1263 498 1437 531 viderentur
1445 506 1462 528 4
1472 505 1621 542 spondalia
1632 507 1682 537 illa
1692 507 1820 538 dicentis
1831 527 1839 540 .

1128 559 1149 574 υ
1162 540 1311 581 Segregare
1328 540 1376 570 abs
1395 550 1422 571 te
1437 546 1538 583 atefits,
1559 556 1613 577 ant
1622 549 1680 589 fine
1699 550 1743 579 illo
1763 549 1913 579 Salamina
1932 548 2062 590 ingredi?

1127 601 1148 616 ‚,
1162 584 1262 623 Neque
1276 590 1428 624 paterni-:m
1445 587 1602 624 adffiestum
1621 601 1645 618 es
1663 592 1793 620 veritus?

1098 625 1277 669 Numquam
1297 625 1386 655 illurn
1397 626 1571 666 adspectum
1583 630 1698 662 dicebat
1710 652 1717 666 ‚
1736 643 1810 674 quin
1822 635 1900 663 mihi
1911 634 2064 666 Telamon

1098 667 1187 696 iiatus
1196 671 1293 697 rurere
1305 666 1389 697 luein
1401 667 1457 698 filii
1468 669 1632 702 videretur.
1657 677 1699 704 Ut
1709 675 1792 707 idem
1803 674 1917 706 inflexa
1925 676 1961 706 ad
1972 676 2063 707 mise⁴

1098 708 1223 738 rabilem
1234 708 1345 739 sonum
1356 719 1430 741 voce
1441 731 1449 744 ‚

1127 770 1148 784 ,‚
1162 749 1258 790 Qem
1276 759 1356 780 aerare
1374 750 1476 781 eii-asta
1496 753 1620 794 iri-digent

1127 810 1149 826 2,
1161 791 1297 822 Liberam
1307 792 1450 830 lacerasti,
1470 795 1570 832 orbastt
1582 817 1590 830 ‚
1613 797 1775 834 eastinxsti':
1791 800 1976 842 rrequeftatris
1987 802 2062 836 necis,

1130 850 1150 868 5,
1163 836 1356 876 Nequegnati
1365 837 1423 875 ejus
1430 839 1518 879 parvi
1530 859 1538 871 ,
1558 840 1610 880 qui
1624 839 1677 869 tihi
1690 852 1717 869 ιη
1729 843 1850 870 tusciam
1861 843 1903 872 ef?
1915 845 2036 872 trasimu
2050 848 2061 874 .‘

1099 874 1175 907 flens
1185 887 1217 908 ac
1226 877 1331 919 lugens
1340 877 1438 909 dicere
1448 880 1616 910 videbatur.
1670 893 1714 913 ua:
1724 882 1744 912 si
1755 883 1806 913 ille
1817 884 1921 914 histrio
1933 905 1940 919 ,
1963 888 2065 926 quoti-

1098 918 1147 949 die
1159 929 1230 949 cum
1241 928 1338 961 ageret
1347 940 1356 953 ‚
1382 929 1483 951 tamen
1493 921 1573 953 reste
1586 933 1669 964 agere
1691 935 1739 955 ine
1751 925 1855 956 dolore
1866 937 1929 956 non
1939 937 2065 966 poterat.

1097 960 1169 1005 quid
1183 963 1193 989 ?
1207 964 1372 992 Pacuvium
1382 966 1492 1002 putatis
1501 967 1534 994 in
1546 965 1702 997 scribendo
1715 967 1776 997 leni
1787 969 1904 1000 animo,
1917 979 1948 998 ac
1960 971 2065 999 retnis-

1100 1004 1131 1034 so
1142 1002 1229 1033 tuiffe
1241 1006 1252 1033 ?
1263 1005 1340 1033 Fieri
1351 1005 1440 1035 nullo
1451 1006 1546 1037 modo
1555 1010 1664 1047 potuit.
1676 1012 1757 1049 Saepe
1767 1011 1851 1039 enirn
1862 1010 1973 1043 audivi,
1985 1013 2068 1041 Poe-⁷

1098 1054 1173 1076 TAM
1196 1055 1316 1076 BONUM
1334 1049 1495 1078 neminem
1507 1049 1550 1088 <id
1562 1050 1643 1091 quod
1653 1050 1668 1080 a
1680 1053 1860 1082 Democrito
1874 1073 1881 1084 .
1904 1052 1936 1082 δε
1947 1052 2067 1083 Platone

1099 1089 1132 1118 in
1143 1088 1258 1128 scriptis
1268 1087 1409 1118 relidrum
1421 1088 1479 1120 effe
1490 1090 1606 1131 dicunt)
1619 1091 1679 1122 sine
1690 1091 1934 1124 inflammatione
1945 1096 2068 1124 animo-

1098 1139 1167 1159 rum
1186 1128 1323 1160 exsistere
1341 1130 1423 1170 poss'e
1434 1151 1442 1164 ,
1464 1132 1498 1162 δε
1516 1131 1576 1163 sine
1594 1134 1725 1174 quodam
1748 1135 1847 1165 afflatu
1858 1134 1936 1177 quasi
1946 1135 2065 1166 furoris.

1100 1174 1197 1213 Qiare
1208 1172 1304 1202 nolite
1315 1172 1485 1204 existimare
1497 1176 1660 1215 meipsum,
1673 1180 1726 1218 qui
1736 1187 1799 1207 non
1812 1179 1940 1208 heroum
1952 1187 2066 1208 veteres
2085 1185 2105 1216 4
2114 1184 2129 1212 Τ

1098 1214 1189 1247 casus,
1203 1212 1349 1255 fi&osque
1360 1215 1457 1245 Iustus
1468 1218 1579 1247 vellem
1590 1219 1701 1248 imitari
1713 1240 1720 1253 ,
1738 1228 1823 1260 atque
1833 1219 2009 1250 adumbrare
2020 1220 2068 1250 di-

1098 1256 1216 1290 cendo;
1234 1266 1330 1297 neque
1341 1256 1525 1289 acrorem-m
1545 1260 1638 1289 aliem
1650 1262 1783 1302 perfinia,
1804 1262 1852 1292 sed
1862 1261 1966 1292 auditor
1977 1272 2065 1296 meae,

1100 1297 1173 1328 curn
1183 1299 1262 1328 mihi
1271 1301 1315 1328 M.
1327 1300 1468 1340 Aquilius
1478 1303 1511 1330 in
1521 1303 1639 1332 civitate
1651 1303 1827 1334 retinendus
1839 1303 1909 1334 ess'et
1919 1325 1926 1338 ,
1946 1315 2012 1346 quae
2030 1307 2063 1336 in

1098 1340 1150 1371 illa
1168 1340 1251 1371 causa
1269 1341 1434 1380 peroranda
1450 1342 1576 1374 fecerim
1587 1364 1595 1378 ,
1618 1343 1680 1375 fine
1697 1355 1809 1387 magno
1831 1346 1935 1376 dolore
1952 1345 2066 1377 seciss'e.

1099 1385 1201 1425 Qem
1211 1384 1296 1412 enim
1306 1393 1362 1424 ego
1373 1386 1443 1414 Cos.
1455 1383 1558 1418 fuiss'e,
1582 1388 1794 1427 imperatorem
1804 1398 1946 1418 ornatum
1956 1388 1972 1418 a
1982 1389 2067 1420 sena-

1099 1434 1142 1459 tu,
1155 1434 1298 1455 ovantem
1310 1427 1342 1455 in
1354 1427 1537 1466 Capitolium
1548 1428 1709 1459 ascendisse
1719 1429 1928 1460 meminissem
1940 1451 1948 1464 ,
1961 1434 1974 1458 5
1983 1432 2067 1461 hunc

1098 1466 1172 1498 cum
1181 1466 1330 1499 affiieiuin
1342 1488 1350 1501 ,
1364 1468 1554 1500 debilitatum
1568 1490 1575 1504 ‚
1590 1480 1783 1506 moerenrem,
1794 1474 1827 1502 in
1839 1472 1995 1502 summum
2006 1472 2067 1504 dis-

1099 1512 1216 1540 crimen
1227 1508 1392 1540 adduStum
1401 1510 1536 1541 viderem
1548 1533 1556 1546 ‚
1568 1522 1632 1543 nori
1642 1515 1723 1553 prius
1734 1514 1800 1544 sum
1811 1523 1934 1545 conatus
1945 1515 2065 1545 miseri·

1099 1551 1234 1583 cordiam
1243 1552 1309 1581 aliis
1318 1561 1515 1583 commovere
1527 1575 1535 1587 ,
1548 1554 1639 1595 quam
1650 1556 1855 1587 misericordia
1865 1557 1930 1587 sum
1943 1557 2003 1598 ipse
2014 1568 2064 1588 ca·

1097 1603 1174 1635 ptus.
1198 1591 1277 1624 Sensi
1289 1593 1413 1634 quidem
1424 1604 1489 1626 tum
1503 1606 1684 1638 magnopere
1703 1600 1821 1629 moveri
1837 1599 1847 1639 j
1852 1599 1951 1629 udices
1962 1620 1971 1632 ,
1991 1598 2066 1631 cum

1097 1637 1226 1667 excitavi
1238 1635 1382 1666 moestum
1393 1656 1402 1670 ‚
1422 1647 1453 1668 ac
1464 1638 1647 1669 sordidatum
1659 1640 1762 1670 senem
1773 1661 1781 1675 ,
1807 1640 1840 1671 &
1849 1639 1922 1671 cum
1931 1640 1985 1671 ista
1991 1640 2064 1675 feci,

1099 1689 1165 1720 quae
1176 1687 1219 1711 tu,
1230 1676 1336 1713 Crasse,
1348 1678 1460 1713 laudas,
1473 1689 1537 1710 non
1547 1690 1607 1711 arte
1620 1701 1628 1715 ,
1640 1681 1676 1712 de
1686 1692 1744 1723 qua
1753 1682 1827 1724 quid
1838 1683 1943 1724 loquar
1950 1684 2065 1717 nescio,

1098 1721 1147 1752 sed
1160 1728 1241 1749 motu
1250 1730 1351 1761 magno
1360 1722 1452 1750 animi
1463 1741 1471 1755 ‚
1490 1732 1523 1753 ac
1531 1722 1637 1753 dolore
1649 1744 1657 1758 ‚
1669 1734 1701 1754 ut
1710 1724 1909 1755 discinderem
1921 1727 2066 1759 tunicam,

1100 1771 1133 1794 ut
1142 1764 1291 1793 cicatrices
1302 1762 1491 1794 ostenderem
1504 1784 1512 1798 ‚
1526 1763 1598 1795 cum
1610 1768 1641 1796 C.
1655 1768 1769 1797 Marius
1780 1776 1945 1798 moerorem
1957 1769 2068 1798 oratio-

1100 1807 1147 1836 nis
1167 1815 1243 1835 meae
1263 1806 1389 1845 praesens
1406 1816 1439 1836 ac
1457 1806 1562 1837 sedens
1573 1806 1710 1838 multum
1720 1809 1859 1850 lacrymis
1868 1810 1928 1840 suis
1939 1809 2065 1849 adjuva-

1098 1856 1142 1878 ret
1154 1858 1160 1877 :
1179 1857 1310 1888 cumque
1319 1857 1374 1888 ego
1383 1848 1473 1878 illum
1483 1848 1589 1880 crebro
1598 1851 1748 1890 appellans
1759 1871 1767 1885 ,
1778 1851 1925 1894 collegam
1936 1853 1963 1882 ei
1974 1852 2063 1882 suum

1098 1889 1349 1921 commendarem
1361 1910 1370 1922 ‚
1390 1899 1477 1931 atque
1496 1891 1595 1931 ipsum
1615 1892 1793 1923 advocatum
1814 1893 1850 1923 ad
1862 1903 2065 1924 communem

1101 1934 1318 1972 imperatorum
1323 1931 1473 1970 fhrtunam
1482 1932 1706 1964 defendendam
1717 1937 1890 1965 invocarem
1904 1945 1909 1964 1
1930 1945 1994 1965 non
2005 1934 2067 1966 fuit

1100 1975 1163 2004 haec
1172 1971 1233 2003 fine
1243 1974 1320 2002 meis
1330 1973 1472 2012 lacrymis
1483 1995 1492 2007 ,
1514 1984 1578 2004 non
1589 1973 1649 2005 fine
1661 1975 1765 2006 dolore
1776 1986 1887 2017 magno
1898 1978 2062 2011 miseratio,

1099 2017 1302 2055 omniumque
1312 2014 1439 2045 deorum
1452 2036 1460 2048 ,
1473 2016 1506 2046 &
1520 2017 1685 2047 hominurn
1697 2038 1705 2051 ,
1721 2018 1753 2048 ὃ(
1763 2019 1879 2048 civium
1891 2039 1899 2052 ‚
1922 2019 1955 2049 δε
1967 2019 2066 2049 socio-

1099 2066 1168 2086 rum
1187 2057 1377 2096 imploratio:
1401 2057 1511 2097 quibus
1530 2059 1676 2088 omnibus
1695 2059 1795 2089 verbis
1806 2080 1814 2094 ,
1831 2060 1923 2101 quaeii
1934 2070 2062 2092 metum

1100 2099 1169 2128 sunt
1178 2098 1277 2128 habita
1287 2117 1295 2131 ,
1316 2096 1337 2126 si
1346 2097 1433 2128 dolor
1442 2098 1580 2129 abfuiss'et
1589 2109 1675 2130 meus
1685 2121 1693 2135 ‚
1715 2111 1780 2131 non
1791 2101 1885 2132 modo
1896 2112 1960 2132 non
1971 2103 2064 2133 mise—

1100 2140 1212 2172 rabilis,
1222 2139 1272 2169 sed
1282 2141 1372 2169 etiarn
1382 2140 1532 2171 irridenda
1540 2139 1641 2172 fuiss'et
1650 2145 1746 2173 oratio
1756 2153 1832 2174 mea.
1852 2144 2062 2186 Qamobrem

1102 2183 1161 2211 hoc
1169 2191 1224 2211 vos
1235 2181 1330 2211 doceo
1339 2201 1347 2214 ‚
1357 2182 1481 2221 Sulpici,
1494 2183 1592 2213 bonus
1603 2194 1658 2225 ego
1668 2185 1820 2219 videlicet,
1830 2194 1858 2216 at
1881 2197 1916 2216 ue
1928 2186 2063 2216 eruditus

1103 2222 1242 2264 magister
1251 2243 1259 2257 ‚
1281 2225 1356 2253 utin
1368 2223 1498 2254 dicendo
1509 2225 1590 2255 irasci
1601 2245 1609 2259 ,
1632 2236 1663 2256 ut
1674 2226 1776 2257 dolere
1786 2248 1793 2261 ‚
1815 2236 1847 2257 ut
1880 2238 1927 2259 ere
1937 2227 2064 2269 possitis.

1102 2275 1283 2306 quamquam
1296 2274 1324 2295 te
1333 2265 1457 2306 quidem
1470 2266 1542 2307 quid
1553 2268 1610 2298 hoc
1620 2267 1745 2299 doceam
1758 2289 1765 2302 ,
1780 2271 1832 2310 qui
1843 2271 1876 2300 in
1886 2270 2063 2304 accusando,

1101 2307 1115 2328 ⁶
1127 2306 1238 2341 sodali,
1250 2307 1283 2337 &
1292 2307 1436 2348 quaestore
1446 2318 1517 2339 meo
1528 2329 1535 2342 ‚
1556 2318 1674 2340 tantum
1685 2311 1844 2340 incendium
1854 2322 1917 2344 non
1927 2315 2065 2343 oratione

1101 2348 1202 2381 solum
1215 2369 1223 2383 ‚
1240 2349 1288 2379 sed
1300 2351 1399 2380 multo
1408 2352 1499 2380 etiam
1511 2353 1605 2392 magis
1614 2354 1656 2386 vi,
1670 2352 1702 2383 &
1713 2352 1832 2387 dolore,
1843 2354 1875 2383 &
1885 2354 1988 2384 ardore
1999 2356 2063 2384 ani-

1105 2394 1150 2422 mi
1168 2393 1330 2422 concitaras
1342 2411 1350 2425 ,
1372 2400 1405 2422 ut
1414 2402 1469 2435 ego
1479 2393 1514 2423 ad
1525 2393 1555 2423 id
1568 2393 1814 2435 restinguendum
1825 2398 1878 2426 vix
1887 2406 2011 2426 conarer
2020 2406 2067 2426 ac-

1103 2433 1206 2464 cedere
1224 2436 1235 2462 ?
1259 2433 1411 2464 Habueras
1430 2437 1514 2465 enim
1534 2444 1600 2465 tum
1620 2440 1727 2466 omnia
1745 2439 1778 2466 in
1796 2438 1880 2467 causa
1898 2438 2047 2478 superiora
2060 2448 2066 2467 :

1103 2478 1168 2506 vim
1180 2496 1187 2509 ,
1199 2474 1300 2516 fugam
1313 2496 1322 2508 ,
1334 2475 1548 2516 lapidationem
1562 2497 1570 2510 ‚
1583 2478 1790 2508 crudelitatem
1802 2479 1990 2509 tribunitiam
2004 2501 2011 2513 ‚
2032 2481 2066 2511 in

1107 2519 1257 2558 Caepionis
1266 2519 1346 2559 gravi
1360 2538 1367 2550 ‚
1381 2519 1602 2559 miserabilique
1612 2520 1679 2550 casu
1693 2529 1698 2548 :
1719 2520 1769 2559 inj
1776 2520 1910 2551 udicium
1921 2522 2047 2553 vocabas
2060 2533 2067 2551 z

1104 2559 1213 2591 deinde
1233 2562 1401 2600 principem
1423 2560 1455 2590 &
1465 2561 1581 2591 senatus
1593 2580 1601 2593 ,
1621 2561 1654 2591 &
1664 2563 1789 2592 civitatis
1799 2583 1807 2595 ‚
1828 2565 1873 2593 M.
1888 2564 2067 2598 AEm'ilium,

1105 2601 1200 2642 lapide
1219 2600 1387 2642 percussum
1407 2600 1464 2631 ess'e
1483 2601 1633 2632 constabat
1654 2614 1659 2632 ;
1682 2606 1713 2633 vi
1741 2605 1862 2643 pulsum
1887 2615 1926 2635 ex
1952 2607 2068 2647 templo

1105 2646 1140 2675 L.
1154 2646 1272 2675 Cottam
1282 2663 1290 2678 ,
1304 2644 1337 2674 &
1348 2646 1385 2675 Τ.
1398 2643 1529 2674 Didium
1540 2664 1550 2678 ,
1562 2643 1635 2675 esim
1645 2645 1805 2676 intercedere
1816 2647 1931 2678 vellent
1939 2651 2069 2689 rogatio-

1951 2693 1984 2720 ni
1996 2711 2003 2723 ,
2014 2700 2069 2720 ne-

1485 2735 2071 2746 ,Ἢ

1141 2762 1169 2787 4.
1188 2755 1315 2787 spon-{alia
1324 2756 1364 2779 illa
1374 2754 1495 2788 Ait-entia]
1509 2753 1567 2780 Pal.
1578 2753 1658 2789 prim.
1670 2754 1697 2779 &
1709 2756 1897 2789 Pith.sp0n.{;s1
1906 2757 1955 2781 ilia.
1976 2756 2025 2782 sec.
2038 2758 2067 2783 διε

1106 2791 1335 2824 Memin.spor.·dali
1343 2792 1395 2816 illa.
1418 2791 1525 2825 vulgata
1534 2797 1621 2817 tamen
1634 2792 1758 2818 remansit
1768 2792 1794 2818 in
1806 2792 1874 2819 Pali.
1885 2793 1990 2818 ceteris,
2011 2794 2054 2819 Ari

1107 2835 1179 2854 ratus
1190 2827 1309 2853 mutabat
1320 2827 1347 2853 in
1356 2828 1474 2859 Sophocli-a
1484 2829 1534 2852 illa.
1555 2826 1695 2853 Turnebus
1712 2827 1759 2854 lib.
1773 2837 1820 2854 xx.
1833 2828 1889 2854 Adi
1898 2828 1947 2854 ers.
1958 2838 2013 2865 cap.
2029 2837 2070 2864 ιγ.

1080 2872 1082 2883 ⁴
1106 2862 1234 2889 inserebat
1246 2863 1351 2890 literam
1365 2882 1373 2894 ‚
1385 2870 1413 2889 ut
1425 2862 1642 2896 fici-etspondialia
1651 2875 1660 2896 ,·
1670 2864 1714 2899 qui
1728 2864 1858 2891 rideatur.
1879 2873 1908 2890 nt
1918 2865 1997 2891 etiam
2009 2866 2070 2891 Cm-

1107 2899 1156 2926 lius
1167 2899 1338 2935 Rhodiginus
1359 2899 1406 2925 lib.
1418 2908 1460 2925 vi.
1482 2899 1578 2934 Antiq.
1592 2898 1657 2925 lec't.
1670 2909 1725 2937 cap.
1736 2909 1764 2936 9.
1784 2901 1912 2934 {nondam
1928 2903 1986 2932 illa,
2001 2901 2069 2937 dix]

1106 2939 1423 2975 Legendumspondaulia.
1434 2940 1506 2966 Nam
1519 2931 1719 2977 σπυνᾶὶιιῖλεᾳ,
1732 2941 1865 2973 tibicines,
1876 2941 1921 2976 qui
1933 2941 2069 2975 hujusmo-

1105 2981 1131 3009 di
1152 2983 1229 3010 tibias
1248 2983 1377 3010 inflabant
1389 2994 1394 3011 :
1416 2981 1616 3018 σπόνὸαυλῷι
1627 2986 1697 3013 enim
1709 2985 1773 3012 tibia
1783 2985 1836 3011 haec
1845 2984 1981 3012 dicebatur
1992 2996 1998 3012 z
2011 2986 2074 3014 inde

1107 3025 1306 3056 emisam-Ami
1316 3027 1437 3066 μέλΘι.
1460 3030 1561 3065 Salmas.

1145 3077 1169 3101 5.
1187 3073 1253 3094 Hunc
1262 3078 1312 3094 cum
1322 3069 1443 3104 aii'flli‘lum
1453 3069 1627 3106 debilitatum]
1639 3071 1763 3098 Memmii
1774 3070 1887 3098 membr.
1899 3072 1925 3097 St
1937 3071 1991 3098 duo
2002 3071 2070 3098 Pali.

1105 3104 1206 3140 priores
1220 3124 1227 3135 ,
1239 3114 1289 3130 cum
1299 3105 1442 3132 dereliffum.
1462 3105 1519 3133 fere
1531 3106 1651 3143 probem.
1872 3121 1875 3123 “

1141 3140 1169 3166 6.
1189 3141 1267 3166 Sodali
1277 3141 1306 3171 (ly-
1315 3143 1419 3175 questore
1429 3143 1500 3177 mem]
1512 3144 1635 3179 Uterque
1647 3144 1759 3169 Memm.
1771 3151 1880 3170 necnon
1894 3143 1963 3171 Pith.
1975 3143 2001 3169 δι’
2015 3151 2072 3169 tres

1106 3176 1246 3212 Parsidai·
1255 3186 1311 3210 meo,
1322 3178 1432 3206 exclusis
1443 3179 1622 3243 ὶιηςϊιηςσξῖὶε,
1634 3189 1682 3207 nec
1691 3178 1846 3206 deiiderem.
2023 3215 2074 3248 Q.

1615 3224 1631 3241 2
1990 3223 2013 3242 Ι,
2034 3222 2039 3228 ·
2064 3226 2071 3240 ι
