2360 3400
21 2372 43 2410 ἢ

636 83 732 129 ΒΕ
824 85 1109 131 oren:

169 152 306 196 dominii
316 183 324 198 ‚
335 161 515 203 aututiaque
522 171 552 193 re
563 164 681 197 ornati,
700 154 828 204 spatium
841 166 930 195 etiam
941 162 1127 194 deliberandi

166 207 356 239 habuerunt,
375 214 467 246 quem
489 203 676 244 potiffimum
697 209 765 236 vitae
782 206 901 236 cursum
913 206 994 246 sequi
1004 206 1126 235 vellent:

146 266 150 274 »
167 251 202 280 in
212 258 270 289 qua
281 247 497 278 deliberatione
516 246 551 277 ad
573 247 653 277 suam
667 248 810 288 cujusque
820 256 954 278 naturam
965 246 1125 278 consilium

166 290 211 322 est
221 300 314 320 omne
325 289 539 320 revocandum.
564 290 644 320 Nam
655 288 727 320 cum
739 291 772 319 in
782 290 927 320 omnibus
938 310 947 323 ,
957 298 1023 330 quae
1033 297 1126 329 agun-

165 335 235 364 tur⁴¹
252 338 291 362 ex
304 341 341 362 eo
357 330 451 361 modo
463 350 470 364 ,
484 340 544 371 quo
554 331 678 371 quisque
689 330 843 365 natusest,
859 330 997 371 (utsupra
1006 330 1124 360 dietum

165 373 220 414 est)
230 373 303 413 quid
314 372 414 403 deccat
424 392 432 405 ‚
445 374 654 412 exquirimus3
670 381 736 402 tum
747 373 780 402 iri
793 381 854 402 tota
863 373 924 402 vita
934 370 1125 402 constituen-

166 415 224 449 da,
244 418 259 435 ²
272 416 370 445 multo
391 413 434 444 est
453 416 493 443 rei
515 423 582 444 cura
593 415 688 450 major
697 413 882 447 adhibenda,
905 412 1122 444 utconstarein

162 458 234 487 vitae
240 456 427 499 perpetuitate
437 454 579 496 possimus
592 454 824 495 nobismetipsis,
836 465 890 485 nec
901 457 932 485 in
943 456 1008 485 ullo
1019 453 1122 484 officio

164 499 341 529 claudicare.
366 498 412 528 Ad
437 500 512 528 hanc
524 506 623 527 autem
634 499 781 527 rationem
792 498 937 538 quoniam
952 499 1119 527 maximam

161 541 228 570 vim
240 549 342 570 natura
356 540 460 570 habet:
480 538 599 569 fortuna
610 541 784 578 proximam
798 549 804 568 :
829 539 980 580 utriusque
990 548 1122 568 ommno

162 583 239 611 ratio
249 581 384 612 habenda
403 580 445 611 est
462 582 496 610 in
516 580 679 625 deligendo
700 590 809 622 genere
830 582 917 611 vitae:
941 581 990 610 sed
1009 589 1119 610 naturae

162 625 269 664 magis.
293 624 393 653 multo
415 625 498 653 enim
519 622 551 652 δε
573 624 691 652 nri-nior
711 621 753 652 est
763 642 772 656 ,
793 622 824 652 δε
843 621 1046 653 constantior:
1060 625 1073 649 3
1088 630 1120 652 ut

152 665 276 704 fortuna
286 673 518 705 nonnumquam
533 683 541 697 ,
565 673 716 704 tamquam
736 665 796 704 ipsa
808 664 941 694 mortalis
953 683 962 698 ,
980 673 1050 694 cum
1060 665 1120 693 im—

160 706 281 736 mortali
295 715 396 736 natura
419 716 548 746 pugnare
558 705 702 735 videatur.
725 708 785 746 Qi
797 708 887 746 igitur
897 707 931 736 ad
941 714 1051 736 naturae
1061 706 1118 735 sua:

160 758 225 778 non
236 748 352 777 vitiosae
362 757 468 788 genus,
478 751 494 773 4
503 745 661 776 consilium
673 748 795 776 vivendi
810 757 902 777 omne
911 747 1085 780 contulerit,
1099 748 1123 777 is

158 789 357 819 constantiam
378 798 486 818 teneat.
510 788 541 818 id
563 790 647 817 enim
668 789 805 819 maxime
815 789 915 819 decet:
935 788 990 819 nisi
1000 787 1077 818 forte
1091 789 1118 818 se

158 831 348 861 intellexerit
357 829 458 860 err-affe
468 832 499 859 in
511 829 673 870 deligendo
685 839 793 870 genere
803 832 884 861 vitae.
909 831 999 872 Qod
1010 829 1029 860 si
1039 832 1116 860 acci-

157 873 234 903 derit
244 871 351 912 (potest
360 881 459 901 aurem
481 871 647 910 acciderel5
658 869 790 902 facienda
802 882 924 902 morum
937 893 945 907 ‚
960 871 1116 902 instituto-

157 924 287 955 rumque
298 914 425 943 mutatio
436 911 486 942 est.
509 910 525 931 ‘¹'
535 922 599 942 eam
610 915 811 944 mutationem
825 933 833 946 ‚
854 913 873 944 fi
886 923 1020 954 tempora
1030 914 1116 952 adju-

155 956 270 986 vabunt
280 976 288 989 ,
313 955 450 989 facilius,
479 954 731 995 commodiusque
751 955 905 986 faciemus.
939 955 982 986 sin
999 956 1113 985 minus:

153 996 262 1028 senfim
273 999 329 1027 erit
340 1016 348 1030 ,
367 997 612 1036 pedetentimque
621 995 774 1027 facienda:
794 1007 827 1028 ut
839 999 984 1028 amicitias
995 1018 1003 1032 ,
1022 1004 1037 1027 7
1047 1007 1112 1039 quae

154 1038 260 1068 minus
269 1038 419 1069 deicerent
429 1059 438 1072 ‚
457 1038 488 1068 &
503 1037 610 1067 minsis
618 1038 784 1077 probentur
794 1059 802 1073 ‚
825 1041 918 1080 magis
928 1039 1030 1070 decere
1040 1051 1111 1071 cen-

152 1081 217 1111 serit
229 1081 373 1121 sapientes
385 1076 399 1099 8
409 1078 515 1110 sensim
536 1078 663 1109 diss'uere
673 1100 681 1114 ‚
700 1080 927 1121 quamrepente
938 1082 1109 1122 praecidere.

153 1125 350 1152 Commutato
359 1132 457 1152 autem
478 1130 584 1162 genere
600 1123 668 1152 vieae
679 1141 686 1155 ‚
704 1123 793 1152 omni
813 1124 928 1153 ratione
942 1124 1108 1156 curandum

151 1163 194 1194 est
205 1184 214 1198 ,
227 1174 258 1194 ut
269 1164 298 1194 id
310 1162 374 1193 bono
387 1163 493 1204 consilto
507 1161 606 1193 fecisse
616 1163 780 1194 videamur.
803 1164 858 1195 Sed
869 1167 1013 1205 quoniam
1025 1167 1109 1206 paul-

147 1206 182 1235 lo
193 1206 261 1236 ante
272 1205 388 1235 difflui-n
400 1205 442 1235 est
452 1225 461 1238 ‚
476 1203 639 1235 imitandos
652 1203 709 1235 effe
718 1207 850 1246 majores
862 1218 868 1236 ;
878 1207 1014 1246 primum
1030 1208 1105 1239 illud

149 1255 311 1286 exceptum
322 1246 376 1282 sit,
394 1258 431 1277 ne
452 1247 531 1276 vitia
556 1246 611 1277 sint
631 1247 792 1277 imitanda:
812 1248 942 1283 deinde,
964 1248 984 1279 fi
1006 1259 1107 1281 natura

148 1298 214 1318 non
222 1289 307 1322 feret,
321 1298 353 1319 ut
363 1290 499 1329 quaedam
512 1290 622 1318 imitari
634 1288 753 1329 poffint,
764 1298 795 1319 ut
806 1290 964 1330 superioris
974 1291 1108 1322 Africani

149 1328 231 1360 filius
240 1350 249 1364 ,
273 1333 324 1371 qui
334 1331 414 1361 hunc
425 1331 529 1362 Paullo
540 1340 642 1362 natum
655 1331 824 1371 adoptavit,
844 1342 964 1372 propter
974 1332 1106 1364 infirmi-

147 1380 238 1402 tatem
249 1372 416 1402 valitudinis
434 1383 498 1403 non
513 1382 571 1402 tam
586 1374 685 1413 potuit
696 1375 786 1412 patris
799 1372 905 1403 fimilis
915 1373 972 1404 effe
983 1394 992 1408 ,
1013 1375 1104 1415 quam

144 1413 198 1443 ille
209 1413 303 1444 fuerat
313 1414 366 1444 sui.
389 1417 419 1444 Si
438 1416 529 1454 igitur
546 1423 609 1444 non
627 1416 735 1453 poterit
747 1414 804 1444 five
814 1416 910 1445 causas
920 1415 1104 1450 defensitare,

145 1453 204 1485 five
227 1455 375 1495 populum
395 1454 597 1485 concionibus
620 1465 718 1485 tenere
730 1475 738 1488 ‚
757 1454 816 1485 five
829 1456 906 1486 bella
915 1467 1034 1497 gerere:
1054 1459 1104 1489 illa

146 1505 249 1526 tamen
269 1496 404 1536 praestare
427 1496 564 1529 debebit,
596 1506 660 1536 quae
682 1506 769 1526 erunt
787 1498 820 1526 in
838 1496 928 1536 ipfius
946 1498 1101 1537 potestate,

142 1537 300 1577 justitiam,
315 1537 417 1570 fidem,
428 1538 645 1571 liberalitatem,
660 1536 850 1571 modestiam,
862 1542 1100 1578 temperantiam,

143 1578 322 1620 quominus
335 1579 372 1609 ab
384 1590 421 1609 eo
436 1580 464 1609 id
477 1600 486 1612 ,
504 1580 586 1620 quod
597 1577 670 1609 desit
680 1598 688 1612 ,
704 1581 878 1626 requiratur.
902 1582 1040 1610 OPTIMA
1051 1591 1100 1611 au·

142 1629 204 1651 tem
215 1621 362 1651 hereditas
372 1622 386 1651 a
398 1621 527 1661 patribus
538 1621 660 1651 traditur
671 1621 783 1654 liberis,
798 1623 947 1662 omnique
955 1624 1102 1662 patrimo-

141 1664 197 1693 nio
214 1662 419 1702 praestantior,
436 1663 530 1702 gloria
538 1664 657 1692 virtutis
668 1681 677 1696 ,
699 1672 858 1703 rerumque
867 1663 1012 1704 gestarum
1027 1675 1032 1694 z
1051 1667 1101 1695 cui

142 1704 282 1735 dedecori
295 1703 352 1735 effe
362 1723 371 1737 ,
386 1704 493 1734 9nefas
504 1723 512 1736 ‚
527 1704 887 1742 &vitiumjudicandum
902 1704 953 1734 est.
977 1708 1014 1735 Et
1021 1710 1100 1746 quo-

141 1748 225 1776 niam
246 1744 345 1776 officia
367 1756 431 1776 non
451 1745 554 1776 eadem
578 1745 743 1785 disparibus
764 1745 898 1775 aetatibus
915 1746 1097 1782 tribuuntur,

138 1788 254 1827 aliaque
265 1788 487 1828 suntjuvenum
497 1807 506 1821 ,
522 1787 578 1818 alia
588 1787 742 1817 seniorum
754 1787 884 1827 :aliquid
895 1788 985 1818 etiam
998 1787 1034 1818 de
1043 1789 1097 1819 hac

139 1828 335 1860 distinstione
352 1829 514 1859 dicendum
525 1828 577 1859 est.
601 1828 949 1869 Estigsturadoleftentis,
970 1830 1097 1868 majores

138 1879 211 1901 natu
223 1873 318 1900 vereri
329 1890 337 1904 ,
350 1879 447 1911 exque
457 1872 503 1900 his
514 1870 645 1911 deligere
655 1872 789 1910 optimos
799 1890 807 1904 ,
819 1870 852 1901 δε
862 1869 1094 1910 probatiffimos‚

137 1921 268 1953 quorum
279 1910 405 1942 consilio
417 1931 427 1945 ,
442 1921 530 1953 atque
539 1912 711 1942 audior-itate
725 1914 843 1942 nitatur.
863 1913 1000 1942 Ineuntis
1009 1914 1094 1943 enim

141 1962 277 1984 AETAsz
289 1954 405 1984 inscitia
415 1973 424 1987 ‚
438 1954 544 1983 senum
555 1953 773 1987 constituenda,
786 1954 818 1983 &
829 1953 954 1994 regenda
962 1953 1093 1994 pruden-

136 1997 178 2026 tia
188 1994 239 2026 est.
263 1996 403 2026 Maxime
419 2004 519 2026 autern
540 1997 603 2026 haec
619 2004 689 2026 aetas
703 1995 718 2026 a
727 1994 892 2025 libidinibus
905 1996 1028 2026 arcenda
1037 1995 1090 2031 est,

1150 100 1280 133 ris
1368 89 1539 136 Lis.
1623 83 1687 138 11.
2008 103 2136 158 1225

1738 149 1749 166 'i

1173 166 1398 208 exercendaque
1408 170 1440 199 in
1452 169 1563 204 labore,
1573 171 1774 212 patientiaque
1785 170 1818 202 δε
1826 171 1934 208 animi,
1945 171 1979 204 δε
1989 176 2135 214 corporis:

1173 217 1320 239 uteorum
1332 209 1365 240 &
1372 211 1404 240 in
1415 210 1543 246 bellicis,
1555 213 1588 243 δε
1597 212 1740 244 civilibus
1749 212 1860 245 officiis
1869 217 1966 257 vigeat
1975 215 2130 248 industria.

1170 259 1257 290 atque
1277 252 1367 281 etiam
1386 251 1457 282 cum
1480 254 1610 284 relaxare
1629 257 1769 290 animos,
1787 256 1820 286 ὃς
1832 256 1902 287 dare
1912 258 2132 297 sejucunditati

1170 294 1286 325 volent,
1299 302 1421 324 caveant
1430 296 1713 336 intemperantiam,'
1722 300 1921 329 meminerint
1933 300 2130 331 verecundiae:

1169 333 1251 372 quod
1263 336 1318 379 erit
1326 333 1490 370 facilius‚¹⁰
1500 335 1519 367 fi
1530 338 1680 377 ejusmodi
1691 349 1811 380 quoque
1819 339 1907 370 rebus
1919 342 2047 380 majores
2057 350 2130 373 natu

1169 373 1308 405 interefle
1318 377 1422 407 velint.
1433 379 1561 408 Senibus
1569 389 1669 410 autem
1680 381 1795 411 labores
1807 383 1938 422 corporis
1953 383 2128 417 minuendi.

1168 417 1396 448 exercitationes
1414 420 1506 448 animi
1523 422 1613 452 etiam
1635 423 1775 463 augendae
1784 423 1936 454 videntur.
1951 424 2046 455 danda
2055 425 2130 455 vero

1167 466 1254 496 opera
1264 477 1273 491 ,
1288 467 1319 489 ut
1329 459 1361 489 δε
1370 463 1484 491 amicos
1494 481 1502 495 ,
1524 462 1557 492 &
1566 464 1575 502 j
1584 474 1761 494 uventutcm
1773 485 1782 498 ‚
1799 465 1831 495 &
1840 466 1975 496 maxime
1988 467 2126 506 rempub.

1166 497 1294 529 consilio
1306 520 1314 533 ‚
1336 501 1368 530 δε
1387 502 1543 542 prudentia
1561 505 1650 546 quam
1675 505 1844 545 plurimum
1863 507 2014 546 adjuvent.
2035 508 2127 539 Nihil

1165 549 1264 571 autem
1285 545 1377 583 magis
1399 545 1567 576 cavendum
1588 547 1629 577 est
1651 547 1795 578 senestuti
1806 567 1815 582 ,
1838 548 1928 588 quam
1942 559 1979 579 ne
1990 549 2125 590 languori

1164 582 1193 611 se
1203 602 1211 615 ,
1224 581 1400 624 desidiaeque
1410 585 1504 616 dedat.
1519 590 1653 619 Luxuria
1661 588 1733 619 vero
1745 589 1816 619 cum
1829 592 1916 620 omni
1926 593 2003 620 aetati
2015 594 2122 630 turpis,

1166 631 1230 653 tum
1246 624 1390 656 smedhni
1409 626 1568 659 foediffima
1584 629 1636 660 cst.
1660 629 1701 660 sin
1720 641 1820 661 autem
1841 631 2008 662 libidinum
2029 642 2123 663 etiam

1162 666 1395 705 intemperantia
1405 668 1570 704 accesserit,
1592 671 1702 711 duplex
1716 673 1830 703 malum
1842 672 1885 703 est
1894 693 1903 707 ,
1926 673 2008 713 quod
2019 674 2050 704 δε
2062 676 2121 713 ipsa

1164 706 1298 737 sene&us
1308 712 1441 749 concipit
1461 711 1588 742 dedecus
1599 733 1607 747 ,
1631 714 1663 743 &
1682 713 1751 744 facit
1771 715 2006 745 adolescentium
2018 717 2122 755 impu-

1161 747 1332 779 dentiorem
1352 752 1622 792 intemperantiam.
1648 757 1693 785 Ac
1710 765 1747 784 ne
1768 756 1841 785 illud
1851 757 1972 797 quidem
1985 757 2121 788 alienum.

1162 789 1205 820 est
1216 810 1225 823 ‚
1238 791 1275 820 de
1284 792 1509 833 magistratuum
1520 814 1529 828 ,
1544 795 1580 825 de
1591 805 1773 835 privatorum
1787 817 1794 830 ,
1806 798 1843 827 de
1852 800 1980 832 civium,
1990 798 2026 829 de
2036 808 2121 839 pere--

1158 833 1316 872 grinorum
1328 832 1438 864 officiis
1447 835 1553 866 dicere.
1570 836 1619 867 Est
1632 839 1722 878 igitur
1735 840 1889 878 proprium
1902 849 2014 871 munus
2022 842 2118 881 magi-

1151 872 1260 909 stratus
1271 894 1279 908 ,
1300 877 1464 917 intelligere
1475 897 1483 910 ‚
1503 878 1532 908 se
1541 888 1642 918 gerere
1658 880 1812 918 personam
1822 882 1950 911 civitatis
1960 901 1968 915 ‚
1992 881 2119 913 debere·

1157 925 1214 956 que
1226 916 1289 956 ejus
1299 916 1475 957 dignitatern
1488 939 1496 954 ,
1507 919 1540 950 δε
1551 920 1641 950 decus
1652 922 1794 951 sustinere
1807 942 1816 956 ,
1829 923 1940 952 servare
1951 924 2041 963 leges,
2051 925 2116 963 jura

1159 956 1321 988 describere
1334 978 1341 992 5
1364 970 1396 990 ea
1416 959 1487 991 fidei
1508 962 1565 992 suae
1586 962 1743 993 commiss'a
1757 962 1936 994 meminisse.
1962 968 2118 995 Przvarum

1155 1007 1255 1029 autem
1265 1010 1382 1040 oportet
1393 1012 1479 1042 aequo
1492 1023 1499 1036 ,
1521 1004 1552 1033 δε
1567 1006 1627 1043 pari
1636 1015 1704 1035 cum
1717 1005 1834 1035 civibus
1846 1007 1906 1040 iure
1915 1008 2016 1036 vivere
2027 1027 2034 1040 ,
2060 1017 2116 1037 ne-

1154 1050 1211 1081 que
1219 1041 1399 1073 subniiss’um
1412 1044 1444 1074 &
1455 1044 1604 1084 abjeetum
1617 1066 1627 1080 ,
1650 1056 1747 1087 neque
1761 1047 1788 1076 sc
1798 1045 1989 1078 efferentem:
2003 1057 2067 1079 tum
2078 1052 2114 1079 in

1153 1092 1212 1122 rep.
1227 1092 1260 1113 ea
1270 1085 1358 1118 velle,
1370 1095 1435 1125 quae
1447 1087 1615 1127 tianquilla‚
1627 1088 1658 1118 ὅ(
1669 1087 1792 1118 honesta
1802 1088 1867 1118 sint.
1881 1090 1969 1119 talem
1983 1092 2064 1119 enim
2077 1091 2112 1120 δε

1152 1124 1259 1154 sentire
1269 1125 1384 1157 bonum
1395 1129 1492 1158 civem
1505 1147 1514 1162 ‚
1535 1129 1567 1159 &
1577 1129 1674 1159 dicere
1684 1130 1826 1160 solemus.
1848 1132 2110 1171 Per‘egrnir'autem,

1153 1165 1186 1195 &
1197 1167 1304 1197 incolae
1315 1166 1451 1199 officium
1464 1169 1506 1200 est
1518 1190 1526 1203 1,
1550 1171 1627 1200 nihil
1639 1181 1741 1211 praeter
1752 1172 1836 1201 suum
1849 1175 2004 1212 negotium
2015 1183 2112 1213 agere,

1150 1208 1227 1237 nihil
1245 1208 1284 1239 de
1298 1210 1359 1240 alio
1370 1213 1525 1252 anquirere
1537 1232 1544 1245 ,
1567 1214 1757 1254 minimeque
1767 1215 1799 1242 in
1809 1214 1904 1244 aliena
1914 1213 1971 1244 effe
1982 1224 2042 1254 rep.
2056 1224 2113 1244 cu·-

1148 1250 1272 1281 riosum.
1296 1254 1339 1282 Ita
1357 1251 1420 1283 fere
1433 1252 1532 1284 officia
1541 1256 1745 1294 reperientur,
1765 1255 1836 1285 cum
1848 1264 1995 1296 quaeretur
2008 1277 2016 1289 ,
2036 1256 2114 1296 quid*

1149 1291 1268 1326 deceat,
1289 1293 1405 1334 &quid
1423 1295 1567 1335 aptumsit
1578 1297 1724 1336 personis,
1738 1298 1943 1336 temporibus,
1963 1298 2109 1328 aetatibus.
2152 1313 2157 1317 -

1151 1334 1239 1364 Nihil
1250 1334 1292 1365 est
1299 1345 1398 1366 autem
1411 1356 1421 1370 ,
1440 1337 1521 1378 quod
1533 1347 1591 1368 tam
1602 1338 1702 1369 deceat
1713 1359 1720 1372 ,
1733 1339 1823 1379 quam
1835 1339 1864 1368 in
1875 1339 1951 1368 omni
1959 1350 1990 1370 re
1999 1349 2108 1380 geren-

1150 1375 1202 1409 da,
1226 1375 1413 1418 confilioque
1429 1379 1576 1419 capiendo
1594 1380 1708 1411 servare
1727 1380 1938 1412 constantiam.
1961 1382 2018 1411 Sed
2028 1391 2106 1422 quo-

1148 1419 1231 1447 niam
1250 1418 1393 1450 decorum
1403 1420 1481 1450 illud
1493 1423 1524 1450 in
1535 1422 1679 1451 omnibus
1689 1421 1774 1452 faffis
1787 1442 1795 1455 ,
1821 1423 1854 1452 ὃς
1865 1421 1956 1453 dietis
1967 1443 1975 1455 ,
1997 1424 2028 1452 in
2038 1433 2107 1453 cor-

1146 1460 1231 1498 poris
1252 1459 1382 1501 denique
1393 1471 1480 1492 motu
1491 1482 1499 1496 ,
1521 1463 1553 1492 Sc
1564 1462 1636 1492 statu
1646 1466 1778 1494 cernitur
1788 1484 1796 1498 ‚
1818 1464 1909 1504 idque
1918 1463 2045 1504 positum
2062 1464 2105 1495 est

1147 1502 1179 1529 in
1192 1499 1284 1530 tribus
1296 1502 1383 1531 rebus
1394 1522 1402 1535 ,
1423 1502 1606 1534 formositate
1618 1524 1626 1536 ,
1639 1504 1746 1534 ordine
1759 1525 1767 1537 ,
1787 1515 1892 1534 ornatu
1905 1505 1938 1534 ad
1950 1504 2105 1537 ac'tionein

1148 1544 1172 1560 ¹¹
1183 1549 1269 1580 apto:
1293 1542 1449 1574 difficilius
1460 1545 1495 1574 ad
1509 1545 1716 1585 eloquendum
1731 1557 1736 1574 :
1757 1547 1804 1576 sed
1816 1547 2105 1587 satiseiitintelligi:

1146 1582 1177 1611 in
1187 1582 1233 1611 his
1241 1592 1341 1614 autem
1354 1585 1447 1614 tribus
1455 1587 1628 1616 continetur
1636 1596 1704 1616 cura
1711 1589 1801 1617 etiarn
1813 1587 1864 1616 illa
1877 1607 1886 1620 ‚
1898 1596 1928 1617 ut
1941 1588 2105 1627 probemur

1141 1624 1180 1653 iis
1198 1625 1416 1664 quibus-cum,
1442 1627 1474 1658 &
1497 1627 1574 1667 apud
1592 1637 1668 1668 quos
1687 1631 1839 1659 vivamus:
1860 1630 1908 1658 his
1925 1639 2047 1670 quoque
2065 1631 2104 1660 de

1142 1665 1231 1695 rebus
1250 1676 1340 1706 pauca
1351 1668 1497 1699 dicantur.
1520 1668 1693 1710 Principio,
1713 1673 1844 1710 corporis
1855 1669 2103 1712 nostrimagnam

1140 1714 1247 1736 natura
1267 1709 1327 1748 ipsa
1347 1710 1468 1740 videtur
1487 1709 1621 1741 liabuiss'e
1638 1714 1786 1742 rationem
1801 1723 1807 1741 z
1825 1722 1889 1753 quae
1901 1712 2032 1743 formam
2042 1723 2105 1745 no·-

1142 1747 1229 1778 stram
1241 1768 1251 1782 ‚
1270 1751 1474 1791 reliquamque
1484 1751 1609 1792 figuram
1621 1771 1629 1786 ,
1649 1755 1683 1783 in
1692 1763 1748 1794 qua
1758 1752 1828 1784 effet
1845 1755 1954 1794 species
1963 1755 2099 1790 honesta,

1140 1798 1206 1819 eam
1224 1791 1326 1829 posuit
1343 1795 1375 1821 i'n
1385 1802 1538 1832 promptu.
1561 1803 1627 1834 quae
1637 1804 1732 1834 partes
1742 1805 1841 1825 autem
1851 1797 1987 1836 corporis
1997 1797 2034 1827 ad
2044 1808 2099 1829 na-

1141 1838 1213 1859 turae
1231 1831 1432 1863 neceffitatern
1444 1833 1517 1865 datae
1537 1838 1565 1854 ¹²
1577 1835 1748 1875 adspeetum
1760 1835 1854 1868 effent
1862 1837 2035 1869 deformem
2049 1841 2100 1870 ha·-

1139 1870 1243 1902 biturae
1254 1892 1262 1906 ‚
1284 1882 1370 1914 atque
1380 1874 1511 1906 formam
1523 1895 1532 1910 ,
1542 1885 1590 1906 eas
1602 1880 1757 1912 contexit,
1768 1887 1856 1920 atque
1865 1879 1989 1911 abdidit.
2010 1883 2098 1913 Hanc

1138 1922 1250 1943 natura:
1270 1923 1330 1945 tam
1349 1915 1525 1956 diligentem
1537 1917 1677 1952 fibi-icam
1688 1921 1804 1952 imitata
1813 1919 1856 1952 est
1864 1922 2027 1953 hominum
2042 1933 2099 1954 ve-

1136 1954 1286 1986 recundia.
1309 1959 1393 1998 QAE
1406 1968 1500 1989 ENIM
1511 1969 1654 1992 NATURA
1664 1964 1844 1998 occultavit,
1856 1964 1960 1994 eadem
1973 1975 2023 1995 om
2030 1975 2094 2000 nes,

1133 1998 1185 2038 qui
1196 1998 1262 2028 sana
1272 2008 1374 2029 mente
1383 1999 1452 2033 sunt
1464 2020 1473 2037 ,
1492 2011 1653 2034 removent
1663 2004 1699 2035 ab
1713 2007 1810 2036 oculis
1823 2017 1828 2036 :
1850 2006 1961 2048 ipsique
1971 2005 2096 2038 neceffi-

2040 2058 2093 2085 tati.

138 2086 2084 2106 *mm—mm<

164 2119 177 2138 1
185 2130 191 2136 .
213 2113 250 2135 Ex
259 2119 281 2135 eo
291 2112 352 2136 modo
361 2119 404 2143 quo
412 2109 507 2143 quistque
516 2117 593 2134 natm
601 2109 662 2142 effi]
684 2110 724 2134 M.
736 2110 767 2134 F.
780 2109 895 2135 Palatin.
916 2117 980 2134 voce
1001 2109 1088 2135 trans-

126 2145 210 2182 posita
219 2155 248 2171 cx
257 2155 279 2170 eo
287 2156 330 2180 quo
339 2146 410 2171 modo.
428 2152 456 2170 at
466 2145 535 2170 enini
547 2153 655 2171 avorum
669 2154 725 2171 aevo
734 2144 847 2180 impr-effi
861 2163 868 2176 ‚
879 2154 908 2169 ex
916 2153 938 2170 eo
951 2146 1012 2170 modo
1021 2155 1088 2180 quem

1107 2118 1112 2165 J
1130 2110 1220 2139 ssmilis
1231 2114 1305 2141 locus
1317 2116 1342 2142 in
1355 2115 1438 2141 Loelio
1452 2116 1536 2151 capite
1546 2125 1591 2142 ιι.

1165 2157 1194 2184 9.
1214 2152 1290 2183 Nefas
1298 2151 1326 2181 &¹
1334 2152 1583 2192 vitinpijudtcandum
1592 2152 1652 2186 eff]
1672 2152 1725 2178 Vix
1738 2161 1779 2178 me
1790 2153 1911 2179 continui
1922 2153 1985 2188 quin
1996 2154 2088 2181 deleto

125 2182 222 2216 qm'fiqne
230 2184 318 2208 nab‘t'm·
326 2184 361 2208 eff
371 2192 378 2206 :
388 2181 508 2217 quamvis
518 2188 605 2208 tamen
616 2180 702 2218 prima
713 2182 832 2207 omnium
842 2179 926 2207 editio
938 2199 946 2214 ,
957 2190 984 2207 ex
996 2184 1087 2210 eomodo
1130 2183 1179 2211 illo
1188 2189 1288 2219 vitium,
1299 2186 1435 2214 intulerim
1446 2190 1554 2220 impium,
1564 2188 1635 2224 quod
1650 2188 1736 2224 reperi
1745 2189 1773 2216 in
1785 2189 1904 2216 Palatino
1915 2190 2013 2226 primo,
2023 2189 2084 2217 cdd.

127 2226 170 2251 quo
180 2218 232 2251 quis
241 2220 328 2243 nat-*lm
337 2219 381 2243 eff.

161 2263 189 2279 2.
210 2256 288 2279 Multo
297 2256 332 2279 ef?
341 2254 376 2279 rei
383 2261 442 2278 cura
451 2252 550 2288 major]
572 2254 604 2279 F.
615 2253 641 2278 δε
654 2254 687 2279 C.
698 2256 728 2279 ei.
748 2259 775 2279 at
786 2252 901 2280 Palatin.
911 2253 1024 2290 amplius
1036 2256 1085 2288 ejus

123 2291 170 2315 rei.
188 2288 272 2316 editio
283 2289 404 2316 Romana
414 2289 497 2325 prima
509 2308 517 2320 ‚
535 2292 607 2315 multo
615 2291 686 2315 eriam
696 2292 730 2315 rii
739 2298 800 2316 cura
810 2291 894 2324 major.
915 2290 1022 2316 videtui·
1032 2292 1083 2316 Pa-

123 2324 206 2352 latina
216 2325 298 2352 icetio
306 2324 574 2353 accommodatiilinia
585 2336 590 2352 :
613 2327 640 2352 S<
652 2324 736 2351 foi-fini
750 2325 801 2351 suit
811 2325 935 2360 primitus
947 2345 955 2358 ,
975 2329 1047 2353 multo
1065 2330 1086 2353 ci

123 2364 159 2387 rei
168 2371 228 2388 curn
237 2364 311 2397 major
322 2381 329 2393 ‚
339 2362 392 2393 &aa

160 2405 185 2432 3.
207 2399 342 2431 lltfhrtuna
351 2406 526 2431 nonnumquam
538 2415 546 2428 ,
556 2406 673 2430 tanquam
682 2397 733 2430 ipsa
743 2397 877 2430 mortalis]
893 2398 952 2424 Vox
964 2405 1081 2433 tanquam

120 2442 172 2460 non
185 2434 257 2461 estin
268 2434 386 2460 editione
399 2433 559 2468 Moguntina
569 2434 653 2468 prima
665 2453 673 2464 ‚
690 2441 734 2459 aut
745 2434 868 2460 Romana
878 2433 1000 2461 secunda.
1020 2443 1078 2461 nam

118 2469 206 2505 prima
215 2469 336 2500 exhibet,
356 2471 496 2502 constantior
505 2468 692 2502 quiimfhrtuna.
720 2478 893 2503 nonmmiquam
902 2477 1019 2505 tanquam
1028 2472 1079 2504 ipsa

118 2506 225 2532 mortalis
233 2517 240 2531 .·
251 2515 308 2541 quoe
317 2504 454 2531 diver-sitis
465 2505 553 2540 arguit
564 2504 650 2530 locum
662 2505 738 2531 istum
751 2506 836 2531 minus
847 2505 946 2532 finum.
966 2514 1077 2542 praetcr-

121 2551 150 2567 ca
171 2543 210 2567 M.
222 2541 308 2567 servat
320 2560 328 2572 ‚
348 2543 484 2566 mortalitas
503 2550 554 2565 cum
574 2544 667 2566 mortali·
684 2544 710 2567 in
728 2549 832 2568 natura.
852 2541 981 2570 consulite
992 2542 1074 2570 libros

118 2585 188 2604 nota:
200 2577 318 2603 melioris
330 2576 375 2612 qui
386 2577 443 2602 otio
453 2575 603 2602 abundatis.

151 2620 179 2645 4.
200 2614 324 2646 Consilium
332 2612 459 2645 vivenda]
472 2610 562 2638 Editio
572 2612 656 2648 prima
667 2613 693 2638 ὃς
706 2613 827 2638 Romana
838 2612 948 2640 secunda
958 2615 1074 2648 ronfilinm

112 2650 179 2675 vitae.
197 2656 224 2675 :it
243 2649 315 2684 prior
326 2651 352 2674 &
364 2647 479 2674 Palatin.
490 2649 515 2673 ὃς
528 2648 568 2674 Μ.
582 2649 613 2675 F.
625 2649 659 2674 D.
669 2649 779 2675 alteram
799 2649 954 2685 scripturam
972 2660 1073 2686 propu-

113 2692 196 2720 gnant
210 2704 217 2716 ,
228 2694 311 2720 neque
321 2685 399 2711 aliter
411 2683 566 2710 Lambinus.

152 2729 177 2754 5.
198 2722 318 2747 Facienda
327 2729 414 2746 morum
431 2722 636 2754 institutorumque
646 2722 775 2756 mutarim]
797 2721 910 2748 Palatin.
922 2731 973 2748 non
985 2731 1066 2758 :igno-

110 2755 158 2783 scit
168 2756 323 2792 pai·ticul.uii
334 2765 378 2789 que
388 2775 395 2787 ‚
408 2757 435 2781 &
449 2755 533 2782 nescio
542 2765 572 2782 an
584 2757 693 2783 omnino
704 2757 864 2792 requiratur.

148 2793 176 2819 6.
198 2796 259 2818 Eam
269 2792 445 2825 mutationem]
466 2791 680 2827 lutei‘poliierant
690 2793 734 2819 alii
744 2796 819 2826 igitur
831 2813 838 2825 ‚
857 2802 915 2829 quae
924 2792 1009 2820 diffie
1021 2804 1067 2820 ne-

112 2837 164 2863 que
182 2828 207 2855 in
230 2829 352 2854 Romana
371 2828 453 2863 prima
466 2847 474 2859 ,
502 2838 586 2863 neque
606 2828 720 2854 l'alatin.
749 2839 801 2855 non
830 2830 914 2864 magis
940 2840 1017 2866 quam
1038 2831 1063 2857 in

112 2865 195 2890 MaF.
208 2866 242 2891 D.
261 2864 460 2891 Gulielinianis.
480 2863 543 2899 quid
563 2864 634 2900 quod
653 2874 738 2900 neque
757 2874 892 2900 comparet
910 2866 1064 2893 ineditioue

112 2899 238 2926 Vitiorii.

146 2944 175 2970 7.
193 2937 248 2969 Qie
256 2938 334 2961 minus
343 2936 453 2961 delemur
463 2936 582 2970 minusque
589 2937 742 2971 probantum]
763 2937 940 2964 Mauritianus
948 2940 1045 2971 probent
1054 2950 1063 2972 ‚-

110 2970 258 3006 elegantius
269 2971 406 3006 profi-Sto,
419 2973 505 3015 inquit
515 2973 688 2999 Gulielmius.

145 3006 173 3034 8.
191 3010 274 3041 Sensim
285 3008 381 3040 diffinere
393 3027 401 3039 ,
419 3017 492 3041 quam
510 3010 600 3041 repent&
613 3009 763 3043 prandere]
785 3008 913 3044 Agnoscit
932 3009 997 3036 lianc
1015 3019 1062 3036 vo-

107 3051 163 3068 cem
181 3040 296 3070 l'alatin.
316 3043 396 3079 prim.
415 3052 475 3069 nam
494 3043 598 3071 secund.
618 3046 658 3071 M.
671 3047 700 3071 κ’.
713 3046 746 3071 D.
759 3047 792 3071 C.
811 3046 916 3078 diluere,
943 3047 1015 3087 quod
1034 3049 1061 3073 8<

105 3077 290 3106 iii-editionum
302 3079 396 3114 prima.
416 3078 499 3105 altera
518 3080 562 3115 qui
582 3090 613 3116 pc
630 3081 728 3115 Δι’-[κστ.
750 3080 819 3108 unde
839 3082 1006 3114 meoiudicio
1017 3092 1062 3110 na-

106 3120 152 3143 tus
171 3123 256 3143 error.
284 3115 375 3143 Aliter
394 3115 533 3144 Turnebus
545 3090 614 3145 lilii-0
632 3126 746 3146 xxviii.
764 3118 848 3154 capite
868 3126 913 3155 39.
941 3117 1061 3149 videatur

1131 2227 1216 2248 tamen
1228 2231 1321 2250 omnes
1333 2224 1401 2249 stant
1411 2232 1458 2258 pro
1469 2224 1565 2250 altero.

1170 2266 1209 2283 10.
1228 2261 1253 2284 Si
1262 2259 1369 2292 ejusmodi
1384 2269 1471 2293 quoquc
1489 2262 1558 2285 rehu:
1566 2261 1664 2294 majores
1681 2267 1742 2286 natu
1757 2264 1820 2287 inter
1832 2261 1860 2294 se
1875 2261 1978 2295 velim]
2002 2261 2085 2289 Haud

1127 2292 1206 2319 aliter
1217 2294 1303 2322 Palut.
1326 2297 1406 2330 quam
1426 2294 1497 2330 quod
1511 2295 1652 2331 agnoscant
1669 2297 1761 2331 quidem
1780 2297 1840 2323 loco
1857 2306 1943 2330 quoqne
1961 2298 2086 2334 interpo-'

1127 2336 1243 2365 nantque
1253 2333 1278 2356 in
1290 2340 1297 2360 ;
1317 2331 1432 2367 denique
1444 2332 1630 2368 repraelbntent
1641 2335 1716 2358 volent
1729 2352 1737 2364 ‚
1748 2333 1791 2359 vel
1801 2335 1887 2358 velint.
1908 2333 2042 2368 quomodo
2051 2335 2083 2361 &

1126 2365 1165 2390 M.
1176 2366 1204 2391 &
1217 2367 1251 2392 D.
1271 2366 1318 2393 nisi
1336 2366 1407 2402 quod
1428 2367 1521 2394 habeat
1538 2370 1612 2394 nolint
1629 2370 1742 2401 inter-effla
1764 2368 1834 2404 quod
1855 2378 1906 2395 nou
1925 2369 2082 2405 displicebat

1123 2401 1283 2433 Gulielmio,
1295 2402 1458 2439 faciebatque
1471 2423 1479 2435 ‚
1492 2405 1550 2437 fine
1562 2405 1668 2438 ejusbnodi
1677 2407 1745 2430 relmi-
1754 2414 1852 2438 majores
1869 2413 1931 2430 natu
1948 2408 2022 2431 nolint
2038 2409 2081 2432 in-

1120 2439 1208 2470 tra-effen
1230 2438 1295 2465 mihi
1306 2439 1447 2474 simplicius
1461 2439 1596 2466 rideretur
1604 2442 1624 2472 fi
1634 2441 1725 2474 quidem
1734 2442 1834 2474 majores
1843 2447 1903 2466 natu
1913 2443 1991 2467 volent
1999 2444 2080 2468 inter-

1120 2473 1169 2505 effin
1191 2481 1220 2500 ut
1230 2476 1388 2502 intermedia
1408 2475 1560 2502 accesserint
1578 2475 1610 2501 ab
1629 2476 1827 2512 interpretibus.
1847 2485 1925 2511 quam
1938 2476 2078 2511 conjeaestu-

1121 2516 1175 2535 rani
1189 2508 1239 2536 scio
1259 2519 1300 2537 me
1314 2510 1520 2546 adprobaturum
1539 2511 1683 2538 senioribus
1701 2511 1910 2548 quibuscunque.
1930 2513 2078 2542 Lambinus

1117 2543 1157 2569 edi
1170 2547 1274 2573 curavit
1286 2566 1293 2578 ,
1306 2548 1444 2581 figiusmodi
1453 2556 1539 2581 quoque
1549 2549 1618 2573 rebm
1628 2551 1726 2582 majores
1744 2556 1804 2573 nam
1814 2557 1859 2573 non
1876 2551 1950 2574 nolim
1958 2551 2074 2583 intercff‘e.

1117 2580 1242 2608 audaciei-
1254 2582 1325 2615 satis,
1337 2587 1363 2609 ὃ(
1375 2590 1449 2609 tauto
1461 2583 1566 2618 quidem
1579 2584 1663 2618 magis
1677 2603 1684 2615 ,
1695 2584 1765 2619 quod
1777 2593 1808 2610 ne
1819 2582 1913 2610 letior-i
1926 2585 2031 2620 quidem
2045 2586 2073 2613 iti

1114 2615 1249 2644 indicarit.
1270 2621 1352 2654 Supra
1366 2627 1470 2654 quoque
1481 2619 1523 2645 ubi
1536 2619 1570 2646 est
1581 2620 1660 2645 hodie
1672 2639 1679 2651 ‚
1692 2630 1742 2645 cum
1755 2622 1866 2645 relaxare
1875 2624 1964 2646 animos
1973 2623 2002 2652 &-
2011 2622 2072 2647 dare

1105 2653 1287 2684 stsncnnditati
1296 2657 1373 2681 volent
1386 2674 1394 2687 ,
1413 2654 1547 2682 Palatinus
1559 2655 1637 2690 prim.
1658 2655 1755 2693 respuit
1765 2658 1958 2691 prouomcnft,
1983 2667 2070 2694 neque

1109 2687 1323 2717 desideraverim.

1149 2734 1189 2752 ii.
1208 2730 1298 2758 adpro.-
1318 2728 1434 2760 difficilim
1451 2727 1485 2753 ad
1500 2728 1663 2762 eloquendum:
1676 2729 1721 2762 fid
1729 2727 1792 2761 sliri!
1810 2730 1855 2753 erit
1871 2728 2000 2763 intelligi]
2021 2729 2068 2756 Sic

1111 2760 1223 2788 Palatiu.
1236 2761 1340 2789 secund.
1351 2765 1378 2788 &
1390 2763 1465 2797 liujus
1475 2763 1523 2789 mvi
1534 2763 1675 2790 editiones.
1697 2773 1756 2791 nam
1768 2763 1894 2795 vffitorfi,
1905 2765 2021 2798 difficilius
2030 2768 2066 2792 eff

1108 2798 1143 2822 ad
1151 2799 1307 2831 eloquendum.
1327 2799 1449 2825 Romana
1466 2800 1526 2825 anni
1546 2809 1618 2826 cccc
1632 2810 1716 2826 Lxx«.
1736 2800 1864 2833 difficilibus
1875 2801 1908 2826 ad
1915 2802 2065 2834 eloquendum

1107 2834 1175 2870 ribus
1185 2834 1321 2866 ‚Ji-Asana,
1331 2835 1383 2865 &c.
1394 2835 1528 2870 quomodo
1539 2836 1566 2861 5:
1579 2836 1631 2862 l’al.
1645 2846 1685 2872 pr.
1695 2835 1761 2862 :ideo
1773 2844 1802 2862 ut
1812 2836 1876 2862 inihi
1886 2835 1995 2863 dubium
2009 2844 2061 2864 non

1108 2870 1147 2899 lit,
1160 2869 1299 2904 legendum
1313 2880 1321 2900 ς
1334 2879 1398 2903 apro,
1409 2872 1540 2903 difficilibm
1551 2873 1585 2897 ad
1592 2873 1738 2905 eloquendum
1749 2881 1757 2901 3
1773 2872 1836 2905 saris
1846 2875 1890 2898 erit
1899 2874 2013 2906 intelligit,
2031 2881 2062 2901 ut

1105 2911 1191 2930 cetera
1202 2906 1335 2933 invexerit
1347 2906 1515 2933 librariorum
1529 2907 1624 2934 (inistra
1637 2908 1791 2934 liberalitas.
1802 2906 1870 2934 illud
1880 2916 1968 2935 autem
1980 2910 2063 2942 diffici-

1103 2940 1176 2972 lthus,
1188 2941 1291 2977 respicit
1302 2944 1381 2973 rebus,
1393 2943 1460 2976 quod
1473 2942 1606 2978 praecellit.
1629 2944 1692 2971 Non
1702 2942 1856 2980 displicebat
1866 2944 2015 2971 Gulielmio
2025 2945 2061 2972 li-

1107 2974 1145 3002 bri
1159 2978 1233 3003 unius
1244 2977 1330 3013 scripti
1343 2977 1435 3009 letho,
1446 2980 1532 3012 difficile
1542 2983 1575 3005 cf!
1586 2980 1619 3004 ad
1626 2981 1774 3014 eloquendum
1784 2981 1847 3014 :sed,
1857 2981 1908 3010 &mc

1145 3021 1175 3038 n.
1182 3033 1187 3038 .
1205 3016 1328 3047 Aspetrum
1337 3015 1404 3047 estin!
1413 3016 1533 3048 dtfiirmem
1541 3017 1657 3042 habitura
1666 3016 1852 3050 atquefhrmam,
1863 3016 1929 3052 eain]
1943 3017 1985 3042 Sic
1996 3016 2053 3043 Pal.

1104 3046 1153 3074 sec.
1166 3049 1301 3077 Vidiniius
1312 3058 1437 3086 proetcrea
1447 3050 1592 3086 publicavit
1604 3070 1612 3083 ,
1629 3054 1824 3086 turpemfhrmam
1835 3071 1844 3084 ,
1862 3062 1912 3079 ear.
1933 3052 1974 3079 sed
1985 3053 2056 3079 enini

1104 3083 1165 3111 cdd.
1175 3094 1267 3112 oinncr.
1278 3087 1403 3119 exoletae,
1414 3088 1479 3114 item
1491 3088 1531 3114 M.
1543 3088 1574 3114 F.
1585 3088 1620 3114 D.
1631 3087 1758 3116 exhibent
1769 3088 1885 3117 nostrum
1895 3089 1973 3117 istud.
1994 3088 2055 3115 vul-

1103 3128 1166 3157 gata
1176 3121 1247 3151 ciiiin
1258 3133 1264 3151 :
1284 3124 1399 3152 habitune
1408 3130 1478 3157 atque
1487 3130 1588 3155 turpem,
1597 3132 1660 3158 eam,
1668 3125 1720 3157 (isc.

1401 3161 1591 3197 Q‘i‘i‘iq‘l‘i
1943 3160 2061 3195 ¹·f'avoe

2127 1395 2169 1428 35
