2360 3400
136 1826 181 1852 21

430 166 640 216 Ense.
677 183 753 215 AD
791 167 1188 225 METELLUM,

235 249 312 285 tuit,
332 249 389 281 nisi
408 251 480 292 quid
502 262 553 282 me
568 250 664 282 fallit:
681 251 749 281 sunt
761 251 844 280 enim
856 250 906 281 alii
917 250 1083 291 peritiores.
1105 251 1186 281 Illud

230 301 303 322 eave
322 292 457 326 dubites,
477 296 553 334 quin
570 303 586 328 e
607 303 626 323 0
644 295 750 323 omnia
759 291 866 323 faciam
877 312 886 325 ‚
897 290 1107 333 quaeintereffe
1117 302 1185 326 tua,

232 341 283 363 aut
300 336 390 365 etiam
402 334 479 364 velle
495 343 524 364 te
534 337 583 365 exi
615 337 708 364 'mem
719 353 728 368 ,
748 332 768 364 fi
779 334 841 364 ullo
852 334 947 364 modo
959 332 1052 364 facere
1061 331 1180 373 poffim.

231 373 324 414 Qud
345 375 446 406 scribis
461 375 498 405 de
516 374 670 407 beneficiis
685 377 774 406 :scito
787 375 802 406 ὲ
815 385 864 405 me
876 374 1056 405 &tribunos
1067 376 1179 404 milita-

230 418 300 449 ntis,
309 416 343 446 &
351 415 519 457 Ριῑεὶεᾶοε,
531 417 564 447 &
572 417 815 448 contubernaleis
824 416 967 447 duntaxat
975 426 1060 445 meos
1069 415 1182 445 delatos

229 455 299 487 effe.
323 459 360 488 In
381 467 443 498 quo
453 458 575 499 quidem
586 461 660 490 ratio
671 469 721 489 me
737 458 856 489 fefellit.
867 458 998 488 liberum
1007 458 1090 487 enim
1101 458 1180 487 mihi

228 506 348 538 ternpus
363 501 398 528 ad
407 509 461 529 eos
474 499 652 531 deferendos
662 500 872 531 existimabam
883 499 951 529 dari.
966 498 1065 539 postea
1073 500 1180 529 certior

227 539 294 570 sum
313 539 408 570 faetus
427 561 436 575 ‚
455 543 574 583 triginta
592 541 824 573 diebusdeferri
845 539 959 571 necesse
974 539 1049 574 effe,
1069 539 1179 584 quibus

225 582 357 612 rationes
365 582 541 613 retulissem.
566 588 576 604 ¹
588 588 662 615 Sane
672 583 798 614 moleste
811 583 866 613 tuli
879 603 888 617 ,
899 592 962 612 non
973 582 1024 612 illa
1033 582 1178 611 beneficia

226 631 284 652 tuae
295 623 395 662 potius
408 625 569 656 ambitioni
588 627 729 656 reservata
739 625 813 659 effe,
833 624 924 665 quam
935 633 1010 653 meae
1021 643 1030 656 ‚
1050 625 1178 663 quiam-

224 663 343 694 bitione
362 666 440 695 nihil
458 675 561 697 uterer.
588 670 635 697 De
647 666 876 697 centurionibus
889 674 989 695 tamen
1001 684 1010 697 ‚
1032 665 1064 694 &
1077 665 1114 694 de
1125 666 1177 694 tri-

223 705 377 736 bunorum
396 708 574 739 militarium
587 708 872 740 contubernalibus,
892 716 937 735 res
946 705 988 735 est
1004 708 1037 734 in
1048 707 1175 744 integro.

221 756 316 786 genus
335 750 418 778 enirn
431 750 540 780 horum
554 749 771 780 beneficiorum
781 747 941 778 definitum
956 747 1021 786 lege
1031 756 1095 775 non
1105 754 1174 776 erat.

222 789 390 829 Reliquum
403 790 446 821 est
455 791 493 822 de
506 802 559 821 ωε
569 800 691 822 centum
703 791 838 820 millibus
853 799 859 817 ι
879 788 1033 828 dequibus
1044 789 1173 817 memini

220 831 300 860 mihi
322 831 339 862 a
355 840 384 861 te
400 834 521 873 Myrina
528 834 638 863 litteras
649 830 705 861 ess'e
715 830 812 861 allatas
823 849 831 863 ,
851 839 916 859 non
928 830 989 858 mei
998 830 1084 858 errati
1095 848 1103 862 ‚
1124 829 1173 859 sed

221 874 283 902 tui:
302 874 406 913 inquo
415 883 566 914 peccatum
579 873 734 904 videbatur
743 870 801 901 esse
811 891 820 905 ‚
845 869 866 900 fi
876 869 971 915 modo
980 879 1040 900 erat
1049 889 1058 903 ,
1077 870 1175 901 fratris

219 915 284 947 tui,
304 915 338 944 &
349 916 456 945 Tullii.
483 915 539 945 Sed
548 914 619 945 cum
630 915 660 944 id
670 915 779 953 corrigi
788 922 851 942 non
864 911 977 951 postet,
995 911 1078 953 quod
1089 931 1098 946 ,
1112 913 1173 951 jam

219 954 359 995 depofitis
376 957 560 989 rationibus,
580 965 619 987 ex
635 956 789 995 provincia
807 952 1000 984 deceffimus:
1021 953 1111 983 credo
1121 963 1171 998 me

217 996 341 1037 quidem
364 997 419 1027 tibi
439 1007 494 1037 pro
504 998 600 1027 animi
614 998 675 1027 mei
690 997 863 1030 voluntate,
883 1005 996 1035 proque
1014 1005 1046 1026 ea
1062 995 1110 1035 spe
1128 998 1173 1026 ia-

215 1039 462 1078 cultatum‚quam
473 1047 537 1069 turn
548 1038 833 1079 habebamus,quam
844 1035 1055 1067 humaniffime
1066 1046 1172 1077 potue-

214 1082 288 1112 rim,
299 1078 478 1119 rescripsiss'e.
499 1082 556 1111 Sed
569 1090 665 1121 neque
674 1089 737 1110 tum
749 1090 799 1109 me
809 1080 995 1109 humanitate
1005 1079 1170 1109 litterarum

214 1130 351 1151 mearum
371 1122 435 1151 obli
457 1131 538 1153 atum
556 1132 629 1162 puto
640 1141 648 1155 ‚
668 1131 767 1162 neque
776 1130 856 1151 tuam
866 1120 957 1150 hodie
967 1119 1124 1160 epistolam
1135 1121 1171 1150 de

214 1171 268 1195 3-5
286 1172 409 1193 centum
427 1132 464 1194 (ige
487 1162 643 1203 accepiffe,
670 1172 703 1193 ut
721 1166 744 1193 ii
764 1163 1031 1203 accipiuntquibus
1039 1161 1170 1201 epistolae

211 1213 264 1243 per
274 1205 337 1235 haec
345 1213 479 1245 tempora
488 1204 622 1236 molesta
630 1205 705 1235 sunt.
727 1205 825 1235 Simul
834 1204 910 1234 illud
920 1205 1048 1244 cogitare
1059 1204 1148 1234 debes
1161 1224 1168 1238 ‚

214 1255 266 1276 me
289 1255 417 1276 omnem
435 1249 593 1286 pecuniam
606 1267 615 1280 ,
636 1257 702 1287 quae
724 1247 759 1276 ad
777 1256 827 1276 me
839 1246 926 1276 salvis
938 1245 1053 1286 legibus
1065 1255 1170 1285 perve-

210 1286 301 1319 nisset
310 1307 319 1322 ‚
340 1288 446 1328 Ephefi
468 1289 544 1329 apud
561 1289 738 1329 publicanos
758 1286 925 1328 deposuiss'e
938 1298 943 1316 z
961 1287 992 1317 id
1013 1286 1101 1317 fuifl‘e
1111 1298 1167 1318 ihs

211 1338 234 1359 x
246 1338 267 1359 x
280 1338 291 1359 t
307 1339 332 1360 x.
352 1331 450 1361 millia
463 1341 468 1359 :
481 1341 549 1360 earn
558 1340 685 1367 ornnem
693 1333 853 1370 pecuniam
875 1329 1056 1369 Pompejum
1068 1329 1168 1359 abstu-

208 1370 292 1401 liffe:
312 1372 393 1412 quod
412 1382 467 1414 ego
488 1371 547 1403 five
567 1382 653 1413 aequo
662 1374 787 1404 animo,
807 1370 981 1411 fiveiniquo
989 1369 1055 1400 fero
1068 1381 1073 1400 :
1085 1379 1116 1400 tu
1127 1370 1164 1401 de

207 1421 263 1441 ms
280 1422 403 1443 centum
425 1423 512 1454 aequo
528 1416 635 1444 animo
655 1412 730 1443 ferre
746 1413 837 1443 debes
855 1432 864 1446 ,
889 1413 921 1442 &
940 1411 1110 1442 existimare
1125 1422 1163 1443 eo

207 1453 314 1483 minus
323 1454 357 1484 ad
369 1463 396 1484 te
406 1456 455 1485 vel
462 1455 498 1484 de
510 1457 569 1485 tuis
578 1455 696 1485 cibariis
708 1474 716 1488 ,
736 1455 784 1485 vel
794 1454 831 1484 de
840 1464 906 1484 mea
916 1454 1089 1484 liberalitate
1098 1463 1164 1493 per—

205 1494 329 1525 venifl'e-
351 1495 442 1537 Qud
461 1494 482 1526 fi
499 1497 578 1526 mihi
598 1497 726 1536 expensa
744 1495 797 1526 ista
817 1506 870 1525 ms
888 1505 1009 1525 centurn
1026 1494 1160 1529 tulisses,

205 1545 307 1567 tamen
318 1556 328 1571 ‚
348 1547 413 1578 quae
426 1547 476 1568 tua
486 1537 528 1568 est
544 1539 670 1568 suavitas
680 1557 688 1571 ‚
699 1540 811 1579 quique
820 1539 854 1567 in
863 1547 913 1567 me
923 1547 1025 1571 arnor,
1037 1538 1136 1567 nolles
1146 1539 1161 1568 a

200 1587 257 1608 me
272 1580 331 1608 hoc
340 1587 475 1620 tempore
484 1578 716 1611 aestimationem
726 1582 867 1620 accipere.
882 1589 952 1609 nam
965 1588 1159 1610 numeratum

201 1617 226 1650 fi
235 1628 373 1659 cuperem
385 1641 394 1656 ‚
420 1632 484 1652 non
493 1631 560 1652 erat.
581 1622 640 1652 Sed
652 1622 714 1652 haec
720 1623 856 1662 jocatum
869 1630 917 1651 me
931 1629 1031 1661 putato
1042 1641 1051 1655 ‚
1063 1630 1094 1651 ut
1104 1631 1160 1662 ego

203 1669 233 1691 te
242 1660 394 1693 existimo.
465 1674 484 1694 o
494 1673 593 1694 tamen
604 1684 613 1697 ,
633 1662 705 1694 cum
716 1664 838 1694 Tullius
847 1673 912 1693 rure
922 1662 1043 1693 redierit
1052 1682 1061 1697 ‚
1086 1673 1159 1694 mit-

201 1710 264 1734 tam
285 1713 357 1736 enm
376 1705 411 1736 ad
434 1715 481 1739 te,
500 1704 520 1735 fi
539 1705 613 1747 quid
630 1705 665 1736 ad
681 1715 746 1736 rem
764 1705 881 1746 putabis
890 1706 1046 1745 pertinere.
1069 1707 1158 1737 Hanc

200 1743 361 1785 epistolam
371 1756 424 1777 cur
430 1757 496 1778 non
505 1747 600 1779 scindi
609 1748 704 1778 velim
716 1768 726 1781 ‚
736 1748 819 1779 causa
829 1747 915 1778 nulla
923 1745 975 1777 est.
999 1747 1083 1778 Vale.

381 1816 978 1847 M.T.c.s.D.2L.MEsc1N10.

298 1874 327 1903 R
338 1882 361 1903 Α
374 1883 393 1904 τ
405 1884 437 1904 AE
455 1875 533 1904 mihi
552 1883 609 1905 tuae
622 1874 724 1906 litterae
734 1874 872 1904 fuerunt:
891 1883 929 1904 ex
942 1872 1050 1914 quibus
1061 1873 1152 1903 intel-

211 1933 213 1935 -
289 1915 369 1949 lexi,
389 1915 471 1955 quod
488 1918 577 1946 etiam
599 1915 660 1946 fine
677 1916 781 1946 litteris
789 1915 965 1948 arbitrabar,
995 1923 1022 1944 te
1032 1915 1151 1945 summa

196 1955 358 1995 cupiditate
368 1956 511 1987 affictum
522 1955 580 1987 effe
590 1957 715 1988 videndi
725 1958 787 1987 mei
798 1967 804 1986 2
815 1957 897 1997 quod
908 1965 964 1997 ego
974 1957 1012 1985 ita
1022 1955 1152 2001 libenter

195 1998 310 2036 accipio
329 2017 338 2030 ,
361 2007 394 2028 ut
410 2007 509 2029 tamen
526 1998 580 2029 tibi
599 2009 664 2029 non
682 1998 856 2029 concedam.
877 2008 946 2028 nam
956 2006 1055 2028 tecum
1064 1996 1123 2027 esse
1139 2017 1148 2031 ,

199 2041 212 2065 3
223 2047 263 2068 ita
271 2039 349 2068 mihi
358 2042 472 2074 omnia,
483 2051 548 2081 quae
559 2049 642 2080 opto,
656 2043 841 2081 contingant,
853 2049 884 2070 ut
894 2040 1088 2069 vehementer
1097 2049 1151 2069 ve-

195 2079 262 2109 lim.
284 2083 353 2112 4Ut
371 2083 454 2112 enim
475 2082 547 2113 cum
564 2081 636 2113 effer
653 2082 750 2121 major
769 2083 948 2112 &virorum
960 2100 969 2115 ‚
988 2081 1146 2111 &civium

193 2120 347 2152 bonorum
359 2142 368 2156 ‚
389 2123 423 2153 δε
435 2123 643 2163 jucundorum
655 2124 820 2154 hominum
834 2143 842 2156 ‚
863 2123 896 2153 &
905 2125 1075 2153 amantium
1086 2124 1148 2152 mei

190 2165 291 2202 copia:
307 2173 407 2194 tamen
418 2173 478 2195 erat
484 2175 577 2195 nemo
589 2185 597 2198 ‚
609 2165 787 2205 quibuscum
798 2163 887 2195 essem
899 2162 1046 2194 libentius
1055 2163 1147 2205 quam

190 2211 311 2234 tecum:
341 2205 374 2235 &
391 2208 496 2246 pauci,
515 2207 695 2247 quibuscum
715 2205 806 2236 effem
825 2205 908 2246 aeque
929 2205 1069 2235 libenter.
1088 2207 1147 2236 hoc

189 2244 263 2276 vero
275 2254 411 2286 ternpore
421 2268 430 2281 ,
446 2247 517 2278 cum
529 2249 579 2278 alii
590 2250 759 2278 interierint
768 2268 777 2281 ,
789 2249 840 2278 alii
853 2245 1029 2297 abfintvi
1039 2248 1146 2277 mutati

188 2287 343 2320 voluntate
353 2287 426 2320 lint:
437 2299 534 2322 unum
543 2309 552 2325 ,
573 2290 694 2323 medius
705 2288 796 2323 fidius
806 2309 817 2326 ,
838 2297 940 2323 tecum
951 2289 1035 2321 diem
1046 2289 1147 2325 liben-

226 2449 238 2466 ι
246 2459 251 2466 .
270 2444 331 2466 Sana
341 2442 423 2474 moleste
432 2443 478 2467 tuli
487 2459 495 2472 ,
512 2451 558 2467 non
567 2443 608 2467 illa
617 2443 727 2476 benefitia
737 2449 781 2467 ms
794 2446 872 2475 potius
881 2443 1002 2467 ambitIoni
1019 2442 1141 2475 reservata

186 2476 239 2508 effi,
249 2476 316 2510 dra]
334 2477 384 2502 Per
394 2478 540 2502 ambitionem
551 2496 560 2509 ‚
578 2477 711 2513 intelligit
719 2477 831 2514 gratiam
852 2478 880 2503 ὃ(
890 2476 967 2504 studii
977 2477 1142 2504 demonstra-

186 2512 288 2538 tionem
299 2512 325 2538 in
337 2512 454 2539 clientes.
481 2512 616 2547 Significat
626 2523 691 2550 crgo
700 2513 724 2540 se
744 2513 820 2540 facile
831 2514 884 2549 pati
912 2513 1006 2540 otuiss'e
1018 2533 1026 2545 ‚
1038 2521 1067 2540 ut
1077 2513 1144 2540 hanc

184 2546 254 2583 apud
264 2546 365 2574 delatos
383 2548 494 2582 gratiam
505 2548 585 2575 iniret
596 2549 686 2576 Rufus
701 2569 710 2581 ‚
729 2559 807 2585 quam
826 2550 880 2585 ipse
909 2548 1037 2576 eferendo
1047 2559 1099 2576 non
1112 2550 1143 2576 sit

184 2583 288 2609 secutus
298 2584 411 2619 gratiam
424 2602 432 2615 ‚
451 2583 493 2609 sed
511 2593 612 2611 morem
624 2586 650 2611 &
672 2586 810 2612 veritatem
822 2587 849 2611 Sc
862 2585 966 2612 merita.
992 2584 1063 2612 Illud
1074 2585 1143 2612 haud

180 2619 329 2655 protritum
341 2630 347 2646 z
377 2623 419 2653 qus*
437 2621 561 2645 ambitione
577 2622 641 2646 nihil
654 2628 743 2646 urerer.
773 2620 817 2646 Sic
834 2621 943 2647 Plautus
962 2620 1122 2647 Trinummo
1134 2632 1140 2648 :

182 2658 262 2688 Apage
271 2662 302 2687 re,
313 2665 389 2686 amor,
399 2665 443 2680 non
448 2657 542 2688 places,
551 2658 614 2682 nihil
619 2664 641 2681 te
650 2664 713 2683 utor.
732 2659 772 2683 Uti
779 2665 829 2693 pro
837 2657 967 2692 accipere,
976 2657 1031 2683 Sec.
1040 2659 1142 2684 Gronov.

182 2689 216 2718 de
226 2691 290 2718 Sest.
301 2701 361 2728 pag.
375 2691 438 2724 560.

218 2735 247 2753 2.
269 2728 303 2753 L.
315 2727 502 2760 Mescinio]
524 2727 565 2753 lta
574 2727 632 2753 Pal.
647 2736 688 2763 pr.
699 2728 786 2763 quint.
799 2737 808 2759 3
828 2729 857 2754 δε
869 2727 935 2754 alius
946 2735 1022 2755 vetus
1036 2727 1140 2756 codex:

181 2771 231 2790 nec
241 2763 321 2799 longe
331 2763 384 2789 abit
396 2761 531 2788 Vicstorius
542 2772 600 2788 cum
613 2763 659 2789 suo
670 2765 780 2797 illesi-ino.
802 2764 883 2799 vulgo
894 2765 1017 2797 Mescinio.

220 2806 247 2834 3.
265 2802 304 2825 lta
315 2800 374 2825 mihi
384 2801 472 2829 omnia,
483 2808 533 2831 quae
541 2806 589 2831 opto
600 2818 608 2830 ‚
620 2800 779 2834 contingant]
805 2801 914 2826 Secutus
924 2800 980 2825 sum
994 2801 1020 2826 &
1031 2800 1073 2826 hic
1083 2799 1141 2826 edi-

182 2832 282 2861 tionem
294 2834 407 2861 Vicini-ii
417 2841 550 2871 praeeunte
562 2841 647 2861 tamen
660 2835 790 2862 Lambino
800 2836 827 2862 δι
842 2835 961 2863 eamdem
974 2836 998 2861 in
1011 2835 1080 2861 suam
1092 2835 1139 2862 ad-

184 2869 320 2897 mittente.
332 2871 412 2906 vnlgo
423 2881 429 2897 :
451 2873 492 2896 Ita
501 2872 560 2896 mihi
568 2871 680 2896 commoda
690 2874 779 2904 omnia,
789 2881 838 2905 quae
846 2879 904 2905 opto,
916 2874 1048 2905 contingant
1060 2883 1067 2896 .·
1078 2881 1137 2897 cum

184 2904 252 2930 Pau.
263 2914 303 2940 pr.
322 2905 567 2942 sec.qua1·t.quint.
588 2906 666 2933 habet
684 2908 817 2934 stewech.
836 2908 862 2934 &
883 2908 1060 2934 Grutcrianus
1073 2916 1080 2937 3
1100 2910 1140 2933 Ita

182 2941 242 2965 mihi
252 2944 379 2968 eommum'a
398 2944 500 2978 (quart.
513 2943 600 2977 quint.
611 2946 740 2969 eommunia
758 2945 824 2977 milii„
845 2947 922 2969 omnia
939 2953 990 2978 quae
1005 2950 1063 2976 opto.
1085 2944 1137 2969 His

182 2975 304 3002 omnibus
310 2984 377 3012 puto
387 2977 480 3004 melius
492 2977 548 3004 Pal.
559 2986 623 3005 tert.
642 2981 681 3004 Ita
691 2981 750 3005 mihi
758 2988 834 3005 coram
843 2981 920 3005 omnia
931 2998 939 3009 ‚
949 2988 998 3013 quae
1006 2986 1053 3011 opto
1065 2998 1072 3010 ,
1083 2988 1137 3004 con-

179 3014 284 3044 tingam.
311 3014 384 3038 Nam
404 3013 464 3039 inde
474 3013 593 3040 scaturiit
610 3013 678 3040 illud
696 3018 836 3042 communia.
857 3016 928 3041 Nam
939 3016 966 3041 δι
987 3015 1097 3041 commoda
1107 3016 1134 3040 &

178 3054 308 3118 ςοηιηικῖέἧ
316 3051 464 3083 addi-amen
474 3053 510 3082 est
522 3073 531 3088 ‚
549 3061 581 3083 ut
591 3055 670 3084 ctiam
680 3056 735 3091 post
747 3056 795 3093 Ep.
808 3064 834 3092 3.
852 3055 900 3084 fiii.
915 3051 961 3096 τῷ
971 3058 1048 3082 omnia
1058 3054 1133 3083 addi-

184 3096 242 3118 tum
253 3100 266 3119 e
297 3099 324 3118 in
338 3099 364 3126 5.

1223 185 1300 218 ET
1336 173 1825 232 CETEROS,L'113.
1864 180 1917 227 V.
2101 184 2193 232 681

1233 252 1295 283 tius
1313 255 1465 294 posuerim
1484 277 1493 290 ‚
1517 258 1606 298 quam
1623 259 1683 289 hoc
1700 265 1934 301 omneg'tempus
1952 269 2024 292 cum
2044 261 2193 304 plerisque

1233 305 1338 325 eorum
1350 315 1359 329 ‚
1379 298 1557 338 quibuscum
1576 302 1648 330 vivo
1665 300 1836 332 necessario.
1859 304 2192 336 Nolienimexissima—

1234 345 1282 382 re,
1303 339 1380 367 mihi
1399 339 1596 371 solitudinem
1617 352 1680 372 non
1697 344 1910 383 jucundiorem
1921 343 1996 379 effe,
2016 356 2074 387 qua
2083 355 2188 378 tamen

1232 378 1292 415 ipsa
1304 381 1344 408 uti
1358 390 1421 409 non
1433 381 1519 415 licet,
1539 384 1628 423 quem
1640 384 1790 415 sermones
1800 396 1904 416 eorum
1917 407 1927 421 ,
1937 389 1988 428 qui
1997 386 2188 429 frequentant

1234 418 1363 449 domum
1388 431 1487 451 meam
1500 442 1508 456 ‚
1529 434 1654 464 excepto
1673 436 1753 460 uno,
1774 428 1987 458 autsummum
1999 429 2101 459 altero.
2125 433 2186 461 Ita-

1233 468 1290 505 que
1300 469 1367 490 utor
1378 463 1485 508 eodem
1496 465 1632 507 perfugio
1642 486 1650 501 ,
1662 476 1722 507 quo
1733 469 1788 498 tibi
1798 469 1945 500 utendum
1955 471 2062 501 censeo
2074 492 2082 504 ‚
2101 472 2185 502 litte·-

1231 500 1304 530 rulis
1336 502 1444 532 nostris
1463 515 1468 533 ;
1495 507 1633 544 praeterea
1661 510 1842 541 conscientia
1867 521 1959 542 etiam
1985 511 2183 544 consiliorum

1228 550 1379 572 meorum.
1403 547 1466 585 Ego
1487 548 1571 577 enim
1583 550 1683 579 issum
1696 569 1704 583 ,
1724 552 1982 590 quemadmodum
1995 564 2025 583 tu
2036 554 2183 585 facillime

1226 591 1312 622 potes
1331 583 1501 616 existimare
1513 607 1522 621 ‚
1543 590 1595 628 qui
1614 592 1691 620 nihil
1711 602 1853 633 umquam
1867 605 1934 625 mea
1943 595 2044 635 petius
2059 617 2068 629 ,
2088 597 2181 637 quam

1228 634 1368 655 meorum
1379 628 1493 657 civium
1505 631 1589 660 causa
1602 630 1725 661 fecerim
1738 644 1743 661 :
1754 637 1802 664 cui
1814 635 1867 664 nisi
1876 635 2028 667 invidiffet
2038 640 2074 671 is,
2086 647 2181 678 quem.

1224 674 1256 696 tu
1267 676 1434 706 numquam
1446 669 1557 714 amasti:
1570 670 1631 708 (me
1642 675 1723 702 enim
1736 675 1863 716 amabas)
1875 678 1974 717 &ipse
1985 679 2086 709 beatus
2096 678 2179 712 effet.

1226 707 1258 736 &
1267 717 1374 737 omnes
1383 708 1468 738 boni.
1493 713 1556 751 Ego
1568 712 1645 745 sum,
1659 717 1671 739 5
1682 716 1733 754 qui
1743 717 1855 746 nullius
1866 720 1928 748 vim
1940 720 2005 759 plus
2016 721 2112 750 valere
2122 731 2180 751 vo-

1224 748 1288 780 lui,
1299 749 1388 788 quarn
1402 750 1563 782 honestum
1573 755 1672 783 otium
1684 755 1839 797 :idemque
1848 779 1855 791 ‚
1871 759 1942 790 cnm
1953 761 2004 791 illa
2013 763 2074 801 ipsa
2083 772 2177 797 arma,

1223 799 1288 828 quae
1298 791 1413 830 semper
1423 794 1582 824 timueram
1595 815 1604 828 ,
1618 795 1686 834 plus
1697 796 1777 836 posse
1788 798 1859 828 senfi
1872 820 1879 833 ‚
1891 803 1981 841 quam
1991 803 2080 834 illum
2100 807 2178 835 con·

1224 831 1344 861 sensum
1358 833 1511 864 bonorum
1524 855 1533 868 ,
1553 846 1644 876 quem
1654 847 1709 878 ego
1719 838 1801 868 idem
1811 839 1963 872 effeceram
1977 854 1982 872 τ
2000 847 2104 884 quavis
2115 854 2176 878 tuta

1221 872 1401 920 conditione
1418 885 1521 914 pacem
1540 879 1671 917 accipere
1690 880 1783 910 malui
1794 900 1802 914 ‚
1819 881 1910 921 quum
1920 885 2032 915 viribus
2041 896 2111 917 cum
2124 897 2177 918 va·

1222 914 1350 945 lentiore
1366 926 1506 958 pugnare.
1529 918 1585 949 Sed
1606 920 1639 949 ὃς
1660 922 1742 956 haec,
1763 922 1796 952 &
1814 925 1908 954 multa
1917 926 1971 955 alia
1981 927 2081 958 coram
2090 928 2176 960 brevi

1222 964 1358 996 tempore
1375 958 1489 989 licebit.
1532 962 1639 1001 Neque
1658 972 1709 992 me
1728 973 1829 994 tamen
1851 966 1911 995 ulla
1931 976 1975 995 res
1990 968 2046 999 alia
2064 971 2175 1002 Romae

1222 1005 1321 1031 tenet,
1341 998 1396 1028 nisi
1414 1000 1596 1040 exspeStatio
1614 1013 1712 1034 rerum
1733 1004 1952 1037 Africanarum·
1965 1009 2175 1043 videturenim.

1218 1040 1298 1069 mihi
1318 1050 1363 1070 res
1384 1043 1418 1071 in
1438 1045 1640 1084 propinquum
1653 1045 1778 1076 addueia
1789 1047 1964 1079 discrimen.
1987 1053 2062 1080 Puto
2073 1061 2175 1084 autem

1218 1091 1287 1111 mea
1296 1084 1588 1129 nonnihilinteress'e
1600 1097 1605 1115 z
1619 1087 1821 1129 (quamquam
1832 1090 1864 1120 id
1872 1091 1983 1131 ipsum,
1994 1093 2067 1132 quid
2078 1095 2174 1123 inter-

1220 1121 1273 1156 sit,
1292 1133 1357 1170 non
1384 1125 1451 1155 nne
1471 1126 1610 1167 intelligo
1624 1130 1650 1168 z)
1673 1139 1883 1162 verumtamen
1896 1152 1904 1166 ‚
1924 1133 2068 1173 quicquid
2084 1135 2173 1166 illinc

1218 1173 1390 1196 nuntiatum
1411 1165 1444 1196 fit
1455 1187 1463 1200 ,
1488 1166 1504 1188 ⁶
1517 1178 1582 1199 non
1607 1170 1698 1210 longe
1716 1171 1811 1202 abess'e
1821 1172 1837 1202 a
1847 1172 1978 1204 consiliis
1989 1178 2172 1207 amicorum.

1218 1204 1269 1236 Est
1288 1208 1373 1237 enim
1387 1209 1500 1247 resjam
1514 1211 1546 1240 in
1561 1221 1628 1241 eum
1639 1212 1741 1242 locum
1750 1214 1875 1245 adduEka
1888 1235 1896 1249 ,
1916 1225 1966 1249 ut,
1987 1227 2173 1258 quamquam.

1217 1248 1349 1294 multum
1362 1249 1673 1283 interfitintereorum
1686 1255 1801 1289 causas,
1822 1258 1875 1297 qui
1885 1258 2048 1293 dimicant,
2068 1268 2172 1291 tamen

1216 1298 1292 1319 inter
1319 1289 1461 1323 vi&orias
1484 1303 1548 1324 non
1567 1295 1703 1326 multum
1721 1297 1936 1330 interfuturum
1953 1309 2067 1340 putem.
2109 1301 2169 1331 Sed

1211 1330 1300 1370 plane
1319 1334 1459 1368 animus,
1481 1338 1533 1376 qui
1552 1336 1652 1367 dubiis
1669 1338 1886 1370 rebusfozfitan
1897 1340 2168 1376 fueritinfirmior.

1214 1372 1370 1412 desperatis
1387 1375 1582 1408 confirmatus
1602 1378 1645 1409 est
1666 1380 1819 1410 multum:
1841 1392 1933 1422 quem
1948 1385 2036 1413 etiam
2050 1393 2106 1414 [ιι-,ε
2117 1385 2168 1414 su-

1210 1416 1343 1453 periores
1369 1416 1474 1449 littera:
1493 1418 1711 1451 confirmarunt
1730 1433 1736 1451 :
1754 1423 1863 1463 quibus
1879 1425 2017 1454 intellexi
2035 1444 2043 1457 ‚
2073 1436 2163 1458 Quam

1209 1455 1326 1487 fortiter
1343 1459 1486 1498 injuriam
1497 1459 1587 1491 ferres
1598 1472 1603 1490 z
1616 1463 1756 1503 juvitque
1766 1474 1817 1494 me
1832 1484 1840 1498 ‚
1863 1465 1999 1496 tibicum
2012 1461 2164 1497 summan!

1209 1498 1429 1530 humanitatem
1443 1520 1451 1535 ‚
1475 1510 1541 1532 turn
1560 1505 1650 1534 etiam
1670 1513 1732 1535 tuas
1751 1506 1862 1536 litteras
1872 1506 2023 1546 profuisse.
2047 1511 2164 1539 Verum

1209 1541 1292 1570 enirn
1308 1541 1454 1572 scribam:
1475 1545 1621 1574 teneriore
1630 1547 1708 1576 mibi
1722 1550 1826 1577 animo
1837 1548 1991 1578 videbare:
2015 1548 2086 1580 ficut
2095 1560 2166 1580 om-

1208 1581 1339 1628 n'eslfere
1351 1603 1358 1615 ‚
1380 1585 1432 1623 qui
1451 1586 1511 1615 vita
1527 1587 1673 1626 ingenua,
1694 1589 1728 1617 in
1748 1587 1833 1619 beata
1853 1591 1972 1620 civitate
1984 1590 2164 1624 &inlibeni

1204 1632 1350 1653 viximus.
1373 1635 1386 1656 s
1397 1634 1447 1654 an
1458 1646 1466 1659 ‚
1488 1636 1539 1656 υτ
1560 1637 1570 1656 1
1583 1637 1603 1656 1.
1615 1639 1634 1658 L
1646 1639 1668 1658 A
1686 1629 1813 1660 secunda
1832 1631 1984 1662 moderate
2006 1633 2132 1663 tulimus
2148 1648 2154 1663 ·.

1204 1662 1240 1693 fic
1249 1665 1326 1709 hanc
1335 1675 1399 1696 non
1410 1666 1510 1697 solum
1521 1667 1670 1700 adversam
1681 1690 1692 1705 ,
1716 1671 1764 1701 sed
1775 1671 1908 1703 funditus
1919 1674 2049 1705 eversam
2060 1675 2160 1707 tortu-

1203 1715 1273 1736 nam
1292 1709 1409 1738 tortiter
1424 1708 1501 1739 ferre
1519 1710 1679 1742 debemus:
1703 1721 1736 1743 ut
1752 1715 1811 1744 boc
1828 1714 1931 1745 saltem
1949 1717 1980 1745 in
2003 1718 2153 1750 maximis

1201 1749 1289 1779 malis
1317 1749 1391 1780 boni
1415 1751 1635 1793 consequamur
1651 1773 1660 1788 ‚
1689 1764 1735 1785 UT
1755 1765 1899 1786 MORTEM
1919 1766 2020 1797 QLAM
2043 1767 2159 1793 ετιΑΜ

1201 1789 1277 1821 beati
1287 1800 1482 1824 contemnere
1492 1793 1652 1826 debeamus
1666 1816 1676 1830 ,
1697 1798 1850 1837 propterea
1860 1798 1942 1838 quod
1953 1799 2074 1829 nullum
2086 1801 2158 1832 sen-

1199 1831 1266 1862 sum
1277 1831 1347 1863 effet
1356 1834 1489 1865 habitura
1502 1855 1511 1869 ‚
1523 1846 1606 1867 nuuc
1616 1835 1653 1868 sic
1661 1836 1770 1872 affeen,
1781 1849 1845 1869 non
1856 1839 1951 1869 modo
1962 1849 2159 1874 contemnere

1199 1872 1362 1904 debeamus
1373 1894 1382 1909 ‚
1404 1875 1453 1906 sed
1463 1879 1552 1907 etiam
1562 1887 1670 1918 optare.
1695 1882 1744 1910 Tu
1758 1899 1767 1913 ‚
1788 1879 1808 1909 si
1819 1890 1869 1910 me
1880 1880 1980 1922 diligis
1990 1881 2089 1913 fruere
2098 1884 2157 1915 isto

1197 1916 1263 1944 otio
1285 1935 1294 1948 .
1318 1916 1434 1956 tibique
1456 1919 1618 1957 persuade,
1642 1925 1849 1951 71>RAETER
1877 1931 1895 1950 c
1916 1932 1938 1952 u
1952 1933 2069 1953 rur-AM
2095 1936 2151 1956 Ac

1198 1965 1214 1984 Ρ
1225 1965 1246 1984 1‹:
1257 1965 1276 1985 c
1288 1965 1338 1986 cA
1347 1968 1368 1986 τ
1378 1967 1401 1987 u
1414 1968 1440 1988 M
1450 1979 1458 1992 ‚
1478 1969 1536 1999 qua
1555 1960 1669 2000 [emper
1676 1961 1793 1992 caruisti
1803 1982 1812 1996 ‚
1836 1963 1988 1994 &carebis
1998 1985 2007 1999 ‚
2028 1966 2152 1999 homini,

1197 1997 1329 2028 accidere
1346 2000 1423 2029 nihil
1432 2000 1514 2040 poss'e
1529 2020 1538 2035 ,
1556 2002 1638 2042 quod
1648 2001 1834 2034 fitliorribile
1850 2025 1859 2038 ,
1883 2014 1932 2035 aut
1939 2008 2156 2046 pertimescen-

1163 2046 1165 2048 ’
1195 2038 1279 2069 dum.
1303 2042 1328 2070 Ε
1349 2050 1386 2075 0,
1405 2038 1426 2070 fi
1449 2042 1599 2073 videbitur
1619 2043 1698 2074 reste
1717 2043 1781 2075 fieri
1802 2045 1901 2085 pofl'e,
1926 2047 1962 2077 ad
1982 2057 2010 2078 te
2030 2052 2153 2082 veniant

1199 2080 1298 2110 brevi:
1334 2092 1343 2111 1
1361 2082 1434 2127 quid
1455 2084 1616 2119 acciderit,
1636 2095 1669 2116 ut
1690 2087 1870 2117 mutandum
1881 2087 2043 2120 confilium
2053 2089 2103 2121 fit:
2123 2101 2154 2122 te

1195 2123 1356 2153 certiorem
1373 2125 1480 2155 faciam
1500 2124 1609 2157 statim.
1634 2130 1684 2158 Tu
1702 2130 1740 2158 ita
1756 2127 1803 2159 fac
1821 2130 1946 2169 cupidus
1955 2133 2152 2165 meividendi

1196 2162 1231 2193 fis
1246 2183 1255 2198 ‚
1274 2173 1305 2194 ut
1315 2164 1403 2195 istinc
1414 2174 1442 2196 te
1452 2177 1490 2196 ne
1500 2176 1624 2198 moveas
1635 2177 1695 2199 tam
1703 2168 1824 2201 infirma
1834 2172 2005 2203 valetudine
2016 2193 2024 2207 ‚
2044 2173 2100 2204 nifi
2111 2185 2151 2206 cx

1195 2216 1244 2235 me
1259 2204 1342 2246 prius
1361 2206 1510 2248 quaefieris
1530 2210 1719 2248 perlitteras‚
1740 2212 1812 2252 quid
1826 2222 1854 2242 te
1865 2213 2074 2245 velimfacere.
2097 2218 2153 2247 Me

1194 2247 1288 2277 velim
1300 2267 1308 2281 ‚
1324 2257 1356 2278 ut
1368 2248 1440 2279 facis
1450 2270 1460 2284 ‚
1470 2250 1575 2292 diligas
1584 2270 1593 2286 ‚
1604 2252 1824 2297 valitudinique
1833 2262 1890 2287 tuae
1900 2255 1933 2288 ὃ(
1945 2258 2152 2298 tranquillitati

1192 2290 1289 2322 animi
1298 2290 1416 2325 servias.

1869 2341 1937 2388 M.
1980 2340 2029 2388 T
2045 2360 2074 2389 u
2089 2358 2146 2388 L-

1212 2450 1240 2476 4.
1265 2447 1294 2469 Ut
1305 2447 1365 2470 anim
1374 2454 1426 2471 cum
1434 2446 1486 2479 esset
1505 2446 1603 2480 majam]
1631 2447 1709 2474 Licet
1720 2446 1762 2474 hic
1771 2447 1890 2474 Tulliani
1911 2447 1951 2473 isti
1964 2447 2038 2473 Simii
2060 2447 2146 2475 recia-

1164 2460 1251 2506 inient
1263 2498 1271 2511 ‚
1284 2487 1371 2507 tamen
1384 2481 1449 2508 hauc
1459 2480 1601 2508 leffionem
1614 2481 1795 2509 addicentibus
1806 2493 1862 2509 eun
1874 2483 1998 2509 omnibus
2013 2483 2069 2509 mss.
2081 2493 2090 2508 ¹.
2100 2483 2143 2510 iu-

1177 2515 1263 2541 dicavi
1273 2516 1398 2543 Ciceroni
1410 2517 1498 2544 nostro
1509 2537 1517 2548 ‚
1537 2518 1577 2543 cui
1588 2519 1645 2554 post
1657 2518 1806 2545 Vistcrium
1826 2520 1851 2545 iu
1865 2520 1902 2545 lais
1916 2519 2037 2554 Epistoiis
2051 2518 2144 2552 {fasci-

1180 2561 1242 2578 num
1253 2551 1393 2579 abominor
1412 2554 1440 2579 &
1452 2553 1560 2580 lividam
1575 2561 1702 2585 mentem)
1716 2554 1859 2589 plurimum
1879 2555 1999 2581 omniurn
2020 2554 2085 2581 bene
2097 2555 2141 2581 s:-

1180 2587 1281 2615 cimus:
1304 2588 1346 2615 Sic
1355 2589 1552 2623 autem-habent
1562 2590 1629 2616 Pau.
1644 2599 1671 2616 o.
1681 2591 1761 2617 (ἐι-υτ.
1783 2591 1866 2617 editio
1876 2591 1959 2626 prima
1969 2600 1997 2617 ac
2010 2590 2136 2619 Viam-Li.

1180 2623 1236 2650 Alii
1247 2627 1340 2650 eteninr.

1216 2682 1243 2707 5.
1262 2673 1407 2706 Qinullim·
1423 2674 1536 2705 vimplm
1552 2674 1635 2699 valere
1653 2674 1742 2708 volun]
1765 2674 1791 2700 Si
1801 2683 1878 2710 penes
1890 2683 1931 2700 me
1942 2674 2031 2707 staret,
2043 2675 2143 2707 abjice-

1179 2718 1233 2735 rein
1246 2718 1305 2734 cum
1318 2709 1386 2734 Pall.
1397 2707 1483 2735 secun.
1503 2708 1571 2734 illud
1586 2711 1643 2741 plus
1654 2729 1661 2741 ,
1676 2717 1705 2736 ut
1716 2710 1826 2736 mininie
1838 2710 2006 2737 necessarium
2021 2730 2028 2743 ,
2047 2711 2142 2747 sitaque

1179 2744 1293 2770 absentia
1303 2744 1360 2780 plus
1380 2744 1517 2780 elegantiae
1530 2744 1698 2771 relieturum.
1719 2745 1798 2782 Qud.
1810 2754 1896 2772 autem
1918 2746 1984 2782 legit
1996 2747 2142 2774 Lambinzf.

1180 2781 1312 2813 Egosumis
1323 2799 1330 2810 ‚
1349 2783 1391 2813 qui
1403 2799 1410 2811 ,
1428 2782 1478 2810 (5⁹0-
1498 2780 1525 2806 in
1537 2780 1611 2807 nullo
1625 2781 1806 2808 Palatium-um
1830 2782 1948 2808 codicum
1968 2784 2052 2820 reperi
2066 2803 2074 2816 ,
2094 2784 2141 2810 ;,..“·.

1179 2815 1249 2851 quod
1261 2816 1370 2842 eandem
1383 2815 1524 2842 leftioncm
1535 2825 1567 2842 cx
1581 2817 1714 2843 stewech.
1727 2825 1802 2845 notet
1812 2818 1987 2845 Gulielmius.

1213 2864 1242 2890 6.
1263 2868 1314 2890 Non
1326 2866 1387 2897 long&
1396 2865 1468 2896 abeffl’
1485 2863 1501 2889 ax
1512 2864 1606 2897 consiliis
1625 2865 1780 2898 amicornm]
1803 2865 1966 2900 Pyrrl=onica
1979 2865 2109 2893 Lambivu
2128 2877 2138 2893 ·.

1177 2901 1317 2936 occupavit
1328 2900 1454 2926 haefitatio
1464 2899 1497 2926 dc
1510 2899 1618 2925 verbulo
1628 2901 1699 2924 velim
1711 2920 1715 2925 .
1735 2908 1761 2926 at
1771 2909 1822 2936 ego
1832 2901 1902 2927 idem
1917 2901 2007 2927 Stoici
2017 2902 2139 2929 consta-..-

1177 2936 1213 2961 tia
1230 2936 1298 2962 tollo
1311 2956 1318 2967 ,
1329 2945 1361 2962 ex
1375 2935 1444 2962 Pall.
1455 2935 1590 2966 omnibus,
1603 2936 1625 2961 G
1634 2936 1769 2962 ruteriano
1780 2955 1788 2968 ‚
1799 2937 1945 2968 Vaticnm5
1965 2936 2082 2965 editione
2093 2940 2139 2964 x'i-

1176 2970 1273 3001 &oi-im
1302 2972 1366 2998 sicut
1377 2972 1404 2997 δε
1419 2971 1496 3006 paulo
1509 2971 1594 2998 statim
1607 2971 1813 3007 provocabulum
1825 2973 1885 3006 ipsa.

1210 3023 1239 3049 7.
1257 3019 1347 3041 Praeter
1356 3017 1446 3048 culpam
1457 3024 1484 3040 ac
1490 3022 1622 3048 peccatum,
1632 3014 1774 3049 qua‘jbmper
1785 3017 1910 3051 caruisti]
1932 3017 1975 3043 Sic
1987 3017 2020 3044 εἷς
2032 3018 2058 3044 in
2070 3018 2125 3043 Pau
2136 3039 2140 3042 .

1175 3058 1288 3086 quatuor
1299 3052 1380 3077 Grut.
1400 3051 1527 3077 Vaticano
1538 3070 1547 3082 ‚
1566 3050 1684 3078 editione
1694 3052 1778 3087 prima
1794 3061 1823 3080 ac
1835 3051 1948 3080 viimi
1971 3053 2040 3080 Pisi.
2060 3055 2139 3080 Ten„

1159 3090 1164 3122 ς
1175 3088 1267 3121 cta-'pam
1275 3094 1399 3121 acpaenam
1409 3095 1470 3123 qua,
1480 3086 1559 3115 male.
1581 3087 1675 3124 vulgo,
1686 3097 1740 3122 quo.

2077 3198 2106 3228 '25¹

1595 3197 1694 3226 Rrrr
2031 3205 2054 3224 ι.
