<?xml version="1.0" encoding="UTF-8"?>
<!DOCTYPE html PUBLIC "-//W3C//DTD XHTML 1.0 Transitional//EN"
    "http://www.w3.org/TR/xhtml1/DTD/xhtml1-transitional.dtd">
<html xmlns="http://www.w3.org/1999/xhtml" xml:lang="en" lang="en">
 <head>
  <title>
</title>
<meta http-equiv="Content-Type" content="text/html;charset=utf-8" />
  <meta name='ocr-system' content='tesseract 3.04.00' />
  <meta name='ocr-capabilities' content='ocr_page ocr_carea ocr_par ocr_line ocrx_word'/>
</head>
<body>
  <div class='ocr_page' id='page_1' title='image "./mtuliiciceroniso00cice/mtuliiciceroniso00cice_0860.png"; bbox 0 0 2337 3400; ppageno 0'>
   <div class='ocr_carea' id='block_1_1' title="bbox 126 734 147 765">
    <p class='ocr_par' dir='ltr' id='par_1_1' title="bbox 126 734 147 765">
     <span class='ocr_line' id='line_1_1' title="bbox 126 734 147 765; baseline 0 0"><span class='ocrx_word' id='word_1_1' title='bbox 126 734 147 765; x_wconf 92' lang='lat'><strong>6</strong></span> 
     </span>
    </p>
   </div>
   <div class='ocr_carea' id='block_1_2' title="bbox 131 1339 148 1371">
    <p class='ocr_par' dir='ltr' id='par_1_2' title="bbox 131 1339 148 1371">
     <span class='ocr_line' id='line_1_2' title="bbox 131 1339 148 1371; baseline 0 0"><span class='ocrx_word' id='word_1_2' title='bbox 131 1339 148 1371; x_wconf 88' lang='grc'><strong><em>7</em></strong></span> 
     </span>
    </p>
   </div>
   <div class='ocr_carea' id='block_1_3' title="bbox 157 121 1076 196">
    <p class='ocr_par' dir='ltr' id='par_1_3' title="bbox 157 121 1076 196">
     <span class='ocr_line' id='line_1_3' title="bbox 157 121 1076 196; baseline -0.021 -14"><span class='ocrx_word' id='word_1_3' title='bbox 157 134 252 196; x_wconf 80' lang='grc'>768</span> <span class='ocrx_word' id='word_1_4' title='bbox 567 121 1076 171; x_wconf 72' lang='grc' dir='ltr'>Μ.Τυῑ.ῑ.ιῑ</span> 
     </span>
    </p>
   </div>
   <div class='ocr_carea' id='block_1_4' title="bbox 156 202 1120 290">
    <p class='ocr_par' dir='ltr' id='par_1_4' title="bbox 156 202 1120 290">
     <span class='ocr_line' id='line_1_4' title="bbox 157 202 1118 247; baseline -0.014 -2"><span class='ocrx_word' id='word_1_5' title='bbox 157 214 191 245; x_wconf 84' lang='lat' dir='ltr'>ad</span> <span class='ocrx_word' id='word_1_6' title='bbox 211 223 238 243; x_wconf 82' lang='lat' dir='ltr'>te</span> <span class='ocrx_word' id='word_1_7' title='bbox 258 212 424 243; x_wconf 61' lang='lat' dir='ltr'>bitrionem</span> <span class='ocrx_word' id='word_1_8' title='bbox 447 208 617 239; x_wconf 78' lang='lat' dir='ltr'>remittere:</span> <span class='ocrx_word' id='word_1_9' title='bbox 637 214 748 247; x_wconf 86' lang='lat' dir='ltr'>quem,</span> <span class='ocrx_word' id='word_1_10' title='bbox 769 204 842 235; x_wconf 73' lang='lat' dir='ltr'>cum</span> <span class='ocrx_word' id='word_1_11' title='bbox 861 202 1039 234; x_wconf 76' lang='lat' dir='ltr'>meliuscule</span> <span class='ocrx_word' id='word_1_12' title='bbox 1061 202 1118 233; x_wconf 87' lang='lat' dir='ltr'>tibi</span> 
     </span>
     <span class='ocr_line' id='line_1_5' title="bbox 156 246 1120 290; baseline -0.012 -5"><span class='ocrx_word' id='word_1_13' title='bbox 156 255 243 287; x_wconf 71' lang='lat' dir='ltr'>essct,</span> <span class='ocrx_word' id='word_1_14' title='bbox 267 255 300 283; x_wconf 75' lang='lat' dir='ltr'>nd</span> <span class='ocrx_word' id='word_1_15' title='bbox 321 262 370 282; x_wconf 83' lang='lat' dir='ltr'>me</span> <span class='ocrx_word' id='word_1_16' title='bbox 391 254 523 281; x_wconf 76' lang='lat' dir='ltr'>mitteres</span> <span class='ocrx_word' id='word_1_17' title='bbox 539 260 545 278; x_wconf 92' lang='lat'>:</span> <span class='ocrx_word' id='word_1_18' title='bbox 563 248 612 279; x_wconf 85' lang='lat' dir='ltr'>sed</span> <span class='ocrx_word' id='word_1_19' title='bbox 629 248 779 290; x_wconf 76' lang='lat' dir='ltr'>cogitavi,</span> <span class='ocrx_word' id='word_1_20' title='bbox 799 246 994 276; x_wconf 86' lang='lat' dir='ltr'>unaslitteras</span> <span class='ocrx_word' id='word_1_21' title='bbox 1008 247 1120 275; x_wconf 91' lang='lat' dir='ltr'>Mario-</span> 
     </span>
    </p>
   </div>
   <div class='ocr_carea' id='block_1_5' title="bbox 158 287 1147 333">
    <p class='ocr_par' dir='ltr' id='par_1_5' title="bbox 158 287 1147 333">
     <span class='ocr_line' id='line_1_6' title="bbox 158 287 1147 333; baseline -0.01 -8"><span class='ocrx_word' id='word_1_22' title='bbox 158 306 230 326; x_wconf 69' lang='lat' dir='ltr'>nem</span> <span class='ocrx_word' id='word_1_23' title='bbox 247 294 347 325; x_wconf 69' lang='lat' dir='ltr'>afferre</span> <span class='ocrx_word' id='word_1_24' title='bbox 365 291 447 333; x_wconf 65' lang='lat' dir='ltr'>posse</span> <span class='ocrx_word' id='word_1_25' title='bbox 460 313 469 326; x_wconf 88' lang='lat'><em>,</em></span> <span class='ocrx_word' id='word_1_26' title='bbox 492 302 541 322; x_wconf 87' lang='lat' dir='ltr'>me</span> <span class='ocrx_word' id='word_1_27' title='bbox 559 299 660 321; x_wconf 83' lang='lat' dir='ltr'>autem</span> <span class='ocrx_word' id='word_1_28' title='bbox 674 289 789 320; x_wconf 84' lang='lat' dir='ltr'>crebras</span> <span class='ocrx_word' id='word_1_29' title='bbox 803 287 982 328; x_wconf 61' lang='lat' dir='ltr'>exspefilmre.</span> <span class='ocrx_word' id='word_1_30' title='bbox 1007 288 1123 317; x_wconf 86' lang='lat' dir='ltr'>Poteris</span> <span class='ocrx_word' id='word_1_31' title='bbox 1145 304 1147 315; x_wconf 52' lang='lat' dir='ltr'>i</span> 
     </span>
    </p>
   </div>
   <div class='ocr_carea' id='block_1_6' title="bbox 156 327 1128 711">
    <p class='ocr_par' dir='ltr' id='par_1_6' title="bbox 156 327 1128 711">
     <span class='ocr_line' id='line_1_7' title="bbox 157 327 1122 377; baseline -0.009 -11"><span class='ocrx_word' id='word_1_32' title='bbox 157 340 266 377; x_wconf 82' lang='lat' dir='ltr'>igitur,</span> <span class='ocrx_word' id='word_1_33' title='bbox 287 336 320 365; x_wconf 70' lang='lat' dir='ltr'>&amp;c</span> <span class='ocrx_word' id='word_1_34' title='bbox 342 334 449 367; x_wconf 70' lang='lat' dir='ltr'>facies,</span> <span class='ocrx_word' id='word_1_35' title='bbox 470 333 490 363; x_wconf 88' lang='lat' dir='ltr'>si</span> <span class='ocrx_word' id='word_1_36' title='bbox 510 343 560 362; x_wconf 89' lang='lat' dir='ltr'>me</span> <span class='ocrx_word' id='word_1_37' title='bbox 578 333 701 372; x_wconf 77' lang='lat' dir='ltr'>diligis,</span> <span class='ocrx_word' id='word_1_38' title='bbox 722 340 754 360; x_wconf 88' lang='lat' dir='ltr'>ut</span> <span class='ocrx_word' id='word_1_39' title='bbox 769 329 904 371; x_wconf 77' lang='lat' dir='ltr'>quotidie</span> <span class='ocrx_word' id='word_1_40' title='bbox 915 327 1122 359; x_wconf 79' lang='lat' dir='ltr'>sitAcastusin</span> 
     </span>
     <span class='ocr_line' id='line_1_8' title="bbox 157 368 1121 418; baseline -0.009 -10"><span class='ocrx_word' id='word_1_41' title='bbox 157 388 256 418; x_wconf 85' lang='lat' dir='ltr'>portu.</span> <span class='ocrx_word' id='word_1_42' title='bbox 282 377 495 408; x_wconf 68' lang='lat' dir='ltr'>Malueram,</span> <span class='ocrx_word' id='word_1_43' title='bbox 516 374 625 415; x_wconf 83' lang='lat' dir='ltr'>quibus</span> <span class='ocrx_word' id='word_1_44' title='bbox 644 372 723 402; x_wconf 68' lang='lat' dir='ltr'>rcEte</span> <span class='ocrx_word' id='word_1_45' title='bbox 750 373 860 402; x_wconf 86' lang='lat' dir='ltr'>litteras</span> <span class='ocrx_word' id='word_1_46' title='bbox 870 371 938 402; x_wconf 87' lang='lat' dir='ltr'>dare</span> <span class='ocrx_word' id='word_1_47' title='bbox 947 368 1036 411; x_wconf 87' lang='lat' dir='ltr'>poffis</span> <span class='ocrx_word' id='word_1_48' title='bbox 1050 390 1058 404; x_wconf 93' lang='lat'>,</span> <span class='ocrx_word' id='word_1_49' title='bbox 1070 370 1121 410; x_wconf 90' lang='lat' dir='ltr'>qui</span> 
     </span>
     <span class='ocr_line' id='line_1_9' title="bbox 156 414 1123 458; baseline -0.009 -8"><span class='ocrx_word' id='word_1_50' title='bbox 156 420 191 450; x_wconf 86' lang='lat' dir='ltr'>ad</span> <span class='ocrx_word' id='word_1_51' title='bbox 213 429 262 449; x_wconf 86' lang='lat' dir='ltr'>me</span> <span class='ocrx_word' id='word_1_52' title='bbox 286 420 413 449; x_wconf 78' lang='lat' dir='ltr'>libenter</span> <span class='ocrx_word' id='word_1_53' title='bbox 430 417 586 458; x_wconf 78' lang='lat' dir='ltr'>perferant.</span> <span class='ocrx_word' id='word_1_54' title='bbox 610 414 761 456; x_wconf 80' lang='lat' dir='ltr'>Equidem</span> <span class='ocrx_word' id='word_1_55' title='bbox 783 417 878 444; x_wconf 84' lang='lat' dir='ltr'>Patras</span> <span class='ocrx_word' id='word_1_56' title='bbox 888 422 1010 443; x_wconf 90' lang='lat' dir='ltr'>euntem</span> <span class='ocrx_word' id='word_1_57' title='bbox 1022 414 1123 441; x_wconf 84' lang='lat' dir='ltr'>nemi-</span> 
     </span>
     <span class='ocr_line' id='line_1_10' title="bbox 157 455 1123 500; baseline -0.008 -9"><span class='ocrx_word' id='word_1_58' title='bbox 157 471 229 492; x_wconf 87' lang='lat' dir='ltr'>nem</span> <span class='ocrx_word' id='word_1_59' title='bbox 242 462 477 500; x_wconf 61' lang='lat' dir='ltr'>praetermittam.</span> <span class='ocrx_word' id='word_1_60' title='bbox 502 462 565 500; x_wconf 83' lang='lat' dir='ltr'>Ego</span> <span class='ocrx_word' id='word_1_61' title='bbox 583 466 710 487; x_wconf 83' lang='lat' dir='ltr'>omnem</span> <span class='ocrx_word' id='word_1_62' title='bbox 730 456 812 495; x_wconf 85' lang='lat' dir='ltr'>spem</span> <span class='ocrx_word' id='word_1_63' title='bbox 831 456 876 485; x_wconf 85' lang='lat' dir='ltr'>tui</span> <span class='ocrx_word' id='word_1_64' title='bbox 895 455 1054 496; x_wconf 77' lang='lat' dir='ltr'>diligenter</span> <span class='ocrx_word' id='word_1_65' title='bbox 1070 464 1123 484; x_wconf 91' lang='lat' dir='ltr'>cu-</span> 
     </span>
     <span class='ocr_line' id='line_1_11' title="bbox 157 496 1125 538; baseline -0.008 -5"><span class='ocrx_word' id='word_1_66' title='bbox 157 502 242 533; x_wconf 84' lang='lat' dir='ltr'>randi</span> <span class='ocrx_word' id='word_1_67' title='bbox 254 504 286 532; x_wconf 87' lang='lat' dir='ltr'>in</span> <span class='ocrx_word' id='word_1_68' title='bbox 298 505 390 532; x_wconf 85' lang='lat' dir='ltr'>Curio</span> <span class='ocrx_word' id='word_1_69' title='bbox 403 502 506 531; x_wconf 84' lang='lat' dir='ltr'>habeo.</span> <span class='ocrx_word' id='word_1_70' title='bbox 532 500 621 530; x_wconf 80' lang='lat' dir='ltr'>Nihil</span> <span class='ocrx_word' id='word_1_71' title='bbox 632 497 731 538; x_wconf 82' lang='lat' dir='ltr'>potest</span> <span class='ocrx_word' id='word_1_72' title='bbox 742 498 795 527; x_wconf 90' lang='lat' dir='ltr'>illo</span> <span class='ocrx_word' id='word_1_73' title='bbox 807 496 1063 529; x_wconf 85' lang='lat' dir='ltr'>fierihumanius,</span> <span class='ocrx_word' id='word_1_74' title='bbox 1077 497 1125 525; x_wconf 89' lang='lat' dir='ltr'>ni-</span> 
     </span>
     <span class='ocr_line' id='line_1_12' title="bbox 160 536 1124 578; baseline -0.008 -4"><span class='ocrx_word' id='word_1_75' title='bbox 160 545 204 574; x_wconf 87' lang='lat' dir='ltr'>hil</span> <span class='ocrx_word' id='word_1_76' title='bbox 217 544 310 574; x_wconf 78' lang='lat' dir='ltr'>nostri</span> <span class='ocrx_word' id='word_1_77' title='bbox 321 546 479 574; x_wconf 80' lang='lat' dir='ltr'>amantius.</span> <span class='ocrx_word' id='word_1_78' title='bbox 504 544 540 573; x_wconf 89' lang='lat' dir='ltr'>Ei</span> <span class='ocrx_word' id='word_1_79' title='bbox 552 551 578 572; x_wconf 93' lang='lat' dir='ltr'>te</span> <span class='ocrx_word' id='word_1_80' title='bbox 589 550 688 571; x_wconf 87' lang='lat' dir='ltr'>totum</span> <span class='ocrx_word' id='word_1_81' title='bbox 702 539 791 570; x_wconf 87' lang='lat' dir='ltr'>trade.</span> <span class='ocrx_word' id='word_1_82' title='bbox 815 539 935 569; x_wconf 86' lang='lat' dir='ltr'>malote</span> <span class='ocrx_word' id='word_1_83' title='bbox 945 539 1047 578; x_wconf 85' lang='lat' dir='ltr'>paullo</span> <span class='ocrx_word' id='word_1_84' title='bbox 1057 536 1124 577; x_wconf 76' lang='lat' dir='ltr'>post</span> 
     </span>
     <span class='ocr_line' id='line_1_13' title="bbox 157 581 1126 627; baseline -0.008 -11"><span class='ocrx_word' id='word_1_85' title='bbox 157 586 312 616; x_wconf 73' lang='lat' dir='ltr'>valentem</span> <span class='ocrx_word' id='word_1_86' title='bbox 325 605 332 618; x_wconf 84' lang='lat'><strong>‚</strong></span> <span class='ocrx_word' id='word_1_87' title='bbox 354 586 445 627; x_wconf 79' lang='lat' dir='ltr'>quam</span> <span class='ocrx_word' id='word_1_88' title='bbox 465 584 563 614; x_wconf 81' lang='lat' dir='ltr'>statim</span> <span class='ocrx_word' id='word_1_89' title='bbox 585 582 777 612; x_wconf 81' lang='lat' dir='ltr'>imbecillum</span> <span class='ocrx_word' id='word_1_90' title='bbox 795 581 913 612; x_wconf 81' lang='lat' dir='ltr'>videre.</span> <span class='ocrx_word' id='word_1_91' title='bbox 941 583 1018 610; x_wconf 88' lang='lat' dir='ltr'>Cura</span> <span class='ocrx_word' id='word_1_92' title='bbox 1036 581 1126 620; x_wconf 86' lang='lat' dir='ltr'>igitur</span> 
     </span>
     <span class='ocr_line' id='line_1_14' title="bbox 162 623 1127 664; baseline -0.007 -6"><span class='ocrx_word' id='word_1_93' title='bbox 162 627 333 658; x_wconf 65' lang='lat' dir='ltr'>nihilaliud</span> <span class='ocrx_word' id='word_1_94' title='bbox 345 647 354 660; x_wconf 87' lang='lat'><em>,</em></span> <span class='ocrx_word' id='word_1_95' title='bbox 373 626 428 657; x_wconf 81' lang='lat' dir='ltr'>nisi</span> <span class='ocrx_word' id='word_1_96' title='bbox 444 636 475 655; x_wconf 88' lang='lat' dir='ltr'>ut</span> <span class='ocrx_word' id='word_1_97' title='bbox 486 636 517 656; x_wconf 85' lang='lat' dir='ltr'>tu</span> <span class='ocrx_word' id='word_1_98' title='bbox 531 626 643 655; x_wconf 80' lang='lat' dir='ltr'>valeas:</span> <span class='ocrx_word' id='word_1_99' title='bbox 659 634 754 654; x_wconf 82' lang='lat' dir='ltr'>cetera</span> <span class='ocrx_word' id='word_1_100' title='bbox 763 633 819 664; x_wconf 84' lang='lat' dir='ltr'>ego</span> <span class='ocrx_word' id='word_1_101' title='bbox 828 623 948 653; x_wconf 77' lang='lat' dir='ltr'>curabo.</span> <span class='ocrx_word' id='word_1_102' title='bbox 973 623 1073 652; x_wconf 84' lang='lat' dir='ltr'>Etiam</span> <span class='ocrx_word' id='word_1_103' title='bbox 1084 629 1127 651; x_wconf 91' lang='lat' dir='ltr'>at-</span> 
     </span>
     <span class='ocr_line' id='line_1_15' title="bbox 161 663 1128 711; baseline -0.007 -11"><span class='ocrx_word' id='word_1_104' title='bbox 161 679 220 711; x_wconf 88' lang='lat' dir='ltr'>que</span> <span class='ocrx_word' id='word_1_105' title='bbox 231 672 321 699; x_wconf 79' lang='lat' dir='ltr'>etiam</span> <span class='ocrx_word' id='word_1_106' title='bbox 333 669 408 699; x_wconf 86' lang='lat' dir='ltr'>vale.</span> <span class='ocrx_word' id='word_1_107' title='bbox 433 667 568 699; x_wconf 81' lang='lat' dir='ltr'>Leucade</span> <span class='ocrx_word' id='word_1_108' title='bbox 578 665 784 707; x_wconf 76' lang='lat' dir='ltr'>proficiscenS,</span> <span class='ocrx_word' id='word_1_109' title='bbox 795 675 832 695; x_wconf 84' lang='lat' dir='ltr'>v1</span> <span class='ocrx_word' id='word_1_110' title='bbox 843 675 866 694; x_wconf 82' lang='grc' dir='ltr'>ι.</span> <span class='ocrx_word' id='word_1_111' title='bbox 878 665 946 694; x_wconf 88' lang='lat' dir='ltr'>idus</span> <span class='ocrx_word' id='word_1_112' title='bbox 958 663 1128 693; x_wconf 87' lang='lat' dir='ltr'>Novembr.</span> 
     </span>
    </p>
   </div>
   <div class='ocr_carea' id='block_1_7' title="bbox 164 722 1133 1274">
    <p class='ocr_par' dir='ltr' id='par_1_7' title="bbox 268 722 1030 808">
     <span class='ocr_line' id='line_1_16' title="bbox 268 722 1030 757; baseline -0.005 -1"><span class='ocrx_word' id='word_1_113' title='bbox 268 729 313 757; x_wconf 89' lang='grc' dir='ltr'>Μ.</span> <span class='ocrx_word' id='word_1_114' title='bbox 333 728 515 757; x_wconf 87' lang='lat' dir='ltr'>TULLIUS</span> <span class='ocrx_word' id='word_1_115' title='bbox 537 727 612 755; x_wconf 83' lang='lat' dir='ltr'>CIC.</span> <span class='ocrx_word' id='word_1_116' title='bbox 635 725 771 755; x_wconf 83' lang='lat' dir='ltr'><strong>PATER</strong></span> <span class='ocrx_word' id='word_1_117' title='bbox 795 726 850 753; x_wconf 81' lang='lat' dir='ltr'>ET</span> <span class='ocrx_word' id='word_1_118' title='bbox 873 722 949 753; x_wconf 87' lang='lat' dir='ltr'>FIL.</span> <span class='ocrx_word' id='word_1_119' title='bbox 973 723 1030 752; x_wconf 92' lang='lat' dir='ltr'>ET</span> 
     </span>
     <span class='ocr_line' id='line_1_17' title="bbox 423 767 869 808; baseline -0.011 -11"><span class='ocrx_word' id='word_1_120' title='bbox 423 771 461 808; x_wconf 85' lang='lat' dir='ltr'>Q.</span> <span class='ocrx_word' id='word_1_121' title='bbox 479 770 518 806; x_wconf 90' lang='lat' dir='ltr'>Q.</span> <span class='ocrx_word' id='word_1_122' title='bbox 542 768 749 799; x_wconf 76' lang='lat' dir='ltr'>TRIRONI.</span> <span class='ocrx_word' id='word_1_123' title='bbox 783 768 812 795; x_wconf 82' lang='lat' dir='ltr'>s.</span> <span class='ocrx_word' id='word_1_124' title='bbox 829 767 869 794; x_wconf 89' lang='lat' dir='ltr'>D.</span> 
     </span>
    </p>

    <p class='ocr_par' dir='ltr' id='par_1_8' title="bbox 261 807 1128 850">
     <span class='ocr_line' id='line_1_18' title="bbox 261 807 1128 850; baseline -0.007 -5"><span class='ocrx_word' id='word_1_125' title='bbox 261 818 403 846; x_wconf 72' lang='lat' dir='ltr'>EarrAM</span> <span class='ocrx_word' id='word_1_126' title='bbox 415 813 450 843; x_wconf 89' lang='lat' dir='ltr'>ad</span> <span class='ocrx_word' id='word_1_127' title='bbox 461 822 489 842; x_wconf 87' lang='lat' dir='ltr'>te</span> <span class='ocrx_word' id='word_1_128' title='bbox 500 814 576 842; x_wconf 86' lang='lat' dir='ltr'>hanc</span> <span class='ocrx_word' id='word_1_129' title='bbox 588 810 746 850; x_wconf 86' lang='lat' dir='ltr'>epistolam</span> <span class='ocrx_word' id='word_1_130' title='bbox 758 807 853 848; x_wconf 83' lang='lat' dir='ltr'>scripsi</span> <span class='ocrx_word' id='word_1_131' title='bbox 865 807 972 838; x_wconf 88' lang='lat' dir='ltr'>eodem</span> <span class='ocrx_word' id='word_1_132' title='bbox 984 808 1034 839; x_wconf 89' lang='lat' dir='ltr'>die</span> <span class='ocrx_word' id='word_1_133' title='bbox 1043 827 1053 842; x_wconf 86' lang='lat'>‚</span> <span class='ocrx_word' id='word_1_134' title='bbox 1066 817 1128 839; x_wconf 90' lang='lat' dir='ltr'>ma-</span> 
     </span>
    </p>

    <p class='ocr_par' dir='ltr' id='par_1_9' title="bbox 164 849 1133 1274">
     <span class='ocr_line' id='line_1_19' title="bbox 261 849 1130 899; baseline -0.009 -12"><span class='ocrx_word' id='word_1_135' title='bbox 261 859 305 899; x_wconf 88' lang='lat' dir='ltr'>gis</span> <span class='ocrx_word' id='word_1_136' title='bbox 316 856 446 887; x_wconf 84' lang='lat' dir='ltr'>instituti</span> <span class='ocrx_word' id='word_1_137' title='bbox 457 856 518 884; x_wconf 77' lang='lat' dir='ltr'>mci</span> <span class='ocrx_word' id='word_1_138' title='bbox 532 853 656 883; x_wconf 86' lang='lat' dir='ltr'>tenendi</span> <span class='ocrx_word' id='word_1_139' title='bbox 666 852 750 882; x_wconf 86' lang='lat' dir='ltr'>causa</span> <span class='ocrx_word' id='word_1_140' title='bbox 762 871 770 883; x_wconf 85' lang='lat'><em>,</em></span> <span class='ocrx_word' id='word_1_141' title='bbox 791 853 860 891; x_wconf 88' lang='lat' dir='ltr'>quia</span> <span class='ocrx_word' id='word_1_142' title='bbox 871 849 976 887; x_wconf 65' lang='lat' dir='ltr'>naEtus</span> <span class='ocrx_word' id='word_1_143' title='bbox 992 860 1072 880; x_wconf 88' lang='lat' dir='ltr'>eram</span> <span class='ocrx_word' id='word_1_144' title='bbox 1081 852 1130 879; x_wconf 90' lang='lat' dir='ltr'>cui</span> 
     </span>
     <span class='ocr_line' id='line_1_20' title="bbox 164 892 1128 940; baseline -0.01 -10"><span class='ocrx_word' id='word_1_145' title='bbox 164 899 267 930; x_wconf 67' lang='lat' dir='ltr'>darem</span> <span class='ocrx_word' id='word_1_146' title='bbox 278 919 285 933; x_wconf 86' lang='lat'>‚</span> <span class='ocrx_word' id='word_1_147' title='bbox 302 898 392 940; x_wconf 61' lang='lat' dir='ltr'>quam</span> <span class='ocrx_word' id='word_1_148' title='bbox 403 917 411 931; x_wconf 89' lang='lat'>,</span> <span class='ocrx_word' id='word_1_149' title='bbox 425 895 487 938; x_wconf 72' lang='lat' dir='ltr'>quo</span> <span class='ocrx_word' id='word_1_150' title='bbox 500 896 639 926; x_wconf 81' lang='lat' dir='ltr'>haberem</span> <span class='ocrx_word' id='word_1_151' title='bbox 650 913 658 927; x_wconf 85' lang='lat'>‚</span> <span class='ocrx_word' id='word_1_152' title='bbox 674 892 748 933; x_wconf 85' lang='lat' dir='ltr'>quid</span> <span class='ocrx_word' id='word_1_153' title='bbox 760 892 930 922; x_wconf 81' lang='lat' dir='ltr'>scriberem.</span> <span class='ocrx_word' id='word_1_154' title='bbox 953 893 1050 933; x_wconf 84' lang='lat' dir='ltr'>Igitur</span> <span class='ocrx_word' id='word_1_155' title='bbox 1059 892 1128 921; x_wconf 86' lang='lat' dir='ltr'>illa:</span> 
     </span>
     <span class='ocr_line' id='line_1_21' title="bbox 164 933 1130 982; baseline -0.008 -12"><span class='ocrx_word' id='word_1_156' title='bbox 164 950 314 982; x_wconf 80' lang='lat' dir='ltr'>quantum</span> <span class='ocrx_word' id='word_1_157' title='bbox 326 950 375 970; x_wconf 83' lang='lat' dir='ltr'>me</span> <span class='ocrx_word' id='word_1_158' title='bbox 389 939 508 979; x_wconf 83' lang='lat' dir='ltr'>diligis,</span> <span class='ocrx_word' id='word_1_159' title='bbox 530 945 647 967; x_wconf 83' lang='lat' dir='ltr'>tantum</span> <span class='ocrx_word' id='word_1_160' title='bbox 660 934 769 965; x_wconf 80' lang='lat' dir='ltr'>adhibe</span> <span class='ocrx_word' id='word_1_161' title='bbox 788 936 821 964; x_wconf 92' lang='lat' dir='ltr'>in</span> <span class='ocrx_word' id='word_1_162' title='bbox 839 943 867 965; x_wconf 85' lang='lat' dir='ltr'>te</span> <span class='ocrx_word' id='word_1_163' title='bbox 885 933 1060 975; x_wconf 68' lang='lat' dir='ltr'>diligentiae.</span> <span class='ocrx_word' id='word_1_164' title='bbox 1084 933 1130 963; x_wconf 90' lang='lat' dir='ltr'>Ad</span> 
     </span>
     <span class='ocr_line' id='line_1_22' title="bbox 166 975 1131 1016; baseline -0.01 -2"><span class='ocrx_word' id='word_1_165' title='bbox 166 993 217 1013; x_wconf 81' lang='lat' dir='ltr'>tua</span> <span class='ocrx_word' id='word_1_166' title='bbox 233 981 467 1013; x_wconf 67' lang='lat' dir='ltr'>innumerabilia</span> <span class='ocrx_word' id='word_1_167' title='bbox 480 982 513 1009; x_wconf 83' lang='lat' dir='ltr'>in</span> <span class='ocrx_word' id='word_1_168' title='bbox 528 988 577 1008; x_wconf 85' lang='lat' dir='ltr'>me</span> <span class='ocrx_word' id='word_1_169' title='bbox 591 976 691 1008; x_wconf 83' lang='lat' dir='ltr'>officia</span> <span class='ocrx_word' id='word_1_170' title='bbox 704 976 779 1007; x_wconf 87' lang='lat' dir='ltr'>adde</span> <span class='ocrx_word' id='word_1_171' title='bbox 792 977 850 1007; x_wconf 90' lang='lat' dir='ltr'>hoc</span> <span class='ocrx_word' id='word_1_172' title='bbox 862 996 870 1009; x_wconf 93' lang='lat'>‚</span> <span class='ocrx_word' id='word_1_173' title='bbox 890 975 972 1016; x_wconf 91' lang='lat' dir='ltr'>quod</span> <span class='ocrx_word' id='word_1_174' title='bbox 983 976 1060 1005; x_wconf 90' lang='lat' dir='ltr'>mihi</span> <span class='ocrx_word' id='word_1_175' title='bbox 1075 977 1131 1005; x_wconf 90' lang='lat' dir='ltr'>erit</span> 
     </span>
     <span class='ocr_line' id='line_1_23' title="bbox 171 1017 1132 1065; baseline -0.009 -10"><span class='ocrx_word' id='word_1_176' title='bbox 171 1024 366 1065; x_wconf 77' lang='lat' dir='ltr'>gratissimum</span> <span class='ocrx_word' id='word_1_177' title='bbox 378 1022 519 1053; x_wconf 87' lang='lat' dir='ltr'>omnium</span> <span class='ocrx_word' id='word_1_178' title='bbox 535 1040 543 1054; x_wconf 91' lang='lat'>,</span> <span class='ocrx_word' id='word_1_179' title='bbox 566 1019 638 1050; x_wconf 78' lang='lat' dir='ltr'>cum</span> <span class='ocrx_word' id='word_1_180' title='bbox 652 1018 828 1049; x_wconf 86' lang='lat' dir='ltr'>valitudinis</span> <span class='ocrx_word' id='word_1_181' title='bbox 838 1019 987 1048; x_wconf 80' lang='lat' dir='ltr'>rationem</span> <span class='ocrx_word' id='word_1_182' title='bbox 998 1037 1006 1051; x_wconf 90' lang='lat'>‚</span> <span class='ocrx_word' id='word_1_183' title='bbox 1026 1026 1059 1047; x_wconf 87' lang='lat' dir='ltr'>ut</span> <span class='ocrx_word' id='word_1_184' title='bbox 1069 1017 1132 1057; x_wconf 90' lang='lat' dir='ltr'>spe-</span> 
     </span>
     <span class='ocr_line' id='line_1_24' title="bbox 167 1060 1129 1102; baseline -0.009 -5"><span class='ocrx_word' id='word_1_185' title='bbox 167 1077 201 1096; x_wconf 90' lang='lat' dir='ltr'>ro</span> <span class='ocrx_word' id='word_1_186' title='bbox 213 1087 219 1100; x_wconf 88' lang='lat'>‚</span> <span class='ocrx_word' id='word_1_187' title='bbox 241 1067 377 1097; x_wconf 79' lang='lat' dir='ltr'>habueris</span> <span class='ocrx_word' id='word_1_188' title='bbox 388 1085 396 1098; x_wconf 92' lang='lat'>,</span> <span class='ocrx_word' id='word_1_189' title='bbox 418 1063 526 1093; x_wconf 75' lang='lat' dir='ltr'>habeto</span> <span class='ocrx_word' id='word_1_190' title='bbox 543 1063 635 1092; x_wconf 81' lang='lat' dir='ltr'>etiam</span> <span class='ocrx_word' id='word_1_191' title='bbox 647 1062 856 1102; x_wconf 85' lang='lat' dir='ltr'>navigationis.</span> <span class='ocrx_word' id='word_1_192' title='bbox 879 1062 916 1089; x_wconf 80' lang='lat' dir='ltr'>Iri</span> <span class='ocrx_word' id='word_1_193' title='bbox 925 1060 1042 1089; x_wconf 85' lang='lat' dir='ltr'>Italiam</span> <span class='ocrx_word' id='word_1_194' title='bbox 1055 1068 1129 1088; x_wconf 87' lang='lat' dir='ltr'>euu-</span> 
     </span>
     <span class='ocr_line' id='line_1_25' title="bbox 167 1103 1130 1143; baseline -0.01 -4"><span class='ocrx_word' id='word_1_195' title='bbox 167 1109 248 1139; x_wconf 81' lang='lat' dir='ltr'>tibus</span> <span class='ocrx_word' id='word_1_196' title='bbox 263 1107 409 1138; x_wconf 83' lang='lat' dir='ltr'>omnibus</span> <span class='ocrx_word' id='word_1_197' title='bbox 425 1105 460 1135; x_wconf 87' lang='lat' dir='ltr'>ad</span> <span class='ocrx_word' id='word_1_198' title='bbox 477 1115 527 1135; x_wconf 87' lang='lat' dir='ltr'>me</span> <span class='ocrx_word' id='word_1_199' title='bbox 540 1105 650 1134; x_wconf 78' lang='lat' dir='ltr'>litteras</span> <span class='ocrx_word' id='word_1_200' title='bbox 663 1103 747 1133; x_wconf 85' lang='lat' dir='ltr'>dabis</span> <span class='ocrx_word' id='word_1_201' title='bbox 757 1122 766 1136; x_wconf 86' lang='lat'>‚</span> <span class='ocrx_word' id='word_1_202' title='bbox 785 1111 818 1132; x_wconf 89' lang='lat' dir='ltr'>ut</span> <span class='ocrx_word' id='word_1_203' title='bbox 831 1111 887 1143; x_wconf 82' lang='lat' dir='ltr'>ego</span> <span class='ocrx_word' id='word_1_204' title='bbox 899 1110 1023 1131; x_wconf 88' lang='lat' dir='ltr'>euntem</span> <span class='ocrx_word' id='word_1_205' title='bbox 1034 1103 1130 1131; x_wconf 87' lang='lat' dir='ltr'>Patras</span> 
     </span>
     <span class='ocr_line' id='line_1_26' title="bbox 169 1144 1130 1188; baseline -0.008 -9"><span class='ocrx_word' id='word_1_206' title='bbox 169 1151 327 1180; x_wconf 86' lang='lat' dir='ltr'>neminem</span> <span class='ocrx_word' id='word_1_207' title='bbox 347 1149 552 1188; x_wconf 82' lang='lat' dir='ltr'>praetermitto.</span> <span class='ocrx_word' id='word_1_208' title='bbox 585 1148 681 1179; x_wconf 81' lang='lat' dir='ltr'>Cura,</span> <span class='ocrx_word' id='word_1_209' title='bbox 696 1154 765 1175; x_wconf 83' lang='lat' dir='ltr'>cura</span> <span class='ocrx_word' id='word_1_210' title='bbox 783 1153 831 1178; x_wconf 86' lang='lat' dir='ltr'>te,</span> <span class='ocrx_word' id='word_1_211' title='bbox 855 1145 900 1173; x_wconf 87' lang='lat' dir='ltr'>mi</span> <span class='ocrx_word' id='word_1_212' title='bbox 917 1144 1012 1175; x_wconf 84' lang='lat' dir='ltr'>Tiro,</span> <span class='ocrx_word' id='word_1_213' title='bbox 1034 1150 1130 1182; x_wconf 89' lang='lat' dir='ltr'>quum</span> 
     </span>
     <span class='ocr_line' id='line_1_27' title="bbox 166 1182 1133 1229; baseline -0.01 -7"><span class='ocrx_word' id='word_1_214' title='bbox 166 1201 233 1222; x_wconf 87' lang='lat' dir='ltr'>non</span> <span class='ocrx_word' id='word_1_215' title='bbox 242 1194 386 1229; x_wconf 83' lang='lat' dir='ltr'>contigit,</span> <span class='ocrx_word' id='word_1_216' title='bbox 401 1198 433 1219; x_wconf 89' lang='lat' dir='ltr'>ut</span> <span class='ocrx_word' id='word_1_217' title='bbox 443 1187 529 1218; x_wconf 83' lang='lat' dir='ltr'>simul</span> <span class='ocrx_word' id='word_1_218' title='bbox 541 1189 708 1228; x_wconf 83' lang='lat' dir='ltr'>navigares.</span> <span class='ocrx_word' id='word_1_219' title='bbox 731 1186 810 1216; x_wconf 88' lang='lat' dir='ltr'>nihil</span> <span class='ocrx_word' id='word_1_220' title='bbox 823 1184 864 1215; x_wconf 88' lang='lat' dir='ltr'>cst</span> <span class='ocrx_word' id='word_1_221' title='bbox 875 1204 884 1218; x_wconf 87' lang='lat'>‚</span> <span class='ocrx_word' id='word_1_222' title='bbox 898 1184 981 1224; x_wconf 87' lang='lat' dir='ltr'>quod</span> <span class='ocrx_word' id='word_1_223' title='bbox 989 1182 1113 1213; x_wconf 78' lang='lat' dir='ltr'>festines</span> <span class='ocrx_word' id='word_1_224' title='bbox 1127 1193 1133 1212; x_wconf 77' lang='lat' dir='ltr'><em>z</em></span> 
     </span>
     <span class='ocr_line' id='line_1_28' title="bbox 167 1225 1129 1274; baseline -0.009 -11"><span class='ocrx_word' id='word_1_225' title='bbox 167 1242 226 1263; x_wconf 90' lang='lat' dir='ltr'>nec</span> <span class='ocrx_word' id='word_1_226' title='bbox 234 1232 400 1274; x_wconf 79' lang='lat' dir='ltr'>quidquam</span> <span class='ocrx_word' id='word_1_227' title='bbox 410 1240 506 1264; x_wconf 90' lang='lat' dir='ltr'>cures,</span> <span class='ocrx_word' id='word_1_228' title='bbox 519 1228 574 1260; x_wconf 88' lang='lat' dir='ltr'>nisi</span> <span class='ocrx_word' id='word_1_229' title='bbox 586 1238 618 1259; x_wconf 83' lang='lat' dir='ltr'>ut</span> <span class='ocrx_word' id='word_1_230' title='bbox 627 1229 735 1258; x_wconf 79' lang='lat' dir='ltr'>valeas·</span> <span class='ocrx_word' id='word_1_231' title='bbox 751 1230 850 1258; x_wconf 88' lang='lat' dir='ltr'>Etiam</span> <span class='ocrx_word' id='word_1_232' title='bbox 858 1235 943 1267; x_wconf 89' lang='lat' dir='ltr'>atque</span> <span class='ocrx_word' id='word_1_233' title='bbox 952 1226 1043 1256; x_wconf 88' lang='lat' dir='ltr'>etiam</span> <span class='ocrx_word' id='word_1_234' title='bbox 1055 1225 1129 1256; x_wconf 90' lang='lat' dir='ltr'>vale.</span> 
     </span>
    </p>
   </div>
   <div class='ocr_carea' id='block_1_8' title="bbox 168 1271 1130 1406">
    <p class='ocr_par' dir='ltr' id='par_1_10' title="bbox 168 1271 1130 1406">
     <span class='ocr_line' id='line_1_29' title="bbox 168 1271 754 1310; baseline -0.012 -5"><span class='ocrx_word' id='word_1_235' title='bbox 168 1284 205 1305; x_wconf 82' lang='lat' dir='ltr'>vi</span> <span class='ocrx_word' id='word_1_236' title='bbox 215 1285 238 1305; x_wconf 87' lang='lat' dir='ltr'>t.</span> <span class='ocrx_word' id='word_1_237' title='bbox 248 1274 316 1306; x_wconf 87' lang='lat' dir='ltr'>idus</span> <span class='ocrx_word' id='word_1_238' title='bbox 327 1272 495 1304; x_wconf 88' lang='lat' dir='ltr'>Novembr.</span> <span class='ocrx_word' id='word_1_239' title='bbox 507 1271 597 1304; x_wconf 56' lang='lat' dir='ltr'>Aetio</span> <span class='ocrx_word' id='word_1_240' title='bbox 609 1291 618 1304; x_wconf 88' lang='lat'><em>‚</em></span> <span class='ocrx_word' id='word_1_241' title='bbox 630 1271 754 1310; x_wconf 87' lang='lat' dir='ltr'>vesperi.</span> 
     </span>
     <span class='ocr_line' id='line_1_30' title="bbox 378 1320 917 1353; baseline -0.013 -1"><span class='ocrx_word' id='word_1_242' title='bbox 378 1323 517 1352; x_wconf 80' lang='lat' dir='ltr'>M.T.C.</span> <span class='ocrx_word' id='word_1_243' title='bbox 542 1321 739 1351; x_wconf 84' lang='lat' dir='ltr'>TIRONI</span> <span class='ocrx_word' id='word_1_244' title='bbox 754 1338 762 1353; x_wconf 87' lang='lat'>‚</span> <span class='ocrx_word' id='word_1_245' title='bbox 785 1321 816 1349; x_wconf 85' lang='lat' dir='ltr'>S.</span> <span class='ocrx_word' id='word_1_246' title='bbox 832 1321 863 1349; x_wconf 86' lang='lat' dir='ltr'>P.</span> <span class='ocrx_word' id='word_1_247' title='bbox 877 1320 917 1347; x_wconf 87' lang='lat' dir='ltr'>D.</span> 
     </span>
     <span class='ocr_line' id='line_1_31' title="bbox 226 1362 1130 1406; baseline -0.009 -9"><span class='ocrx_word' id='word_1_248' title='bbox 226 1369 395 1397; x_wconf 68' lang='grc' dir='ltr'>ΕΡτῙΜυΜ</span> <span class='ocrx_word' id='word_1_249' title='bbox 420 1367 482 1406; x_wconf 82' lang='lat' dir='ltr'>jam</span> <span class='ocrx_word' id='word_1_250' title='bbox 506 1365 588 1395; x_wconf 82' lang='lat' dir='ltr'>diem</span> <span class='ocrx_word' id='word_1_251' title='bbox 608 1367 743 1404; x_wconf 68' lang='lat' dir='ltr'>Corcyrae</span> <span class='ocrx_word' id='word_1_252' title='bbox 762 1363 946 1394; x_wconf 86' lang='lat' dir='ltr'>tenebamur.</span> <span class='ocrx_word' id='word_1_253' title='bbox 994 1362 1130 1400; x_wconf 89' lang='lat' dir='ltr'>Quintus</span> 
     </span>
    </p>
   </div>
   <div class='ocr_carea' id='block_1_9' title="bbox 226 1400 1132 1448">
    <p class='ocr_par' dir='ltr' id='par_1_11' title="bbox 226 1400 1132 1448">
     <span class='ocr_line' id='line_1_32' title="bbox 226 1400 1132 1448; baseline -0.009 -9"><span class='ocrx_word' id='word_1_254' title='bbox 226 1417 326 1438; x_wconf 83' lang='lat' dir='ltr'>autem</span> <span class='ocrx_word' id='word_1_255' title='bbox 336 1418 417 1448; x_wconf 87' lang='lat' dir='ltr'>pater</span> <span class='ocrx_word' id='word_1_256' title='bbox 427 1428 436 1441; x_wconf 67' lang='lat'>2</span> <span class='ocrx_word' id='word_1_257' title='bbox 462 1408 494 1438; x_wconf 87' lang='lat'>&amp;</span> <span class='ocrx_word' id='word_1_258' title='bbox 506 1406 585 1437; x_wconf 83' lang='lat' dir='ltr'>filius</span> <span class='ocrx_word' id='word_1_259' title='bbox 596 1408 746 1436; x_wconf 85' lang='lat' dir='ltr'>Buthroti.</span> <span class='ocrx_word' id='word_1_260' title='bbox 768 1400 897 1436; x_wconf 76' lang='lat' dir='ltr'>Solliciti</span> <span class='ocrx_word' id='word_1_261' title='bbox 907 1413 1024 1434; x_wconf 86' lang='lat' dir='ltr'>eramus</span> <span class='ocrx_word' id='word_1_262' title='bbox 1036 1402 1072 1432; x_wconf 90' lang='lat' dir='ltr'>de</span> <span class='ocrx_word' id='word_1_263' title='bbox 1085 1411 1132 1432; x_wconf 89' lang='lat' dir='ltr'>tua</span> 
     </span>
    </p>
   </div>
   <div class='ocr_carea' id='block_1_10' title="bbox 116 1444 1130 1481">
    <p class='ocr_par' dir='ltr' id='par_1_12' title="bbox 116 1444 1130 1481">
     <span class='ocr_line' id='line_1_33' title="bbox 116 1444 1130 1481; baseline -0.008 0"><span class='ocrx_word' id='word_1_264' title='bbox 116 1456 121 1460; x_wconf 96' lang='grc'><strong>’</strong></span> <span class='ocrx_word' id='word_1_265' title='bbox 164 1449 335 1481; x_wconf 85' lang='lat' dir='ltr'>valitudine</span> <span class='ocrx_word' id='word_1_266' title='bbox 355 1453 467 1480; x_wconf 87' lang='lat' dir='ltr'>mirum</span> <span class='ocrx_word' id='word_1_267' title='bbox 487 1451 520 1479; x_wconf 85' lang='lat' dir='ltr'>in</span> <span class='ocrx_word' id='word_1_268' title='bbox 538 1448 669 1479; x_wconf 84' lang='lat' dir='ltr'>modum</span> <span class='ocrx_word' id='word_1_269' title='bbox 684 1458 690 1477; x_wconf 78' lang='lat' dir='ltr'>t</span> <span class='ocrx_word' id='word_1_270' title='bbox 710 1458 766 1478; x_wconf 88' lang='lat' dir='ltr'>nec</span> <span class='ocrx_word' id='word_1_271' title='bbox 780 1446 962 1477; x_wconf 78' lang='lat' dir='ltr'>mirabamur</span> <span class='ocrx_word' id='word_1_272' title='bbox 979 1445 1057 1474; x_wconf 84' lang='lat' dir='ltr'>nihil</span> <span class='ocrx_word' id='word_1_273' title='bbox 1071 1444 1087 1474; x_wconf 79' lang='lat' dir='ltr'>a</span> <span class='ocrx_word' id='word_1_274' title='bbox 1103 1452 1130 1473; x_wconf 90' lang='lat' dir='ltr'>te</span> 
     </span>
    </p>
   </div>
   <div class='ocr_carea' id='block_1_11' title="bbox 136 1805 154 1837">
    <p class='ocr_par' dir='ltr' id='par_1_13' title="bbox 136 1805 154 1837">
     <span class='ocr_line' id='line_1_34' title="bbox 136 1805 154 1837; baseline 0 0"><span class='ocrx_word' id='word_1_275' title='bbox 136 1805 154 1837; x_wconf 80' lang='lat'>8</span> 
     </span>
    </p>
   </div>
   <div class='ocr_carea' id='block_1_12' title="bbox 143 2509 166 2541">
    <p class='ocr_par' dir='ltr' id='par_1_14' title="bbox 143 2509 166 2541">
     <span class='ocr_line' id='line_1_35' title="bbox 143 2509 166 2541; baseline 0 0"><span class='ocrx_word' id='word_1_276' title='bbox 143 2509 166 2541; x_wconf 90' lang='lat'><em>9</em></span> 
     </span>
    </p>
   </div>
   <div class='ocr_carea' id='block_1_13' title="bbox 166 1484 1136 1779">
    <p class='ocr_par' dir='ltr' id='par_1_15' title="bbox 166 1484 1136 1779">
     <span class='ocr_line' id='line_1_36' title="bbox 166 1484 1132 1531; baseline -0.008 -9"><span class='ocrx_word' id='word_1_277' title='bbox 166 1492 344 1522; x_wconf 87' lang='lat' dir='ltr'>litterarum.</span> <span class='ocrx_word' id='word_1_278' title='bbox 368 1494 409 1521; x_wconf 83' lang='lat' dir='ltr'>Iis</span> <span class='ocrx_word' id='word_1_279' title='bbox 419 1493 503 1522; x_wconf 87' lang='lat' dir='ltr'>enim</span> <span class='ocrx_word' id='word_1_280' title='bbox 516 1492 614 1521; x_wconf 88' lang='lat' dir='ltr'>ventis</span> <span class='ocrx_word' id='word_1_281' title='bbox 628 1489 715 1520; x_wconf 86' lang='lat' dir='ltr'>istinc</span> <span class='ocrx_word' id='word_1_282' title='bbox 726 1492 881 1531; x_wconf 87' lang='lat' dir='ltr'>navigatur</span> <span class='ocrx_word' id='word_1_283' title='bbox 894 1508 902 1521; x_wconf 90' lang='lat'>‚</span> <span class='ocrx_word' id='word_1_284' title='bbox 924 1489 977 1528; x_wconf 89' lang='lat' dir='ltr'>qui</span> <span class='ocrx_word' id='word_1_285' title='bbox 994 1485 1013 1516; x_wconf 85' lang='lat' dir='ltr'>si</span> <span class='ocrx_word' id='word_1_286' title='bbox 1028 1484 1132 1519; x_wconf 74' lang='lat' dir='ltr'>essent,</span> 
     </span>
     <span class='ocr_line' id='line_1_37' title="bbox 169 1527 1129 1573; baseline -0.007 -9"><span class='ocrx_word' id='word_1_287' title='bbox 169 1543 227 1564; x_wconf 88' lang='lat' dir='ltr'>nos</span> <span class='ocrx_word' id='word_1_288' title='bbox 239 1535 373 1573; x_wconf 75' lang='lat' dir='ltr'>Corcyrae</span> <span class='ocrx_word' id='word_1_289' title='bbox 390 1543 454 1563; x_wconf 87' lang='lat' dir='ltr'>non</span> <span class='ocrx_word' id='word_1_290' title='bbox 466 1532 645 1563; x_wconf 85' lang='lat' dir='ltr'>sederemus.</span> <span class='ocrx_word' id='word_1_291' title='bbox 668 1534 743 1561; x_wconf 92' lang='lat' dir='ltr'>Cura</span> <span class='ocrx_word' id='word_1_292' title='bbox 753 1533 843 1571; x_wconf 85' lang='lat' dir='ltr'>igitur</span> <span class='ocrx_word' id='word_1_293' title='bbox 854 1540 881 1560; x_wconf 91' lang='lat' dir='ltr'>te</span> <span class='ocrx_word' id='word_1_294' title='bbox 893 1550 901 1563; x_wconf 88' lang='lat'>‚</span> <span class='ocrx_word' id='word_1_295' title='bbox 924 1527 1129 1559; x_wconf 79' lang='lat' dir='ltr'>&amp;confirmaz</span> 
     </span>
     <span class='ocr_line' id='line_1_38' title="bbox 171 1572 1133 1614; baseline -0.007 -9"><span class='ocrx_word' id='word_1_296' title='bbox 171 1576 205 1606; x_wconf 87' lang='lat'>&amp;</span> <span class='ocrx_word' id='word_1_297' title='bbox 215 1595 223 1609; x_wconf 90' lang='lat'>‚</span> <span class='ocrx_word' id='word_1_298' title='bbox 244 1573 315 1605; x_wconf 72' lang='lat' dir='ltr'>cum</span> <span class='ocrx_word' id='word_1_299' title='bbox 327 1574 492 1605; x_wconf 70' lang='lat' dir='ltr'>commode</span> <span class='ocrx_word' id='word_1_300' title='bbox 505 1594 513 1607; x_wconf 89' lang='lat'>‚</span> <span class='ocrx_word' id='word_1_301' title='bbox 529 1574 621 1614; x_wconf 83' lang='lat' dir='ltr'>&amp;per</span> <span class='ocrx_word' id='word_1_302' title='bbox 631 1572 830 1604; x_wconf 88' lang='lat' dir='ltr'>valitudinem</span> <span class='ocrx_word' id='word_1_303' title='bbox 842 1592 850 1606; x_wconf 95' lang='lat'>‚</span> <span class='ocrx_word' id='word_1_304' title='bbox 867 1572 899 1601; x_wconf 72' lang='lat' dir='ltr'>Sc</span> <span class='ocrx_word' id='word_1_305' title='bbox 909 1581 959 1611; x_wconf 90' lang='lat' dir='ltr'>per</span> <span class='ocrx_word' id='word_1_306' title='bbox 969 1573 1041 1600; x_wconf 84' lang='lat' dir='ltr'>anni</span> <span class='ocrx_word' id='word_1_307' title='bbox 1054 1579 1133 1599; x_wconf 89' lang='lat' dir='ltr'>tem-</span> 
     </span>
     <span class='ocr_line' id='line_1_39' title="bbox 167 1613 1134 1657; baseline -0.006 -11"><span class='ocrx_word' id='word_1_308' title='bbox 167 1626 225 1657; x_wconf 88' lang='lat' dir='ltr'>pus</span> <span class='ocrx_word' id='word_1_309' title='bbox 233 1618 369 1657; x_wconf 82' lang='lat' dir='ltr'>navigate</span> <span class='ocrx_word' id='word_1_310' title='bbox 379 1617 490 1656; x_wconf 88' lang='lat' dir='ltr'>poteris</span> <span class='ocrx_word' id='word_1_311' title='bbox 501 1635 509 1648; x_wconf 69' lang='lat'><em>2</em></span> <span class='ocrx_word' id='word_1_312' title='bbox 521 1616 557 1646; x_wconf 87' lang='lat' dir='ltr'>ad</span> <span class='ocrx_word' id='word_1_313' title='bbox 567 1625 623 1645; x_wconf 86' lang='lat' dir='ltr'>nos</span> <span class='ocrx_word' id='word_1_314' title='bbox 634 1635 643 1648; x_wconf 85' lang='lat'>,</span> <span class='ocrx_word' id='word_1_315' title='bbox 653 1613 871 1644; x_wconf 85' lang='lat' dir='ltr'>amantiffimos</span> <span class='ocrx_word' id='word_1_316' title='bbox 881 1615 925 1643; x_wconf 88' lang='lat' dir='ltr'>tui</span> <span class='ocrx_word' id='word_1_317' title='bbox 938 1632 946 1646; x_wconf 86' lang='lat'>‚</span> <span class='ocrx_word' id='word_1_318' title='bbox 965 1614 1046 1642; x_wconf 88' lang='lat' dir='ltr'>veni.</span> <span class='ocrx_word' id='word_1_319' title='bbox 1070 1613 1134 1640; x_wconf 88' lang='lat' dir='ltr'>Ne-</span> 
     </span>
     <span class='ocr_line' id='line_1_40' title="bbox 172 1652 1134 1698; baseline -0.006 -10"><span class='ocrx_word' id='word_1_320' title='bbox 172 1668 227 1688; x_wconf 88' lang='lat' dir='ltr'>mo</span> <span class='ocrx_word' id='word_1_321' title='bbox 238 1668 294 1687; x_wconf 92' lang='lat' dir='ltr'>nos</span> <span class='ocrx_word' id='word_1_322' title='bbox 304 1668 382 1688; x_wconf 82' lang='lat' dir='ltr'>amat</span> <span class='ocrx_word' id='word_1_323' title='bbox 393 1678 401 1691; x_wconf 88' lang='lat'>‚</span> <span class='ocrx_word' id='word_1_324' title='bbox 413 1659 504 1698; x_wconf 88' lang='lat' dir='ltr'>quite</span> <span class='ocrx_word' id='word_1_325' title='bbox 516 1667 577 1687; x_wconf 90' lang='lat' dir='ltr'>non</span> <span class='ocrx_word' id='word_1_326' title='bbox 587 1657 699 1698; x_wconf 76' lang='lat' dir='ltr'>diligat.</span> <span class='ocrx_word' id='word_1_327' title='bbox 717 1666 799 1687; x_wconf 75' lang='lat' dir='ltr'>carus</span> <span class='ocrx_word' id='word_1_328' title='bbox 809 1655 954 1685; x_wconf 87' lang='lat' dir='ltr'>omnibus</span> <span class='ocrx_word' id='word_1_329' title='bbox 964 1674 971 1688; x_wconf 92' lang='lat'>‚</span> <span class='ocrx_word' id='word_1_330' title='bbox 984 1652 1134 1692; x_wconf 56' lang='lat' dir='ltr'>exspefflla-</span> 
     </span>
     <span class='ocr_line' id='line_1_41' title="bbox 178 1697 1136 1739; baseline -0.005 -10"><span class='ocrx_word' id='word_1_331' title='bbox 178 1700 282 1739; x_wconf 87' lang='lat' dir='ltr'>tusque</span> <span class='ocrx_word' id='word_1_332' title='bbox 303 1701 416 1729; x_wconf 86' lang='lat' dir='ltr'>venies.</span> <span class='ocrx_word' id='word_1_333' title='bbox 441 1702 533 1732; x_wconf 86' lang='lat' dir='ltr'>Cura,</span> <span class='ocrx_word' id='word_1_334' title='bbox 555 1708 586 1729; x_wconf 90' lang='lat' dir='ltr'>ut</span> <span class='ocrx_word' id='word_1_335' title='bbox 604 1699 701 1728; x_wconf 84' lang='lat' dir='ltr'>valeas</span> <span class='ocrx_word' id='word_1_336' title='bbox 718 1700 809 1728; x_wconf 85' lang='lat' dir='ltr'>etiarn</span> <span class='ocrx_word' id='word_1_337' title='bbox 826 1707 912 1738; x_wconf 88' lang='lat' dir='ltr'>atque</span> <span class='ocrx_word' id='word_1_338' title='bbox 929 1698 1020 1727; x_wconf 85' lang='lat' dir='ltr'>etiarn</span> <span class='ocrx_word' id='word_1_339' title='bbox 1032 1715 1040 1729; x_wconf 92' lang='lat'>‚</span> <span class='ocrx_word' id='word_1_340' title='bbox 1060 1697 1136 1725; x_wconf 87' lang='lat' dir='ltr'>Tiro</span> 
     </span>
     <span class='ocr_line' id='line_1_42' title="bbox 173 1737 938 1779; baseline -0.007 -7"><span class='ocrx_word' id='word_1_341' title='bbox 173 1741 284 1772; x_wconf 64' lang='lat' dir='ltr'>nester.</span> <span class='ocrx_word' id='word_1_342' title='bbox 308 1742 391 1771; x_wconf 78' lang='lat' dir='ltr'>Vale.</span> <span class='ocrx_word' id='word_1_343' title='bbox 407 1751 461 1771; x_wconf 80' lang='lat' dir='ltr'>xv.</span> <span class='ocrx_word' id='word_1_344' title='bbox 472 1740 601 1771; x_wconf 83' lang='lat' dir='ltr'>Kalend.</span> <span class='ocrx_word' id='word_1_345' title='bbox 615 1740 788 1771; x_wconf 89' lang='lat' dir='ltr'>Novembr.</span> <span class='ocrx_word' id='word_1_346' title='bbox 800 1737 938 1779; x_wconf 66' lang='lat' dir='ltr'>Corcyri.</span> 
     </span>
    </p>
   </div>
   <div class='ocr_carea' id='block_1_14' title="bbox 174 1793 1144 2475">
    <p class='ocr_par' dir='ltr' id='par_1_16' title="bbox 470 1793 841 1830">
     <span class='ocr_line' id='line_1_43' title="bbox 470 1793 841 1830; baseline -0.005 -9"><span class='ocrx_word' id='word_1_347' title='bbox 470 1794 555 1830; x_wconf 73' lang='lat' dir='ltr'>QG.</span> <span class='ocrx_word' id='word_1_348' title='bbox 573 1793 789 1824; x_wconf 77' lang='lat' dir='ltr'>TIRONI,</span> <span class='ocrx_word' id='word_1_349' title='bbox 812 1793 841 1821; x_wconf 85' lang='lat' dir='ltr'>S.</span> 
     </span>
    </p>

    <p class='ocr_par' dir='ltr' id='par_1_17' title="bbox 289 1832 1135 1866">
     <span class='ocr_line' id='line_1_44' title="bbox 289 1832 1135 1866; baseline -0.005 -1"><span class='ocrx_word' id='word_1_350' title='bbox 289 1838 398 1865; x_wconf 60' lang='lat' dir='ltr'>Aoum</span> <span class='ocrx_word' id='word_1_351' title='bbox 424 1835 513 1865; x_wconf 88' lang='lat' dir='ltr'>nobis</span> <span class='ocrx_word' id='word_1_352' title='bbox 534 1834 576 1864; x_wconf 85' lang='lat' dir='ltr'>est</span> <span class='ocrx_word' id='word_1_353' title='bbox 597 1834 795 1865; x_wconf 81' lang='lat' dir='ltr'>sollicitudini</span> <span class='ocrx_word' id='word_1_354' title='bbox 815 1832 949 1864; x_wconf 86' lang='lat' dir='ltr'>valitudo</span> <span class='ocrx_word' id='word_1_355' title='bbox 970 1840 1029 1862; x_wconf 83' lang='lat' dir='ltr'>tua.</span> <span class='ocrx_word' id='word_1_356' title='bbox 1054 1841 1135 1866; x_wconf 84' lang='lat' dir='ltr'>nam,</span> 
     </span>
    </p>

    <p class='ocr_par' dir='ltr' id='par_1_18' title="bbox 174 1871 1144 2475">
     <span class='ocr_line' id='line_1_45' title="bbox 291 1871 1137 1924; baseline -0.001 -17"><span class='ocrx_word' id='word_1_357' title='bbox 291 1876 404 1907; x_wconf 77' lang='lat' dir='ltr'>tametsi</span> <span class='ocrx_word' id='word_1_358' title='bbox 423 1879 476 1918; x_wconf 89' lang='lat' dir='ltr'>qui</span> <span class='ocrx_word' id='word_1_359' title='bbox 495 1878 643 1909; x_wconf 87' lang='lat' dir='ltr'>veniunt,</span> <span class='ocrx_word' id='word_1_360' title='bbox 671 1871 842 1910; x_wconf 49' lang='grc' dir='ltr'>οἰκινὲἃωοι</span> <span class='ocrx_word' id='word_1_361' title='bbox 862 1871 918 1919; x_wconf 46' lang='lat' dir='ltr'>1128st</span> <span class='ocrx_word' id='word_1_362' title='bbox 932 1900 941 1914; x_wconf 92' lang='lat'>,</span> <span class='ocrx_word' id='word_1_363' title='bbox 958 1875 1137 1924; x_wconf 45' lang='grc' dir='ltr'>ὶρονιιέτε-</span> 
     </span>
     <span class='ocr_line' id='line_1_46' title="bbox 174 1924 1138 1968; baseline -0.005 -11"><span class='ocrx_word' id='word_1_364' title='bbox 174 1935 220 1968; x_wconf 59' lang='lat'>390</span> <span class='ocrx_word' id='word_1_365' title='bbox 234 1928 251 1967; x_wconf 69' lang='grc'><em>5</em></span> <span class='ocrx_word' id='word_1_366' title='bbox 266 1928 425 1961; x_wconf 77' lang='lat' dir='ltr'>nuntiant,</span> <span class='ocrx_word' id='word_1_367' title='bbox 446 1936 546 1957; x_wconf 87' lang='lat' dir='ltr'>tamen</span> <span class='ocrx_word' id='word_1_368' title='bbox 568 1927 601 1956; x_wconf 85' lang='lat' dir='ltr'>iri</span> <span class='ocrx_word' id='word_1_369' title='bbox 621 1935 729 1967; x_wconf 85' lang='lat' dir='ltr'>magna</span> <span class='ocrx_word' id='word_1_370' title='bbox 745 1924 951 1956; x_wconf 78' lang='lat' dir='ltr'>consolatione</span> <span class='ocrx_word' id='word_1_371' title='bbox 965 1926 1071 1964; x_wconf 86' lang='lat' dir='ltr'>ingens</span> <span class='ocrx_word' id='word_1_372' title='bbox 1091 1924 1138 1952; x_wconf 91' lang='lat' dir='ltr'>in-</span> 
     </span>
     <span class='ocr_line' id='line_1_47' title="bbox 175 1964 1139 2002; baseline -0.005 -3"><span class='ocrx_word' id='word_1_373' title='bbox 175 1969 219 2000; x_wconf 82' lang='lat' dir='ltr'>est</span> <span class='ocrx_word' id='word_1_374' title='bbox 238 1969 411 2000; x_wconf 76' lang='lat' dir='ltr'>sollicitudo</span> <span class='ocrx_word' id='word_1_375' title='bbox 431 1989 440 2002; x_wconf 92' lang='lat'>‚</span> <span class='ocrx_word' id='word_1_376' title='bbox 470 1967 489 1998; x_wconf 87' lang='lat' dir='ltr'>fi</span> <span class='ocrx_word' id='word_1_377' title='bbox 508 1968 621 1998; x_wconf 87' lang='lat' dir='ltr'>diutius</span> <span class='ocrx_word' id='word_1_378' title='bbox 642 1967 658 1997; x_wconf 73' lang='lat' dir='ltr'>a</span> <span class='ocrx_word' id='word_1_379' title='bbox 676 1967 767 1997; x_wconf 91' lang='lat' dir='ltr'>nobis</span> <span class='ocrx_word' id='word_1_380' title='bbox 784 1967 901 1997; x_wconf 83' lang='lat' dir='ltr'>futurus</span> <span class='ocrx_word' id='word_1_381' title='bbox 921 1964 998 1995; x_wconf 87' lang='lat' dir='ltr'>estis</span> <span class='ocrx_word' id='word_1_382' title='bbox 1016 1985 1024 1998; x_wconf 84' lang='grc'>,</span> <span class='ocrx_word' id='word_1_383' title='bbox 1053 1965 1139 1999; x_wconf 76' lang='lat' dir='ltr'>cuius</span> 
     </span>
     <span class='ocr_line' id='line_1_48' title="bbox 178 2008 1139 2047; baseline -0.007 -5"><span class='ocrx_word' id='word_1_384' title='bbox 178 2012 268 2042; x_wconf 84' lang='lat' dir='ltr'>usum</span> <span class='ocrx_word' id='word_1_385' title='bbox 279 2012 311 2041; x_wconf 73' lang='grc' dir='ltr'>δε</span> <span class='ocrx_word' id='word_1_386' title='bbox 321 2012 494 2041; x_wconf 82' lang='lat' dir='ltr'>suavitatem</span> <span class='ocrx_word' id='word_1_387' title='bbox 506 2008 700 2040; x_wconf 85' lang='lat' dir='ltr'>desiderando</span> <span class='ocrx_word' id='word_1_388' title='bbox 710 2010 867 2040; x_wconf 87' lang='lat' dir='ltr'>sentimus.</span> <span class='ocrx_word' id='word_1_389' title='bbox 884 2011 1026 2038; x_wconf 78' lang='lat' dir='ltr'>Attamen</span> <span class='ocrx_word' id='word_1_390' title='bbox 1034 2016 1139 2047; x_wconf 88' lang='lat' dir='ltr'>quam-</span> 
     </span>
     <span class='ocr_line' id='line_1_49' title="bbox 179 2051 1139 2094; baseline -0.005 -11"><span class='ocrx_word' id='word_1_391' title='bbox 179 2063 271 2094; x_wconf 79' lang='lat' dir='ltr'>quam</span> <span class='ocrx_word' id='word_1_392' title='bbox 292 2052 394 2083; x_wconf 84' lang='lat' dir='ltr'>videre</span> <span class='ocrx_word' id='word_1_393' title='bbox 414 2062 441 2083; x_wconf 92' lang='lat' dir='ltr'>te</span> <span class='ocrx_word' id='word_1_394' title='bbox 460 2061 520 2082; x_wconf 85' lang='lat' dir='ltr'>tota</span> <span class='ocrx_word' id='word_1_395' title='bbox 538 2054 719 2093; x_wconf 78' lang='lat' dir='ltr'>cogitatione</span> <span class='ocrx_word' id='word_1_396' title='bbox 736 2053 846 2091; x_wconf 81' lang='lat' dir='ltr'>cupio,</span> <span class='ocrx_word' id='word_1_397' title='bbox 867 2059 967 2080; x_wconf 82' lang='lat' dir='ltr'>tamen</span> <span class='ocrx_word' id='word_1_398' title='bbox 978 2057 1005 2079; x_wconf 90' lang='lat' dir='ltr'>te</span> <span class='ocrx_word' id='word_1_399' title='bbox 1018 2051 1139 2089; x_wconf 88' lang='lat' dir='ltr'>penitus</span> 
     </span>
     <span class='ocr_line' id='line_1_50' title="bbox 175 2092 1135 2135; baseline -0.005 -10"><span class='ocrx_word' id='word_1_400' title='bbox 175 2105 250 2135; x_wconf 81' lang='lat' dir='ltr'>rogo</span> <span class='ocrx_word' id='word_1_401' title='bbox 263 2115 271 2128; x_wconf 91' lang='lat'>‚</span> <span class='ocrx_word' id='word_1_402' title='bbox 292 2105 329 2125; x_wconf 88' lang='lat' dir='ltr'>ne</span> <span class='ocrx_word' id='word_1_403' title='bbox 348 2104 376 2124; x_wconf 86' lang='lat' dir='ltr'>te</span> <span class='ocrx_word' id='word_1_404' title='bbox 389 2103 449 2125; x_wconf 89' lang='lat' dir='ltr'>tam</span> <span class='ocrx_word' id='word_1_405' title='bbox 460 2095 558 2134; x_wconf 83' lang='lat' dir='ltr'>longae</span> <span class='ocrx_word' id='word_1_406' title='bbox 568 2095 753 2134; x_wconf 83' lang='lat' dir='ltr'>navigationi</span> <span class='ocrx_word' id='word_1_407' title='bbox 766 2113 774 2126; x_wconf 81' lang='grc'>,</span> <span class='ocrx_word' id='word_1_408' title='bbox 795 2094 827 2123; x_wconf 81' lang='lat'>&amp;</span> <span class='ocrx_word' id='word_1_409' title='bbox 840 2094 909 2122; x_wconf 81' lang='lat' dir='ltr'>vitae</span> <span class='ocrx_word' id='word_1_410' title='bbox 925 2101 977 2131; x_wconf 90' lang='lat' dir='ltr'>per</span> <span class='ocrx_word' id='word_1_411' title='bbox 989 2092 1135 2124; x_wconf 84' lang='lat' dir='ltr'>hiemem,</span> 
     </span>
     <span class='ocr_line' id='line_1_51' title="bbox 175 2131 1136 2175; baseline -0.005 -9"><span class='ocrx_word' id='word_1_412' title='bbox 175 2136 231 2167; x_wconf 80' lang='lat' dir='ltr'>nifi</span> <span class='ocrx_word' id='word_1_413' title='bbox 243 2137 319 2166; x_wconf 89' lang='lat' dir='ltr'>bene</span> <span class='ocrx_word' id='word_1_414' title='bbox 331 2136 454 2166; x_wconf 85' lang='lat' dir='ltr'>firmum</span> <span class='ocrx_word' id='word_1_415' title='bbox 467 2138 639 2166; x_wconf 85' lang='lat' dir='ltr'>committas</span> <span class='ocrx_word' id='word_1_416' title='bbox 651 2145 745 2165; x_wconf 82' lang='lat' dir='ltr'>:neve</span> <span class='ocrx_word' id='word_1_417' title='bbox 756 2137 876 2175; x_wconf 78' lang='lat' dir='ltr'>naviges</span> <span class='ocrx_word' id='word_1_418' title='bbox 886 2154 895 2168; x_wconf 85' lang='lat'>,</span> <span class='ocrx_word' id='word_1_419' title='bbox 909 2132 964 2163; x_wconf 79' lang='lat' dir='ltr'>nisi</span> <span class='ocrx_word' id='word_1_420' title='bbox 973 2131 1136 2174; x_wconf 70' lang='lat' dir='ltr'>explorate.</span> 
     </span>
     <span class='ocr_line' id='line_1_52' title="bbox 181 2175 1139 2218; baseline -0.004 -10"><span class='ocrx_word' id='word_1_421' title='bbox 181 2180 243 2208; x_wconf 82' lang='lat' dir='ltr'>Vix</span> <span class='ocrx_word' id='word_1_422' title='bbox 258 2180 289 2208; x_wconf 90' lang='lat' dir='ltr'>in</span> <span class='ocrx_word' id='word_1_423' title='bbox 305 2177 372 2217; x_wconf 83' lang='lat' dir='ltr'>ipsis</span> <span class='ocrx_word' id='word_1_424' title='bbox 383 2177 469 2208; x_wconf 68' lang='lat' dir='ltr'>teffis</span> <span class='ocrx_word' id='word_1_425' title='bbox 480 2197 488 2212; x_wconf 91' lang='lat'>‚</span> <span class='ocrx_word' id='word_1_426' title='bbox 511 2178 544 2208; x_wconf 66' lang='grc' dir='ltr'>ὃς</span> <span class='ocrx_word' id='word_1_427' title='bbox 556 2176 777 2218; x_wconf 86' lang='lat' dir='ltr'>oppidisfrigus</span> <span class='ocrx_word' id='word_1_428' title='bbox 787 2177 908 2206; x_wconf 81' lang='lat' dir='ltr'>infirma</span> <span class='ocrx_word' id='word_1_429' title='bbox 918 2175 1083 2206; x_wconf 80' lang='lat' dir='ltr'>valitudine</span> <span class='ocrx_word' id='word_1_430' title='bbox 1093 2175 1139 2204; x_wconf 86' lang='lat' dir='ltr'>vi-</span> 
     </span>
     <span class='ocr_line' id='line_1_53' title="bbox 176 2216 1139 2258; baseline -0.005 -7"><span class='ocrx_word' id='word_1_431' title='bbox 176 2229 269 2251; x_wconf 84' lang='lat' dir='ltr'>tatur:</span> <span class='ocrx_word' id='word_1_432' title='bbox 281 2220 395 2249; x_wconf 87' lang='lat' dir='ltr'>nedum</span> <span class='ocrx_word' id='word_1_433' title='bbox 407 2221 438 2250; x_wconf 87' lang='lat' dir='ltr'>in</span> <span class='ocrx_word' id='word_1_434' title='bbox 451 2222 537 2253; x_wconf 81' lang='lat' dir='ltr'>mari,</span> <span class='ocrx_word' id='word_1_435' title='bbox 549 2220 582 2249; x_wconf 68' lang='grc' dir='ltr'>ὃς</span> <span class='ocrx_word' id='word_1_436' title='bbox 591 2221 638 2250; x_wconf 87' lang='lat' dir='ltr'>via</span> <span class='ocrx_word' id='word_1_437' title='bbox 649 2217 684 2249; x_wconf 87' lang='lat' dir='ltr'>sir</span> <span class='ocrx_word' id='word_1_438' title='bbox 692 2218 779 2249; x_wconf 75' lang='lat' dir='ltr'>facile</span> <span class='ocrx_word' id='word_1_439' title='bbox 790 2216 884 2249; x_wconf 78' lang='lat' dir='ltr'>abess&#39;e</span> <span class='ocrx_word' id='word_1_440' title='bbox 895 2218 931 2248; x_wconf 84' lang='lat' dir='ltr'>ab</span> <span class='ocrx_word' id='word_1_441' title='bbox 941 2218 1051 2258; x_wconf 88' lang='lat' dir='ltr'>injuria</span> <span class='ocrx_word' id='word_1_442' title='bbox 1061 2225 1139 2247; x_wconf 86' lang='lat' dir='ltr'>tem-</span> 
     </span>
     <span class='ocr_line' id='line_1_54' title="bbox 178 2255 1144 2311; baseline -0.008 -12"><span class='ocrx_word' id='word_1_443' title='bbox 178 2271 271 2311; x_wconf 84' lang='lat' dir='ltr'>poris.</span> <span class='ocrx_word' id='word_1_444' title='bbox 295 2256 461 2307; x_wconf 52' lang='lat' dir='ltr'>ssdz&amp;}j</span> <span class='ocrx_word' id='word_1_445' title='bbox 478 2256 600 2307; x_wconf 50' lang='lat' dir='ltr'>&gt;ten-72¹8</span> <span class='ocrx_word' id='word_1_446' title='bbox 611 2255 707 2310; x_wconf 46' lang='lat' dir='ltr'>gadi</span> <span class='ocrx_word' id='word_1_447' title='bbox 719 2259 961 2304; x_wconf 64' lang='grc' dir='ltr'>πολεμιώταῖφν</span> <span class='ocrx_word' id='word_1_448' title='bbox 973 2270 1005 2298; x_wconf 71' lang='lat' dir='ltr'>m</span> <span class='ocrx_word' id='word_1_449' title='bbox 1029 2269 1144 2298; x_wconf 65' lang='lat' dir='ltr'>uitEu-</span> 
     </span>
     <span class='ocr_line' id='line_1_55' title="bbox 179 2304 1142 2351; baseline -0.003 -10"><span class='ocrx_word' id='word_1_450' title='bbox 179 2311 302 2351; x_wconf 79' lang='lat' dir='ltr'>ripides.</span> <span class='ocrx_word' id='word_1_451' title='bbox 326 2312 422 2340; x_wconf 87' lang='lat' dir='ltr'>Cuitu</span> <span class='ocrx_word' id='word_1_452' title='bbox 433 2319 581 2350; x_wconf 78' lang='lat' dir='ltr'>quantum</span> <span class='ocrx_word' id='word_1_453' title='bbox 592 2304 710 2343; x_wconf 56' lang='lat' dir='ltr'>cre&#39;das,</span> <span class='ocrx_word' id='word_1_454' title='bbox 724 2310 834 2339; x_wconf 89' lang='lat' dir='ltr'>nescio.</span> <span class='ocrx_word' id='word_1_455' title='bbox 858 2309 1000 2349; x_wconf 66' lang='lat' dir='ltr'>egoccrtt‘:</span> <span class='ocrx_word' id='word_1_456' title='bbox 1022 2310 1142 2349; x_wconf 83' lang='lat' dir='ltr'>ingulos</span> 
     </span>
     <span class='ocr_line' id='line_1_56' title="bbox 180 2348 1143 2393; baseline -0.003 -10"><span class='ocrx_word' id='word_1_457' title='bbox 180 2354 246 2393; x_wconf 84' lang='lat' dir='ltr'>ejus</span> <span class='ocrx_word' id='word_1_458' title='bbox 256 2352 356 2382; x_wconf 89' lang='lat' dir='ltr'>versus</span> <span class='ocrx_word' id='word_1_459' title='bbox 368 2372 376 2384; x_wconf 93' lang='lat'>‚</span> <span class='ocrx_word' id='word_1_460' title='bbox 391 2350 501 2392; x_wconf 86' lang='lat' dir='ltr'>singula</span> <span class='ocrx_word' id='word_1_461' title='bbox 511 2353 576 2390; x_wconf 79' lang='lat' dir='ltr'>ejus</span> <span class='ocrx_word' id='word_1_462' title='bbox 589 2350 760 2380; x_wconf 84' lang='lat' dir='ltr'>testimonia</span> <span class='ocrx_word' id='word_1_463' title='bbox 768 2360 849 2390; x_wconf 92' lang='lat' dir='ltr'>puto.</span> <span class='ocrx_word' id='word_1_464' title='bbox 874 2348 967 2380; x_wconf 83' lang='lat' dir='ltr'>Effice</span> <span class='ocrx_word' id='word_1_465' title='bbox 979 2370 988 2384; x_wconf 85' lang='lat'>,</span> <span class='ocrx_word' id='word_1_466' title='bbox 1004 2349 1025 2379; x_wconf 85' lang='lat' dir='ltr'>fi</span> <span class='ocrx_word' id='word_1_467' title='bbox 1036 2361 1084 2380; x_wconf 87' lang='lat' dir='ltr'>me</span> <span class='ocrx_word' id='word_1_468' title='bbox 1095 2350 1143 2380; x_wconf 89' lang='lat' dir='ltr'>di-</span> 
     </span>
     <span class='ocr_line' id='line_1_57' title="bbox 179 2390 1143 2436; baseline -0.003 -12"><span class='ocrx_word' id='word_1_469' title='bbox 179 2396 248 2436; x_wconf 81' lang='lat' dir='ltr'>ligis</span> <span class='ocrx_word' id='word_1_470' title='bbox 260 2414 269 2428; x_wconf 89' lang='lat'>‚</span> <span class='ocrx_word' id='word_1_471' title='bbox 290 2403 322 2423; x_wconf 85' lang='lat' dir='ltr'>ut</span> <span class='ocrx_word' id='word_1_472' title='bbox 332 2394 428 2423; x_wconf 85' lang='lat' dir='ltr'>valeas</span> <span class='ocrx_word' id='word_1_473' title='bbox 440 2413 448 2426; x_wconf 90' lang='lat'><em>,</em></span> <span class='ocrx_word' id='word_1_474' title='bbox 471 2393 503 2422; x_wconf 67' lang='grc' dir='ltr'>ὃς</span> <span class='ocrx_word' id='word_1_475' title='bbox 514 2402 545 2422; x_wconf 88' lang='lat' dir='ltr'>ut</span> <span class='ocrx_word' id='word_1_476' title='bbox 561 2393 594 2422; x_wconf 88' lang='lat' dir='ltr'>ad</span> <span class='ocrx_word' id='word_1_477' title='bbox 610 2402 666 2422; x_wconf 89' lang='lat' dir='ltr'>nos</span> <span class='ocrx_word' id='word_1_478' title='bbox 681 2390 786 2421; x_wconf 88' lang='lat' dir='ltr'>firmus</span> <span class='ocrx_word' id='word_1_479' title='bbox 797 2412 805 2425; x_wconf 91' lang='lat'>‚</span> <span class='ocrx_word' id='word_1_480' title='bbox 822 2401 854 2421; x_wconf 86' lang='lat' dir='ltr'>ac</span> <span class='ocrx_word' id='word_1_481' title='bbox 865 2392 966 2421; x_wconf 87' lang='lat' dir='ltr'>valens</span> <span class='ocrx_word' id='word_1_482' title='bbox 977 2401 1067 2433; x_wconf 89' lang='lat' dir='ltr'>quam</span> <span class='ocrx_word' id='word_1_483' title='bbox 1082 2393 1143 2430; x_wconf 89' lang='lat' dir='ltr'>pri-</span> 
     </span>
     <span class='ocr_line' id='line_1_58' title="bbox 182 2433 1140 2475; baseline -0.004 -8"><span class='ocrx_word' id='word_1_484' title='bbox 182 2437 273 2467; x_wconf 75' lang='lat' dir='ltr'>mum</span> <span class='ocrx_word' id='word_1_485' title='bbox 283 2437 397 2465; x_wconf 80' lang='lat' dir='ltr'>venias.</span> <span class='ocrx_word' id='word_1_486' title='bbox 420 2438 498 2465; x_wconf 88' lang='lat' dir='ltr'>Ama</span> <span class='ocrx_word' id='word_1_487' title='bbox 510 2444 566 2464; x_wconf 90' lang='lat' dir='ltr'>nos</span> <span class='ocrx_word' id='word_1_488' title='bbox 576 2454 584 2468; x_wconf 87' lang='lat'><em>‚</em></span> <span class='ocrx_word' id='word_1_489' title='bbox 604 2434 636 2464; x_wconf 70' lang='grc' dir='ltr'>δε</span> <span class='ocrx_word' id='word_1_490' title='bbox 646 2434 720 2464; x_wconf 84' lang='lat' dir='ltr'>vale.</span> <span class='ocrx_word' id='word_1_491' title='bbox 744 2436 802 2475; x_wconf 85' lang='lat' dir='ltr'>Q.</span> <span class='ocrx_word' id='word_1_492' title='bbox 813 2436 845 2463; x_wconf 83' lang='lat' dir='ltr'>F.</span> <span class='ocrx_word' id='word_1_493' title='bbox 857 2433 913 2463; x_wconf 86' lang='lat' dir='ltr'>tibi</span> <span class='ocrx_word' id='word_1_494' title='bbox 924 2433 1049 2464; x_wconf 88' lang='lat' dir='ltr'>salutem</span> <span class='ocrx_word' id='word_1_495' title='bbox 1060 2433 1140 2463; x_wconf 90' lang='lat' dir='ltr'>dicit-</span> 
     </span>
    </p>
   </div>
   <div class='ocr_carea' id='block_1_15' title="bbox 315 2485 1010 2523">
    <p class='ocr_par' dir='ltr' id='par_1_19' title="bbox 315 2485 1010 2523">
     <span class='ocr_line' id='line_1_59' title="bbox 315 2485 1010 2523; baseline -0.004 -9"><span class='ocrx_word' id='word_1_496' title='bbox 315 2487 411 2515; x_wconf 85' lang='lat' dir='ltr'>M.T.</span> <span class='ocrx_word' id='word_1_497' title='bbox 437 2487 492 2514; x_wconf 91' lang='lat' dir='ltr'>ET</span> <span class='ocrx_word' id='word_1_498' title='bbox 515 2486 548 2514; x_wconf 88' lang='lat' dir='ltr'>C.</span> <span class='ocrx_word' id='word_1_499' title='bbox 567 2486 622 2514; x_wconf 87' lang='lat' dir='ltr'>ET</span> <span class='ocrx_word' id='word_1_500' title='bbox 641 2485 863 2523; x_wconf 79' lang='lat' dir='ltr'>QTIRONI,</span> <span class='ocrx_word' id='word_1_501' title='bbox 888 2485 957 2513; x_wconf 88' lang='lat' dir='ltr'>S.P.</span> <span class='ocrx_word' id='word_1_502' title='bbox 971 2486 1010 2513; x_wconf 92' lang='lat' dir='ltr'>D.</span> 
     </span>
    </p>
   </div>
   <div class='ocr_carea' id='block_1_16' title="bbox 184 2528 1150 2906">
    <p class='ocr_par' dir='ltr' id='par_1_20' title="bbox 184 2528 1150 2906">
     <span class='ocr_line' id='line_1_60' title="bbox 244 2528 1138 2566; baseline -0.002 -6"><span class='ocrx_word' id='word_1_503' title='bbox 244 2528 327 2566; x_wconf 56' lang='lat' dir='ltr'>TOs</span> <span class='ocrx_word' id='word_1_504' title='bbox 344 2532 360 2560; x_wconf 75' lang='lat' dir='ltr'>a</span> <span class='ocrx_word' id='word_1_505' title='bbox 377 2539 423 2563; x_wconf 86' lang='lat' dir='ltr'>te,</span> <span class='ocrx_word' id='word_1_506' title='bbox 443 2539 475 2560; x_wconf 86' lang='lat' dir='ltr'>ut</span> <span class='ocrx_word' id='word_1_507' title='bbox 495 2531 567 2563; x_wconf 86' lang='lat' dir='ltr'>scis,</span> <span class='ocrx_word' id='word_1_508' title='bbox 586 2528 770 2560; x_wconf 76' lang='lat' dir='ltr'>discessimus</span> <span class='ocrx_word' id='word_1_509' title='bbox 780 2529 816 2559; x_wconf 87' lang='lat' dir='ltr'>ad</span> <span class='ocrx_word' id='word_1_510' title='bbox 833 2539 879 2559; x_wconf 82' lang='lat' dir='ltr'>tv.</span> <span class='ocrx_word' id='word_1_511' title='bbox 892 2539 965 2558; x_wconf 88' lang='lat' dir='ltr'>non.</span> <span class='ocrx_word' id='word_1_512' title='bbox 981 2528 1138 2559; x_wconf 89' lang='lat' dir='ltr'>Novemb.</span> 
     </span>
     <span class='ocr_line' id='line_1_61' title="bbox 286 2570 1142 2603; baseline -0.004 -1"><span class='ocrx_word' id='word_1_513' title='bbox 286 2572 457 2603; x_wconf 82' lang='lat' dir='ltr'>Leucadem</span> <span class='ocrx_word' id='word_1_514' title='bbox 469 2574 609 2602; x_wconf 86' lang='lat' dir='ltr'>venimus</span> <span class='ocrx_word' id='word_1_515' title='bbox 621 2571 655 2601; x_wconf 85' lang='lat' dir='ltr'>ad</span> <span class='ocrx_word' id='word_1_516' title='bbox 665 2582 700 2601; x_wconf 76' lang='lat' dir='ltr'>vr</span> <span class='ocrx_word' id='word_1_517' title='bbox 712 2582 722 2601; x_wconf 91' lang='lat'>1</span> <span class='ocrx_word' id='word_1_518' title='bbox 732 2582 756 2600; x_wconf 80' lang='lat' dir='ltr'>i.</span> <span class='ocrx_word' id='word_1_519' title='bbox 767 2571 834 2601; x_wconf 87' lang='lat' dir='ltr'>idus</span> <span class='ocrx_word' id='word_1_520' title='bbox 844 2571 1014 2601; x_wconf 84' lang='lat' dir='ltr'>Novembr.</span> <span class='ocrx_word' id='word_1_521' title='bbox 1025 2570 1060 2601; x_wconf 90' lang='lat' dir='ltr'>ad</span> <span class='ocrx_word' id='word_1_522' title='bbox 1072 2581 1108 2600; x_wconf 79' lang='lat' dir='ltr'>vr</span> <span class='ocrx_word' id='word_1_523' title='bbox 1118 2581 1142 2600; x_wconf 90' lang='lat'>1.</span> 
     </span>
     <span class='ocr_line' id='line_1_62' title="bbox 184 2612 1145 2653; baseline -0.002 -9"><span class='ocrx_word' id='word_1_524' title='bbox 184 2613 323 2644; x_wconf 67' lang='lat' dir='ltr'>Astium.</span> <span class='ocrx_word' id='word_1_525' title='bbox 349 2614 391 2643; x_wconf 91' lang='lat' dir='ltr'>ibi</span> <span class='ocrx_word' id='word_1_526' title='bbox 411 2622 530 2653; x_wconf 88' lang='lat' dir='ltr'>propter</span> <span class='ocrx_word' id='word_1_527' title='bbox 547 2613 753 2653; x_wconf 88' lang='lat' dir='ltr'>tempestatem</span> <span class='ocrx_word' id='word_1_528' title='bbox 770 2613 806 2643; x_wconf 84' lang='lat' dir='ltr'>ad</span> <span class='ocrx_word' id='word_1_529' title='bbox 827 2623 877 2644; x_wconf 80' lang='lat' dir='ltr'>vx.</span> <span class='ocrx_word' id='word_1_530' title='bbox 902 2612 968 2642; x_wconf 92' lang='lat' dir='ltr'>idus</span> <span class='ocrx_word' id='word_1_531' title='bbox 981 2613 1145 2643; x_wconf 88' lang='lat' dir='ltr'>moratisu-</span> 
     </span>
     <span class='ocr_line' id='line_1_63' title="bbox 186 2653 1146 2696; baseline -0.001 -11"><span class='ocrx_word' id='word_1_532' title='bbox 186 2666 266 2685; x_wconf 85' lang='lat' dir='ltr'>mus.</span> <span class='ocrx_word' id='word_1_533' title='bbox 289 2656 364 2686; x_wconf 87' lang='lat' dir='ltr'>Inde</span> <span class='ocrx_word' id='word_1_534' title='bbox 374 2655 408 2686; x_wconf 81' lang='lat' dir='ltr'>ad</span> <span class='ocrx_word' id='word_1_535' title='bbox 419 2665 559 2696; x_wconf 86' lang='lat' dir='ltr'>quintum</span> <span class='ocrx_word' id='word_1_536' title='bbox 572 2655 638 2685; x_wconf 83' lang='lat' dir='ltr'>idus</span> <span class='ocrx_word' id='word_1_537' title='bbox 650 2658 809 2695; x_wconf 82' lang='lat' dir='ltr'>Corcyram</span> <span class='ocrx_word' id='word_1_538' title='bbox 820 2653 980 2684; x_wconf 73' lang='lat' dir='ltr'>belliffime</span> <span class='ocrx_word' id='word_1_539' title='bbox 993 2657 1146 2695; x_wconf 87' lang='lat' dir='ltr'>navigavi-</span> 
     </span>
     <span class='ocr_line' id='line_1_64' title="bbox 187 2696 1146 2738; baseline 0 -12"><span class='ocrx_word' id='word_1_540' title='bbox 187 2707 266 2726; x_wconf 88' lang='lat' dir='ltr'>mus.</span> <span class='ocrx_word' id='word_1_541' title='bbox 278 2700 411 2738; x_wconf 83' lang='lat' dir='ltr'>Corcyrae</span> <span class='ocrx_word' id='word_1_542' title='bbox 421 2697 536 2727; x_wconf 76' lang='lat' dir='ltr'>fuimus</span> <span class='ocrx_word' id='word_1_543' title='bbox 546 2698 638 2738; x_wconf 89' lang='lat' dir='ltr'>usque</span> <span class='ocrx_word' id='word_1_544' title='bbox 647 2697 681 2727; x_wconf 86' lang='lat' dir='ltr'>ad</span> <span class='ocrx_word' id='word_1_545' title='bbox 691 2707 757 2727; x_wconf 88' lang='lat' dir='ltr'>xvi.</span> <span class='ocrx_word' id='word_1_546' title='bbox 771 2696 896 2727; x_wconf 87' lang='lat' dir='ltr'>Kalend.</span> <span class='ocrx_word' id='word_1_547' title='bbox 909 2697 1055 2726; x_wconf 79' lang='lat' dir='ltr'>Decemb·</span> <span class='ocrx_word' id='word_1_548' title='bbox 1069 2706 1146 2726; x_wconf 88' lang='lat' dir='ltr'>tern-</span> 
     </span>
     <span class='ocr_line' id='line_1_65' title="bbox 186 2737 1148 2779; baseline 0 -11"><span class='ocrx_word' id='word_1_549' title='bbox 186 2738 348 2777; x_wconf 81' lang='lat' dir='ltr'>pestatibus</span> <span class='ocrx_word' id='word_1_550' title='bbox 366 2741 484 2770; x_wconf 89' lang='lat' dir='ltr'>retenti.</span> <span class='ocrx_word' id='word_1_551' title='bbox 501 2739 535 2769; x_wconf 89' lang='lat' dir='ltr'>ad</span> <span class='ocrx_word' id='word_1_552' title='bbox 556 2749 605 2769; x_wconf 86' lang='lat' dir='ltr'>xv.</span> <span class='ocrx_word' id='word_1_553' title='bbox 619 2739 745 2769; x_wconf 83' lang='lat' dir='ltr'>Kalend.</span> <span class='ocrx_word' id='word_1_554' title='bbox 758 2739 919 2769; x_wconf 89' lang='lat' dir='ltr'>Decembr.</span> <span class='ocrx_word' id='word_1_555' title='bbox 940 2737 955 2768; x_wconf 72' lang='lat' dir='ltr'>a</span> <span class='ocrx_word' id='word_1_556' title='bbox 974 2747 1059 2779; x_wconf 89' lang='lat' dir='ltr'>portu</span> <span class='ocrx_word' id='word_1_557' title='bbox 1076 2741 1148 2768; x_wconf 85' lang='lat' dir='ltr'>Cor-</span> 
     </span>
     <span class='ocr_line' id='line_1_66' title="bbox 186 2778 1149 2820; baseline 0.001 -11"><span class='ocrx_word' id='word_1_558' title='bbox 186 2789 351 2818; x_wconf 78' lang='lat' dir='ltr'>cyraeorum</span> <span class='ocrx_word' id='word_1_559' title='bbox 365 2802 373 2815; x_wconf 94' lang='lat'>,</span> <span class='ocrx_word' id='word_1_560' title='bbox 394 2781 429 2812; x_wconf 93' lang='lat' dir='ltr'>ad</span> <span class='ocrx_word' id='word_1_561' title='bbox 440 2779 594 2820; x_wconf 84' lang='lat' dir='ltr'>Caffiopen</span> <span class='ocrx_word' id='word_1_562' title='bbox 614 2780 704 2811; x_wconf 85' lang='lat' dir='ltr'>stadia</span> <span class='ocrx_word' id='word_1_563' title='bbox 723 2791 795 2811; x_wconf 82' lang='lat' dir='ltr'>cxx.</span> <span class='ocrx_word' id='word_1_564' title='bbox 810 2778 1011 2820; x_wconf 84' lang='lat' dir='ltr'>proceffimus.</span> <span class='ocrx_word' id='word_1_565' title='bbox 1038 2780 1084 2810; x_wconf 84' lang='lat' dir='ltr'>lbi</span> <span class='ocrx_word' id='word_1_566' title='bbox 1102 2790 1149 2810; x_wconf 87' lang='lat' dir='ltr'>re-</span> 
     </span>
     <span class='ocr_line' id='line_1_67' title="bbox 190 2822 1148 2863; baseline 0.001 -13"><span class='ocrx_word' id='word_1_567' title='bbox 190 2829 263 2851; x_wconf 82' lang='lat' dir='ltr'>tenti</span> <span class='ocrx_word' id='word_1_568' title='bbox 284 2825 379 2852; x_wconf 84' lang='lat' dir='ltr'>ventis</span> <span class='ocrx_word' id='word_1_569' title='bbox 399 2823 499 2853; x_wconf 87' lang='lat' dir='ltr'>sumus</span> <span class='ocrx_word' id='word_1_570' title='bbox 520 2824 610 2863; x_wconf 82' lang='lat' dir='ltr'>usque</span> <span class='ocrx_word' id='word_1_571' title='bbox 629 2823 664 2853; x_wconf 85' lang='lat' dir='ltr'>ad</span> <span class='ocrx_word' id='word_1_572' title='bbox 688 2833 735 2852; x_wconf 79' lang='lat' dir='ltr'>xx.</span> <span class='ocrx_word' id='word_1_573' title='bbox 754 2822 912 2853; x_wconf 87' lang='lat' dir='ltr'>Kalendas.</span> <span class='ocrx_word' id='word_1_574' title='bbox 937 2822 1053 2852; x_wconf 77' lang='lat' dir='ltr'>Interea</span> <span class='ocrx_word' id='word_1_575' title='bbox 1067 2842 1075 2856; x_wconf 85' lang='lat'>‚</span> <span class='ocrx_word' id='word_1_576' title='bbox 1095 2824 1148 2863; x_wconf 89' lang='lat' dir='ltr'>qui</span> 
     </span>
     <span class='ocr_line' id='line_1_68' title="bbox 188 2863 1150 2906; baseline 0.002 -14"><span class='ocrx_word' id='word_1_577' title='bbox 188 2863 296 2903; x_wconf 73' lang='lat' dir='ltr'>cupide</span> <span class='ocrx_word' id='word_1_578' title='bbox 309 2864 436 2904; x_wconf 60' lang='lat' dir='ltr'>proferiti</span> <span class='ocrx_word' id='word_1_579' title='bbox 447 2865 532 2899; x_wconf 88' lang='lat' dir='ltr'>sunt,</span> <span class='ocrx_word' id='word_1_580' title='bbox 547 2865 638 2895; x_wconf 90' lang='lat' dir='ltr'>multi</span> <span class='ocrx_word' id='word_1_581' title='bbox 652 2864 800 2906; x_wconf 85' lang='lat' dir='ltr'>naufragia</span> <span class='ocrx_word' id='word_1_582' title='bbox 809 2863 953 2895; x_wconf 75' lang='lat' dir='ltr'>fecerunt.</span> <span class='ocrx_word' id='word_1_583' title='bbox 978 2866 1045 2894; x_wconf 92' lang='lat' dir='ltr'>Nos</span> <span class='ocrx_word' id='word_1_584' title='bbox 1056 2874 1091 2894; x_wconf 89' lang='lat' dir='ltr'>eo</span> <span class='ocrx_word' id='word_1_585' title='bbox 1102 2865 1150 2895; x_wconf 90' lang='lat' dir='ltr'>die</span> 
     </span>
    </p>
   </div>
   <div class='ocr_carea' id='block_1_17' title="bbox 177 2960 290 2972">
    <p class='ocr_par' dir='ltr' id='par_1_21' title="bbox 177 2960 290 2972">
     <span class='ocr_line' id='line_1_69' title="bbox 177 2960 290 2972; baseline -0.009 -5"><span class='ocrx_word' id='word_1_586' title='bbox 177 2960 290 2972; x_wconf 38' lang='lat' dir='ltr'>p—</span> 
     </span>
    </p>
   </div>
   <div class='ocr_carea' id='block_1_18' title="bbox 187 2987 1152 3205">
    <p class='ocr_par' dir='ltr' id='par_1_22' title="bbox 189 2987 1150 3131">
     <span class='ocr_line' id='line_1_70' title="bbox 230 2987 1150 3023; baseline 0.004 -12"><span class='ocrx_word' id='word_1_587' title='bbox 230 2994 252 3011; x_wconf 89' lang='lat'>1.</span> <span class='ocrx_word' id='word_1_588' title='bbox 272 2989 342 3011; x_wconf 81' lang='lat' dir='ltr'>Nunc</span> <span class='ocrx_word' id='word_1_589' title='bbox 352 2987 451 3019; x_wconf 73' lang='lat' dir='ltr'>qul.lcgo</span> <span class='ocrx_word' id='word_1_590' title='bbox 460 2995 481 3011; x_wconf 73' lang='lat' dir='ltr'>te</span> <span class='ocrx_word' id='word_1_591' title='bbox 491 2990 568 3014; x_wconf 76' lang='lat' dir='ltr'>horter</span> <span class='ocrx_word' id='word_1_592' title='bbox 579 2990 603 3022; x_wconf 66' lang='grc' dir='ltr'>ἒ]</span> <span class='ocrx_word' id='word_1_593' title='bbox 626 2988 825 3023; x_wconf 76' lang='lat' dir='ltr'>Elegantiffime</span> <span class='ocrx_word' id='word_1_594' title='bbox 837 2989 864 3013; x_wconf 75' lang='grc' dir='ltr'>δε</span> <span class='ocrx_word' id='word_1_595' title='bbox 876 2987 1018 3014; x_wconf 68' lang='lat' dir='ltr'>rectiffime</span> <span class='ocrx_word' id='word_1_596' title='bbox 1033 2987 1065 3014; x_wconf 81' lang='lat' dir='ltr'>sic</span> <span class='ocrx_word' id='word_1_597' title='bbox 1076 2989 1150 3015; x_wconf 83' lang='lat' dir='ltr'>resti-</span> 
     </span>
     <span class='ocr_line' id='line_1_71' title="bbox 189 3022 1150 3060; baseline 0.002 -12"><span class='ocrx_word' id='word_1_598' title='bbox 189 3027 238 3048; x_wconf 81' lang='lat' dir='ltr'>tuo</span> <span class='ocrx_word' id='word_1_599' title='bbox 248 3030 279 3047; x_wconf 85' lang='lat' dir='ltr'>ex</span> <span class='ocrx_word' id='word_1_600' title='bbox 295 3023 303 3045; x_wconf 74' lang='lat' dir='ltr'>l</span> <span class='ocrx_word' id='word_1_601' title='bbox 317 3022 412 3048; x_wconf 69' lang='lat' dir='ltr'>utic-ini</span> <span class='ocrx_word' id='word_1_602' title='bbox 424 3025 555 3058; x_wconf 71' lang='lat' dir='ltr'>excerptis</span> <span class='ocrx_word' id='word_1_603' title='bbox 566 3034 595 3049; x_wconf 86' lang='lat' dir='ltr'>ac</span> <span class='ocrx_word' id='word_1_604' title='bbox 605 3024 720 3050; x_wconf 64' lang='lat' dir='ltr'>vtetur-ii</span> <span class='ocrx_word' id='word_1_605' title='bbox 732 3024 860 3055; x_wconf 83' lang='lat' dir='ltr'>editione,</span> <span class='ocrx_word' id='word_1_606' title='bbox 872 3024 999 3059; x_wconf 83' lang='lat' dir='ltr'>limulque</span> <span class='ocrx_word' id='word_1_607' title='bbox 1010 3025 1150 3060; x_wconf 84' lang='lat' dir='ltr'>interpun-</span> 
     </span>
     <span class='ocr_line' id='line_1_72' title="bbox 189 3058 1149 3095; baseline 0.005 -13"><span class='ocrx_word' id='word_1_608' title='bbox 189 3066 236 3092; x_wconf 79' lang='lat' dir='ltr'>go.</span> <span class='ocrx_word' id='word_1_609' title='bbox 259 3058 316 3082; x_wconf 79' lang='lat' dir='ltr'>Nec</span> <span class='ocrx_word' id='word_1_610' title='bbox 328 3058 441 3083; x_wconf 79' lang='lat' dir='ltr'>multum</span> <span class='ocrx_word' id='word_1_611' title='bbox 456 3067 496 3083; x_wconf 80' lang='lat' dir='ltr'>nie</span> <span class='ocrx_word' id='word_1_612' title='bbox 508 3059 654 3086; x_wconf 78' lang='lat' dir='ltr'>destituunt</span> <span class='ocrx_word' id='word_1_613' title='bbox 667 3060 777 3086; x_wconf 68' lang='lat' dir='ltr'>Palatini</span> <span class='ocrx_word' id='word_1_614' title='bbox 791 3080 799 3091; x_wconf 85' lang='lat'>‚</span> <span class='ocrx_word' id='word_1_615' title='bbox 817 3059 917 3086; x_wconf 83' lang='lat' dir='ltr'>duabus</span> <span class='ocrx_word' id='word_1_616' title='bbox 931 3060 1026 3086; x_wconf 83' lang='lat' dir='ltr'>litteris</span> <span class='ocrx_word' id='word_1_617' title='bbox 1038 3069 1149 3095; x_wconf 71' lang='lat' dir='ltr'>peccun-</span> 
     </span>
     <span class='ocr_line' id='line_1_73' title="bbox 189 3093 1113 3131; baseline 0.005 -13"><span class='ocrx_word' id='word_1_618' title='bbox 189 3100 228 3120; x_wconf 78' lang='lat' dir='ltr'>tcs</span> <span class='ocrx_word' id='word_1_619' title='bbox 240 3102 247 3122; x_wconf 79' lang='lat'>3</span> <span class='ocrx_word' id='word_1_620' title='bbox 269 3096 338 3118; x_wconf 78' lang='lat' dir='ltr'>Num·</span> <span class='ocrx_word' id='word_1_621' title='bbox 347 3093 438 3127; x_wconf 63' lang='lat' dir='ltr'>quidem</span> <span class='ocrx_word' id='word_1_622' title='bbox 448 3103 482 3126; x_wconf 74' lang='lat' dir='ltr'>ego</span> <span class='ocrx_word' id='word_1_623' title='bbox 496 3101 516 3118; x_wconf 77' lang='lat' dir='ltr'>te</span> <span class='ocrx_word' id='word_1_624' title='bbox 526 3096 612 3120; x_wconf 74' lang='lat' dir='ltr'>horter.</span> <span class='ocrx_word' id='word_1_625' title='bbox 636 3096 724 3131; x_wconf 69' lang='lat' dir='ltr'>Vulgo</span> <span class='ocrx_word' id='word_1_626' title='bbox 738 3105 745 3126; x_wconf 85' lang='lat'>;</span> <span class='ocrx_word' id='word_1_627' title='bbox 765 3106 828 3122; x_wconf 78' lang='lat' dir='ltr'>nunc</span> <span class='ocrx_word' id='word_1_628' title='bbox 839 3096 941 3129; x_wconf 75' lang='lat' dir='ltr'>equidem</span> <span class='ocrx_word' id='word_1_629' title='bbox 951 3106 984 3129; x_wconf 71' lang='lat' dir='ltr'>ego</span> <span class='ocrx_word' id='word_1_630' title='bbox 994 3103 1016 3121; x_wconf 78' lang='lat' dir='ltr'>te</span> <span class='ocrx_word' id='word_1_631' title='bbox 1025 3099 1113 3123; x_wconf 71' lang='lat' dir='ltr'>hortor.</span> 
     </span>
    </p>

    <p class='ocr_par' dir='ltr' id='par_1_23' title="bbox 187 3130 1152 3205">
     <span class='ocr_line' id='line_1_74' title="bbox 226 3130 1150 3165; baseline 0.004 -11"><span class='ocrx_word' id='word_1_632' title='bbox 226 3138 253 3154; x_wconf 78' lang='lat'>2.</span> <span class='ocrx_word' id='word_1_633' title='bbox 277 3132 305 3154; x_wconf 82' lang='lat' dir='ltr'>lJt</span> <span class='ocrx_word' id='word_1_634' title='bbox 313 3131 375 3155; x_wconf 73' lang='lat' dir='ltr'>nihil</span> <span class='ocrx_word' id='word_1_635' title='bbox 388 3130 456 3162; x_wconf 64' lang='lat' dir='ltr'>posliet</span> <span class='ocrx_word' id='word_1_636' title='bbox 469 3132 527 3162; x_wconf 70' lang='lat' dir='ltr'>ficri</span> <span class='ocrx_word' id='word_1_637' title='bbox 545 3133 678 3165; x_wconf 58' lang='lat' dir='ltr'>ornatius]</span> <span class='ocrx_word' id='word_1_638' title='bbox 696 3133 760 3157; x_wconf 74' lang='lat' dir='ltr'>Haec</span> <span class='ocrx_word' id='word_1_639' title='bbox 769 3133 805 3159; x_wconf 79' lang='lat' dir='ltr'>est</span> <span class='ocrx_word' id='word_1_640' title='bbox 819 3132 884 3158; x_wconf 73' lang='lat' dir='ltr'>Pali.</span> <span class='ocrx_word' id='word_1_641' title='bbox 896 3133 1014 3158; x_wconf 82' lang='lat' dir='ltr'>Vaticani</span> <span class='ocrx_word' id='word_1_642' title='bbox 1026 3131 1150 3158; x_wconf 74' lang='lat' dir='ltr'>editionis</span> 
     </span>
     <span class='ocr_line' id='line_1_75' title="bbox 187 3164 1152 3205; baseline 0.004 -13"><span class='ocrx_word' id='word_1_643' title='bbox 187 3164 348 3193; x_wconf 61' lang='lat' dir='ltr'>Vi&amp;oriuuae</span> <span class='ocrx_word' id='word_1_644' title='bbox 359 3164 478 3202; x_wconf 74' lang='lat' dir='ltr'>iplissima</span> <span class='ocrx_word' id='word_1_645' title='bbox 488 3172 569 3201; x_wconf 72' lang='lat' dir='ltr'>atque</span> <span class='ocrx_word' id='word_1_646' title='bbox 580 3167 681 3202; x_wconf 72' lang='lat' dir='ltr'>optima</span> <span class='ocrx_word' id='word_1_647' title='bbox 692 3167 783 3195; x_wconf 57' lang='lat' dir='ltr'>leetio.</span> <span class='ocrx_word' id='word_1_648' title='bbox 805 3178 852 3196; x_wconf 81' lang='lat' dir='ltr'>nec</span> <span class='ocrx_word' id='word_1_649' title='bbox 863 3167 943 3205; x_wconf 58' lang='lat' dir='ltr'>louge</span> <span class='ocrx_word' id='word_1_650' title='bbox 952 3168 1010 3197; x_wconf 71' lang='lat' dir='ltr'>abit</span> <span class='ocrx_word' id='word_1_651' title='bbox 1020 3167 1152 3205; x_wconf 86' lang='lat' dir='ltr'>impreffio</span> 
     </span>
    </p>
   </div>
   <div class='ocr_carea' id='block_1_19' title="bbox 358 2959 897 2976">
    <p class='ocr_par' dir='ltr' id='par_1_24' title="bbox 358 2959 897 2976">
     <span class='ocr_line' id='line_1_76' title="bbox 358 2959 897 2976; baseline 0 0"><span class='ocrx_word' id='word_1_652' title='bbox 358 2959 897 2976; x_wconf 95' lang='lat' dir='ltr'> </span> 
     </span>
    </p>
   </div>
   <div class='ocr_carea' id='block_1_20' title="bbox 1157 120 1704 172">
    <p class='ocr_par' dir='ltr' id='par_1_25' title="bbox 1157 120 1704 172">
     <span class='ocr_line' id='line_1_77' title="bbox 1157 120 1704 172; baseline 0.009 -8"><span class='ocrx_word' id='word_1_653' title='bbox 1157 120 1704 172; x_wconf 73' lang='lat' dir='ltr'>CICERONIS</span> 
     </span>
    </p>
   </div>
   <div class='ocr_carea' id='block_1_21' title="bbox 1165 203 2152 2044">
    <p class='ocr_par' dir='ltr' id='par_1_26' title="bbox 1165 203 2152 2044">
     <span class='ocr_line' id='line_1_78' title="bbox 1165 203 2128 241; baseline 0.002 -7"><span class='ocrx_word' id='word_1_654' title='bbox 1165 205 1269 234; x_wconf 80' lang='lat' dir='ltr'>caenati</span> <span class='ocrx_word' id='word_1_655' title='bbox 1280 203 1438 233; x_wconf 83' lang='lat' dir='ltr'>solvimus.</span> <span class='ocrx_word' id='word_1_656' title='bbox 1461 205 1538 236; x_wconf 80' lang='lat' dir='ltr'>Inde</span> <span class='ocrx_word' id='word_1_657' title='bbox 1548 207 1656 238; x_wconf 86' lang='lat' dir='ltr'>Austro</span> <span class='ocrx_word' id='word_1_658' title='bbox 1667 205 1833 241; x_wconf 65' lang='lat' dir='ltr'>terminio,</span> <span class='ocrx_word' id='word_1_659' title='bbox 1849 206 1925 238; x_wconf 76' lang='lat' dir='ltr'>caclo</span> <span class='ocrx_word' id='word_1_660' title='bbox 1935 206 2039 238; x_wconf 84' lang='lat' dir='ltr'>sereno</span> <span class='ocrx_word' id='word_1_661' title='bbox 2051 225 2058 240; x_wconf 88' lang='lat'>‚</span> <span class='ocrx_word' id='word_1_662' title='bbox 2070 215 2128 238; x_wconf 78' lang='lat' dir='ltr'>no·</span> 
     </span>
     <span class='ocr_line' id='line_1_79' title="bbox 1167 245 2126 290; baseline 0.003 -16"><span class='ocrx_word' id='word_1_663' title='bbox 1167 245 1214 275; x_wconf 70' lang='lat' dir='ltr'>&lt;ste</span> <span class='ocrx_word' id='word_1_664' title='bbox 1226 246 1279 275; x_wconf 85' lang='lat' dir='ltr'>illa</span> <span class='ocrx_word' id='word_1_665' title='bbox 1290 266 1298 279; x_wconf 94' lang='lat'>‚</span> <span class='ocrx_word' id='word_1_666' title='bbox 1319 246 1351 275; x_wconf 86' lang='lat'>&amp;</span> <span class='ocrx_word' id='word_1_667' title='bbox 1365 245 1413 275; x_wconf 86' lang='lat' dir='ltr'>die</span> <span class='ocrx_word' id='word_1_668' title='bbox 1426 246 1544 286; x_wconf 84' lang='lat' dir='ltr'>postero</span> <span class='ocrx_word' id='word_1_669' title='bbox 1559 250 1591 278; x_wconf 92' lang='lat' dir='ltr'>in</span> <span class='ocrx_word' id='word_1_670' title='bbox 1601 250 1717 280; x_wconf 88' lang='lat' dir='ltr'>Italiam</span> <span class='ocrx_word' id='word_1_671' title='bbox 1731 251 1766 280; x_wconf 90' lang='lat' dir='ltr'>ad</span> <span class='ocrx_word' id='word_1_672' title='bbox 1780 249 1951 290; x_wconf 87' lang='lat' dir='ltr'>Hydrutem</span> <span class='ocrx_word' id='word_1_673' title='bbox 1962 248 2126 278; x_wconf 85' lang='lat' dir='ltr'>ludibundi</span> 
     </span>
     <span class='ocr_line' id='line_1_80' title="bbox 1166 287 2131 330; baseline 0.004 -14"><span class='ocrx_word' id='word_1_674' title='bbox 1166 289 1376 328; x_wconf 81' lang='lat' dir='ltr'>pervenimus:</span> <span class='ocrx_word' id='word_1_675' title='bbox 1402 287 1571 329; x_wconf 88' lang='lat' dir='ltr'>eodemque</span> <span class='ocrx_word' id='word_1_676' title='bbox 1589 300 1681 321; x_wconf 90' lang='lat' dir='ltr'>vento</span> <span class='ocrx_word' id='word_1_677' title='bbox 1700 291 1842 330; x_wconf 88' lang='lat' dir='ltr'>postridie</span> <span class='ocrx_word' id='word_1_678' title='bbox 1862 291 1905 330; x_wconf 81' lang='lat' dir='ltr'>(id</span> <span class='ocrx_word' id='word_1_679' title='bbox 1926 299 1985 321; x_wconf 85' lang='lat' dir='ltr'>erat</span> <span class='ocrx_word' id='word_1_680' title='bbox 2003 290 2039 320; x_wconf 90' lang='lat' dir='ltr'>ad</span> <span class='ocrx_word' id='word_1_681' title='bbox 2058 300 2131 325; x_wconf 77' lang='lat' dir='ltr'>vrr-</span> 
     </span>
     <span class='ocr_line' id='line_1_81' title="bbox 1169 329 2132 372; baseline 0.003 -13"><span class='ocrx_word' id='word_1_682' title='bbox 1169 329 1295 359; x_wconf 86' lang='lat' dir='ltr'>Kalend.</span> <span class='ocrx_word' id='word_1_683' title='bbox 1308 329 1484 370; x_wconf 80' lang='lat' dir='ltr'>Decembr.)</span> <span class='ocrx_word' id='word_1_684' title='bbox 1503 331 1576 361; x_wconf 82' lang='lat' dir='ltr'>hora</span> <span class='ocrx_word' id='word_1_685' title='bbox 1585 340 1684 372; x_wconf 84' lang='lat' dir='ltr'>quarta</span> <span class='ocrx_word' id='word_1_686' title='bbox 1695 332 1885 364; x_wconf 80' lang='lat' dir='ltr'>Brundifium</span> <span class='ocrx_word' id='word_1_687' title='bbox 1897 333 2039 363; x_wconf 77' lang='lat' dir='ltr'>venimus</span> <span class='ocrx_word' id='word_1_688' title='bbox 2051 342 2056 361; x_wconf 91' lang='lat'>:</span> <span class='ocrx_word' id='word_1_689' title='bbox 2076 341 2132 362; x_wconf 86' lang='lat' dir='ltr'>eo-</span> 
     </span>
     <span class='ocr_line' id='line_1_82' title="bbox 1168 369 2132 414; baseline 0.002 -13"><span class='ocrx_word' id='word_1_690' title='bbox 1168 372 1297 411; x_wconf 84' lang='lat' dir='ltr'>demque</span> <span class='ocrx_word' id='word_1_691' title='bbox 1315 380 1454 410; x_wconf 86' lang='lat' dir='ltr'>tempore</span> <span class='ocrx_word' id='word_1_692' title='bbox 1477 369 1565 402; x_wconf 84' lang='lat' dir='ltr'>fimul</span> <span class='ocrx_word' id='word_1_693' title='bbox 1583 373 1742 410; x_wconf 81' lang='lat' dir='ltr'>nobiscum</span> <span class='ocrx_word' id='word_1_694' title='bbox 1763 375 1911 414; x_wconf 87' lang='lat' dir='ltr'>oppidum</span> <span class='ocrx_word' id='word_1_695' title='bbox 1932 375 2050 404; x_wconf 85' lang='lat' dir='ltr'>introiit</span> <span class='ocrx_word' id='word_1_696' title='bbox 2067 376 2132 404; x_wconf 74' lang='lat' dir='ltr'>Te-</span> 
     </span>
     <span class='ocr_line' id='line_1_83' title="bbox 1167 412 2132 454; baseline 0.002 -11"><span class='ocrx_word' id='word_1_697' title='bbox 1167 416 1277 443; x_wconf 81' lang='lat' dir='ltr'>tentia:</span> <span class='ocrx_word' id='word_1_698' title='bbox 1299 422 1364 452; x_wconf 75' lang='lat' dir='ltr'>qua:</span> <span class='ocrx_word' id='word_1_699' title='bbox 1384 422 1411 442; x_wconf 89' lang='lat' dir='ltr'>te</span> <span class='ocrx_word' id='word_1_700' title='bbox 1430 412 1501 443; x_wconf 86' lang='lat' dir='ltr'>facit</span> <span class='ocrx_word' id='word_1_701' title='bbox 1517 414 1652 454; x_wconf 80' lang='lat' dir='ltr'>plurimi.</span> <span class='ocrx_word' id='word_1_702' title='bbox 1675 415 1722 445; x_wconf 90' lang='lat' dir='ltr'>Ad</span> <span class='ocrx_word' id='word_1_703' title='bbox 1733 426 1760 446; x_wconf 88' lang='lat' dir='ltr'>v.</span> <span class='ocrx_word' id='word_1_704' title='bbox 1783 417 1848 447; x_wconf 87' lang='lat' dir='ltr'>Kal.</span> <span class='ocrx_word' id='word_1_705' title='bbox 1861 416 2008 446; x_wconf 89' lang='lat' dir='ltr'>Decemb.</span> <span class='ocrx_word' id='word_1_706' title='bbox 2029 416 2132 445; x_wconf 84' lang='lat' dir='ltr'>servus</span> 
     </span>
     <span class='ocr_line' id='line_1_84' title="bbox 1169 453 2133 498; baseline 0.001 -13"><span class='ocrx_word' id='word_1_707' title='bbox 1169 457 1225 485; x_wconf 92' lang='lat' dir='ltr'>Cn.</span> <span class='ocrx_word' id='word_1_708' title='bbox 1238 456 1351 485; x_wconf 85' lang='lat' dir='ltr'>Plancii</span> <span class='ocrx_word' id='word_1_709' title='bbox 1366 453 1514 485; x_wconf 85' lang='lat' dir='ltr'>Brundifii</span> <span class='ocrx_word' id='word_1_710' title='bbox 1534 455 1654 486; x_wconf 86' lang='lat' dir='ltr'>tandem</span> <span class='ocrx_word' id='word_1_711' title='bbox 1669 457 1829 498; x_wconf 87' lang='lat' dir='ltr'>aliquando</span> <span class='ocrx_word' id='word_1_712' title='bbox 1848 459 1927 488; x_wconf 91' lang='lat' dir='ltr'>mihi</span> <span class='ocrx_word' id='word_1_713' title='bbox 1943 458 1959 488; x_wconf 78' lang='lat' dir='ltr'>a</span> <span class='ocrx_word' id='word_1_714' title='bbox 1976 467 2004 487; x_wconf 84' lang='lat' dir='ltr'>te</span> <span class='ocrx_word' id='word_1_715' title='bbox 2024 458 2133 497; x_wconf 84' lang='lat' dir='ltr'>exspe-</span> 
     </span>
     <span class='ocr_line' id='line_1_85' title="bbox 1170 495 2132 539; baseline 0.003 -13"><span class='ocrx_word' id='word_1_716' title='bbox 1170 495 1342 527; x_wconf 65' lang='lat' dir='ltr'>‹Statissimas</span> <span class='ocrx_word' id='word_1_717' title='bbox 1353 496 1462 526; x_wconf 84' lang='lat' dir='ltr'>litteras</span> <span class='ocrx_word' id='word_1_718' title='bbox 1473 497 1618 531; x_wconf 74' lang='lat' dir='ltr'>reddidit,</span> <span class='ocrx_word' id='word_1_719' title='bbox 1635 498 1715 528; x_wconf 86' lang='lat' dir='ltr'>datas</span> <span class='ocrx_word' id='word_1_720' title='bbox 1726 499 1799 528; x_wconf 91' lang='lat' dir='ltr'>idib.</span> <span class='ocrx_word' id='word_1_721' title='bbox 1810 499 1979 529; x_wconf 88' lang='lat' dir='ltr'>Novembr.</span> <span class='ocrx_word' id='word_1_722' title='bbox 2002 509 2070 539; x_wconf 82' lang='lat' dir='ltr'>quae</span> <span class='ocrx_word' id='word_1_723' title='bbox 2080 508 2132 529; x_wconf 86' lang='lat' dir='ltr'>me</span> 
     </span>
     <span class='ocr_line' id='line_1_86' title="bbox 1170 537 2133 580; baseline 0.003 -13"><span class='ocrx_word' id='word_1_724' title='bbox 1170 537 1311 568; x_wconf 86' lang='lat' dir='ltr'>molestia</span> <span class='ocrx_word' id='word_1_725' title='bbox 1321 539 1406 568; x_wconf 89' lang='lat' dir='ltr'>valde</span> <span class='ocrx_word' id='word_1_726' title='bbox 1417 539 1571 569; x_wconf 85' lang='lat' dir='ltr'>levarunt:</span> <span class='ocrx_word' id='word_1_727' title='bbox 1590 541 1709 570; x_wconf 87' lang='lat' dir='ltr'>utinam</span> <span class='ocrx_word' id='word_1_728' title='bbox 1727 542 1860 580; x_wconf 82' lang='lat' dir='ltr'>omnino</span> <span class='ocrx_word' id='word_1_729' title='bbox 1873 539 2050 570; x_wconf 80' lang='lat' dir='ltr'>liberassent.</span> <span class='ocrx_word' id='word_1_730' title='bbox 2074 540 2133 571; x_wconf 87' lang='lat' dir='ltr'>Sed</span> 
     </span>
     <span class='ocr_line' id='line_1_87' title="bbox 1171 580 2136 622; baseline 0.001 -12"><span class='ocrx_word' id='word_1_731' title='bbox 1171 590 1272 610; x_wconf 86' lang='lat' dir='ltr'>tamen</span> <span class='ocrx_word' id='word_1_732' title='bbox 1282 580 1409 621; x_wconf 87' lang='lat' dir='ltr'>Asclapo</span> <span class='ocrx_word' id='word_1_733' title='bbox 1425 580 1561 611; x_wconf 89' lang='lat' dir='ltr'>medicus</span> <span class='ocrx_word' id='word_1_734' title='bbox 1575 581 1663 621; x_wconf 72' lang='lat' dir='ltr'>plane</span> <span class='ocrx_word' id='word_1_735' title='bbox 1679 580 1840 612; x_wconf 83' lang='lat' dir='ltr'>confirmat</span> <span class='ocrx_word' id='word_1_736' title='bbox 1857 582 2031 622; x_wconf 83' lang='lat' dir='ltr'>propediem</span> <span class='ocrx_word' id='word_1_737' title='bbox 2044 591 2071 612; x_wconf 82' lang='lat' dir='ltr'>te</span> <span class='ocrx_word' id='word_1_738' title='bbox 2082 592 2136 611; x_wconf 86' lang='lat' dir='ltr'>va-</span> 
     </span>
     <span class='ocr_line' id='line_1_88' title="bbox 1172 620 2137 665; baseline 0.001 -13"><span class='ocrx_word' id='word_1_739' title='bbox 1172 622 1284 652; x_wconf 87' lang='lat' dir='ltr'>lentem</span> <span class='ocrx_word' id='word_1_740' title='bbox 1299 620 1373 657; x_wconf 83' lang='lat' dir='ltr'>fore.</span> <span class='ocrx_word' id='word_1_741' title='bbox 1411 626 1420 641; x_wconf 94' lang='lat'><em>¹</em></span> <span class='ocrx_word' id='word_1_742' title='bbox 1434 624 1526 653; x_wconf 91' lang='lat' dir='ltr'>Nunc</span> <span class='ocrx_word' id='word_1_743' title='bbox 1541 623 1614 664; x_wconf 84' lang='lat' dir='ltr'>quid</span> <span class='ocrx_word' id='word_1_744' title='bbox 1628 634 1683 665; x_wconf 88' lang='lat' dir='ltr'>ego</span> <span class='ocrx_word' id='word_1_745' title='bbox 1697 631 1726 653; x_wconf 83' lang='lat' dir='ltr'>tc</span> <span class='ocrx_word' id='word_1_746' title='bbox 1744 624 1864 653; x_wconf 88' lang='lat' dir='ltr'>horter?</span> <span class='ocrx_word' id='word_1_747' title='bbox 1884 633 1917 654; x_wconf 88' lang='lat' dir='ltr'>ut</span> <span class='ocrx_word' id='word_1_748' title='bbox 1925 633 2053 654; x_wconf 86' lang='lat' dir='ltr'>omnem</span> <span class='ocrx_word' id='word_1_749' title='bbox 2063 623 2137 654; x_wconf 82' lang='lat' dir='ltr'>dili-</span> 
     </span>
     <span class='ocr_line' id='line_1_89' title="bbox 1172 663 2132 704; baseline 0.001 -10"><span class='ocrx_word' id='word_1_750' title='bbox 1172 666 1306 704; x_wconf 82' lang='lat' dir='ltr'>gentiam</span> <span class='ocrx_word' id='word_1_751' title='bbox 1319 663 1460 694; x_wconf 85' lang='lat' dir='ltr'>adhibeas</span> <span class='ocrx_word' id='word_1_752' title='bbox 1469 664 1504 695; x_wconf 90' lang='lat' dir='ltr'>ad</span> <span class='ocrx_word' id='word_1_753' title='bbox 1515 665 1796 696; x_wconf 87' lang='lat' dir='ltr'>convalescendum.</span> <span class='ocrx_word' id='word_1_754' title='bbox 1821 667 1920 695; x_wconf 81' lang='lat' dir='ltr'>Tuam</span> <span class='ocrx_word' id='word_1_755' title='bbox 1931 665 2132 704; x_wconf 85' lang='lat' dir='ltr'>prudentiam,</span> 
     </span>
     <span class='ocr_line' id='line_1_90' title="bbox 1174 706 2135 748; baseline 0 -12"><span class='ocrx_word' id='word_1_756' title='bbox 1174 710 1401 746; x_wconf 76' lang='lat' dir='ltr'>temperantiam</span> <span class='ocrx_word' id='word_1_757' title='bbox 1417 726 1426 740; x_wconf 90' lang='lat'><strong>,</strong></span> <span class='ocrx_word' id='word_1_758' title='bbox 1445 716 1580 737; x_wconf 90' lang='lat' dir='ltr'>amorem</span> <span class='ocrx_word' id='word_1_759' title='bbox 1602 717 1668 748; x_wconf 87' lang='lat' dir='ltr'>erga</span> <span class='ocrx_word' id='word_1_760' title='bbox 1686 717 1736 736; x_wconf 90' lang='lat' dir='ltr'>me</span> <span class='ocrx_word' id='word_1_761' title='bbox 1757 708 1843 737; x_wconf 78' lang='lat' dir='ltr'>novi.</span> <span class='ocrx_word' id='word_1_762' title='bbox 1868 707 1929 737; x_wconf 87' lang='lat' dir='ltr'>scio</span> <span class='ocrx_word' id='word_1_763' title='bbox 1940 716 1968 736; x_wconf 89' lang='lat' dir='ltr'>te</span> <span class='ocrx_word' id='word_1_764' title='bbox 1978 706 2135 737; x_wconf 75' lang='lat' dir='ltr'>omniasa-</span> 
     </span>
     <span class='ocr_line' id='line_1_91' title="bbox 1173 745 2136 790; baseline 0 -12"><span class='ocrx_word' id='word_1_765' title='bbox 1173 747 1293 778; x_wconf 69' lang='lat' dir='ltr'>&amp;urum</span> <span class='ocrx_word' id='word_1_766' title='bbox 1306 768 1314 782; x_wconf 93' lang='lat'>,</span> <span class='ocrx_word' id='word_1_767' title='bbox 1326 757 1358 778; x_wconf 89' lang='lat' dir='ltr'>ut</span> <span class='ocrx_word' id='word_1_768' title='bbox 1367 748 1524 779; x_wconf 83' lang='lat' dir='ltr'>nobiscum</span> <span class='ocrx_word' id='word_1_769' title='bbox 1536 748 1626 790; x_wconf 74' lang='lat' dir='ltr'>quam</span> <span class='ocrx_word' id='word_1_770' title='bbox 1637 748 1773 789; x_wconf 75' lang='lat' dir='ltr'>primurn</span> <span class='ocrx_word' id='word_1_771' title='bbox 1787 747 1833 778; x_wconf 85' lang='lat' dir='ltr'>fis.</span> <span class='ocrx_word' id='word_1_772' title='bbox 1855 748 1911 779; x_wconf 77' lang='lat' dir='ltr'>Sed</span> <span class='ocrx_word' id='word_1_773' title='bbox 1923 757 2024 778; x_wconf 89' lang='lat' dir='ltr'>tamen</span> <span class='ocrx_word' id='word_1_774' title='bbox 2034 745 2074 778; x_wconf 72' lang='lat' dir='ltr'>ita</span> <span class='ocrx_word' id='word_1_775' title='bbox 2082 758 2136 778; x_wconf 89' lang='lat' dir='ltr'>ve-</span> 
     </span>
     <span class='ocr_line' id='line_1_92' title="bbox 1173 790 2135 831; baseline 0.001 -11"><span class='ocrx_word' id='word_1_776' title='bbox 1173 790 1228 820; x_wconf 87' lang='lat' dir='ltr'>lim</span> <span class='ocrx_word' id='word_1_777' title='bbox 1241 810 1249 824; x_wconf 93' lang='lat'>‚</span> <span class='ocrx_word' id='word_1_778' title='bbox 1270 798 1357 820; x_wconf 89' lang='lat' dir='ltr'>utne</span> <span class='ocrx_word' id='word_1_779' title='bbox 1376 790 1448 831; x_wconf 87' lang='lat' dir='ltr'>quid</span> <span class='ocrx_word' id='word_1_780' title='bbox 1467 800 1618 831; x_wconf 86' lang='lat' dir='ltr'>properes.</span> <span class='ocrx_word' id='word_1_781' title='bbox 1652 791 1871 830; x_wconf 82' lang='lat' dir='ltr'>symphoniam</span> <span class='ocrx_word' id='word_1_782' title='bbox 1891 790 2020 830; x_wconf 84' lang='lat' dir='ltr'>Lysonis</span> <span class='ocrx_word' id='word_1_783' title='bbox 2039 790 2135 821; x_wconf 86' lang='lat' dir='ltr'>velim</span> 
     </span>
     <span class='ocr_line' id='line_1_93' title="bbox 1172 830 2131 873; baseline -0.001 -11"><span class='ocrx_word' id='word_1_784' title='bbox 1172 830 1287 862; x_wconf 84' lang='lat' dir='ltr'>vitasses</span> <span class='ocrx_word' id='word_1_785' title='bbox 1300 842 1305 860; x_wconf 88' lang='lat'><strong>:</strong></span> <span class='ocrx_word' id='word_1_786' title='bbox 1321 842 1359 861; x_wconf 90' lang='lat' dir='ltr'>ne</span> <span class='ocrx_word' id='word_1_787' title='bbox 1369 833 1402 861; x_wconf 91' lang='lat' dir='ltr'>in</span> <span class='ocrx_word' id='word_1_788' title='bbox 1412 841 1545 873; x_wconf 81' lang='lat' dir='ltr'>quartam</span> <span class='ocrx_word' id='word_1_789' title='bbox 1558 832 1744 863; x_wconf 85' lang='lat' dir='ltr'>hebdomada</span> <span class='ocrx_word' id='word_1_790' title='bbox 1755 831 1914 862; x_wconf 86' lang='lat' dir='ltr'>incideres.</span> <span class='ocrx_word' id='word_1_791' title='bbox 1936 831 1992 862; x_wconf 86' lang='lat' dir='ltr'>Sed</span> <span class='ocrx_word' id='word_1_792' title='bbox 2004 852 2012 864; x_wconf 82' lang='grc'>,</span> <span class='ocrx_word' id='word_1_793' title='bbox 2034 841 2131 872; x_wconf 89' lang='lat' dir='ltr'>quum</span> 
     </span>
     <span class='ocr_line' id='line_1_94' title="bbox 1174 873 2137 915; baseline 0 -12"><span class='ocrx_word' id='word_1_794' title='bbox 1174 873 1282 914; x_wconf 83' lang='lat' dir='ltr'>pudori</span> <span class='ocrx_word' id='word_1_795' title='bbox 1293 882 1346 903; x_wconf 90' lang='lat' dir='ltr'>tuo</span> <span class='ocrx_word' id='word_1_796' title='bbox 1358 873 1489 904; x_wconf 86' lang='lat' dir='ltr'>maluisti</span> <span class='ocrx_word' id='word_1_797' title='bbox 1502 874 1625 915; x_wconf 84' lang='lat' dir='ltr'>obsequi</span> <span class='ocrx_word' id='word_1_798' title='bbox 1638 895 1646 908; x_wconf 87' lang='lat'>,</span> <span class='ocrx_word' id='word_1_799' title='bbox 1661 874 1751 915; x_wconf 70' lang='lat' dir='ltr'>quam</span> <span class='ocrx_word' id='word_1_800' title='bbox 1762 874 1942 906; x_wconf 86' lang='lat' dir='ltr'>valitudini,</span> <span class='ocrx_word' id='word_1_801' title='bbox 1961 874 2075 914; x_wconf 88' lang='lat' dir='ltr'>reliqua</span> <span class='ocrx_word' id='word_1_802' title='bbox 2082 883 2137 903; x_wconf 83' lang='lat' dir='ltr'>cu-</span> 
     </span>
     <span class='ocr_line' id='line_1_95' title="bbox 1174 914 2134 949; baseline 0.002 -4"><span class='ocrx_word' id='word_1_803' title='bbox 1174 926 1214 946; x_wconf 92' lang='lat' dir='ltr'>ra.</span> <span class='ocrx_word' id='word_1_804' title='bbox 1238 917 1330 945; x_wconf 87' lang='lat' dir='ltr'>Curio</span> <span class='ocrx_word' id='word_1_805' title='bbox 1345 914 1413 945; x_wconf 81' lang='lat' dir='ltr'>misi</span> <span class='ocrx_word' id='word_1_806' title='bbox 1424 935 1433 949; x_wconf 90' lang='lat'>‚</span> <span class='ocrx_word' id='word_1_807' title='bbox 1453 924 1485 946; x_wconf 90' lang='lat' dir='ltr'>ut</span> <span class='ocrx_word' id='word_1_808' title='bbox 1495 916 1617 946; x_wconf 90' lang='lat' dir='ltr'>medico</span> <span class='ocrx_word' id='word_1_809' title='bbox 1627 918 1725 946; x_wconf 90' lang='lat' dir='ltr'>honos</span> <span class='ocrx_word' id='word_1_810' title='bbox 1736 916 1906 947; x_wconf 80' lang='lat' dir='ltr'>haberetur:</span> <span class='ocrx_word' id='word_1_811' title='bbox 1931 915 1964 945; x_wconf 75' lang='grc' dir='ltr'>δε</span> <span class='ocrx_word' id='word_1_812' title='bbox 1976 915 2030 945; x_wconf 81' lang='lat' dir='ltr'>tibi</span> <span class='ocrx_word' id='word_1_813' title='bbox 2040 915 2134 948; x_wconf 81' lang='lat' dir='ltr'>daret,</span> 
     </span>
     <span class='ocr_line' id='line_1_96' title="bbox 1174 955 2134 998; baseline 0.002 -12"><span class='ocrx_word' id='word_1_814' title='bbox 1174 957 1255 998; x_wconf 89' lang='lat' dir='ltr'>quod</span> <span class='ocrx_word' id='word_1_815' title='bbox 1266 956 1341 997; x_wconf 80' lang='lat' dir='ltr'>opus</span> <span class='ocrx_word' id='word_1_816' title='bbox 1350 955 1438 988; x_wconf 75' lang='lat' dir='ltr'>ess&#39;et:</span> <span class='ocrx_word' id='word_1_817' title='bbox 1459 967 1507 987; x_wconf 89' lang='lat' dir='ltr'>me</span> <span class='ocrx_word' id='word_1_818' title='bbox 1519 978 1527 990; x_wconf 86' lang='lat'>‚</span> <span class='ocrx_word' id='word_1_819' title='bbox 1542 956 1725 996; x_wconf 84' lang='lat' dir='ltr'>cuijuffiss&#39;et</span> <span class='ocrx_word' id='word_1_820' title='bbox 1735 978 1743 991; x_wconf 86' lang='lat'>‚</span> <span class='ocrx_word' id='word_1_821' title='bbox 1760 966 1943 988; x_wconf 82' lang='lat' dir='ltr'>curaturum.</span> <span class='ocrx_word' id='word_1_822' title='bbox 1968 960 2087 998; x_wconf 86' lang='lat' dir='ltr'>Equum</span> <span class='ocrx_word' id='word_1_823' title='bbox 2100 957 2134 988; x_wconf 76' lang='grc' dir='ltr'>δε</span> 
     </span>
     <span class='ocr_line' id='line_1_97' title="bbox 1173 997 2133 1040; baseline 0 -12"><span class='ocrx_word' id='word_1_824' title='bbox 1173 999 1296 1029; x_wconf 87' lang='lat' dir='ltr'>mulum</span> <span class='ocrx_word' id='word_1_825' title='bbox 1306 997 1454 1029; x_wconf 82' lang='lat' dir='ltr'>Brundisii</span> <span class='ocrx_word' id='word_1_826' title='bbox 1471 999 1526 1030; x_wconf 89' lang='lat' dir='ltr'>tibi</span> <span class='ocrx_word' id='word_1_827' title='bbox 1546 1000 1664 1040; x_wconf 86' lang='lat' dir='ltr'>reliqui.</span> <span class='ocrx_word' id='word_1_828' title='bbox 1690 1002 1800 1030; x_wconf 83' lang='lat' dir='ltr'>Romae</span> <span class='ocrx_word' id='word_1_829' title='bbox 1819 1009 1942 1033; x_wconf 85' lang='lat' dir='ltr'>vereor,</span> <span class='ocrx_word' id='word_1_830' title='bbox 1964 1009 2002 1029; x_wconf 88' lang='lat' dir='ltr'>ne</span> <span class='ocrx_word' id='word_1_831' title='bbox 2015 1009 2053 1029; x_wconf 86' lang='lat' dir='ltr'>ex</span> <span class='ocrx_word' id='word_1_832' title='bbox 2064 1000 2133 1029; x_wconf 81' lang='lat' dir='ltr'>Kal.</span> 
     </span>
     <span class='ocr_line' id='line_1_98' title="bbox 1171 1040 2134 1082; baseline -0.001 -12"><span class='ocrx_word' id='word_1_833' title='bbox 1171 1042 1237 1082; x_wconf 89' lang='lat' dir='ltr'>Jan.</span> <span class='ocrx_word' id='word_1_834' title='bbox 1256 1042 1358 1082; x_wconf 88' lang='lat' dir='ltr'>magni</span> <span class='ocrx_word' id='word_1_835' title='bbox 1379 1042 1528 1071; x_wconf 90' lang='lat' dir='ltr'>turnultus</span> <span class='ocrx_word' id='word_1_836' title='bbox 1546 1040 1613 1071; x_wconf 86' lang='lat' dir='ltr'>sint.</span> <span class='ocrx_word' id='word_1_837' title='bbox 1646 1044 1713 1071; x_wconf 89' lang='lat' dir='ltr'>Nos</span> <span class='ocrx_word' id='word_1_838' title='bbox 1734 1051 1854 1082; x_wconf 85' lang='lat' dir='ltr'>agemus</span> <span class='ocrx_word' id='word_1_839' title='bbox 1874 1042 1979 1071; x_wconf 88' lang='lat' dir='ltr'>omnia</span> <span class='ocrx_word' id='word_1_840' title='bbox 2001 1041 2134 1071; x_wconf 68' lang='lat' dir='ltr'>modice.</span> 
     </span>
     <span class='ocr_line' id='line_1_99' title="bbox 1175 1081 2137 1124; baseline 0.001 -12"><span class='ocrx_word' id='word_1_841' title='bbox 1175 1082 1344 1122; x_wconf 86' lang='lat' dir='ltr'>Reliquum</span> <span class='ocrx_word' id='word_1_842' title='bbox 1354 1081 1397 1112; x_wconf 88' lang='lat' dir='ltr'>est</span> <span class='ocrx_word' id='word_1_843' title='bbox 1408 1102 1417 1115; x_wconf 90' lang='lat'>‚</span> <span class='ocrx_word' id='word_1_844' title='bbox 1438 1091 1471 1112; x_wconf 91' lang='lat' dir='ltr'>ut</span> <span class='ocrx_word' id='word_1_845' title='bbox 1480 1091 1508 1112; x_wconf 91' lang='lat' dir='ltr'>te</span> <span class='ocrx_word' id='word_1_846' title='bbox 1518 1084 1575 1112; x_wconf 83' lang='lat' dir='ltr'>hoc</span> <span class='ocrx_word' id='word_1_847' title='bbox 1585 1093 1689 1124; x_wconf 86' lang='lat' dir='ltr'>rogem</span> <span class='ocrx_word' id='word_1_848' title='bbox 1701 1103 1710 1117; x_wconf 89' lang='lat'>‚</span> <span class='ocrx_word' id='word_1_849' title='bbox 1729 1083 1761 1113; x_wconf 89' lang='lat'>&amp;</span> <span class='ocrx_word' id='word_1_850' title='bbox 1771 1083 1824 1113; x_wconf 80' lang='lat' dir='ltr'>ate</span> <span class='ocrx_word' id='word_1_851' title='bbox 1835 1092 1932 1123; x_wconf 87' lang='lat' dir='ltr'>petam</span> <span class='ocrx_word' id='word_1_852' title='bbox 1943 1102 1951 1117; x_wconf 89' lang='lat'>,</span> <span class='ocrx_word' id='word_1_853' title='bbox 1973 1093 2012 1113; x_wconf 89' lang='lat' dir='ltr'>ne</span> <span class='ocrx_word' id='word_1_854' title='bbox 2022 1083 2137 1113; x_wconf 73' lang='lat' dir='ltr'>temere</span> 
     </span>
     <span class='ocr_line' id='line_1_100' title="bbox 1176 1123 2136 1165; baseline 0 -11"><span class='ocrx_word' id='word_1_855' title='bbox 1176 1126 1309 1165; x_wconf 84' lang='lat' dir='ltr'>naviges.</span> <span class='ocrx_word' id='word_1_856' title='bbox 1332 1124 1438 1153; x_wconf 85' lang='lat' dir='ltr'>Solent</span> <span class='ocrx_word' id='word_1_857' title='bbox 1452 1132 1549 1154; x_wconf 79' lang='lat' dir='ltr'>nautae.</span> <span class='ocrx_word' id='word_1_858' title='bbox 1561 1123 1700 1154; x_wconf 77' lang='lat' dir='ltr'>festinare</span> <span class='ocrx_word' id='word_1_859' title='bbox 1713 1124 1840 1165; x_wconf 84' lang='lat' dir='ltr'>quaestus</span> <span class='ocrx_word' id='word_1_860' title='bbox 1854 1125 1898 1154; x_wconf 87' lang='lat' dir='ltr'>sui</span> <span class='ocrx_word' id='word_1_861' title='bbox 1909 1125 2000 1155; x_wconf 88' lang='lat' dir='ltr'>causa.</span> <span class='ocrx_word' id='word_1_862' title='bbox 2025 1127 2136 1155; x_wconf 86' lang='lat' dir='ltr'>Cautus</span> 
     </span>
     <span class='ocr_line' id='line_1_101' title="bbox 1177 1164 2136 1206; baseline 0.002 -12"><span class='ocrx_word' id='word_1_863' title='bbox 1177 1164 1212 1194; x_wconf 90' lang='lat' dir='ltr'>sis</span> <span class='ocrx_word' id='word_1_864' title='bbox 1223 1185 1231 1198; x_wconf 86' lang='lat'>‚</span> <span class='ocrx_word' id='word_1_865' title='bbox 1253 1167 1299 1194; x_wconf 90' lang='lat' dir='ltr'>mi</span> <span class='ocrx_word' id='word_1_866' title='bbox 1309 1166 1397 1195; x_wconf 83' lang='lat' dir='ltr'>Tiro.</span> <span class='ocrx_word' id='word_1_867' title='bbox 1420 1167 1502 1195; x_wconf 87' lang='lat' dir='ltr'>Mare</span> <span class='ocrx_word' id='word_1_868' title='bbox 1513 1174 1658 1206; x_wconf 86' lang='lat' dir='ltr'>magnum</span> <span class='ocrx_word' id='word_1_869' title='bbox 1670 1165 1703 1195; x_wconf 75' lang='grc' dir='ltr'>δε</span> <span class='ocrx_word' id='word_1_870' title='bbox 1713 1164 1838 1196; x_wconf 80' lang='lat' dir='ltr'>difficile</span> <span class='ocrx_word' id='word_1_871' title='bbox 1851 1166 1906 1195; x_wconf 89' lang='lat' dir='ltr'>tibi</span> <span class='ocrx_word' id='word_1_872' title='bbox 1919 1165 2012 1196; x_wconf 89' lang='lat' dir='ltr'>restat.</span> <span class='ocrx_word' id='word_1_873' title='bbox 2035 1168 2065 1197; x_wconf 90' lang='lat' dir='ltr'>Si</span> <span class='ocrx_word' id='word_1_874' title='bbox 2078 1176 2136 1206; x_wconf 88' lang='lat' dir='ltr'>po-</span> 
     </span>
     <span class='ocr_line' id='line_1_102' title="bbox 1177 1205 2134 1248; baseline 0.001 -11"><span class='ocrx_word' id='word_1_875' title='bbox 1177 1208 1245 1237; x_wconf 87' lang='lat' dir='ltr'>teris</span> <span class='ocrx_word' id='word_1_876' title='bbox 1256 1217 1261 1235; x_wconf 85' lang='lat'>&#39;.</span> <span class='ocrx_word' id='word_1_877' title='bbox 1272 1216 1345 1237; x_wconf 90' lang='lat' dir='ltr'>cum</span> <span class='ocrx_word' id='word_1_878' title='bbox 1356 1205 1507 1237; x_wconf 85' lang='lat' dir='ltr'>Meffinio.</span> <span class='ocrx_word' id='word_1_879' title='bbox 1522 1207 1608 1238; x_wconf 73' lang='lat' dir='ltr'>caute</span> <span class='ocrx_word' id='word_1_880' title='bbox 1618 1210 1643 1237; x_wconf 88' lang='lat' dir='ltr'>is</span> <span class='ocrx_word' id='word_1_881' title='bbox 1653 1207 1727 1237; x_wconf 90' lang='lat' dir='ltr'>solet</span> <span class='ocrx_word' id='word_1_882' title='bbox 1737 1209 1882 1248; x_wconf 88' lang='lat' dir='ltr'>navigare.</span> <span class='ocrx_word' id='word_1_883' title='bbox 1897 1206 1918 1236; x_wconf 80' lang='lat' dir='ltr'>si</span> <span class='ocrx_word' id='word_1_884' title='bbox 1927 1207 2030 1237; x_wconf 79' lang='lat' dir='ltr'>minus</span> <span class='ocrx_word' id='word_1_885' title='bbox 2042 1227 2051 1241; x_wconf 91' lang='lat'>,</span> <span class='ocrx_word' id='word_1_886' title='bbox 2061 1217 2134 1238; x_wconf 87' lang='lat' dir='ltr'>cum</span> 
     </span>
     <span class='ocr_line' id='line_1_103' title="bbox 1175 1247 2137 1291; baseline -0.001 -12"><span class='ocrx_word' id='word_1_887' title='bbox 1175 1247 1304 1279; x_wconf 89' lang='lat' dir='ltr'>honesto</span> <span class='ocrx_word' id='word_1_888' title='bbox 1325 1249 1428 1291; x_wconf 87' lang='lat' dir='ltr'>aliquo</span> <span class='ocrx_word' id='word_1_889' title='bbox 1451 1250 1579 1280; x_wconf 87' lang='lat' dir='ltr'>homine</span> <span class='ocrx_word' id='word_1_890' title='bbox 1591 1269 1605 1286; x_wconf 62' lang='lat'><em>³</em></span> <span class='ocrx_word' id='word_1_891' title='bbox 1633 1259 1719 1288; x_wconf 77' lang='lat' dir='ltr'>cnjus</span> <span class='ocrx_word' id='word_1_892' title='bbox 1740 1248 1915 1279; x_wconf 65' lang='lat' dir='ltr'>auetoritate</span> <span class='ocrx_word' id='word_1_893' title='bbox 1936 1248 2137 1279; x_wconf 85' lang='lat' dir='ltr'>navicularius</span> 
     </span>
     <span class='ocr_line' id='line_1_104' title="bbox 1176 1288 2138 1332; baseline 0.001 -12"><span class='ocrx_word' id='word_1_894' title='bbox 1176 1298 1343 1321; x_wconf 86' lang='lat' dir='ltr'>moveatur.</span> <span class='ocrx_word' id='word_1_895' title='bbox 1366 1293 1402 1320; x_wconf 90' lang='lat' dir='ltr'>In</span> <span class='ocrx_word' id='word_1_896' title='bbox 1419 1291 1477 1321; x_wconf 91' lang='lat' dir='ltr'>hoc</span> <span class='ocrx_word' id='word_1_897' title='bbox 1490 1301 1618 1321; x_wconf 90' lang='lat' dir='ltr'>omnem</span> <span class='ocrx_word' id='word_1_898' title='bbox 1636 1290 1824 1332; x_wconf 86' lang='lat' dir='ltr'>diligentiam</span> <span class='ocrx_word' id='word_1_899' title='bbox 1841 1288 1861 1320; x_wconf 87' lang='lat' dir='ltr'>fi</span> <span class='ocrx_word' id='word_1_900' title='bbox 1874 1290 2047 1321; x_wconf 88' lang='lat' dir='ltr'>adhibueris</span> <span class='ocrx_word' id='word_1_901' title='bbox 2061 1310 2070 1324; x_wconf 92' lang='lat'>,</span> <span class='ocrx_word' id='word_1_902' title='bbox 2092 1300 2138 1321; x_wconf 87' lang='lat' dir='ltr'>te-</span> 
     </span>
     <span class='ocr_line' id='line_1_105' title="bbox 1174 1332 2140 1374; baseline 0.001 -12"><span class='ocrx_word' id='word_1_903' title='bbox 1174 1343 1232 1374; x_wconf 88' lang='lat' dir='ltr'>que</span> <span class='ocrx_word' id='word_1_904' title='bbox 1248 1332 1336 1362; x_wconf 90' lang='lat' dir='ltr'>nobis</span> <span class='ocrx_word' id='word_1_905' title='bbox 1346 1333 1535 1363; x_wconf 88' lang='lat' dir='ltr'>incolumem</span> <span class='ocrx_word' id='word_1_906' title='bbox 1545 1332 1714 1374; x_wconf 72' lang='lat' dir='ltr'>praestiteris</span> <span class='ocrx_word' id='word_1_907' title='bbox 1723 1352 1731 1366; x_wconf 88' lang='lat'><em>,</em></span> <span class='ocrx_word' id='word_1_908' title='bbox 1744 1334 1850 1363; x_wconf 90' lang='lat' dir='ltr'>omnia</span> <span class='ocrx_word' id='word_1_909' title='bbox 1862 1332 1878 1362; x_wconf 77' lang='lat' dir='ltr'>a</span> <span class='ocrx_word' id='word_1_910' title='bbox 1892 1341 1918 1362; x_wconf 91' lang='lat' dir='ltr'>te</span> <span class='ocrx_word' id='word_1_911' title='bbox 1933 1332 2061 1362; x_wconf 87' lang='lat' dir='ltr'>habebo.</span> <span class='ocrx_word' id='word_1_912' title='bbox 2085 1335 2140 1363; x_wconf 85' lang='lat' dir='ltr'>Et-</span> 
     </span>
     <span class='ocr_line' id='line_1_106' title="bbox 1177 1374 2138 1416; baseline -0.002 -11"><span class='ocrx_word' id='word_1_913' title='bbox 1177 1377 1238 1405; x_wconf 89' lang='lat' dir='ltr'>iam</span> <span class='ocrx_word' id='word_1_914' title='bbox 1248 1383 1336 1415; x_wconf 87' lang='lat' dir='ltr'>atque</span> <span class='ocrx_word' id='word_1_915' title='bbox 1347 1376 1440 1405; x_wconf 91' lang='lat' dir='ltr'>etiam</span> <span class='ocrx_word' id='word_1_916' title='bbox 1451 1395 1460 1409; x_wconf 88' lang='lat'>,</span> <span class='ocrx_word' id='word_1_917' title='bbox 1471 1375 1573 1405; x_wconf 83' lang='lat' dir='ltr'>noster</span> <span class='ocrx_word' id='word_1_918' title='bbox 1582 1377 1658 1406; x_wconf 91' lang='lat' dir='ltr'>Tiro</span> <span class='ocrx_word' id='word_1_919' title='bbox 1670 1395 1678 1408; x_wconf 90' lang='lat'><em>‚</em></span> <span class='ocrx_word' id='word_1_920' title='bbox 1691 1375 1765 1405; x_wconf 89' lang='lat' dir='ltr'>vale.</span> <span class='ocrx_word' id='word_1_921' title='bbox 1789 1374 1913 1405; x_wconf 89' lang='lat' dir='ltr'>Medico</span> <span class='ocrx_word' id='word_1_922' title='bbox 1923 1376 2014 1405; x_wconf 83' lang='lat' dir='ltr'>Curio</span> <span class='ocrx_word' id='word_1_923' title='bbox 2023 1374 2138 1416; x_wconf 83' lang='lat' dir='ltr'>Lysoni</span> 
     </span>
     <span class='ocr_line' id='line_1_107' title="bbox 1179 1415 1831 1458; baseline -0.003 -11"><span class='ocrx_word' id='word_1_924' title='bbox 1179 1417 1215 1447; x_wconf 88' lang='lat' dir='ltr'>de</span> <span class='ocrx_word' id='word_1_925' title='bbox 1228 1426 1255 1447; x_wconf 88' lang='lat' dir='ltr'>te</span> <span class='ocrx_word' id='word_1_926' title='bbox 1265 1415 1364 1457; x_wconf 85' lang='lat' dir='ltr'>scripsi</span> <span class='ocrx_word' id='word_1_927' title='bbox 1374 1415 1613 1458; x_wconf 76' lang='lat' dir='ltr'>diligentissime.</span> <span class='ocrx_word' id='word_1_928' title='bbox 1638 1416 1712 1446; x_wconf 90' lang='lat' dir='ltr'>Vale</span> <span class='ocrx_word' id='word_1_929' title='bbox 1721 1436 1730 1450; x_wconf 85' lang='lat'>‚</span> <span class='ocrx_word' id='word_1_930' title='bbox 1744 1417 1831 1447; x_wconf 87' lang='lat' dir='ltr'>salve.</span> 
     </span>
     <span class='ocr_line' id='line_1_108' title="bbox 1395 1460 1919 1492; baseline -0.004 -4"><span class='ocrx_word' id='word_1_931' title='bbox 1395 1460 1775 1492; x_wconf 83' lang='lat' dir='ltr'>M.T.C.T1RON1‚</span> <span class='ocrx_word' id='word_1_932' title='bbox 1797 1460 1919 1489; x_wconf 69' lang='lat' dir='ltr'>S-P.D.</span> 
     </span>
     <span class='ocr_line' id='line_1_109' title="bbox 1180 1499 2138 1576; baseline 0 -45"><span class='ocrx_word' id='word_1_933' title='bbox 1180 1499 1304 1576; x_wconf 83' lang='lat' dir='ltr'>EGO</span> <span class='ocrx_word' id='word_1_934' title='bbox 1319 1500 1392 1531; x_wconf 76' lang='lat' dir='ltr'>vero</span> <span class='ocrx_word' id='word_1_935' title='bbox 1401 1503 1492 1541; x_wconf 86' lang='lat' dir='ltr'>cupio</span> <span class='ocrx_word' id='word_1_936' title='bbox 1502 1510 1529 1532; x_wconf 89' lang='lat' dir='ltr'>te</span> <span class='ocrx_word' id='word_1_937' title='bbox 1539 1500 1574 1531; x_wconf 89' lang='lat' dir='ltr'>ad</span> <span class='ocrx_word' id='word_1_938' title='bbox 1584 1510 1635 1530; x_wconf 88' lang='lat' dir='ltr'>me</span> <span class='ocrx_word' id='word_1_939' title='bbox 1644 1502 1766 1530; x_wconf 86' lang='lat' dir='ltr'>venire:</span> <span class='ocrx_word' id='word_1_940' title='bbox 1785 1500 1834 1530; x_wconf 88' lang='lat' dir='ltr'>sed</span> <span class='ocrx_word' id='word_1_941' title='bbox 1848 1501 1929 1530; x_wconf 82' lang='lat' dir='ltr'>viam</span> <span class='ocrx_word' id='word_1_942' title='bbox 1943 1501 2050 1531; x_wconf 88' lang='lat' dir='ltr'>timeo.</span> <span class='ocrx_word' id='word_1_943' title='bbox 2071 1509 2138 1542; x_wconf 86' lang='lat' dir='ltr'>gra-</span> 
     </span>
     <span class='ocr_line' id='line_1_110' title="bbox 1255 1541 2137 1583; baseline 0 -10"><span class='ocrx_word' id='word_1_944' title='bbox 1255 1541 1377 1573; x_wconf 76' lang='lat' dir='ltr'>vissime</span> <span class='ocrx_word' id='word_1_945' title='bbox 1396 1541 1542 1582; x_wconf 79' lang='lat' dir='ltr'>aegrotasti</span> <span class='ocrx_word' id='word_1_946' title='bbox 1562 1552 1569 1572; x_wconf 78' lang='lat'>2</span> <span class='ocrx_word' id='word_1_947' title='bbox 1594 1541 1712 1576; x_wconf 86' lang='lat' dir='ltr'>inedia,</span> <span class='ocrx_word' id='word_1_948' title='bbox 1736 1542 1770 1572; x_wconf 88' lang='lat'>&amp;</span> <span class='ocrx_word' id='word_1_949' title='bbox 1786 1543 2031 1583; x_wconf 83' lang='lat' dir='ltr'>purgationibus,</span> <span class='ocrx_word' id='word_1_950' title='bbox 2053 1542 2086 1571; x_wconf 90' lang='lat'>&amp;</span> <span class='ocrx_word' id='word_1_951' title='bbox 2105 1544 2137 1573; x_wconf 89' lang='lat' dir='ltr'>vi</span> 
     </span>
     <span class='ocr_line' id='line_1_111' title="bbox 1178 1582 2138 1626; baseline -0.002 -11"><span class='ocrx_word' id='word_1_952' title='bbox 1178 1584 1268 1626; x_wconf 86' lang='lat' dir='ltr'>ipsius</span> <span class='ocrx_word' id='word_1_953' title='bbox 1281 1583 1381 1614; x_wconf 87' lang='lat' dir='ltr'>morbi</span> <span class='ocrx_word' id='word_1_954' title='bbox 1394 1585 1572 1615; x_wconf 89' lang='lat' dir='ltr'>consumtus</span> <span class='ocrx_word' id='word_1_955' title='bbox 1589 1594 1632 1613; x_wconf 87' lang='lat' dir='ltr'>es.</span> <span class='ocrx_word' id='word_1_956' title='bbox 1656 1586 1767 1614; x_wconf 87' lang='lat' dir='ltr'>Graves</span> <span class='ocrx_word' id='word_1_957' title='bbox 1781 1584 1879 1614; x_wconf 89' lang='lat' dir='ltr'>solent</span> <span class='ocrx_word' id='word_1_958' title='bbox 1888 1582 2066 1614; x_wconf 73' lang='lat' dir='ltr'>offensiones</span> <span class='ocrx_word' id='word_1_959' title='bbox 2076 1582 2138 1614; x_wconf 84' lang='lat' dir='ltr'>effe</span> 
     </span>
     <span class='ocr_line' id='line_1_112' title="bbox 1179 1624 2139 1668; baseline -0.001 -11"><span class='ocrx_word' id='word_1_960' title='bbox 1179 1637 1218 1657; x_wconf 86' lang='lat' dir='ltr'>ex</span> <span class='ocrx_word' id='word_1_961' title='bbox 1229 1626 1368 1668; x_wconf 83' lang='lat' dir='ltr'>gravibus</span> <span class='ocrx_word' id='word_1_962' title='bbox 1378 1627 1494 1656; x_wconf 88' lang='lat' dir='ltr'>morbis</span> <span class='ocrx_word' id='word_1_963' title='bbox 1506 1647 1514 1660; x_wconf 91' lang='lat'>‚</span> <span class='ocrx_word' id='word_1_964' title='bbox 1534 1625 1554 1655; x_wconf 82' lang='lat' dir='ltr'>si</span> <span class='ocrx_word' id='word_1_965' title='bbox 1565 1636 1630 1666; x_wconf 87' lang='lat' dir='ltr'>quae</span> <span class='ocrx_word' id='word_1_966' title='bbox 1638 1626 1724 1666; x_wconf 87' lang='lat' dir='ltr'>culpa</span> <span class='ocrx_word' id='word_1_967' title='bbox 1733 1624 1892 1655; x_wconf 80' lang='lat' dir='ltr'>commissa</span> <span class='ocrx_word' id='word_1_968' title='bbox 1902 1624 1957 1656; x_wconf 88' lang='lat' dir='ltr'>est.</span> <span class='ocrx_word' id='word_1_969' title='bbox 1980 1626 2048 1667; x_wconf 88' lang='lat' dir='ltr'>Jam</span> <span class='ocrx_word' id='word_1_970' title='bbox 2059 1625 2139 1657; x_wconf 82' lang='lat' dir='ltr'>adid</span> 
     </span>
     <span class='ocr_line' id='line_1_113' title="bbox 1180 1667 2140 1708; baseline -0.001 -9"><span class='ocrx_word' id='word_1_971' title='bbox 1180 1669 1309 1699; x_wconf 88' lang='lat' dir='ltr'>biduum</span> <span class='ocrx_word' id='word_1_972' title='bbox 1321 1689 1330 1701; x_wconf 91' lang='lat'>,</span> <span class='ocrx_word' id='word_1_973' title='bbox 1341 1667 1422 1708; x_wconf 85' lang='lat' dir='ltr'>quod</span> <span class='ocrx_word' id='word_1_974' title='bbox 1431 1667 1525 1698; x_wconf 86' lang='lat' dir='ltr'>fueris</span> <span class='ocrx_word' id='word_1_975' title='bbox 1536 1670 1568 1697; x_wconf 92' lang='lat' dir='ltr'>in</span> <span class='ocrx_word' id='word_1_976' title='bbox 1580 1670 1628 1698; x_wconf 85' lang='lat' dir='ltr'>via</span> <span class='ocrx_word' id='word_1_977' title='bbox 1637 1688 1645 1701; x_wconf 88' lang='lat'>‚</span> <span class='ocrx_word' id='word_1_978' title='bbox 1660 1668 1734 1697; x_wconf 91' lang='lat' dir='ltr'>dum</span> <span class='ocrx_word' id='word_1_979' title='bbox 1747 1670 1778 1697; x_wconf 90' lang='lat' dir='ltr'>in</span> <span class='ocrx_word' id='word_1_980' title='bbox 1789 1670 1962 1697; x_wconf 83' lang='lat' dir='ltr'>Cumanum</span> <span class='ocrx_word' id='word_1_981' title='bbox 1972 1669 2058 1698; x_wconf 85' lang='lat' dir='ltr'>venis</span> <span class='ocrx_word' id='word_1_982' title='bbox 2068 1687 2077 1701; x_wconf 86' lang='lat'><strong>,</strong></span> <span class='ocrx_word' id='word_1_983' title='bbox 2089 1678 2140 1698; x_wconf 88' lang='lat' dir='ltr'>ac-</span> 
     </span>
     <span class='ocr_line' id='line_1_114' title="bbox 1180 1708 2140 1750; baseline -0.001 -10"><span class='ocrx_word' id='word_1_984' title='bbox 1180 1710 1287 1742; x_wconf 85' lang='lat' dir='ltr'>cedent</span> <span class='ocrx_word' id='word_1_985' title='bbox 1296 1708 1446 1740; x_wconf 77' lang='lat' dir='ltr'>continuo</span> <span class='ocrx_word' id='word_1_986' title='bbox 1456 1710 1491 1740; x_wconf 88' lang='lat' dir='ltr'>ad</span> <span class='ocrx_word' id='word_1_987' title='bbox 1502 1709 1631 1740; x_wconf 90' lang='lat' dir='ltr'>reditum</span> <span class='ocrx_word' id='word_1_988' title='bbox 1641 1709 1703 1739; x_wconf 86' lang='lat' dir='ltr'>dies</span> <span class='ocrx_word' id='word_1_989' title='bbox 1716 1711 1860 1750; x_wconf 87' lang='lat' dir='ltr'>quinque.</span> <span class='ocrx_word' id='word_1_990' title='bbox 1884 1712 1948 1749; x_wconf 92' lang='lat' dir='ltr'>Ego</span> <span class='ocrx_word' id='word_1_991' title='bbox 1960 1711 1992 1738; x_wconf 93' lang='lat' dir='ltr'>in</span> <span class='ocrx_word' id='word_1_992' title='bbox 2003 1711 2140 1740; x_wconf 85' lang='lat' dir='ltr'>Formia-</span> 
     </span>
     <span class='ocr_line' id='line_1_115' title="bbox 1182 1749 2139 1786; baseline -0.001 -4"><span class='ocrx_word' id='word_1_993' title='bbox 1182 1762 1223 1782; x_wconf 91' lang='lat' dir='ltr'>no</span> <span class='ocrx_word' id='word_1_994' title='bbox 1237 1752 1273 1781; x_wconf 89' lang='lat' dir='ltr'>ad</span> <span class='ocrx_word' id='word_1_995' title='bbox 1297 1762 1308 1781; x_wconf 88' lang='lat'>1</span> <span class='ocrx_word' id='word_1_996' title='bbox 1318 1761 1328 1781; x_wconf 95' lang='lat'>1</span> <span class='ocrx_word' id='word_1_997' title='bbox 1339 1762 1362 1780; x_wconf 95' lang='lat'>1.</span> <span class='ocrx_word' id='word_1_998' title='bbox 1375 1751 1505 1781; x_wconf 87' lang='lat' dir='ltr'>Kalend.</span> <span class='ocrx_word' id='word_1_999' title='bbox 1519 1750 1578 1782; x_wconf 84' lang='lat' dir='ltr'>effe</span> <span class='ocrx_word' id='word_1_1000' title='bbox 1588 1752 1671 1781; x_wconf 90' lang='lat' dir='ltr'>volo.</span> <span class='ocrx_word' id='word_1_1001' title='bbox 1695 1751 1742 1780; x_wconf 87' lang='lat' dir='ltr'>Ibi</span> <span class='ocrx_word' id='word_1_1002' title='bbox 1753 1760 1780 1780; x_wconf 89' lang='lat' dir='ltr'>te</span> <span class='ocrx_word' id='word_1_1003' title='bbox 1791 1759 1824 1781; x_wconf 88' lang='lat' dir='ltr'>ut</span> <span class='ocrx_word' id='word_1_1004' title='bbox 1835 1749 1960 1780; x_wconf 86' lang='lat' dir='ltr'>firmum</span> <span class='ocrx_word' id='word_1_1005' title='bbox 1972 1749 2139 1786; x_wconf 78' lang='lat' dir='ltr'>offendam,</span> 
     </span>
     <span class='ocr_line' id='line_1_116' title="bbox 1183 1790 2141 1827; baseline -0.001 -4"><span class='ocrx_word' id='word_1_1006' title='bbox 1183 1795 1227 1824; x_wconf 86' lang='lat' dir='ltr'>mi</span> <span class='ocrx_word' id='word_1_1007' title='bbox 1239 1795 1315 1823; x_wconf 90' lang='lat' dir='ltr'>Tiro</span> <span class='ocrx_word' id='word_1_1008' title='bbox 1326 1813 1335 1827; x_wconf 86' lang='lat'><em>,</em></span> <span class='ocrx_word' id='word_1_1009' title='bbox 1350 1791 1445 1823; x_wconf 85' lang='lat' dir='ltr'>effice.</span> <span class='ocrx_word' id='word_1_1010' title='bbox 1469 1793 1622 1823; x_wconf 84' lang='lat' dir='ltr'>Littcrulae</span> <span class='ocrx_word' id='word_1_1011' title='bbox 1632 1802 1707 1822; x_wconf 72' lang='lat' dir='ltr'>mea:</span> <span class='ocrx_word' id='word_1_1012' title='bbox 1715 1812 1723 1825; x_wconf 87' lang='lat'>,</span> <span class='ocrx_word' id='word_1_1013' title='bbox 1735 1791 1792 1823; x_wconf 87' lang='lat' dir='ltr'>five</span> <span class='ocrx_word' id='word_1_1014' title='bbox 1802 1792 1910 1822; x_wconf 84' lang='lat' dir='ltr'>nostrae</span> <span class='ocrx_word' id='word_1_1015' title='bbox 1921 1812 1929 1826; x_wconf 85' lang='lat'>‚</span> <span class='ocrx_word' id='word_1_1016' title='bbox 1941 1793 1984 1821; x_wconf 84' lang='lat' dir='ltr'>tui</span> <span class='ocrx_word' id='word_1_1017' title='bbox 1994 1790 2141 1822; x_wconf 86' lang='lat' dir='ltr'>desiderio</span> 
     </span>
     <span class='ocr_line' id='line_1_117' title="bbox 1182 1832 2139 1877; baseline 0 -12"><span class='ocrx_word' id='word_1_1018' title='bbox 1182 1836 1413 1877; x_wconf 86' lang='lat' dir='ltr'>oblanguerunt.</span> <span class='ocrx_word' id='word_1_1019' title='bbox 1438 1837 1502 1865; x_wconf 92' lang='lat' dir='ltr'>Hac</span> <span class='ocrx_word' id='word_1_1020' title='bbox 1518 1844 1618 1864; x_wconf 90' lang='lat' dir='ltr'>tamen</span> <span class='ocrx_word' id='word_1_1021' title='bbox 1632 1834 1754 1874; x_wconf 89' lang='lat' dir='ltr'>epistola</span> <span class='ocrx_word' id='word_1_1022' title='bbox 1767 1854 1775 1868; x_wconf 94' lang='lat'>‚</span> <span class='ocrx_word' id='word_1_1023' title='bbox 1795 1844 1886 1875; x_wconf 89' lang='lat' dir='ltr'>quam</span> <span class='ocrx_word' id='word_1_1024' title='bbox 1897 1832 2018 1864; x_wconf 86' lang='lat' dir='ltr'>Acastus</span> <span class='ocrx_word' id='word_1_1025' title='bbox 2027 1834 2139 1868; x_wconf 77' lang='lat' dir='ltr'>attulit,</span> 
     </span>
     <span class='ocr_line' id='line_1_118' title="bbox 1182 1875 2140 1916; baseline -0.001 -10"><span class='ocrx_word' id='word_1_1026' title='bbox 1182 1877 1288 1908; x_wconf 88' lang='lat' dir='ltr'>oculos</span> <span class='ocrx_word' id='word_1_1027' title='bbox 1299 1877 1433 1916; x_wconf 87' lang='lat' dir='ltr'>paullum</span> <span class='ocrx_word' id='word_1_1028' title='bbox 1446 1875 1635 1907; x_wconf 86' lang='lat' dir='ltr'>sustulerunt.</span> <span class='ocrx_word' id='word_1_1029' title='bbox 1659 1877 1820 1916; x_wconf 89' lang='lat' dir='ltr'>Pompejus</span> <span class='ocrx_word' id='word_1_1030' title='bbox 1830 1885 1890 1906; x_wconf 90' lang='lat' dir='ltr'>erat</span> <span class='ocrx_word' id='word_1_1031' title='bbox 1899 1875 1976 1916; x_wconf 87' lang='lat' dir='ltr'>apud</span> <span class='ocrx_word' id='word_1_1032' title='bbox 1985 1886 2034 1905; x_wconf 90' lang='lat' dir='ltr'>me</span> <span class='ocrx_word' id='word_1_1033' title='bbox 2046 1895 2054 1909; x_wconf 89' lang='lat'>‚</span> <span class='ocrx_word' id='word_1_1034' title='bbox 2066 1875 2140 1906; x_wconf 79' lang='lat' dir='ltr'>cum</span> 
     </span>
     <span class='ocr_line' id='line_1_119' title="bbox 1183 1918 2140 1958; baseline -0.002 -9"><span class='ocrx_word' id='word_1_1035' title='bbox 1183 1921 1245 1950; x_wconf 85' lang='lat' dir='ltr'>haec</span> <span class='ocrx_word' id='word_1_1036' title='bbox 1264 1918 1438 1949; x_wconf 84' lang='lat' dir='ltr'>scribebam.</span> <span class='ocrx_word' id='word_1_1037' title='bbox 1462 1919 1566 1949; x_wconf 79' lang='lat' dir='ltr'>Hilare</span> <span class='ocrx_word' id='word_1_1038' title='bbox 1578 1938 1586 1952; x_wconf 85' lang='lat'>‚</span> <span class='ocrx_word' id='word_1_1039' title='bbox 1607 1919 1639 1948; x_wconf 90' lang='lat'>&amp;</span> <span class='ocrx_word' id='word_1_1040' title='bbox 1649 1918 1776 1948; x_wconf 88' lang='lat' dir='ltr'>libenter</span> <span class='ocrx_word' id='word_1_1041' title='bbox 1785 1920 1812 1947; x_wconf 88' lang='lat' dir='ltr'>ei</span> <span class='ocrx_word' id='word_1_1042' title='bbox 1824 1918 1959 1958; x_wconf 73' lang='lat' dir='ltr'>cupienti</span> <span class='ocrx_word' id='word_1_1043' title='bbox 1969 1918 2071 1948; x_wconf 89' lang='lat' dir='ltr'>audire</span> <span class='ocrx_word' id='word_1_1044' title='bbox 2082 1927 2140 1948; x_wconf 88' lang='lat' dir='ltr'>no—</span> 
     </span>
     <span class='ocr_line' id='line_1_120' title="bbox 1183 1958 2152 1994; baseline -0.002 -3"><span class='ocrx_word' id='word_1_1045' title='bbox 1183 1961 1239 1992; x_wconf 90' lang='lat' dir='ltr'>stra</span> <span class='ocrx_word' id='word_1_1046' title='bbox 1248 1981 1257 1994; x_wconf 82' lang='grc'>,</span> <span class='ocrx_word' id='word_1_1047' title='bbox 1277 1961 1361 1994; x_wconf 83' lang='lat' dir='ltr'>dixi,</span> <span class='ocrx_word' id='word_1_1048' title='bbox 1382 1958 1443 1990; x_wconf 84' lang='lat' dir='ltr'>sine</span> <span class='ocrx_word' id='word_1_1049' title='bbox 1453 1969 1481 1991; x_wconf 89' lang='lat' dir='ltr'>te</span> <span class='ocrx_word' id='word_1_1050' title='bbox 1491 1962 1597 1990; x_wconf 85' lang='lat' dir='ltr'>omnia</span> <span class='ocrx_word' id='word_1_1051' title='bbox 1608 1971 1673 1990; x_wconf 88' lang='lat' dir='ltr'>mea</span> <span class='ocrx_word' id='word_1_1052' title='bbox 1683 1969 1766 1990; x_wconf 86' lang='lat' dir='ltr'>muta</span> <span class='ocrx_word' id='word_1_1053' title='bbox 1776 1958 1844 1990; x_wconf 83' lang='lat' dir='ltr'>effe.</span> <span class='ocrx_word' id='word_1_1054' title='bbox 1867 1962 1917 1990; x_wconf 91' lang='lat' dir='ltr'>Tu</span> <span class='ocrx_word' id='word_1_1055' title='bbox 1927 1958 2020 1989; x_wconf 77' lang='lat' dir='ltr'>Musis</span> <span class='ocrx_word' id='word_1_1056' title='bbox 2030 1958 2152 1989; x_wconf 83' lang='lat' dir='ltr'>nostris&#39;</span> 
     </span>
     <span class='ocr_line' id='line_1_121' title="bbox 1182 2000 2143 2044; baseline -0.002 -11"><span class='ocrx_word' id='word_1_1057' title='bbox 1182 2013 1248 2044; x_wconf 89' lang='lat' dir='ltr'>para</span> <span class='ocrx_word' id='word_1_1058' title='bbox 1259 2011 1292 2033; x_wconf 93' lang='lat' dir='ltr'>ut</span> <span class='ocrx_word' id='word_1_1059' title='bbox 1303 2012 1406 2042; x_wconf 89' lang='lat' dir='ltr'>operas</span> <span class='ocrx_word' id='word_1_1060' title='bbox 1427 2002 1540 2033; x_wconf 88' lang='lat' dir='ltr'>reddas.</span> <span class='ocrx_word' id='word_1_1061' title='bbox 1563 2002 1661 2033; x_wconf 89' lang='lat' dir='ltr'>nostra</span> <span class='ocrx_word' id='word_1_1062' title='bbox 1670 2002 1705 2033; x_wconf 89' lang='lat' dir='ltr'>ad</span> <span class='ocrx_word' id='word_1_1063' title='bbox 1715 2002 1800 2032; x_wconf 86' lang='lat' dir='ltr'>diem</span> <span class='ocrx_word' id='word_1_1064' title='bbox 1811 2000 1922 2032; x_wconf 66' lang='lat' dir='ltr'>dietam</span> <span class='ocrx_word' id='word_1_1065' title='bbox 1935 2000 2018 2032; x_wconf 87' lang='lat' dir='ltr'>fient.</span> <span class='ocrx_word' id='word_1_1066' title='bbox 2038 2002 2143 2031; x_wconf 87' lang='lat' dir='ltr'>Docui</span> 
     </span>
    </p>
   </div>
   <div class='ocr_carea' id='block_1_22' title="bbox 1182 2040 2140 2126">
    <p class='ocr_par' dir='ltr' id='par_1_27' title="bbox 1182 2040 2140 2126">
     <span class='ocr_line' id='line_1_122' title="bbox 1183 2040 2140 2093; baseline -0.002 -9"><span class='ocrx_word' id='word_1_1067' title='bbox 1183 2054 1268 2084; x_wconf 89' lang='lat' dir='ltr'>enim</span> <span class='ocrx_word' id='word_1_1068' title='bbox 1288 2061 1316 2082; x_wconf 90' lang='lat' dir='ltr'>te</span> <span class='ocrx_word' id='word_1_1069' title='bbox 1328 2072 1336 2086; x_wconf 90' lang='lat'><strong>,</strong></span> <span class='ocrx_word' id='word_1_1070' title='bbox 1357 2050 1429 2082; x_wconf 83' lang='lat' dir='ltr'>fides</span> <span class='ocrx_word' id='word_1_1071' title='bbox 1441 2040 1549 2085; x_wconf 44' lang='lat' dir='ltr'><em>&#39;isww</em></span> <span class='ocrx_word' id='word_1_1072' title='bbox 1561 2052 1643 2093; x_wconf 91' lang='lat' dir='ltr'>quod</span> <span class='ocrx_word' id='word_1_1073' title='bbox 1656 2052 1784 2083; x_wconf 85' lang='lat' dir='ltr'>haberet.</span> <span class='ocrx_word' id='word_1_1074' title='bbox 1807 2054 1863 2083; x_wconf 77' lang='lat' dir='ltr'>Fac</span> <span class='ocrx_word' id='word_1_1075' title='bbox 1881 2051 1969 2093; x_wconf 76' lang='lat' dir='ltr'>plane</span> <span class='ocrx_word' id='word_1_1076' title='bbox 1982 2060 2015 2083; x_wconf 88' lang='lat' dir='ltr'>ut</span> <span class='ocrx_word' id='word_1_1077' title='bbox 2034 2051 2140 2083; x_wconf 84' lang='lat' dir='ltr'>valeas.</span> 
     </span>
     <span class='ocr_line' id='line_1_123' title="bbox 1182 2093 1700 2126; baseline -0.006 0"><span class='ocrx_word' id='word_1_1078' title='bbox 1182 2105 1240 2126; x_wconf 89' lang='lat' dir='ltr'>nos</span> <span class='ocrx_word' id='word_1_1079' title='bbox 1247 2095 1396 2125; x_wconf 88' lang='lat' dir='ltr'>adsumus.</span> <span class='ocrx_word' id='word_1_1080' title='bbox 1411 2093 1494 2124; x_wconf 85' lang='lat' dir='ltr'>Vale.</span> <span class='ocrx_word' id='word_1_1081' title='bbox 1507 2104 1527 2124; x_wconf 82' lang='lat' dir='ltr'>x</span> <span class='ocrx_word' id='word_1_1082' title='bbox 1535 2104 1545 2124; x_wconf 89' lang='lat'>1</span> <span class='ocrx_word' id='word_1_1083' title='bbox 1555 2104 1567 2124; x_wconf 91' lang='lat'>1</span> <span class='ocrx_word' id='word_1_1084' title='bbox 1576 2105 1587 2124; x_wconf 86' lang='lat'>1</span> <span class='ocrx_word' id='word_1_1085' title='bbox 1597 2105 1621 2124; x_wconf 95' lang='lat'>1.</span> <span class='ocrx_word' id='word_1_1086' title='bbox 1634 2094 1700 2125; x_wconf 79' lang='lat' dir='ltr'>Kal.</span> 
     </span>
    </p>
   </div>
   <div class='ocr_carea' id='block_1_23' title="bbox 1224 2150 2202 2230">
    <p class='ocr_par' dir='ltr' id='par_1_28' title="bbox 1224 2150 2202 2230">
     <span class='ocr_line' id='line_1_124' title="bbox 1224 2150 2202 2188; baseline -0.001 -8"><span class='ocrx_word' id='word_1_1087' title='bbox 1224 2152 1269 2180; x_wconf 89' lang='lat' dir='ltr'>M.</span> <span class='ocrx_word' id='word_1_1088' title='bbox 1281 2151 1321 2180; x_wconf 89' lang='lat' dir='ltr'>T.</span> <span class='ocrx_word' id='word_1_1089' title='bbox 1339 2152 1372 2179; x_wconf 90' lang='lat' dir='ltr'>c.</span> <span class='ocrx_word' id='word_1_1090' title='bbox 1392 2151 1631 2182; x_wconf 82' lang='lat' dir='ltr'>TERENTIA.</span> <span class='ocrx_word' id='word_1_1091' title='bbox 1655 2151 1711 2180; x_wconf 85' lang='lat' dir='ltr'>ET</span> <span class='ocrx_word' id='word_1_1092' title='bbox 1724 2150 1906 2184; x_wconf 80' lang='lat' dir='ltr'><strong>TULLIA,</strong></span> <span class='ocrx_word' id='word_1_1093' title='bbox 1922 2150 2101 2188; x_wconf 64' lang='lat' dir='ltr'>Qut-im-</span> <span class='ocrx_word' id='word_1_1094' title='bbox 2162 2161 2202 2187; x_wconf 69' lang='grc' dir='ltr'><em>η</em></span> 
     </span>
     <span class='ocr_line' id='line_1_125' title="bbox 1333 2193 1990 2230; baseline -0.005 -8"><span class='ocrx_word' id='word_1_1095' title='bbox 1333 2194 1439 2225; x_wconf 85' lang='lat' dir='ltr'>TER,</span> <span class='ocrx_word' id='word_1_1096' title='bbox 1467 2194 1522 2222; x_wconf 87' lang='lat' dir='ltr'>ET</span> <span class='ocrx_word' id='word_1_1097' title='bbox 1546 2194 1615 2230; x_wconf 88' lang='lat' dir='ltr'>QU.</span> <span class='ocrx_word' id='word_1_1098' title='bbox 1631 2194 1663 2222; x_wconf 87' lang='lat' dir='ltr'>F.</span> <span class='ocrx_word' id='word_1_1099' title='bbox 1679 2193 1847 2225; x_wconf 80' lang='lat' dir='ltr'>TIRONI,</span> <span class='ocrx_word' id='word_1_1100' title='bbox 1862 2194 1892 2221; x_wconf 93' lang='lat' dir='ltr'>s.</span> <span class='ocrx_word' id='word_1_1101' title='bbox 1905 2194 1935 2222; x_wconf 84' lang='lat' dir='ltr'>P.</span> <span class='ocrx_word' id='word_1_1102' title='bbox 1947 2194 1990 2220; x_wconf 87' lang='lat' dir='ltr'>D.</span> 
     </span>
    </p>
   </div>
   <div class='ocr_carea' id='block_1_24' title="bbox 1186 2236 2152 2935">
    <p class='ocr_par' dir='ltr' id='par_1_29' title="bbox 1186 2236 2151 2905">
     <span class='ocr_line' id='line_1_126' title="bbox 1189 2236 2145 2316; baseline 0 -48"><span class='ocrx_word' id='word_1_1103' title='bbox 1189 2238 1324 2316; x_wconf 84' lang='lat' dir='ltr'>ETst</span> <span class='ocrx_word' id='word_1_1104' title='bbox 1339 2240 1596 2278; x_wconf 88' lang='lat' dir='ltr'>opportunitatem</span> <span class='ocrx_word' id='word_1_1105' title='bbox 1608 2249 1705 2279; x_wconf 85' lang='lat' dir='ltr'>operae</span> <span class='ocrx_word' id='word_1_1106' title='bbox 1715 2248 1772 2269; x_wconf 71' lang='lat' dir='ltr'>tuae</span> <span class='ocrx_word' id='word_1_1107' title='bbox 1783 2238 1928 2268; x_wconf 88' lang='lat' dir='ltr'>omnibus</span> <span class='ocrx_word' id='word_1_1108' title='bbox 1945 2238 2021 2268; x_wconf 87' lang='lat' dir='ltr'>locis</span> <span class='ocrx_word' id='word_1_1109' title='bbox 2030 2236 2145 2268; x_wconf 84' lang='lat' dir='ltr'>defide-</span> 
     </span>
     <span class='ocr_line' id='line_1_127' title="bbox 1263 2279 2146 2321; baseline 0 -11"><span class='ocrx_word' id='word_1_1110' title='bbox 1263 2290 1312 2310; x_wconf 87' lang='lat' dir='ltr'>ro:</span> <span class='ocrx_word' id='word_1_1111' title='bbox 1327 2289 1427 2310; x_wconf 88' lang='lat' dir='ltr'>tamen</span> <span class='ocrx_word' id='word_1_1112' title='bbox 1437 2290 1500 2311; x_wconf 88' lang='lat' dir='ltr'>non</span> <span class='ocrx_word' id='word_1_1113' title='bbox 1511 2290 1578 2310; x_wconf 89' lang='lat' dir='ltr'>mea</span> <span class='ocrx_word' id='word_1_1114' title='bbox 1589 2301 1597 2313; x_wconf 90' lang='lat'>‚</span> <span class='ocrx_word' id='word_1_1115' title='bbox 1608 2280 1699 2321; x_wconf 73' lang='lat' dir='ltr'>quam</span> <span class='ocrx_word' id='word_1_1116' title='bbox 1710 2290 1759 2310; x_wconf 87' lang='lat' dir='ltr'>tua</span> <span class='ocrx_word' id='word_1_1117' title='bbox 1770 2280 1852 2310; x_wconf 86' lang='lat' dir='ltr'>causa</span> <span class='ocrx_word' id='word_1_1118' title='bbox 1860 2279 1950 2309; x_wconf 87' lang='lat' dir='ltr'>doleo</span> <span class='ocrx_word' id='word_1_1119' title='bbox 1959 2299 1968 2313; x_wconf 89' lang='lat'>‚</span> <span class='ocrx_word' id='word_1_1120' title='bbox 1980 2289 2008 2310; x_wconf 89' lang='lat' dir='ltr'>te</span> <span class='ocrx_word' id='word_1_1121' title='bbox 2018 2289 2082 2311; x_wconf 89' lang='lat' dir='ltr'>non</span> <span class='ocrx_word' id='word_1_1122' title='bbox 2092 2289 2146 2310; x_wconf 86' lang='lat' dir='ltr'>va-</span> 
     </span>
     <span class='ocr_line' id='line_1_128' title="bbox 1186 2320 2146 2362; baseline 0.001 -11"><span class='ocrx_word' id='word_1_1123' title='bbox 1186 2323 1256 2352; x_wconf 87' lang='lat' dir='ltr'>lere.</span> <span class='ocrx_word' id='word_1_1124' title='bbox 1279 2322 1336 2352; x_wconf 90' lang='lat' dir='ltr'>Sed</span> <span class='ocrx_word' id='word_1_1125' title='bbox 1356 2332 1452 2362; x_wconf 88' lang='lat' dir='ltr'>quum</span> <span class='ocrx_word' id='word_1_1126' title='bbox 1469 2324 1502 2352; x_wconf 91' lang='lat' dir='ltr'>in</span> <span class='ocrx_word' id='word_1_1127' title='bbox 1520 2328 1693 2361; x_wconf 86' lang='lat' dir='ltr'>quartanam</span> <span class='ocrx_word' id='word_1_1128' title='bbox 1707 2321 1851 2351; x_wconf 85' lang='lat' dir='ltr'>conversa</span> <span class='ocrx_word' id='word_1_1129' title='bbox 1863 2323 1909 2351; x_wconf 83' lang='lat' dir='ltr'>vis</span> <span class='ocrx_word' id='word_1_1130' title='bbox 1923 2320 1966 2352; x_wconf 86' lang='lat' dir='ltr'>est</span> <span class='ocrx_word' id='word_1_1131' title='bbox 1979 2321 2079 2354; x_wconf 87' lang='lat' dir='ltr'>morbi</span> <span class='ocrx_word' id='word_1_1132' title='bbox 2095 2320 2146 2359; x_wconf 86' lang='lat' dir='ltr'>(sic</span> 
     </span>
     <span class='ocr_line' id='line_1_129' title="bbox 1186 2362 2146 2404; baseline 0.001 -12"><span class='ocrx_word' id='word_1_1133' title='bbox 1186 2365 1269 2393; x_wconf 88' lang='lat' dir='ltr'>enim</span> <span class='ocrx_word' id='word_1_1134' title='bbox 1281 2363 1380 2393; x_wconf 85' lang='lat' dir='ltr'>scribit</span> <span class='ocrx_word' id='word_1_1135' title='bbox 1391 2364 1510 2401; x_wconf 88' lang='lat' dir='ltr'>Curius)</span> <span class='ocrx_word' id='word_1_1136' title='bbox 1523 2363 1660 2402; x_wconf 84' lang='lat' dir='ltr'>spero‚te,</span> <span class='ocrx_word' id='word_1_1137' title='bbox 1672 2363 1826 2404; x_wconf 85' lang='lat' dir='ltr'>diligentia</span> <span class='ocrx_word' id='word_1_1138' title='bbox 1835 2362 1979 2397; x_wconf 81' lang='lat' dir='ltr'>adhibita,</span> <span class='ocrx_word' id='word_1_1139' title='bbox 1990 2364 2080 2393; x_wconf 80' lang='lat' dir='ltr'>etiarn</span> <span class='ocrx_word' id='word_1_1140' title='bbox 2094 2362 2146 2394; x_wconf 87' lang='lat' dir='ltr'>fir-</span> 
     </span>
     <span class='ocr_line' id='line_1_130' title="bbox 1187 2403 2146 2445; baseline 0.001 -11"><span class='ocrx_word' id='word_1_1141' title='bbox 1187 2406 1319 2434; x_wconf 89' lang='lat' dir='ltr'>miorem</span> <span class='ocrx_word' id='word_1_1142' title='bbox 1334 2406 1406 2434; x_wconf 76' lang='lat' dir='ltr'>rore.</span> <span class='ocrx_word' id='word_1_1143' title='bbox 1430 2404 1528 2434; x_wconf 82' lang='lat' dir='ltr'>Modo</span> <span class='ocrx_word' id='word_1_1144' title='bbox 1539 2403 1582 2434; x_wconf 81' lang='lat' dir='ltr'>fac</span> <span class='ocrx_word' id='word_1_1145' title='bbox 1592 2424 1601 2438; x_wconf 86' lang='lat'>,</span> <span class='ocrx_word' id='word_1_1146' title='bbox 1626 2404 1656 2434; x_wconf 86' lang='lat' dir='ltr'>id</span> <span class='ocrx_word' id='word_1_1147' title='bbox 1667 2405 1747 2445; x_wconf 87' lang='lat' dir='ltr'>quod</span> <span class='ocrx_word' id='word_1_1148' title='bbox 1758 2406 1952 2435; x_wconf 68' lang='lat' dir='ltr'>humanitatis</span> <span class='ocrx_word' id='word_1_1149' title='bbox 1962 2414 2019 2435; x_wconf 81' lang='lat' dir='ltr'>tua:</span> <span class='ocrx_word' id='word_1_1150' title='bbox 2032 2404 2074 2435; x_wconf 90' lang='lat' dir='ltr'>est</span> <span class='ocrx_word' id='word_1_1151' title='bbox 2084 2425 2093 2438; x_wconf 90' lang='lat'>,</span> <span class='ocrx_word' id='word_1_1152' title='bbox 2105 2414 2146 2435; x_wconf 85' lang='lat' dir='ltr'>ne</span> 
     </span>
     <span class='ocr_line' id='line_1_131' title="bbox 1187 2445 2146 2487; baseline 0.002 -12"><span class='ocrx_word' id='word_1_1153' title='bbox 1187 2446 1259 2486; x_wconf 89' lang='lat' dir='ltr'>quid</span> <span class='ocrx_word' id='word_1_1154' title='bbox 1269 2445 1349 2476; x_wconf 82' lang='lat' dir='ltr'>aliud</span> <span class='ocrx_word' id='word_1_1155' title='bbox 1359 2456 1442 2475; x_wconf 91' lang='lat' dir='ltr'>cures</span> <span class='ocrx_word' id='word_1_1156' title='bbox 1454 2447 1510 2475; x_wconf 89' lang='lat' dir='ltr'>hoc</span> <span class='ocrx_word' id='word_1_1157' title='bbox 1520 2456 1655 2486; x_wconf 90' lang='lat' dir='ltr'>tempore</span> <span class='ocrx_word' id='word_1_1158' title='bbox 1667 2466 1676 2480; x_wconf 90' lang='lat'>‚</span> <span class='ocrx_word' id='word_1_1159' title='bbox 1688 2445 1743 2476; x_wconf 88' lang='lat' dir='ltr'>nisi</span> <span class='ocrx_word' id='word_1_1160' title='bbox 1753 2455 1786 2476; x_wconf 89' lang='lat' dir='ltr'>ut</span> <span class='ocrx_word' id='word_1_1161' title='bbox 1796 2457 1885 2487; x_wconf 87' lang='lat' dir='ltr'>quam</span> <span class='ocrx_word' id='word_1_1162' title='bbox 1896 2445 2146 2477; x_wconf 57' lang='lat' dir='ltr'>commodissime</span> 
     </span>
     <span class='ocr_line' id='line_1_132' title="bbox 1187 2487 2146 2529; baseline 0.001 -11"><span class='ocrx_word' id='word_1_1163' title='bbox 1187 2488 1382 2518; x_wconf 87' lang='lat' dir='ltr'>convalescas.</span> <span class='ocrx_word' id='word_1_1164' title='bbox 1406 2490 1479 2518; x_wconf 90' lang='lat' dir='ltr'>Non</span> <span class='ocrx_word' id='word_1_1165' title='bbox 1490 2490 1598 2529; x_wconf 89' lang='lat' dir='ltr'>ignoro</span> <span class='ocrx_word' id='word_1_1166' title='bbox 1609 2508 1617 2522; x_wconf 84' lang='grc'>,</span> <span class='ocrx_word' id='word_1_1167' title='bbox 1638 2487 1786 2529; x_wconf 71' lang='lat' dir='ltr'>quantum</span> <span class='ocrx_word' id='word_1_1168' title='bbox 1807 2499 1845 2518; x_wconf 85' lang='lat' dir='ltr'>ex</span> <span class='ocrx_word' id='word_1_1169' title='bbox 1859 2487 2003 2519; x_wconf 84' lang='lat' dir='ltr'>desiderio</span> <span class='ocrx_word' id='word_1_1170' title='bbox 2017 2488 2146 2523; x_wconf 83' lang='lat' dir='ltr'>labores,</span> 
     </span>
     <span class='ocr_line' id='line_1_133' title="bbox 1190 2529 2148 2564; baseline 0 -5"><span class='ocrx_word' id='word_1_1171' title='bbox 1190 2529 1238 2560; x_wconf 86' lang='lat' dir='ltr'>sed</span> <span class='ocrx_word' id='word_1_1172' title='bbox 1256 2538 1344 2559; x_wconf 87' lang='lat' dir='ltr'>erunt</span> <span class='ocrx_word' id='word_1_1173' title='bbox 1365 2531 1471 2560; x_wconf 89' lang='lat' dir='ltr'>omnia</span> <span class='ocrx_word' id='word_1_1174' title='bbox 1487 2529 1585 2560; x_wconf 82' lang='lat' dir='ltr'>facilia</span> <span class='ocrx_word' id='word_1_1175' title='bbox 1594 2550 1603 2563; x_wconf 88' lang='lat'>‚</span> <span class='ocrx_word' id='word_1_1176' title='bbox 1625 2529 1645 2559; x_wconf 88' lang='lat' dir='ltr'>si</span> <span class='ocrx_word' id='word_1_1177' title='bbox 1659 2530 1782 2560; x_wconf 89' lang='lat' dir='ltr'>valebis.</span> <span class='ocrx_word' id='word_1_1178' title='bbox 1805 2529 1943 2561; x_wconf 81' lang='lat' dir='ltr'>festinare</span> <span class='ocrx_word' id='word_1_1179' title='bbox 1956 2540 1984 2561; x_wconf 88' lang='lat' dir='ltr'>te</span> <span class='ocrx_word' id='word_1_1180' title='bbox 1995 2530 2069 2561; x_wconf 89' lang='lat' dir='ltr'>nolo</span> <span class='ocrx_word' id='word_1_1181' title='bbox 2080 2550 2088 2564; x_wconf 92' lang='lat'>,</span> <span class='ocrx_word' id='word_1_1182' title='bbox 2108 2539 2148 2559; x_wconf 89' lang='lat' dir='ltr'>ne</span> 
     </span>
     <span class='ocr_line' id='line_1_134' title="bbox 1190 2571 2148 2613; baseline 0.001 -12"><span class='ocrx_word' id='word_1_1183' title='bbox 1190 2572 1304 2602; x_wconf 81' lang='lat' dir='ltr'>nauseae</span> <span class='ocrx_word' id='word_1_1184' title='bbox 1314 2571 1484 2602; x_wconf 88' lang='lat' dir='ltr'>molestiam</span> <span class='ocrx_word' id='word_1_1185' title='bbox 1498 2572 1634 2611; x_wconf 79' lang='lat' dir='ltr'>suscipias</span> <span class='ocrx_word' id='word_1_1186' title='bbox 1645 2581 1721 2612; x_wconf 80' lang='lat' dir='ltr'>aeger</span> <span class='ocrx_word' id='word_1_1187' title='bbox 1731 2592 1740 2606; x_wconf 64' lang='lat'>2</span> <span class='ocrx_word' id='word_1_1188' title='bbox 1763 2572 1795 2602; x_wconf 74' lang='grc' dir='ltr'>δε</span> <span class='ocrx_word' id='word_1_1189' title='bbox 1804 2572 1972 2613; x_wconf 76' lang='lat' dir='ltr'>periculose</span> <span class='ocrx_word' id='word_1_1190' title='bbox 1983 2573 2083 2602; x_wconf 85' lang='lat' dir='ltr'>hieme</span> <span class='ocrx_word' id='word_1_1191' title='bbox 2093 2581 2148 2601; x_wconf 90' lang='lat' dir='ltr'>na-</span> 
     </span>
     <span class='ocr_line' id='line_1_135' title="bbox 1189 2612 2147 2656; baseline -0.001 -12"><span class='ocrx_word' id='word_1_1192' title='bbox 1189 2616 1282 2654; x_wconf 82' lang='lat' dir='ltr'>viges.</span> <span class='ocrx_word' id='word_1_1193' title='bbox 1302 2616 1366 2654; x_wconf 87' lang='lat' dir='ltr'>Ego</span> <span class='ocrx_word' id='word_1_1194' title='bbox 1386 2614 1420 2643; x_wconf 91' lang='lat' dir='ltr'>ad</span> <span class='ocrx_word' id='word_1_1195' title='bbox 1442 2614 1548 2643; x_wconf 87' lang='lat' dir='ltr'>urbem</span> <span class='ocrx_word' id='word_1_1196' title='bbox 1565 2612 1665 2644; x_wconf 81' lang='lat' dir='ltr'>acceffi</span> <span class='ocrx_word' id='word_1_1197' title='bbox 1682 2613 1778 2654; x_wconf 88' lang='lat' dir='ltr'>pridie</span> <span class='ocrx_word' id='word_1_1198' title='bbox 1791 2624 1887 2644; x_wconf 89' lang='lat' dir='ltr'>nonas</span> <span class='ocrx_word' id='word_1_1199' title='bbox 1893 2615 2011 2656; x_wconf 89' lang='lat' dir='ltr'>Januar.</span> <span class='ocrx_word' id='word_1_1200' title='bbox 2023 2613 2147 2643; x_wconf 87' lang='lat' dir='ltr'>obviam</span> 
     </span>
     <span class='ocr_line' id='line_1_136' title="bbox 1192 2653 2148 2695; baseline 0 -11"><span class='ocrx_word' id='word_1_1201' title='bbox 1192 2656 1270 2685; x_wconf 90' lang='lat' dir='ltr'>mihi</span> <span class='ocrx_word' id='word_1_1202' title='bbox 1286 2653 1324 2685; x_wconf 87' lang='lat' dir='ltr'>sic</span> <span class='ocrx_word' id='word_1_1203' title='bbox 1344 2654 1386 2685; x_wconf 84' lang='lat' dir='ltr'>est</span> <span class='ocrx_word' id='word_1_1204' title='bbox 1400 2655 1553 2695; x_wconf 90' lang='lat' dir='ltr'>proditum</span> <span class='ocrx_word' id='word_1_1205' title='bbox 1566 2676 1575 2688; x_wconf 95' lang='lat'><em>,</em></span> <span class='ocrx_word' id='word_1_1206' title='bbox 1592 2659 1605 2674; x_wconf 84' lang='lat'><em>2</em></span> <span class='ocrx_word' id='word_1_1207' title='bbox 1615 2665 1648 2685; x_wconf 91' lang='lat' dir='ltr'>ut</span> <span class='ocrx_word' id='word_1_1208' title='bbox 1659 2657 1737 2685; x_wconf 91' lang='lat' dir='ltr'>nihil</span> <span class='ocrx_word' id='word_1_1209' title='bbox 1748 2655 1838 2695; x_wconf 81' lang='lat' dir='ltr'>possit</span> <span class='ocrx_word' id='word_1_1210' title='bbox 1849 2654 1913 2686; x_wconf 82' lang='lat' dir='ltr'>fieri</span> <span class='ocrx_word' id='word_1_1211' title='bbox 1924 2656 2066 2685; x_wconf 87' lang='lat' dir='ltr'>ornatius.</span> <span class='ocrx_word' id='word_1_1212' title='bbox 2089 2653 2148 2685; x_wconf 87' lang='lat' dir='ltr'>Sed</span> 
     </span>
     <span class='ocr_line' id='line_1_137' title="bbox 1192 2692 2148 2737; baseline -0.001 -11"><span class='ocrx_word' id='word_1_1213' title='bbox 1192 2697 1285 2727; x_wconf 85' lang='lat' dir='ltr'>incidi</span> <span class='ocrx_word' id='word_1_1214' title='bbox 1296 2699 1328 2727; x_wconf 92' lang='lat' dir='ltr'>in</span> <span class='ocrx_word' id='word_1_1215' title='bbox 1341 2697 1432 2737; x_wconf 74' lang='lat' dir='ltr'>ipsam</span> <span class='ocrx_word' id='word_1_1216' title='bbox 1445 2697 1600 2727; x_wconf 86' lang='lat' dir='ltr'>flammam</span> <span class='ocrx_word' id='word_1_1217' title='bbox 1610 2698 1708 2727; x_wconf 88' lang='lat' dir='ltr'>civilis</span> <span class='ocrx_word' id='word_1_1218' title='bbox 1718 2697 1883 2731; x_wconf 73' lang='lat' dir='ltr'>discordi-x,</span> <span class='ocrx_word' id='word_1_1219' title='bbox 1894 2697 1941 2734; x_wconf 81' lang='lat' dir='ltr'>vel</span> <span class='ocrx_word' id='word_1_1220' title='bbox 1952 2692 2055 2736; x_wconf 76' lang='lat' dir='ltr'>potius</span> <span class='ocrx_word' id='word_1_1221' title='bbox 2065 2696 2148 2726; x_wconf 89' lang='lat' dir='ltr'>belli:</span> 
     </span>
     <span class='ocr_line' id='line_1_138' title="bbox 1191 2735 2151 2779; baseline -0.001 -11"><span class='ocrx_word' id='word_1_1222' title='bbox 1191 2741 1240 2768; x_wconf 92' lang='lat' dir='ltr'>cui</span> <span class='ocrx_word' id='word_1_1223' title='bbox 1255 2738 1327 2768; x_wconf 75' lang='lat' dir='ltr'>cum</span> <span class='ocrx_word' id='word_1_1224' title='bbox 1337 2749 1476 2779; x_wconf 85' lang='lat' dir='ltr'>cuperem</span> <span class='ocrx_word' id='word_1_1225' title='bbox 1489 2739 1624 2772; x_wconf 84' lang='lat' dir='ltr'>mederi,</span> <span class='ocrx_word' id='word_1_1226' title='bbox 1641 2739 1674 2769; x_wconf 87' lang='lat'>&amp;</span> <span class='ocrx_word' id='word_1_1227' title='bbox 1685 2758 1693 2772; x_wconf 87' lang='lat'><strong>‚</strong></span> <span class='ocrx_word' id='word_1_1228' title='bbox 1708 2748 1740 2769; x_wconf 90' lang='lat' dir='ltr'>ut</span> <span class='ocrx_word' id='word_1_1229' title='bbox 1750 2740 1892 2771; x_wconf 79' lang='lat' dir='ltr'>arbitror,</span> <span class='ocrx_word' id='word_1_1230' title='bbox 1911 2735 2044 2778; x_wconf 73' lang='lat' dir='ltr'>poss&#39;em:</span> <span class='ocrx_word' id='word_1_1231' title='bbox 2064 2738 2151 2777; x_wconf 86' lang='lat' dir='ltr'>cupi-</span> 
     </span>
     <span class='ocr_line' id='line_1_139' title="bbox 1192 2779 2150 2820; baseline -0.001 -10"><span class='ocrx_word' id='word_1_1232' title='bbox 1192 2781 1298 2811; x_wconf 85' lang='lat' dir='ltr'>ditates</span> <span class='ocrx_word' id='word_1_1233' title='bbox 1307 2790 1457 2811; x_wconf 89' lang='lat' dir='ltr'>certorum</span> <span class='ocrx_word' id='word_1_1234' title='bbox 1471 2782 1635 2810; x_wconf 86' lang='lat' dir='ltr'>hominum</span> <span class='ocrx_word' id='word_1_1235' title='bbox 1648 2780 1728 2818; x_wconf 89' lang='lat' dir='ltr'>(nam</span> <span class='ocrx_word' id='word_1_1236' title='bbox 1740 2790 1778 2810; x_wconf 87' lang='lat' dir='ltr'>ex</span> <span class='ocrx_word' id='word_1_1237' title='bbox 1788 2789 1908 2819; x_wconf 85' lang='lat' dir='ltr'>utraque</span> <span class='ocrx_word' id='word_1_1238' title='bbox 1917 2788 1995 2819; x_wconf 85' lang='lat' dir='ltr'>parte</span> <span class='ocrx_word' id='word_1_1239' title='bbox 2006 2779 2083 2813; x_wconf 87' lang='lat' dir='ltr'>sunt,</span> <span class='ocrx_word' id='word_1_1240' title='bbox 2095 2781 2150 2820; x_wconf 89' lang='lat' dir='ltr'>qui</span> 
     </span>
     <span class='ocr_line' id='line_1_140' title="bbox 1191 2820 2150 2863; baseline -0.001 -11"><span class='ocrx_word' id='word_1_1241' title='bbox 1191 2832 1319 2863; x_wconf 87' lang='lat' dir='ltr'>pugnare</span> <span class='ocrx_word' id='word_1_1242' title='bbox 1331 2823 1464 2862; x_wconf 86' lang='lat' dir='ltr'>cupiant)</span> <span class='ocrx_word' id='word_1_1243' title='bbox 1483 2821 1703 2861; x_wconf 79' lang='lat' dir='ltr'>impedimento</span> <span class='ocrx_word' id='word_1_1244' title='bbox 1718 2822 1796 2850; x_wconf 83' lang='lat' dir='ltr'>mihi</span> <span class='ocrx_word' id='word_1_1245' title='bbox 1812 2820 1934 2850; x_wconf 83' lang='lat' dir='ltr'>fuerunt</span> <span class='ocrx_word' id='word_1_1246' title='bbox 1949 2823 2091 2851; x_wconf 84' lang='lat' dir='ltr'>omnino.</span> <span class='ocrx_word' id='word_1_1247' title='bbox 2115 2822 2150 2851; x_wconf 86' lang='lat'>&amp;</span> 
     </span>
     <span class='ocr_line' id='line_1_141' title="bbox 1195 2862 2151 2905; baseline -0.002 -11"><span class='ocrx_word' id='word_1_1248' title='bbox 1195 2865 1255 2905; x_wconf 90' lang='lat' dir='ltr'>ipse</span> <span class='ocrx_word' id='word_1_1249' title='bbox 1266 2865 1357 2896; x_wconf 82' lang='lat' dir='ltr'>Caesar</span> <span class='ocrx_word' id='word_1_1250' title='bbox 1368 2885 1377 2899; x_wconf 95' lang='lat'><em>,</em></span> <span class='ocrx_word' id='word_1_1251' title='bbox 1397 2866 1512 2896; x_wconf 87' lang='lat' dir='ltr'>amicus</span> <span class='ocrx_word' id='word_1_1252' title='bbox 1523 2862 1623 2895; x_wconf 87' lang='lat' dir='ltr'>noster</span> <span class='ocrx_word' id='word_1_1253' title='bbox 1633 2883 1643 2897; x_wconf 89' lang='lat'><em>‚</em></span> <span class='ocrx_word' id='word_1_1254' title='bbox 1662 2863 1809 2894; x_wconf 85' lang='lat' dir='ltr'>minaceis</span> <span class='ocrx_word' id='word_1_1255' title='bbox 1816 2862 1852 2893; x_wconf 86' lang='lat' dir='ltr'>ad</span> <span class='ocrx_word' id='word_1_1256' title='bbox 1860 2862 1995 2893; x_wconf 86' lang='lat' dir='ltr'>senatum</span> <span class='ocrx_word' id='word_1_1257' title='bbox 2005 2883 2014 2897; x_wconf 87' lang='lat'>‚</span> <span class='ocrx_word' id='word_1_1258' title='bbox 2028 2863 2061 2894; x_wconf 86' lang='lat'>&amp;</span> <span class='ocrx_word' id='word_1_1259' title='bbox 2071 2872 2151 2894; x_wconf 86' lang='lat' dir='ltr'>acer-</span> 
     </span>
    </p>

    <p class='ocr_par' dir='ltr' id='par_1_30' title="bbox 2098 2905 2152 2935">
     <span class='ocr_line' id='line_1_142' title="bbox 2098 2905 2152 2935; baseline 0 0"><span class='ocrx_word' id='word_1_1260' title='bbox 2098 2905 2152 2935; x_wconf 86' lang='lat' dir='ltr'>bas</span> 
     </span>
    </p>
   </div>
   <div class='ocr_carea' id='block_1_25' title="bbox 1170 2988 2153 3204">
    <p class='ocr_par' dir='ltr' id='par_1_31' title="bbox 1170 2988 2153 3204">
     <span class='ocr_line' id='line_1_143' title="bbox 1171 2988 2152 3025; baseline -0.001 -10"><span class='ocrx_word' id='word_1_1261' title='bbox 1171 3002 1172 3007; x_wconf 53' lang='lat'>¹</span> <span class='ocrx_word' id='word_1_1262' title='bbox 1195 2989 1280 3025; x_wconf 76' lang='lat' dir='ltr'>prima</span> <span class='ocrx_word' id='word_1_1263' title='bbox 1291 2998 1299 3018; x_wconf 70' lang='lat'>3</span> <span class='ocrx_word' id='word_1_1264' title='bbox 1319 2995 1346 3013; x_wconf 79' lang='lat' dir='ltr'>ut</span> <span class='ocrx_word' id='word_1_1265' title='bbox 1354 2989 1417 3014; x_wconf 74' lang='lat' dir='ltr'>nihil</span> <span class='ocrx_word' id='word_1_1266' title='bbox 1415 2989 1473 3021; x_wconf 82' lang='lat' dir='ltr'>fieri</span> <span class='ocrx_word' id='word_1_1267' title='bbox 1478 2990 1579 3019; x_wconf 75' lang='lat' dir='ltr'>potuerit</span> <span class='ocrx_word' id='word_1_1268' title='bbox 1587 2990 1706 3017; x_wconf 72' lang='lat' dir='ltr'>amarius.</span> <span class='ocrx_word' id='word_1_1269' title='bbox 1727 2994 1754 3013; x_wconf 80' lang='lat' dir='ltr'>at</span> <span class='ocrx_word' id='word_1_1270' title='bbox 1765 2988 1952 3023; x_wconf 77' lang='lat' dir='ltr'>Hittorpirmus</span> <span class='ocrx_word' id='word_1_1271' title='bbox 1966 3007 1973 3019; x_wconf 87' lang='lat'><strong>,</strong></span> <span class='ocrx_word' id='word_1_1272' title='bbox 1984 2996 2011 3014; x_wconf 85' lang='lat' dir='ltr'>ut</span> <span class='ocrx_word' id='word_1_1273' title='bbox 2020 2990 2084 3014; x_wconf 77' lang='lat' dir='ltr'>nihil</span> <span class='ocrx_word' id='word_1_1274' title='bbox 2092 2990 2152 3022; x_wconf 77' lang='lat' dir='ltr'>fieri</span> 
     </span>
     <span class='ocr_line' id='line_1_144' title="bbox 1171 3022 2149 3059; baseline 0 -9"><span class='ocrx_word' id='word_1_1275' title='bbox 1171 3040 1173 3050; x_wconf 74' lang='grc' dir='ltr'>ι</span> <span class='ocrx_word' id='word_1_1276' title='bbox 1191 3027 1254 3059; x_wconf 74' lang='lat' dir='ltr'>pqffit</span> <span class='ocrx_word' id='word_1_1277' title='bbox 1265 3025 1407 3049; x_wconf 63' lang='lat' dir='ltr'>ordinatim.</span> <span class='ocrx_word' id='word_1_1278' title='bbox 1431 3022 1566 3057; x_wconf 82' lang='lat' dir='ltr'>vulgatum</span> <span class='ocrx_word' id='word_1_1279' title='bbox 1579 3023 1614 3048; x_wconf 69' lang='lat' dir='ltr'>eli</span> <span class='ocrx_word' id='word_1_1280' title='bbox 1627 3030 1670 3048; x_wconf 84' lang='lat' dir='ltr'>:ut</span> <span class='ocrx_word' id='word_1_1281' title='bbox 1680 3025 1766 3056; x_wconf 64' lang='lat' dir='ltr'>nihils.</span> <span class='ocrx_word' id='word_1_1282' title='bbox 1774 3027 1877 3056; x_wconf 81' lang='lat' dir='ltr'>potuerit</span> <span class='ocrx_word' id='word_1_1283' title='bbox 1885 3026 2032 3050; x_wconf 66' lang='lat' dir='ltr'>honoratius.</span> <span class='ocrx_word' id='word_1_1284' title='bbox 2051 3024 2149 3050; x_wconf 69' lang='lat' dir='ltr'>Paullo</span> 
     </span>
     <span class='ocr_line' id='line_1_145' title="bbox 1170 3055 2152 3096; baseline 0 -10"><span class='ocrx_word' id='word_1_1285' title='bbox 1170 3055 1172 3063; x_wconf 69' lang='lat'><em>&#39;</em></span> <span class='ocrx_word' id='word_1_1286' title='bbox 1195 3061 1250 3096; x_wconf 80' lang='lat' dir='ltr'>post</span> <span class='ocrx_word' id='word_1_1287' title='bbox 1260 3069 1293 3085; x_wconf 81' lang='lat' dir='ltr'>ex</span> <span class='ocrx_word' id='word_1_1288' title='bbox 1307 3059 1373 3084; x_wconf 72' lang='lat' dir='ltr'>vall.</span> <span class='ocrx_word' id='word_1_1289' title='bbox 1393 3058 1567 3094; x_wconf 80' lang='lat' dir='ltr'>Hittorpiauo</span> <span class='ocrx_word' id='word_1_1290' title='bbox 1579 3077 1587 3090; x_wconf 90' lang='lat'>,</span> <span class='ocrx_word' id='word_1_1291' title='bbox 1607 3058 1706 3084; x_wconf 86' lang='lat' dir='ltr'>Peckio</span> <span class='ocrx_word' id='word_1_1292' title='bbox 1725 3060 1856 3095; x_wconf 83' lang='lat' dir='ltr'>excerptis</span> <span class='ocrx_word' id='word_1_1293' title='bbox 1869 3080 1877 3090; x_wconf 75' lang='grc'><em>,</em></span> <span class='ocrx_word' id='word_1_1294' title='bbox 1896 3059 2013 3086; x_wconf 86' lang='lat' dir='ltr'>editione</span> <span class='ocrx_word' id='word_1_1295' title='bbox 2024 3060 2107 3095; x_wconf 77' lang='lat' dir='ltr'>prima</span> <span class='ocrx_word' id='word_1_1296' title='bbox 2121 3067 2152 3086; x_wconf 83' lang='lat' dir='ltr'>ac</span> 
     </span>
     <span class='ocr_line' id='line_1_146' title="bbox 1198 3094 2150 3130; baseline 0 -8"><span class='ocrx_word' id='word_1_1297' title='bbox 1198 3095 1350 3122; x_wconf 63' lang='lat' dir='ltr'>Victoriana</span> <span class='ocrx_word' id='word_1_1298' title='bbox 1359 3094 1443 3130; x_wconf 74' lang='lat' dir='ltr'>scripsi</span> <span class='ocrx_word' id='word_1_1299' title='bbox 1456 3113 1464 3125; x_wconf 90' lang='lat'>‚</span> <span class='ocrx_word' id='word_1_1300' title='bbox 1483 3096 1571 3120; x_wconf 55' lang='lat' dir='ltr'>omnine</span> <span class='ocrx_word' id='word_1_1301' title='bbox 1581 3104 1609 3119; x_wconf 65' lang='lat' dir='ltr'>ex</span> <span class='ocrx_word' id='word_1_1302' title='bbox 1618 3096 1662 3120; x_wconf 80' lang='lat' dir='ltr'>hac</span> <span class='ocrx_word' id='word_1_1303' title='bbox 1670 3105 1757 3130; x_wconf 72' lang='lat' dir='ltr'>quoqne</span> <span class='ocrx_word' id='word_1_1304' title='bbox 1772 3103 1842 3128; x_wconf 79' lang='lat' dir='ltr'>parre</span> <span class='ocrx_word' id='word_1_1305' title='bbox 1851 3096 2013 3129; x_wconf 53' lang='lat' dir='ltr'>diligentgffimb</span> <span class='ocrx_word' id='word_1_1306' title='bbox 2026 3103 2150 3129; x_wconf 81' lang='lat' dir='ltr'>compara-</span> 
     </span>
     <span class='ocr_line' id='line_1_147' title="bbox 1197 3129 2153 3168; baseline 0.001 -12"><span class='ocrx_word' id='word_1_1307' title='bbox 1197 3139 1254 3157; x_wconf 79' lang='lat' dir='ltr'>tur.-</span> <span class='ocrx_word' id='word_1_1308' title='bbox 1274 3140 1332 3156; x_wconf 85' lang='lat' dir='ltr'>cum</span> <span class='ocrx_word' id='word_1_1309' title='bbox 1351 3129 1415 3156; x_wconf 82' lang='lat' dir='ltr'>alias</span> <span class='ocrx_word' id='word_1_1310' title='bbox 1426 3130 1526 3156; x_wconf 82' lang='lat' dir='ltr'>editum</span> <span class='ocrx_word' id='word_1_1311' title='bbox 1549 3130 1632 3157; x_wconf 85' lang='lat' dir='ltr'>fuerit</span> <span class='ocrx_word' id='word_1_1312' title='bbox 1644 3150 1652 3164; x_wconf 86' lang='lat'><em>,</em></span> <span class='ocrx_word' id='word_1_1313' title='bbox 1671 3132 1749 3159; x_wconf 74' lang='lat' dir='ltr'>ducem</span> <span class='ocrx_word' id='word_1_1314' title='bbox 1757 3134 1856 3160; x_wconf 79' lang='lat' dir='ltr'>omnino.</span> <span class='ocrx_word' id='word_1_1315' title='bbox 1875 3134 1915 3159; x_wconf 82' lang='lat' dir='ltr'>Ex</span> <span class='ocrx_word' id='word_1_1316' title='bbox 1933 3133 1979 3159; x_wconf 78' lang='lat' dir='ltr'>hac</span> <span class='ocrx_word' id='word_1_1317' title='bbox 1988 3141 2075 3168; x_wconf 79' lang='lat' dir='ltr'>quoque</span> <span class='ocrx_word' id='word_1_1318' title='bbox 2080 3137 2153 3165; x_wconf 82' lang='lat' dir='ltr'>parte</span> 
     </span>
     <span class='ocr_line' id='line_1_148' title="bbox 1195 3166 2069 3204; baseline 0.002 -12"><span class='ocrx_word' id='word_1_1319' title='bbox 1195 3166 1358 3204; x_wconf 57' lang='lat' dir='ltr'>diligemtffim&amp;</span> <span class='ocrx_word' id='word_1_1320' title='bbox 1367 3167 1448 3195; x_wconf 73' lang='lat' dir='ltr'>bellum</span> <span class='ocrx_word' id='word_1_1321' title='bbox 1458 3173 1620 3201; x_wconf 76' lang='lat' dir='ltr'>comparatur.</span> <span class='ocrx_word' id='word_1_1322' title='bbox 2067 3178 2069 3180; x_wconf 95' lang='lat'>·</span> 
     </span>
    </p>
   </div>
   <div class='ocr_carea' id='block_1_26' title="bbox 2081 3203 2161 3230">
    <p class='ocr_par' dir='ltr' id='par_1_32' title="bbox 2081 3203 2161 3230">
     <span class='ocr_line' id='line_1_149' title="bbox 2081 3203 2161 3230; baseline 0 0"><span class='ocrx_word' id='word_1_1323' title='bbox 2081 3203 2161 3230; x_wconf 71' lang='lat' dir='ltr'>1.Sed</span> 
     </span>
    </p>
   </div>
  </div>
 </body>
</html>
