2360 3400
98 269 139 304 ¹9

473 125 820 175 Tuscur..
886 129 1108 192 Qffis

149 203 370 259 psentiaj'emper
378 221 406 242 eo
416 218 543 241 contenta
553 207 605 242 eft',
618 208 694 251 quod
701 207 790 242 adest,
804 218 889 250 neque
898 219 959 239 eam
969 211 1110 251 umquam

151 259 201 298 sui
236 257 339 286 oenitet.
365 258 374 274 ¹
393 253 540 284 Similcne
569 260 654 291 putas
674 252 910 280 C-Laeliiunum
921 252 1108 281 consulatum

153 298 200 330 fui
225 298 260 332 ἒ,
282 297 314 327 &
325 306 394 326 eum
406 294 529 336 quidem
540 293 609 323 cum
622 292 736 332 repulsa
755 294 790 331 (²
799 291 836 322 fic
846 291 917 322 cum
930 292 1064 332 sapiens,
1076 292 1110 322 ὃς

155 341 254 371 bonus
266 340 314 369 vii·
324 358 332 371 ‚
354 338 449 379 qualis
461 336 512 365 ille
523 334 580 365 fuit
591 355 599 368 ‚
619 333 762 374 suffragiis
773 335 938 374 praeteritur
947 353 956 368 ,
982 343 1045 363 non
1056 343 1111 373 po—

149 381 238 422 pulus
249 380 264 410 a
274 381 358 410 bono
370 378 492 409 consule
502 377 613 417 potius,
629 379 643 404 3
655 376 744 416 quam
760 376 811 405 ille
820 375 836 406 a
846 375 928 405 bono
937 375 1052 416 populo
1064 384 1109 404 re-

174 422 267 452 ulsam
289 421 365 455 fert,
386 419 529 460 suffragiis
540 418 723 459 praeteritur)
744 416 792 447 sed
809 426 910 447 tamen
922 425 1022 447 utrum
1034 416 1110 446 mal-

150 431 213 498 fes,
235 472 262 494 te
279 484 287 496 ‚
310 462 330 492 si
347 461 475 503 potestas
487 459 576 494 effet,
598 459 690 490 semel
702 479 711 492 ,
731 467 762 488 ut
771 459 920 492 Laellum,
937 458 1108 492 consulem,

149 515 188 535 an
200 525 208 539 ,
227 515 260 534 ut
270 507 399 535 Cinnam
415 524 422 537 ,
435 513 536 545 quater
546 503 555 528 ?
565 512 628 532 non
643 501 750 530 dubito
762 519 771 534 ‚
793 508 823 530 tu
832 500 905 541 quid
917 500 1108 540 responsurus

149 545 196 576 fis.
226 549 327 588 Itaque
350 546 441 576 video
461 565 469 579 ,
491 546 540 575 cui
562 543 766 574 committam.
797 544 871 571 Non
891 543 1031 582 quemvis
1048 543 1107 571 hoc

146 587 231 618 idem
251 591 471 629 interrogarem.
497 585 688 625 responderet
709 584 794 613 enim
815 583 893 613 alius
912 581 1028 613 fortasse
1049 603 1057 617 ,
1077 584 1106 613 se

145 637 211 660 non
231 629 327 660 modo
348 638 486 670 quattuor
500 627 669 658 consulatus
680 627 734 655 uni
746 633 925 665 anteponere
944 624 1006 655 :sed
1018 634 1106 654 unum

146 671 221 700 diem
239 673 326 701 Cinna:
342 670 498 700 multorum
510 690 518 703 ,
538 669 573 701 ὼ·
593 669 731 698 clarorum
750 667 878 696 virorum
888 667 955 696 totis
964 665 1102 695 maribus.

145 713 259 743 Laelius
272 712 397 753 fidigito
406 722 496 753 quem
509 709 667 750 attigisset,
688 718 792 749 poenas
801 707 933 739 dediflet.
956 717 984 738 at
996 710 1103 742 Cinna,

143 755 268 796 collegae
289 756 332 785 sui
346 775 354 789 ,
374 754 526 786 consulis,
546 754 602 781 Cn.
628 750 765 783 oetam,
786 750 1000 790 praecidicaput
1009 748 1101 789 jussit,

144 798 177 826 P.
191 795 290 829 Crasti,
303 798 338 826 L.
351 796 474 826 Caesai'is
483 815 492 829 ,
505 791 761 824 nobiliffimorum
773 793 938 821 hominum
954 801 1099 832 :quorum

142 839 238 868 virtus
256 838 350 868 fuerat
359 838 463 870 domi,
482 835 806 874 militiaequecognita,
828 835 871 862 M.
885 835 1020 866 Antonii,
1032 843 1101 863 om—

144 880 233 909 nium
245 876 479 919 eloquentiffimi
491 896 499 910 ,
522 885 598 916 quos
607 885 662 914 ego
671 875 818 904 audierim
831 894 839 907 ,
859 877 892 904 C.
908 875 1026 904 Caesaris
1038 893 1047 907 ,
1066 876 1096 904 in

143 929 206 960 quo
214 921 292 950 mihi
303 919 420 950 videtur
430 915 517 948 fuifi'e
527 917 682 956 specimen
693 916 889 945 humanitatis
900 935 908 948 ,
929 916 996 945 salis
1006 935 1015 949 ,
1035 917 1099 946 sua-

141 964 242 991 vitatis
255 980 263 994 ,
282 959 401 1000 leporis.
425 959 568 989 Beatusne
581 959 688 997 igitur,
709 959 761 997 qui
771 956 1006 987 hosintcrfecit?
1022 959 1097 987 mihi

142 1003 246 1032 contra
267 1011 328 1034 non
347 1000 447 1032 solum
467 999 504 1030 eo
525 999 643 1030 videtur
661 999 772 1032 miser,
791 996 873 1038 quod
892 997 1002 1028 eafecit
1015 1019 1024 1031 ,
1047 999 1095 1029 sed
1113 1026 1115 1041 a

143 1045 232 1074 etiam
251 1038 333 1084 quod
348 1045 384 1073 ita
396 1044 424 1073 se
433 1040 514 1084 geffit
528 1061 537 1074 ,
560 1049 592 1070 ut
606 1051 637 1070 ea
650 1040 744 1070 facere
753 1042 781 1069 ei
791 1041 901 1070 liceret.
925 1039 982 1071 Etfi
989 1049 1098 1082 peccare
1113 1046 1115 1073 ἶ

138 1086 244 1115 nemini
260 1086 334 1114 licet.
357 1084 407 1115 sed
424 1084 572 1115 sermonis
590 1092 689 1112 errore
710 1081 848 1111 labimur.
872 1081 902 1112 id
914 1083 1097 1112 enimlicere

137 1128 289 1161 dicimus,
308 1126 388 1168 quod
408 1129 515 1166 cuique
524 1123 708 1155 conceditur.
730 1123 843 1153 Utrum
854 1123 972 1154 tandem
984 1124 1097 1154 beatior

139 1172 176 1200 C:
198 1170 331 1202 Marius,
353 1178 416 1198 tum
429 1188 437 1202 ,
462 1167 533 1197 cum
553 1166 714 1196 Cimbricae
728 1164 864 1195 vi&oriae
885 1166 1011 1206 gloriam
1023 1176 1092 1196 cum

136 1211 250 1252 collega
258 1211 366 1240 Catulo
376 1210 631 1241 communicavit,
643 1208 726 1247 paene
739 1207 831 1237 altero
840 1209 938 1238 Laelio
948 1227 957 1241 ‚
975 1211 993 1234 4
1004 1207 1013 1246 (
1023 1217 1093 1238 nam

137 1253 209 1283 huic
225 1253 313 1282 illum
325 1252 394 1282 dico
406 1250 598 1281 fimillimum
614 1251 624 1288 )
638 1259 676 1279 an
691 1252 704 1276 5
714 1247 785 1278 cum
796 1249 880 1278 civili
892 1249 972 1278 bello
983 1249 1091 1284 vifilor,

136 1295 228 1324 iratus
239 1314 247 1326 ‚
271 1291 436 1323 necessariis
447 1293 544 1323 Catuli
554 1290 780 1331 deprecantibus
790 1300 852 1320 non
865 1290 956 1320 semel
968 1292 1091 1331 respon-

135 1336 199 1369 dit,
223 1334 271 1365 sed
284 1335 375 1374 saepe,
396 1337 604 1365 monim-ua?
627 1335 658 1362 in
669 1342 730 1373 quo
742 1331 854 1362 beatior
865 1332 916 1361 ille
927 1352 936 1366 ,
959 1335 1011 1373 qui
1023 1334 1092 1363 huic

135 1377 257 1408 nefariae
268 1378 335 1406 voci
344 1378 458 1416 paruit,
481 1375 570 1416 quam
583 1376 624 1407 is,
645 1383 766 1414 quitam
778 1374 1090 1414 scelerateimperavit.

135 1428 208 1448 nam
218 1417 288 1448 cum
299 1418 429 1458 accipere,
441 1419 529 1458 quiam
532 1417 626 1455 facere
631 1414 739 1457 prxstar
750 1415 886 1452 injuriam
895 1426 906 1442 .·
921 1425 984 1446 tum
997 1418 1092 1446 morti

134 1461 197 1499 J'am
207 1458 260 1498 ipfi
268 1458 583 1497 adventantipaullum
595 1456 753 1495 procedere
763 1456 883 1486 obviam
897 1476 905 1490 ,
927 1457 1008 1497 quod
1019 1457 1091 1488 fecit

136 1501 259 1530 Catulus
276 1519 285 1533 ,
303 1500 394 1540 quarn
407 1520 416 1532 ,
438 1498 520 1540 quod
531 1500 660 1530 Marius,
684 1497 749 1526 talis
760 1499 816 1526 viri
828 1499 946 1527 interitu
960 1499 1009 1528 sex
1021 1499 1090 1528 suos

135 1541 260 1571 obruere
279 1541 449 1571 consulatus
470 1559 479 1574 ,
509 1540 541 1570 δε
557 1540 762 1569 contaminare
780 1547 951 1568 &nmmum
970 1548 1088 1579 tempus

75 1583 120 1609 20
130 1584 238 1613 'aeratis.
264 1582 570 1622 Duodequadiaginta
579 1589 675 1610 annos
685 1589 828 1620 tyrannus
836 1580 1086 1619 Syracusanorum

132 1623 192 1654 fuit
211 1623 394 1663 Dionyfius,
416 1623 487 1654 cum
510 1633 541 1653 v.
561 1622 594 1652 δε
615 1631 670 1652 xx.
693 1630 883 1656 natusfannos
894 1621 1085 1652 dominatum

131 1664 341 1706 occupavisset.
364 1668 430 1706 Qa
450 1663 654 1705 pulcritudine
664 1663 780 1695 urbem,
792 1663 901 1705 quibus
910 1672 1008 1693 autem
1021 1666 1086 1703 opi-

129 1706 188 1738 bus
207 1707 365 1747 praeditam
377 1727 386 1740 ‚
408 1707 549 1737 servitute
561 1703 725 1745 oppreffam
737 1707 835 1734 tenuit
844 1707 1014 1735 civitatem?
1032 1710 1086 1736 At-

130 1750 185 1789 qui
205 1749 240 1779 de
254 1750 313 1779 hoc
322 1749 449 1778 homine
459 1748 475 1778 a
489 1748 578 1777 bonis
588 1746 759 1777 auctoribus
770 1744 807 1775 sic
818 1746 957 1786 scriptum
970 1749 1086 1787 accepi-

131 1799 201 1821 mus
221 1809 229 1824 ,
258 1790 408 1820 summam
428 1788 516 1819 fuiffe
536 1789 600 1827 ejus
618 1789 650 1817 in
671 1787 754 1817 victu
772 1789 999 1826 temperantiam
1022 1808 1030 1821 ‚
1052 1790 1084 1818 in

130 1831 278 1872 rebusque
287 1831 426 1871 gerendis
435 1833 535 1861 virum
549 1839 645 1859 acrem
659 1848 668 1861 ‚
687 1827 910 1858 &industrium
925 1848 934 1861 ,
953 1829 1085 1859 eundem

131 1880 233 1903 tamen
246 1872 420 1903 maleficum
432 1882 544 1905 natura,
556 1871 588 1901 &
598 1869 756 1910 injustum.
780 1867 795 1889 ⁶
805 1872 849 1899 Ex
859 1880 920 1910 quo
929 1870 1085 1904 omnibus,
1102 1898 1104 1904 ,

128 1914 208 1944 bene
227 1916 383 1944 veritatem
402 1913 589 1944 intuentibus
610 1932 618 1946 ‚
648 1912 743 1942 videri
760 1910 875 1941 necesse
893 1910 935 1941 est
954 1912 1085 1941 miserri—
1101 1946 1103 1956 k

127 1965 228 1985 mum.
251 1965 283 1986 ea
302 1958 386 1985 enirn
407 1956 468 1995 ipsa
486 1965 551 1996 quae
570 1955 779 1993 concupierat,
804 1962 841 1982 ne
861 1961 927 1982 tum
948 1953 1084 1993 quidem,
1101 1963 1103 1998 ζ

127 2007 198 2027 cum
217 1999 322 2027 omnia
343 1998 372 2027 se
396 1996 479 2037 poss'e
498 1996 652 2029 censebat,
674 1994 917 2035 consequebatur.
941 1995 1082 2033 Quicum
1101 2023 1102 2031 ,

127 2037 199 2068 efl'et
220 2039 311 2069 bonis
333 2039 523 2079 parentibus,
543 2047 633 2078 atque
649 2037 776 2066 honesto
788 2037 856 2065 loco
868 2045 952 2066 natus
971 2035 1042 2074 (etsi
1054 2037 1083 2066 id

126 2080 250 2120 quidem
262 2081 338 2110 alius
347 2081 407 2110 alio
418 2081 512 2110 modo
528 2079 657 2118 tradidit)
670 2084 685 2107 7
696 2078 913 2118 abundaretque
924 2078 1082 2118 aequalium

121 2121 376 2153 familiaritatibus
391 2142 400 2156 ,
422 2120 680 2153 &consuetudine
690 2122 931 2160 propinquorum
945 2131 954 2154 3
966 2119 1084 2151 haberet

1137 145 1461 181 TIONUM
1530 134 1680 183 Lia.
1731 137 1790 184 V.
1989 154 2107 206 1103

1133 216 1135 238 ὲ
1154 213 1244 242 etiam
1276 222 1360 244 more
1378 216 1500 246 Graeciae
1519 215 1662 257 quosdam
1683 216 1896 249 adolescenteis
1913 227 2016 251 amore
2032 231 2109 252 con·

1151 253 1276 291 junaos
1289 265 1294 284 :
1307 256 1442 287 credebat
1452 267 1558 287 eorum
1569 261 1699 289 nemini.
1722 259 1771 290 sed
1781 261 1831 292 iis,
1843 270 1919 301 quos
1929 271 1966 292 ex
1981 261 2108 294 familiis

1153 294 1337 334 locupletum
1350 297 1446 328 servos
1457 298 1621 340 delegerat,
1639 301 1748 341 quibus
1756 311 1873 333 nomen
1883 303 2032 334 servitutis
2042 306 2106 345 ipse

1152 335 1334 371 detraxerat,
1355 333 1369 357 Β
1388 339 1420 369 &
1443 340 1620 380 quibusdam
1639 344 1805 377 convenis,
1824 344 1857 374 δε
1874 343 1945 375 feris
1963 345 2103 382 barbaris.
2142 363 2145 369 ‹

1151 380 1285 417 corporis
1298 379 1463 411 custodiam
1474 383 1691 414 committebat.
1714 387 1757 414 Ita
1765 394 1886 424 propter
1896 386 2034 425 injustam
2045 388 2103 418 do-

1152 421 1283 465 minatus
1300 422 1494 461 cupiditatem
1514 427 1529 450 9
1549 425 1582 455 in
1600 434 1745 456 carcerem
1764 426 2061 469 quodammodoipse
2074 431 2104 461 se

1149 461 1316 491 incluserat.
1344 465 1428 501 Quin
1448 467 1535 495 etiam
1556 476 1594 495 ne
1617 467 1729 497 tonsori
1747 469 1861 498 collum
1881 473 2100 504 committerer,

1151 503 1181 520 ¹0
1194 502 1316 532 tondere
1328 502 1401 533 filias
1412 505 1474 534 suas
1484 506 1596 537 docuit.
1621 510 1664 538 lta
1677 509 1797 540 sordido
1809 529 1817 542 2
1827 512 2019 552 ancillarique
2029 516 2100 542 arti·

1146 541 1216 572 ficio
1234 546 1319 585 regiae
1343 547 1490 586 virgines,
1511 557 1542 577 ut
1562 548 1763 584 tonstriculae,
1782 551 1946 582 tondebant
1963 554 2097 587 barbam,

1150 584 1184 614 δε
1205 586 1346 624 capillum
1367 589 1464 626 patris.
1486 591 1630 619 Ettamen
1642 591 1678 621 ab
1691 594 1728 621 iis
1741 590 1827 632 ipsis,
1846 592 1991 633 cumjam
2002 594 2095 626 essent

1145 625 1251 656 adultae
1271 626 1383 657 ferrum
1399 632 1545 663 removit,
1567 630 1777 673 instituitque,
1800 643 1833 664 ut
1842 635 2098 675 candentibusju-
2142 644 2143 647 ’

1145 667 1300 708 glandium
1322 670 1529 708 putaminibus
1547 671 1663 702 barbam
1685 673 1738 704 sibi
1751 695 1759 709 ,
1779 675 1812 706 &
1831 677 1974 716 capillum
1992 677 2097 707 adure-

1144 718 1219 739 rent.
1251 708 1388 750 Cumque
1411 711 1480 741 duas
1499 722 1608 742 uxores
1627 715 1742 746 haberet
1758 737 1767 751 ,
1783 716 2031 752 Aristomachen,
2053 721 2097 749 ci-

1144 759 1213 781 vem
1229 751 1310 781 suam
1325 771 1334 785 ,
1359 752 1507 782 Doridem
1516 763 1614 784 autem
1627 758 1808 789 Locrensem
1821 779 1829 792 ,
1851 757 1888 789 s1c
1898 759 1990 790 noetu
2002 760 2037 790 ad
2048 770 2096 791 eas

1142 792 1324 827 ventitabat,
1348 796 1373 812 ¹¹
1397 802 1429 823 ut
1450 797 1555 825 omnia
1571 795 1766 835 specularetur
1784 820 1792 834 ‚
1818 801 1851 830 δε
1869 802 2094 840 perscrutaretur

1143 835 1222 864 ante.
1245 837 1282 864 Et
1297 854 1306 868 ,
1322 833 1392 864 cum
1403 834 1509 866 fossam
1522 837 1608 867 latam
1619 839 1781 871 cubiculari
1793 841 1872 872 ΙΕΕὶο
1880 843 2095 874 circumdedis-

1140 875 1182 905 set
1193 895 1200 910 ,
1213 876 1333 917 ejusque
1343 876 1424 907 foffae
1436 876 1588 908 transitum
1599 882 1756 919 ponticulo
1768 883 1868 923 ligneo
1878 884 2096 923 conjunxisset:

1141 927 1210 947 eum
1223 918 1320 958 ipsum
1333 938 1342 952 ,
1354 922 1383 939 ¹²
1393 918 1464 949 cum
1475 919 1572 950 forem
1585 921 1715 952 cubiculi
1728 925 1878 958 clauserat,
1889 926 2092 967 detorquebat.

1141 959 1286 1000 Idemque
1312 959 1384 990 cum
1405 963 1437 990 in
1457 963 1674 993 communibus
1693 964 1831 1006 suggestis
1854 966 2007 998 consistere
2028 979 2092 1000 non

1140 1001 1261 1032 auderet
1274 1021 1283 1035 ,
1303 1004 1475 1033 concionari
1493 1013 1531 1033 ex
1551 1007 1623 1034 turri
1639 1006 1694 1035 alta
1714 1007 1837 1037 solebat.
1859 1012 1956 1049 Atque
1975 1012 1999 1038 is
2018 1010 2090 1040 cum

1138 1043 1198 1082 pila
1215 1043 1317 1073 ludere
1339 1044 1432 1074 vellet
1450 1044 1603 1082 (studiose
1619 1049 1702 1077 enim
1717 1048 1746 1078 id
1758 1048 1925 1090 faffitabat)
1942 1053 2091 1082 tunicam-

1137 1094 1196 1124 que
1206 1094 1349 1124 poneret,
1368 1086 1607 1121 adolescentulo,
1621 1098 1713 1129 quem
1723 1090 1838 1121 amabat
1849 1111 1858 1124 ,
1872 1091 2019 1122 tradidisse
2028 1094 2090 1132 gla-

1139 1126 1224 1156 dium
1251 1127 1369 1157 dicitur.
1393 1126 1453 1158 Hic
1464 1138 1533 1158 cum
1544 1130 1666 1170 quidam
1678 1130 1944 1172 familiarisjocans
1955 1133 2087 1164 dixifl'et:

1136 1169 1214 1197 Huic
1222 1168 1335 1209 quidem
1345 1169 1416 1198 certe
1424 1170 1520 1199 vitam
1531 1178 1612 1199 tuam
1627 1173 1777 1202 committis
1788 1185 1799 1200 .·
1815 1173 2006 1215 arrisissetque
2017 1176 2091 1206 ado-

1135 1209 1266 1240 lescens:
1286 1211 1535 1252 utrumquejuffit
1545 1212 1691 1244 interfici:
1709 1215 1835 1245 alterurn
1847 1235 1855 1249 ‚
1868 1218 1935 1256 quia
1944 1219 2024 1247 viam
2036 1217 2091 1248 de—

1135 1251 1353 1283 monstraviss'et
1371 1254 1570 1284 interimendi
1585 1255 1649 1284 sui:
1668 1256 1796 1286 alterum
1809 1277 1817 1290 ‚
1834 1260 1903 1297 quia
1921 1257 1952 1287 id
1970 1258 2088 1289 dicium

1134 1293 1192 1322 risu
1212 1293 1436 1333 approbavisset.
1461 1298 1557 1336 Atque
1572 1306 1608 1326 eo
1618 1295 1698 1327 fafito
1708 1296 1745 1328 sic
1757 1298 1874 1333 doluit,
1895 1309 1926 1329 ut
1938 1301 2014 1329 nihil
2023 1310 2090 1341 gra.-

1135 1334 1203 1364 vii‘is
1214 1337 1316 1366 tulerit
1330 1338 1361 1365 in
1373 1338 1445 1366 vita:
1460 1340 1468 1355 ¹
1479 1340 1489 1364 3
1502 1347 1592 1377 quem
1603 1341 1685 1369 enim
1698 1340 1892 1370 vehementer
1905 1350 2024 1376 amarat,
2037 1351 2091 1372 oc—

1134 1418 1320 1457 cupiditates.
1338 1419 1419 1449 Cum
1431 1420 1502 1450 huic
1513 1420 1670 1451 obsecutus
1681 1421 1728 1455 fis,
1741 1423 1787 1452 illi
1798 1422 1840 1453 est
1849 1424 2088 1465 repugnandum.

1135 1462 1165 1486 ¹4
1176 1462 1368 1501 Quamquam
1383 1461 1431 1491 hic
1449 1461 1572 1501 quidem
1587 1471 1729 1503 tyrannus
1740 1464 1955 1503 ipsejudicavit
1969 1484 1977 1498 ‚
1997 1469 2089 1506 quarn
2131 1477 2139 1498 ῖ-

1131 1499 1202 1530 esset
1216 1501 1326 1531 beatus.
1353 1504 1433 1531 Nam
1444 1504 1516 1532 cum
1527 1504 1647 1543 quidam
1663 1515 1699 1534 ex
1710 1506 1775 1545 ejus
1787 1504 2012 1536 assentatoribus
2024 1509 2089 1537 Da-

1132 1542 1247 1571 mocles
1267 1562 1275 1576 ,
1299 1552 1553 1574 commemoraret
1571 1547 1604 1574 in
1624 1546 1762 1575 sermone
1781 1549 1879 1585 copias
1901 1548 1984 1586 ejus,
2004 1558 2088 1587 opes,

1129 1582 1314 1622 majestatem
1330 1603 1339 1617 ,
1354 1584 1529 1614 dominatus
1542 1605 1551 1618 ‚
1571 1596 1669 1615 rerum
1688 1587 1900 1617 abundantiam
1918 1607 1926 1620 ,
1947 1589 2088 1628 magnifi—

1126 1626 1255 1654 centiam
1268 1624 1380 1654 aedium
1392 1627 1537 1666 regiarum
1550 1636 1556 1654 t
1576 1636 1751 1668 negaretque
1766 1637 1909 1668 umquam
1922 1629 2086 1660 beatiorem

1127 1675 1308 1706 quemquam
1325 1665 1430 1696 fuiss'ez
1449 1667 1542 1696 Visne
1554 1668 1658 1708 igitur,
1682 1669 1782 1709 inquit
1795 1689 1803 1703 ,
1815 1671 1965 1699 Damocle
1980 1691 1990 1703 ,
2009 1681 2087 1712 quo-

1127 1709 1209 1737 niam
1229 1709 1293 1737 haec
1315 1716 1342 1737 te
1352 1710 1412 1738 vita
1429 1707 1576 1742 delefihit,
1594 1713 1621 1737 ¹5
1647 1710 1707 1750 ipse
1726 1710 1850 1740 eandem
1862 1710 2029 1751 degustare,
2053 1713 2086 1743 δε

1126 1747 1280 1778 fortunam
1293 1751 1421 1789 experiri
1433 1760 1532 1780 meam
1547 1753 1557 1779 ?
1578 1751 1648 1781 cui-n
1660 1752 1687 1781 se
1699 1752 1751 1781 ille
1760 1762 1865 1791 cupere
1878 1751 2008 1786 dixisset,
2020 1756 2085 1784 col-

1126 1791 1215 1820 locari
1231 1789 1312 1829 juffit
1334 1792 1494 1821 hominem
1506 1794 1537 1821 in
1548 1801 1637 1822 aureo
1648 1792 1727 1822 1εὲὶο
1737 1813 1746 1827 ,
1765 1793 1851 1823 strato
1862 1794 2078 1833 pulcherrimo,

1123 1831 1221 1861 textili
1239 1830 1365 1871 stragulo
1380 1851 1388 1864 ‚
1409 1830 1438 1852 ¹⁶
1450 1832 1618 1873 magnificis
1631 1834 1771 1873 operibus
1791 1834 1874 1874 pi&o
1896 1845 1902 1863 ε
1918 1835 2081 1876 abacosque

1123 1872 1306 1910 complui-eis
1327 1875 1447 1903 ornavit
1465 1883 1585 1914 argento
1603 1894 1612 1908 ,
1649 1885 1778 1915 auroque
1796 1876 1908 1905 caelato.
1942 1880 2025 1906 Tum
2044 1878 2079 1908 ad

1126 1913 1260 1942 mensam
1293 1915 1405 1944 eximia
1423 1914 1521 1944 forma
1537 1924 1647 1954 pueros
1663 1915 1795 1946 delestos
1810 1915 1890 1955 juffit
1908 1917 2077 1953 consistere,

1127 1958 1156 1983 ¹7
1169 1955 1277 1995 eosque
1291 1964 1400 1984 nutum
1419 1956 1483 1994 ejus
1493 1957 1638 1986 intuentis
1649 1957 1806 1997 diligenter
1816 1957 1994 1989 ministrare.
2016 1961 2079 1990 Ad-

1125 2006 1206 2026 erant
1225 2004 1394 2036 unguenta,
1415 2006 1534 2027 coronae
1550 1999 1801 2029 :incendebantur
1820 1999 1946 2030 odores:
1968 2004 2079 2033 mensae

1121 2036 1376 2078 conquisitiffimis
1396 2039 1490 2078 epulis
1502 2038 1736 2070 exstruebantur.
1760 2043 1938 2079 Fortunatus
1950 2041 2003 2072 sibi
2015 2046 2079 2074 Da—

1126 2082 1239 2109 mocles
1262 2080 1426 2110 videbatur.
1451 2082 1485 2110 In
1503 2081 1560 2110 hoc
1581 2081 1683 2111 medio
1694 2091 1828 2122 apparatu
1838 2082 2002 2124 fulgentem
2014 2085 2076 2126 gla-

1120 2121 1206 2151 dium
1219 2121 1373 2152 &lacunari
1385 2141 1395 2155 ,
1423 2116 1450 2141 ,8
1461 2122 1519 2152 scta
1529 2125 1747 2163 equinaaptum
1761 2144 1768 2158 ,
1787 2125 1910 2155 demitti
1923 2124 2021 2164 justit,
2044 2136 2076 2157 ut

1951 2177 2072 2207 impen—

164 2231 187 2249 1.
205 2226 312 2250 Similem
327 2231 401 2257 putat
411 2227 437 2249 C.
449 2226 515 2249 Lem
524 2233 598 2248 umtm
607 2223 775 2257 confialarum]
798 2224 832 2249 Et
842 2223 891 2249 hoc
900 2223 937 2249 ira
948 2223 1083 2250 ViCtorius

121 2266 182 2285 cum
196 2261 312 2295 quinque
324 2260 407 2286 palat.
419 2259 496 2286 Fabr.
508 2260 595 2285 Vatic.
607 2260 687 2293 vulgo
700 2270 706 2285 ι
721 2261 846 2292 similemne
853 2266 936 2292 puras.

160 2304 189 2321 2.
208 2299 247 2321 Sic
266 2297 315 2321 oiim
328 2296 425 2329 sapiens
442 2295 511 2329 vim]
534 2295 631 2321 Melius
645 2296 677 2321 lic
689 2296 802 2322 Palatin.
823 2295 903 2331 prim.
915 2295 1078 2330 te1·t.quint.

119 2329 200 2357 Fabr.
214 2333 276 2367 (quo
289 2332 417 2358 inclinant
429 2338 515 2367 quart.
526 2340 556 2357 ac
566 2331 746 2364 Vatic.sicum.
758 2331 833 2357 unica
845 2331 953 2357 literni-:t
962 2330 1074 2365 deserta)

119 2374 197 2400 quam
209 2366 304 2392 Lamb.
314 2368 370 2400 &fi
378 2367 529 2400 chmsapiens
539 2378 547 2393 .-
566 2374 612 2393 aut
625 2367 695 2401 vulgi
708 2376 716 2397 3
730 2368 776 2398 sed
784 2367 945 2400 chmllbipiens.

159 2410 172 2436 3
180 2423 185 2427 .
205 2403 282 2433 §Qam
300 2405 336 2428 ille
346 2402 360 2428 ἃ
371 2405 425 2428 bono
441 2404 520 2435 populo
541 2404 654 2435 rispah-‘hm
666 2403 743 2436 fem]
767 2403 942 2429 Correftores
955 2422 962 2434 ‚
982 2403 1076 2439 quibus

119 2437 185 2464 nihil
200 2439 287 2464 vanius
300 2458 308 2470 ‚
327 2438 492 2464 diffuderunt
504 2438 546 2464 hic
557 2440 699 2465 vanitatem
710 2438 778 2465 suam
793 2457 800 2469 ‚
823 2439 917 2474 quippe
928 2448 961 2465 ex
973 2439 1020 2465 hac
1029 2449 1076 2474 ge·
1091 2460 1093 2478 ἰ

117 2473 200 2499 ηυίητὶ
211 2473 343 2504 fecerunt,
353 2473 369 2499 ἃ
379 2483 443 2499 vano
450 2476 529 2506 populo
539 2476 623 2507 repuls.
648 2475 761 2510 Eugepae
773 2475 778 2500 Ξ
800 2474 866 2500 illud
878 2475 973 2502 habent
986 2475 1071 2501 Palat.

117 2517 232 2544 quatuor
243 2529 251 2540 ‚
272 2512 341 2535 (nain
352 2509 440 2544 quint.
450 2509 595 2544 degenerat
605 2511 630 2535 in
643 2511 673 2535 ab
682 2520 726 2535 unu
736 2511 906 2543 consizlefotim
914 2509 986 2545 qutbn
996 2513 1031 2536 ille
1043 2513 1073 2536 ab

114 2547 245 2578 unopopulo
256 2546 368 2578 repuffam
379 2546 432 2577 sert
444 2564 451 2575 ,
465 2545 589 2579 fitffiagtis
604 2549 759 2578 praterimr.)
781 2547 845 2572 item
859 2546 934 2572 Fabr.
945 2556 975 2571 :ic
986 2547 1072 2573 Vatic.

114 2588 145 2606 ut
156 2580 235 2606 modo
244 2580 331 2606 diStus
343 2581 431 2616 quint.
442 2580 547 2608 vietor.
558 2581 624 2608 edit.
643 2581 772 2616 adjiciunt
784 2593 790 2608 :
813 2583 981 2616 repngsamfert
994 2601 1002 2614 ,
1013 2583 1071 2617 sus-

108 2617 195 2649 fraglis
211 2619 347 2648 praeteritur
356 2617 405 2647 fied.

151 2660 179 2684 4.
199 2655 262 2678 Nam
272 2654 407 2677 lmicillum.
422 2653 647 2686 ducofimillimum.]
668 2651 779 2678 Reduxi
790 2652 840 2678 bsic
851 2652 1070 2679 hancleffionem

111 2695 146 2712 ex
160 2687 227 2714 Pali.
237 2696 278 2724 pr.
294 2687 398 2714 secund.
409 2695 472 2715 tert.
485 2689 571 2724 quint.
587 2696 615 2715 ut
625 2689 833 2715 concinniorem.
845 2688 910 2715 ali‘as
926 2698 933 2719 3
945 2697 1000 2715 nam
1011 2691 1072 2715 hune

113 2724 150 2748 ιἸ-ῘῘ
158 2724 224 2749 duco.
453 2748 455 2750 .

152 2767 178 2791 5.
198 2759 256 2784 Cim
266 2761 335 2784 civili
344 2760 396 2784 bello
405 2761 493 2791 visitor,
503 2760 610 2794 iratus]
622 2759 812 2786 Consideretui·
822 2759 903 2786 lectio
915 2759 970 2787 Pal.
982 2768 1068 2795 quart.

111 2794 165 2819 bello
173 2797 240 2820 civili
247 2798 374 2820 vic'loriam
393 2804 472 2821 raim.

148 2829 176 2855 6.
195 2834 236 2856 Ex
244 2840 286 2864 quo
295 2832 399 2856 omnIbm
417 2832 471 2856 bme
488 2834 614 2857 veritatem
632 2831 804 2865 intuentibus]
828 2831 940 2858 Palatia.
961 2832 1069 2867 quintus

112 2866 141 2892 τὶ
151 2865 204 2890 bene
220 2865 302 2892 delet.
324 2866 409 2902 placet
428 2867 498 2902 quod
510 2867 558 2893 sec.
578 2867 689 2903 refingat
701 2887 708 2900 ,
728 2870 783 2893 ‘vere'
794 2869 936 2893 veritatem:
958 2869 1022 2894 noti

112 2900 214 2927 Graecis
226 2902 253 2927 ὃ(
266 2902 368 2928 Latinis
380 2902 476 2937 figura.

150 2943 179 2970 7.
197 2938 395 2971 Mbundarttque
404 2941 527 2972 «equalium
539 2939 782 2972 fiimiliaritatibus]
804 2938 898 2965 Sustuli
910 2939 1029 2974 copulam
1040 2939 1070 2969 (ἔγ

112 2971 251 2998 evanidam
264 2982 367 3008 quoque
382 2974 406 3000 in
418 2974 476 3001 :iliis
488 2974 565 3000 codd.
588 2976 669 3001 l'ulat.
683 2976 770 3010 quint.
783 2974 927 3001 Fabi-:Pas
938 2982 965 3001 at
975 2983 1065 3010 quart.

112 3007 142 3032 &
155 3007 242 3034 vatic.
255 3009 434 3042 abundantque
443 3013 464 3035 εἰ
479 3012 653 3042 familiai-ihm.

149 3042 176 3069 8.
198 3047 229 3068 E:
240 3044 377 3076 quibusdam
388 3047 493 3070 romeriis
503 3047 531 3075 ὲ·
541 3048 603 3079 firis
621 3046 756 3080 barbaria]
781 3046 835 3072 :Xlii
847 3055 879 3071 οἳ
890 3045 1043 3074 conlegi-urzi
1055 3057 1061 3072 ι

109 3077 194 3111 &ftre
203 3081 322 3104 barbaris.
344 3079 427 3105 l’alat.
437 3080 542 3108 secund.
554 3090 641 3117 quart.
661 3083 859 3115 convcmjfirfiris
872 3093 876 3106 .-
898 3081 963 3108 untlc
975 3082 1061 3117 quint,

108 3116 217 3140 cun-venir
227 3116 255 3148 se
267 3115 336 3147 seris.

141 3158 173 3186 9.
190 3153 219 3177 ln
236 3159 352 3177 carcerem
362 3151 521 3185 quadammad..
537 3153 582 3186 ipse
593 3153 620 3186 se
637 3154 799 3189 inclusa-ran]
822 3154 906 3181 l'alat.
926 3160 1012 3189 quart.
1035 3156 1060 3179 in

1123 2232 1226 2249 carcere.
1246 2232 1377 2251 noverunt
1388 2224 1461 2250 doc'ii
1474 2224 1571 2250 millies
1581 2225 1596 2250 ii
1607 2224 1681 2251 bonis
1692 2224 1843 2251 nuffloribus
1856 2225 1909 2250 haec
1918 2226 2037 2252 alterari.

1163 2268 1204 2285 ιο,
1225 2261 1459 2294 πηλενεῇίίωβιω
1469 2260 1571 2293 docum]
1593 2260 1676 2286 Palat.
1688 2261 1784 2287 iterum
1796 2267 1883 2294 quart.
1899 2263 2028 2287 ext-indere.

1161 2304 1169 2321 i
1180 2305 1202 2321 l.
1223 2299 1251 2320 Ut
1260 2297 1532 2330 omniaspccularetur.]
1554 2295 1626 2322 Idem
1635 2299 1846 2329 perspecularemr.
1859 2297 1928 2322 Plin.
1943 2297 1989 2323 lib.
2002 2306 2072 2323 viii.

1120 2340 1175 2366 cap.
1186 2332 1232 2356 26.
1252 2335 1360 2357 Recenies
1378 2332 1524 2358 arundinum
1541 2333 1638 2366 usuras
1652 2334 1838 2365 peaspcculattn.
1857 2332 1920 2368 quid
1945 2332 1963 2359 si
1986 2339 2072 2360 tumen

1115 2369 1335 2400 praspecularetur.

1157 2411 1199 2428 12.
1219 2406 1278 2428 Cum
1293 2405 1364 2435 furem
1378 2405 1477 2429 cubiculi
1485 2404 1628 2437 clauserat]
1649 2404 1691 2429 Ita
1701 2404 1715 2428 ii
1728 2402 1871 2429 Laclantio
1881 2403 1954 2429 citari
1966 2402 2034 2429 libro
2045 2410 2073 2437 4.

1116 2446 1226 2465 annotat
1237 2439 1400 2468 Gulielmius
1412 2440 1571 2475 laudantque
1582 2440 1661 2466 etiaim
1675 2439 1760 2466 Palat.
1772 2439 1821 2465 sec.
1833 2447 1895 2466 tert.
1909 2447 1994 2474 quart.
2008 2440 2074 2476 Fab.

1118 2474 1204 2501 vatic.
1215 2475 1281 2501 alifis
1296 2477 1371 2508 fures.

1158 2519 1199 2545 13.
1219 2512 1291 2542 Qcm
1309 2514 1368 2536 enim
1385 2513 1531 2536 vehementer
1548 2518 1664 2540 amarat,
1683 2510 1821 2543 occideras]
1843 2511 1883 2536 Ita
1903 2510 1957 2545 post
1976 2510 2072 2536 Vigin-

1118 2546 1185 2571 rium
1199 2547 1322 2573 Lambini
1343 2555 1396 2573 vet.
1407 2546 1466 2573 cod.
1478 2547 1594 2583 quinque
1612 2547 1728 2572 Palatia.
1742 2546 1820 2572 Fabr.
1839 2546 1957 2572 Vatinii.
1978 2546 2076 2582 vulgo,

1118 2589 1220 2608 amaret.

1154 2625 1195 2650 14.
1215 2619 1365 2651 Qamquam
1374 2620 1411 2643 hle
1418 2618 1509 2652 quidem
1517 2625 1636 2651 tyrannus
1650 2619 1696 2650 inf?
1703 2617 1847 2651 indicavit]
1869 2617 1964 2643 Multis
1975 2617 2071 2644 verbo-

1115 2663 1173 2679 rum
1194 2654 1393 2680 velitationibus
1412 2653 1539 2679 defendat
1557 2652 1628 2679 suum
1641 2653 1702 2679 licet
1722 2653 1842 2678 indicarit
1860 2652 1984 2679 Lambin.
2005 2654 2072 2680 mihi

1131 2690 1230 2715 otiores
1249 2689 1384 2715 ferentarii
1401 2689 1460 2716 sunt
1470 2689 1554 2715 Palat.
1571 2688 1676 2716 secund.
1691 2696 1755 2715 tert.
1767 2695 1855 2724 quart.
1867 2689 1952 2715 Varie.
1963 2689 2071 2725 Gryph.

1113 2699 1180 2751 liber
1190 2724 1293 2751 Vifi‘tor.
1305 2725 1398 2751 editio.

1154 2770 1194 2793 ις.
1214 2763 1260 2794 Ipse
1270 2762 1365 2786 eandem
1383 2761 1524 2794 degustare]
1547 2759 1625 2787 Fabr.
1642 2761 1758 2792 degustare
1776 2760 1850 2788 irfitm
1863 2760 1968 2786 candem.
1989 2759 2073 2790 lando

1111 2796 1266 2832 scripturam
1280 2797 1335 2822 Pul.
1347 2804 1433 2831 quart.
1443 2806 1472 2822 ac
1483 2797 1569 2822 Vatic.
1581 2797 1626 2828 e'pfi:
1636 2796 1714 2820 eadem
1724 2796 1850 2828 deq-(sime.

1152 2834 1193 2858 16.
1213 2833 1364 2866 ffllsgmficis
1373 2834 1479 2865 operibns
1486 2832 1571 2865 fifh]
1594 2831 1678 2857 l'alat.
1690 2839 1778 2866 quart.
1795 2833 1874 2863 ραι-70.

1152 2876 1192 2902 17.
1214 2869 1301 2901 Easque
1311 2875 1393 2893 nutum
1402 2869 1465 2893 illius
1473 2867 1611 2901 intuentis]
1624 2866 1764 2903 (Qithuitl
1777 2866 1842 2892 beni:
1853 2866 1883 2892 fit
1894 2866 1960 2894 histe
1970 2866 2067 2903 Dispu-

1111 2904 1257 2930 tatiouibus
1268 2904 1295 2930 in
1308 2904 1400 2930 nostris
1412 2902 1651 2933 emendationibus,
1664 2902 1855 2929 rescribendum
1867 2902 2073 2938 diligentiffimo

1111 2940 1140 2965 l'.
1153 2939 1290 2966 Vicini-io:
1315 2942 1329 2965 ii
1340 2948 1393 2974 quo
1403 2939 1428 2964 8<
1443 2939 1510 2964 hunc
1522 2939 1607 2964 locum
1625 2939 1769 2974 recepimus
1782 2957 1789 2970 ‚
1801 2938 1866 2964 ut&
1879 2940 1894 2964 u.
1906 2939 1989 2966 Palat.
2002 2947 2067 2966 tert.

1109 2983 1196 3011 quart.
1210 2975 1287 3001 Fabr.
1302 2975 1381 3010 vulgo
1393 2985 1398 3001 ε
1422 2975 1547 2999 adnutum
1560 2976 1623 2999 illim
1633 2975 1767 3000 intuenti-is.

1151 3010 1192 3036 18.
1211 3015 1266 3035 Sera
1276 3013 1362 3043 equina
1371 3018 1452 3042 aprum
1462 3011 1551 3035 demini
1561 3009 1653 3044 quffiz]
1676 3009 1762 3044 Vulgo
1777 3029 1782 3039 ,
1802 3010 1925 3042 atopcnfirm
1935 3019 1967 3035 ex
1978 3010 2066 3044 glossa

1108 3045 1214 3081 inepta:
1239 3046 1327 3072 sedita
1338 3055 1398 3072 unte
1411 3055 1456 3071 izos
1469 3047 1602 3072 Victorius
1617 3056 1675 3073 cum
1689 3046 1809 3072 Lambin.
1821 3044 1956 3081 quomodo
1967 3046 1993 3071 ἃ
2007 3046 2052 3071 Pal
2061 3066 2066 3071 .

1108 3089 1170 3108 tert.
1183 3089 1270 3117 quart.
1291 3082 1368 3108 Fabr.
1381 3082 1465 3106 ratic.
1487 3082 1514 3107 8:
1526 3081 1557 3108 lic
1568 3091 1673 3117 quoque
1692 3083 1756 3108 citat
1775 3082 1842 3106 hunc
1864 3081 1952 3107 locum
1973 3081 1998 3107 in
2022 3081 2066 3106 l'uo

1109 3117 1274 3143 merlotum-io
1292 3117 1333 3144 {cu
1346 3116 1479 3144 'rhelhuro
1498 3118 1610 3153 Linguae
1629 3117 1730 3146 Latina:
1742 3117 1860 3145 venetiis
1879 3117 2002 3153 impreslb
2015 3116 2067 3142 Al-

1107 3152 1156 3179 dus
1167 3154 1314 3182 Manutius.

1979 3195 2001 3213 1.
2012 3189 2068 3221 Q?-

1133 1376 1252 1406 ciderat.
1274 1377 1322 1406 Sic
1332 1376 1524 1413 distrahuntur
1541 1380 1572 1408 in
1585 1383 1745 1411 contrarias
1754 1384 1861 1421 parteis
1871 1384 2086 1421 impotentium
2107 1392 2147 1417 21
