2337 3400
123 921 143 955 8

130 1547 154 1580 9

115 2194 160 2220 10

590 122 655 167 M.
719 119 1021 166 TULii

149 131 248 197 736

1106 117 1653 166 CICERONIS

148 212 226 241 Dixi
237 210 271 240 dc
284 218 310 238 tc
321 228 327 240 ,
338 216 401 247 quae
413 205 496 245 potui
509 225 517 237 ‚
530 211 609 234 tanta
617 203 815 233 contentione
827 221 836 234 ,
846 208 992 241 quantum
1003 197 1105 228 forum
1144 198 1306 239 spectatur:
1326 208 1416 240 quam
1427 198 1552 240 quidem
1561 203 1678 241 autJam
1690 200 1747 233 effe
1758 201 1888 244 aliquam
1904 220 1913 236 ‚
1940 209 1992 234 aut
2000 211 2109 244 appro-

151 251 194 281 est
207 262 211 278 :
224 260 304 280 tanto
314 250 443 278 clamore
456 268 463 279 ,
473 245 679 285 consensuque
689 244 816 284 populi,
831 253 863 273 ut
874 242 952 272 nihil
962 249 1108 281 umquam

153 291 251 322 simile
261 291 399 320 viderim.
423 289 457 318 Id
472 288 567 318 velim
581 288 657 317 milii
670 286 817 327 ignoscas,
829 283 912 325 quod
924 285 1017 313 invita
1026 282 1109 312 socru

155 342 203 363 tua
220 332 355 362 fecerim.
377 330 492 360 Mulier
513 329 617 359 timida
628 328 784 358 verebatur
799 347 808 361 ,
828 337 866 357 ne
880 325 980 357 Pansae
989 326 1109 354 animus

153 372 364 405 offenderetur.
389 375 424 402 In
447 372 596 401 concione
613 369 738 411 quidem
756 369 847 400 Pansa
863 368 963 401 dixit,
982 375 1109 397 matrem

153 425 275 456 quoque
284 424 363 445 tuam
377 435 385 447 ,
411 414 443 444 δε
453 413 571 443 fratrem
584 432 593 445 ,
603 413 687 442 illam
698 412 714 442 a
725 421 774 441 me
786 411 964 441 sententiam
975 406 1105 438 noluisse

154 458 226 487 dici.
258 456 314 486 Sed
333 457 394 486 haec
411 466 474 486 non
494 454 658 485 movebant
676 464 681 482 τ
701 454 757 484 alia
778 452 937 483 malebam.
962 450 1110 481 Favebam

157 499 191 529 &
206 500 277 538 reip.
292 500 340 528 cui
354 498 468 538 semper
476 496 537 526 favi
548 516 556 530 ,
570 496 602 526 δε
612 495 762 537 dignitati,
774 506 807 525 ac
815 496 918 536 gloriae
928 502 993 524 tuae.
1017 491 1110 531 Quod

156 549 269 574 autem,
282 540 314 570 &
326 550 356 570 in
368 540 467 570 senatu
479 538 614 578 pluribus
624 537 722 568 verbis
730 536 864 570 disserui,
875 536 908 566 δε
918 536 984 566 dixi
995 537 1026 564 in
1037 543 1113 564 con-

155 584 247 613 cione
259 603 266 616 ,
279 585 310 612 in
322 592 358 612 eo
370 582 463 613 velim
474 580 568 612 fidem
579 589 679 610 meam
689 580 807 610 liberes.
829 576 955 610 Promisi
965 579 1049 607 enim
1061 595 1070 609 ,
1082 575 1115 605 δε

156 623 250 666 prope
265 623 442 655 confirmavi
455 645 463 658 ‚
488 633 515 654 te
526 632 590 652 non
600 620 779 662 exspectasse
789 641 799 655 ,
810 631 867 651 nec
875 618 1115 660 exspeEiaturum

157 666 273 697 decreta
292 665 408 697 nostra:
426 666 475 697 sed
496 675 523 696 te
542 664 641 705 ipsum
654 674 707 695 tuo
718 673 804 694 more
813 661 950 702 rempub.
974 659 1116 690 defensu-

157 718 236 738 rum.
263 708 295 738 &
307 728 314 741 ,
327 718 510 749 quamquam
522 706 677 737 nihildum
687 706 886 736 audieramus,
899 713 954 733 nec
964 702 1017 732 ubi
1027 699 1110 734 effes,

158 760 216 780 nec
225 760 296 789 quas
306 753 404 790 copias
419 750 558 780 haberes:
569 758 670 779 tamen
682 747 719 778 fic
730 746 1040 778 statuebam,omneis,
1051 752 1116 783 quae

158 794 191 822 in
216 793 276 822 istis
284 791 417 832 partibus
428 790 520 822 ess‘ent
529 800 600 831 opes
608 792 762 830 copiaeque
775 809 783 823 ,
800 797 864 818 tuas
874 785 932 817 effe
948 796 953 814 t
971 795 1021 825 per
1031 793 1118 825 teque

159 833 259 864 Asiam
283 835 471 874 provinciam
490 832 683 864 confidebam
702 832 766 871 jam
786 829 903 870 reipub.
913 830 1115 868 reciperatam.

160 878 213 906 Tu
221 874 265 907 fac
275 878 309 906 in
320 875 452 918 augenda
459 876 555 918 gloria
567 884 594 904 te
603 874 701 915 ipsum
713 874 827 903 vincas.
853 871 936 901 Vale.
1082 882 1085 886 ·

370 931 510 960 M.T.c.
534 926 917 959 c.cAssio‚s.1’.D.
1066 960 1069 961 ⁷

170 974 329 1051 Sennis
339 974 438 1007 affinis
450 977 493 1005 tui
505 995 514 1008 .
532 973 657 1014 Lepidi,
669 973 881 1013 summamque
892 971 1046 1002 levitatem
1056 989 1064 1004 ‚
1086 968 1119 999 &

224 1017 455 1048 inconstantiam
468 1037 477 1049 ,
498 1026 536 1046 cx
553 1016 645 1049 affis,
665 1025 731 1056 quae
750 1015 786 1045 ad
805 1024 834 1045 tc
854 1015 935 1044 mitti
952 1012 1035 1043 certo
1045 1012 1118 1044 scio,

162 1058 302 1101 cognoss'e
313 1069 340 1090 te
350 1060 484 1089 arbitror.
507 1061 610 1099 Itaque
620 1066 689 1091 nos,
700 1055 842 1087 confefiffl
852 1055 946 1088 bello,
959 1063 991 1085 ut
999 1054 1120 1084 arbitra-

163 1103 271 1133 bamur
281 1121 289 1134 ‚
309 1109 486 1131 renovatum
498 1099 613 1130 bellum
624 1101 756 1141 gerimus
769 1110 774 1128 :
797 1099 940 1139 spemque
950 1105 1077 1126 omnem
1086 1096 1119 1124 in

163 1147 206 1175 D.
224 1146 326 1176 Bruto,
340 1143 372 1173 &
384 1143 492 1173 Planco
501 1143 661 1172 habemus:
673 1139 693 1171 si
705 1151 811 1172 verum
821 1142 938 1182 quaeris‚
952 1140 1033 1171 inte,
1046 1137 1078 1167 &
1089 1138 1122 1165 in

165 1195 237 1216 meo
255 1187 347 1215 Bruto
359 1204 368 1218 ,
387 1194 452 1214 non
472 1183 571 1214 solum
584 1183 754 1224 adpraesens
765 1182 935 1224 perfugium
949 1201 957 1214 ,
979 1179 999 1209 si
1019 1177 1122 1219 (quod

164 1228 288 1267 nolim)
311 1225 421 1257 adversi
437 1226 510 1267 quid
530 1226 670 1258 acciderit
680 1246 688 1260 ‚
709 1225 758 1255 sed
768 1227 859 1256 etiam
868 1223 903 1255 ad
914 1220 1123 1253 confirmatio—

165 1279 238 1300 nem
257 1278 405 1309 perpetuae
426 1269 581 1299 libertatis.
606 1271 673 1298 Nos
692 1265 742 1298 hic
759 1267 796 1297 de
816 1264 976 1297 Dolabella
985 1261 1123 1294 audieba-

164 1321 236 1342 mus
246 1321 312 1352 quae
326 1311 495 1341 vellemus:
518 1310 566 1342 sed
576 1320 672 1344 certos
689 1309 826 1340 auEtores
848 1317 912 1338 non
931 1305 1124 1336 habebamus.

167 1356 216 1384 Te
224 1353 349 1394 quidem
360 1362 504 1394 magnum
517 1354 678 1383 hominem
690 1372 698 1386 ,
711 1352 744 1382 &
753 1351 888 1391 praesenti
899 1348 1027 1389 judicio,
1038 1347 1071 1377 δε
1081 1356 1127 1375 re-

165 1396 246 1436 liqui
257 1404 400 1435 temporis
411 1394 634 1436 exspebkatione
643 1395 714 1424 scito
727 1392 796 1423 ess'e.
822 1395 889 1422 Hoc
900 1391 955 1422 tibi
965 1386 1126 1430 proposito,

167 1437 216 1468 fac
230 1446 262 1467 ut
281 1436 316 1466 ad
331 1432 634 1468 summacontendas.
658 1436 746 1466 Nihil
763 1434 806 1465 est
818 1442 934 1465 tantum
949 1452 957 1467 ‚
971 1431 1054 1473 quod
1063 1439 1129 1460 non

167 1488 237 1520 pop.
249 1480 344 1510 Rom.
356 1478 372 1509 a
381 1488 408 1509 te
420 1477 534 1519 perfici,
545 1487 631 1520 atque
642 1478 775 1509 obtineri
784 1474 866 1518 pofl'e
874 1474 998 1516 judicet.
1020 1473 1103 1503 Vale.

373 1535 519 1564 M.T.c.
544 1534 787 1565 C.CASSIO‚
810 1532 934 1561 S.P.D.

175 1581 399 1659 BRevrrAs
422 1592 539 1615 tuarum
559 1584 712 1615 literarum
724 1593 773 1613 me
785 1592 907 1624 quoque
915 1581 1087 1612 breviorem
1097 1579 1131 1609 in

164 1665 167 1668 ,
248 1626 406 1658 scribendo
418 1626 487 1656 facit
499 1637 504 1656 2
517 1627 549 1656 δε
559 1646 568 1660 ,
580 1627 651 1657 vere
663 1635 697 1656 ut
706 1625 803 1656 dicam
815 1644 823 1658 ,
837 1623 978 1654 nonsatis
988 1623 1127 1654 occurrit,

169 1668 245 1709 quid
256 1669 390 1699 scribam.
415 1667 538 1699 Nostras
549 1670 634 1698 enirn
648 1678 693 1698 res
705 1669 737 1697 in
747 1666 820 1697 actis
828 1665 951 1706 perferri
962 1664 996 1695 ad
1006 1674 1033 1694 te
1046 1662 1128 1694 certo

170 1712 233 1742 scio
253 1721 259 1740 :
279 1719 341 1740 tuas
356 1719 456 1740 autem
474 1712 659 1750 ignoramus.
691 1712 863 1750 Tamquam
882 1709 967 1738 enim
985 1706 1081 1737 clausa
1098 1703 1131 1734 sit

170 1751 248 1786 Asia,
263 1751 301 1783 fic
311 1752 389 1782 nihil
399 1751 545 1791 perfertur
553 1751 589 1782 ad
600 1761 667 1785 nos,
677 1760 782 1791 praeter
794 1759 931 1780 rumores
943 1749 978 1779 de
994 1745 1131 1788 oppresso

170 1794 331 1825 Dolabella
341 1813 349 1827 ‚
375 1793 442 1824 satis
463 1793 535 1823 illos
545 1793 670 1834 quidem
680 1791 862 1823 constanteis
877 1811 885 1825 ,
906 1790 954 1821 sed
964 1790 1059 1821 adhuc
1071 1787 1131 1818 fine

168 1835 302 1867 au&ore.
327 1838 407 1869 Nos,
419 1834 720 1865 confe&umbe11um
731 1833 802 1864 cum
814 1842 996 1873 putaremus,
1009 1830 1131 1871 repente

169 1877 188 1909 ἐι
206 1877 323 1918 Lepido
344 1886 397 1907 tuo
418 1878 449 1907 in
469 1877 622 1907 summam
637 1875 874 1907 sollicitudinem
886 1873 1007 1905 adducti
1019 1874 1132 1903 sumus.

170 1922 273 1961 Itaque
283 1918 422 1960 persuade
434 1920 488 1949 tibi
500 1939 509 1953 ,
522 1920 690 1950 maximam
700 1920 773 1958 reip.
786 1918 870 1958 spem
881 1918 913 1947 in
923 1925 951 1946 te
966 1936 974 1950 ‚
988 1916 1020 1946 δε
1031 1917 1063 1945 in
1074 1917 1135 1945 tuis

171 1963 269 2002 copiis
288 1960 353 1991 effe.
379 1964 499 1991 Firmos
517 1964 649 1991 omnino
667 1962 814 1990 exercitus
838 1959 999 1989 habemus:
1023 1957 1072 1988 sed
1092 1966 1134 1987 ta-

171 2014 259 2037 men,
288 2011 321 2033 ut
332 2005 436 2034 omnia
447 2023 456 2038 ,
477 2003 531 2042 (ut
541 2004 625 2044 spero
638 2004 647 2043 )
665 2002 802 2043 prospere
814 2000 987 2041 procedant,
1001 1998 1136 2030 multum

172 2044 297 2076 interest
314 2053 340 2075 te
364 2047 480 2076 venire.
504 2048 622 2087 Exigua
630 2047 715 2075 enirn
729 2045 791 2084 spes
805 2042 847 2074 est
857 2042 971 2082 reipub.
984 2051 1054 2072 nam
1068 2042 1138 2071 nul-

175 2088 236 2118 lam
247 2097 311 2117 non
322 2086 396 2118 libet
406 2087 503 2118 dicere
516 2098 521 2117 τ
533 2088 582 2118 sed
593 2108 602 2121 ‚
613 2096 811 2128 quaecumque
821 2084 863 2116 est
874 2105 883 2121 ,
895 2094 927 2116 ea
937 2083 1139 2125 despondetur

172 2139 256 2160 anno
266 2129 437 2160 consulatus
447 2131 500 2159 rui.
525 2130 609 2160 Vale.

381 2181 524 2211 M.T.c.
549 2182 581 2210 C.
598 2181 791 2213 CASSIO,
817 2181 940 2210 S.P.D.

269 2231 393 2260 Erinus
404 2249 413 2264 ‚
441 2238 509 2260 tuus
529 2228 628 2260 affinis
641 2250 650 2264 ,
673 2240 760 2260 meus
771 2229 928 2261 familiaris
939 2249 948 2263 ,
967 2228 1064 2269 pridie
1074 2227 1140 2258 Kal-

271 2272 434 2312 Qintileis
456 2272 612 2302 sententiis
630 2272 776 2302 omnibus
789 2271 883 2302 hostis
894 2271 910 2302 a
920 2270 1142 2311 senatujudica-

181 2322 231 2344 tus
244 2311 296 2346 est,
306 2315 454 2353 ceterique
466 2333 475 2347 ,
494 2315 547 2354 qui
558 2313 617 2344 una
626 2323 697 2343 cum
706 2314 761 2343 illo
773 2313 788 2343 a
797 2323 857 2353 rep.
868 2312 1043 2343 defecerunt
1054 2322 1060 2341 ε
1073 2314 1143 2352 qui-

179 2355 237 2386 bus
261 2363 363 2385 tamen
374 2355 409 2385 ad
419 2355 573 2385 sanitatem
583 2354 729 2385 redeundi
739 2364 806 2385 ante
815 2355 882 2385 Kal.
894 2354 1045 2394 Septemb.
1056 2362 1143 2393 pote-

181 2396 239 2429 stas
248 2395 325 2427 fa&a
338 2395 390 2427 est.
414 2398 512 2427 Fortis
522 2396 590 2427 sane
602 2397 719 2427 senatus
733 2416 741 2430 ,
753 2396 802 2426 sed
814 2396 948 2426 maxime
961 2396 1010 2435 spe
1022 2393 1142 2424 subficlii

180 2440 239 2470 tui.
261 2438 381 2468 Bellum
391 2438 515 2479 quidem
529 2458 537 2472 ,
561 2437 632 2468 cum
647 2439 710 2468 haec
720 2437 884 2468 scribebam
896 2457 905 2472 ,
916 2437 985 2467 sane
996 2446 1141 2477 magnum

181 2489 262 2514 erat,
284 2480 389 2510 scelere
400 2500 409 2514 ,
430 2480 592 2510 &levitate
603 2479 723 2520 Lepidi.
747 2482 814 2510 Nos
823 2479 859 2510 de
869 2478 1029 2509 Dolabella
1041 2479 1144 2519 quoti-

181 2523 234 2553 die
245 2541 254 2555 ,
263 2531 330 2562 quae
340 2522 485 2552 volumus
498 2542 507 2556 ‚
519 2522 659 2552 audimus
679 2532 685 2551 :
707 2522 757 2552 sed
773 2521 868 2552 adhuc
877 2519 938 2550 fine
950 2521 1043 2560 capite
1053 2539 1062 2553 ,
1084 2517 1145 2549 fine

182 2563 315 2597 autiore,
329 2573 450 2595 rumore
461 2566 582 2594 nuntio.
605 2563 697 2605 Qod
707 2562 779 2594 curn
788 2561 917 2597 itaeffet,
930 2571 1031 2592 tamen
1040 2562 1145 2592 litteris

183 2607 245 2636 tuis
255 2625 264 2638 ‚
275 2615 348 2646 quas
357 2615 448 2636 nonis
458 2608 520 2636 Mai
536 2615 575 2636 ex
585 2605 685 2636 castris
696 2605 775 2636 datas
784 2614 989 2645 acceperamus
1001 2623 1010 2637 ,
1030 2605 1069 2633 ita
1078 2613 1145 2643 per—

184 2647 304 2678 suasum
325 2656 384 2678 erat
397 2649 511 2678 civitati
523 2667 531 2681 ,
552 2648 685 2678 utillum
694 2649 757 2688 jam
768 2645 891 2688 oppress
889 2656 940 2676 um
951 2655 1058 2675 omnes
1068 2645 1146 2676 arbi-

186 2697 336 2719 trarentur
345 2709 354 2723 ‚
376 2698 404 2719 te
416 2698 518 2720 autem
528 2692 561 2719 in
571 2690 688 2720 ltaliam
697 2691 801 2719 venire
810 2699 881 2719 cum
891 2690 1024 2718 exercitu
1038 2696 1085 2717 .ut
1096 2708 1105 2721 ‚
1126 2685 1147 2716 fi

188 2731 251 2761 haec
260 2740 298 2760 ex
310 2731 454 2762 sententia
464 2730 603 2762 confecta
612 2730 718 2765 ess'ent,
728 2729 866 2765 consilio,
877 2739 964 2771 atque
972 2729 1149 2760 austoritate

189 2779 257 2802 tua:
276 2771 319 2802 sin
331 2773 404 2814 quid
413 2772 492 2803 forte
501 2773 662 2804 titubatum
674 2794 682 2807 ‚
707 2782 740 2803 ut
750 2772 782 2803 fit
793 2775 826 2803 in
840 2773 921 2803 bello
931 2792 939 2806 ,
951 2774 1085 2802 exercitu
1096 2781 1148 2802 tuo

189 2815 365 2844 niteremur.
388 2817 488 2857 Qem
508 2815 632 2856 quidem
653 2826 708 2858 ego
728 2817 895 2845 exercitum
908 2813 1148 2855 quibuscumque

190 2863 318 2895 potuero
335 2856 422 2886 rebus
445 2858 580 2891 ornabo,
597 2858 684 2897 cujus
700 2859 743 2887 rei
761 2866 825 2887 tum
841 2865 960 2897 tempus
969 2858 1043 2889 erit,
1063 2856 1147 2889 curn,

191 2895 265 2937 quid
276 2897 341 2935 opis
352 2900 422 2942 reip.
439 2899 549 2929 laturus
561 2901 584 2928 is
593 2901 740 2929 exercitus
751 2897 782 2929 fit
794 2919 802 2933 ,
822 2908 872 2929 aut
881 2898 953 2939 quid
964 2898 1026 2937 jani
1038 2898 1149 2931 tulerit,

192 2946 303 2969 notum
324 2937 381 2967 efle
399 2943 530 2979 coeperit.
554 2943 634 2971 Nam
656 2941 750 2971 adhuc
759 2940 878 2971 tantum
889 2949 1013 2970 conatus
1022 2939 1151 2970 audiun—

195 2986 242 3010 tur
251 2999 260 3013 2
278 2981 389 3019 optimi
399 2981 445 3010 illi
453 2982 588 3025 quidem,
601 2983 634 3015 δε
643 2981 854 3024 praeclariffimi
864 3002 874 3017 ,
895 2981 943 3012 sed
953 2981 1031 3024 gesta
1041 2991 1087 3012 res
1098 2992 1152 3012 ex-

231 3111 257 3131 1·
276 3105 354 3132 Habeo
368 3105 500 3136 paullulum
519 3107 608 3140 moras]
631 3109 671 3134 Ita
682 3108 818 3135 Vifflorius
837 3109 865 3134 Sc
885 3108 1021 3134 Palatinus
1045 3108 1158 3144 primus.

195 3137 388 3180 reliquihalgui.
408 3141 537 3181 Ceterum
558 3153 571 3168 e
583 3142 633 3168 suis
646 3143 704 3170 uiss‘.
718 3147 830 3179 polkrlum
840 3144 908 3182 legit
919 3144 1050 3174 Gulielm.
1069 3144 1156 3182 sicque

194 3182 309 3212 corrigit
319 3175 458 3205 Tibullum
467 3176 516 3207 lib.
529 3186 539 3206 ι
547 3186 570 3206 r.
582 3177 664 3214 131.5.

1151 244 1294 281 pinquare
1307 239 1440 271 confido.
1464 243 1532 272 Tua
1540 244 1648 274 virtute
1659 263 1668 278 ,
1685 244 1718 275 ὃς
1733 245 2050 285 magnitudineanimi
2061 247 2113 276 ni-

1153 283 1248 313 hilest
1259 282 1403 312 nobilius.
1427 285 1529 323 Itaque
1538 292 1697 324 optamus,
1721 294 1754 316 ut
1764 286 1855 327 quam
1877 286 2014 326 primum
2033 296 2061 317 te
2080 289 2115 318 in

1154 325 1236 355 Italia
1253 324 1422 358 videamus,
1434 333 1530 364 remp.
1549 334 1605 355 nos
1616 326 1722 357 habere
1730 327 1950 363 arbitrabimur,
1963 327 1984 358 fi
1998 338 2052 360 vos
2063 329 2116 359 ha-

1154 366 1305 398 bebimus.
1329 366 1470 397 Praeclare
1483 368 1650 397 viceramus
1663 387 1671 401 ‚
1683 367 1737 399 nifi
1747 370 1906 409 spoliarum
1919 390 1928 405 ‚
1951 372 2115 404 inermem,

1155 408 1323 450 fugientem
1334 407 1467 448 Lepidus
1477 407 1631 448 recepisset
1641 411 1819 441 Antonium.
1832 415 1934 453 Itaque
1945 421 2115 454 numquam

1157 460 1240 481 tanto
1251 449 1325 480 odio
1335 451 1449 480 civitati
1460 452 1611 480 Antonius
1624 449 1702 484 fuit,
1720 461 1833 492 quanto
1842 453 1884 484 est
1894 453 2038 494 Lepidus.
2060 454 2118 485 111e

1160 495 1245 524 enim
1264 501 1302 522 ex
1325 491 1494 522 turbulenta
1504 502 1565 532 rep.
1585 493 1636 522 hic
1652 502 1691 522 ex
1700 503 1768 533 pace
1779 514 1788 527 .
1808 495 1842 525 &
1857 495 1983 526 vie}oria
2000 496 2118 527 bellum

1159 536 1310 565 excitavit.
1334 536 1416 564 Huic
1426 533 1576 574 oppositos
1586 535 1724 564 consules
1734 534 1898 577 designatos
1910 537 2054 569 habemus
2067 549 2072 567 :
2084 540 2116 568 in

1157 577 1268 618 quibus
1278 575 1321 606 est
1332 586 1439 617 magna
1450 576 1501 606 illa
1510 576 1634 616 quidem
1646 576 1721 616 spes,
1733 576 1781 607 sed
1800 587 1906 618 anceps
1923 589 1992 609 cura
2000 589 2120 620 propter

1159 622 1288 649 incertos
1306 619 1407 648 exitus
1416 618 1605 658 proeliorum.
1628 618 1771 649 Persuade
1781 619 1837 649 tibi
1849 621 1958 660 igitur,
1976 623 2008 650 iri
2022 629 2050 651 te
2062 641 2071 655 ,
2085 622 2119 652 δε

1160 663 1192 691 in
1204 663 1295 690 Bruto
1305 668 1359 690 tuo
1368 658 1427 689 ess‘e
1442 662 1563 690 omnia:
1580 669 1634 690 vos
1645 659 1807 700 exspeRari
1827 685 1833 690 .
1852 663 1977 692 Brutum
1994 663 2120 703 quidem

1165 703 1240 740 jam,
1258 702 1391 743 jamque.
1415 701 1505 742 de
1520 699 1559 735 si,
1578 710 1611 732 ut
1630 702 1713 741 spero
1727 721 1735 736 ‚
1755 701 1844 732 viffis
1857 703 1991 734 hostibus
2010 704 2121 735 nostris

1163 746 1307 775 veneritis
1320 755 1326 773 z
1345 752 1445 774 tamen
1455 742 1630 774 auctoritate
1639 743 1733 774 vestra
1744 745 1860 784 respub.
1875 745 2011 786 exsurget
2023 765 2031 779 ,
2043 746 2076 776 &
2087 747 2120 776 in

1163 787 1263 827 aliquo
1274 785 1347 816 statu
1360 785 1509 815 tolerabili
1525 784 1674 816 con-sistet.
1696 788 1771 816 Sunt
1781 788 1863 816 enim
1875 787 2021 827 permulta
2031 807 2039 820 ,
2052 789 2123 828 qui-

1163 828 1220 858 bus
1229 830 1285 858 erit
1300 827 1486 857 medendum
1499 838 1504 857 :
1521 829 1611 858 etiam
1624 826 1643 857 si
1656 827 1731 868 resp.
1745 828 1813 859 satis
1826 827 1883 859 effe
1897 828 2048 860 videbitur
2063 830 2125 860 icen

1162 869 1275 900 letibus
1289 868 1424 900 hostium
1438 869 1569 900 liberata.
1596 869 1679 899 Vale.

1255 922 1500 951 C.CASSIUS
1523 921 1725 951 PROCOS.
1749 922 1888 952 M.T.C.
1913 924 2036 953 S.P.D.

1222 969 1237 997 Ι
1258 967 1338 997 vales
1353 986 1362 1000 ‚
1383 967 1459 996 bene
1479 965 1539 997 est:
1559 977 1614 1008 ego
1630 966 1755 1007 quidem
1774 968 1870 998 valeo.
1894 971 1930 998 In
1941 971 2056 1009 Syriam
2072 978 2122 1000 me

1221 1008 1392 1049 profe6tum
1410 1007 1468 1039 effe
1488 1009 1560 1039 scito
1579 1009 1614 1039 ad
1634 1011 1669 1038 L.
1692 1011 1833 1040 Murcum
1849 1030 1857 1044 ,
1878 1010 1911 1040 &
1925 1011 2124 1051 QCrispum,

1164 1052 1367 1089 imperatores.
1391 1053 1460 1080 Viri
1479 1049 1571 1080 fortes
1583 1071 1591 1083 ,
1617 1052 1788 1092 optimique
1801 1054 1881 1082 cives
1892 1072 1900 1086 ,
1920 1052 2021 1092 postea
2031 1053 2123 1094 quarn

1165 1092 1323 1122 audierunt
1333 1111 1342 1125 ,
1352 1101 1419 1132 quae
1433 1094 1542 1122 Rornae
1552 1101 1734 1133 gererentur,
1747 1094 1895 1124 exercitus
1906 1095 1981 1124 mihi
1994 1094 2124 1125 tradide-

1164 1142 1253 1163 runt:
1276 1131 1388 1173 ipfique
1407 1143 1529 1163 mecum
1549 1133 1608 1163 unii
1628 1132 1787 1164 fortiffimo
1808 1137 1913 1165 animo
1924 1136 2060 1176 rempub.
2072 1136 2125 1166 ad-

1171 1173 1353 1205 ministrant.
1377 1176 1455 1204 Item
1470 1174 1623 1215 legionem
1636 1194 1643 1207 ‚
1663 1185 1754 1215 quam
1765 1177 1953 1215 QCaecilius
1963 1176 2062 1207 Bassus
2073 1179 2126 1208 ha-

1165 1216 1248 1250 buit,
1261 1216 1297 1246 ad
1308 1226 1359 1246 me
1371 1214 1487 1246 veniss'e
1498 1217 1569 1246 scito
1583 1227 1587 1245 :
1608 1219 1816 1258 Qattuorque
1832 1218 1967 1259 legiones
1980 1239 1988 1252 ,
2005 1222 2122 1264 quasz.

1165 1259 1305 1289 Allienus
1322 1267 1361 1288 ex
1376 1261 1505 1300 AEgypto
1518 1257 1624 1288 eduxit
1634 1278 1642 1292 ,
1655 1258 1772 1289 traditas
1783 1259 1818 1290 ab
1831 1269 1868 1289 eo
1879 1261 1956 1290 mihi
1966 1259 2025 1290 effe
2035 1261 2116 1291 scito.

1167 1303 1259 1332 Nunc
1269 1310 1297 1331 te
1305 1297 1511 1331 cohortatione
1522 1310 1586 1330 non
1599 1309 1673 1340 puto
1684 1301 1817 1342 indigere
1829 1320 1838 1335 ‚
1856 1310 1889 1331 ut
1900 1311 1955 1332 nos
1966 1302 2123 1337 absenteis,

1168 1353 1289 1384 remque
1311 1342 1463 1383 publicam
1477 1363 1485 1375 ,
1504 1352 1651 1383 quantum
1666 1341 1751 1372 estin
1762 1352 1790 1373 te
1803 1363 1811 1377 ,
1831 1342 1984 1374 defendas.
2008 1345 2087 1382 Scire
2099 1348 2129 1374 te

1168 1383 1349 1419 volo‚firma
1359 1383 1491 1424 praesidia
1500 1384 1776 1425 vobis,senatuique
1786 1395 1848 1414 non
1860 1384 2004 1419 deeffe,ut
2014 1388 2130 1426 optima

1169 1428 1218 1468 spe
1230 1446 1238 1460 ,
1250 1426 1283 1456 &
1295 1428 1434 1456 maximo
1445 1427 1550 1456 animo
1559 1426 1697 1465 rempub.
1709 1426 1860 1458 defendas.
1886 1428 2016 1469 Reliqua
2027 1437 2128 1458 tecum

1169 1477 1232 1510 aget
1242 1470 1277 1498 L.
1287 1470 1421 1499 Carteius
1432 1488 1440 1502 ‚
1452 1467 1609 1498 familiaris
1619 1477 1714 1498 meus.
1739 1469 1820 1499 Vale.
1846 1472 1922 1500 Data
1936 1472 2037 1500 Nonis
2047 1472 2130 1500 Mar-

1172 1514 1233 1544 tiis,
1246 1520 1286 1540 ex
1297 1509 1396 1541 castris
1407 1511 1572 1540 Taricheis.

1232 1560 1390 1588 CASSIUS
1413 1559 1575 1587 PROCOS.
1598 1559 1626 1587 S.
1639 1559 1679 1586 D.
1704 1559 1748 1588 M.
1761 1559 1958 1589 CICERONI
1979 1560 2064 1589 SUO.

1178 1599 1245 1677 SI
1257 1599 1336 1630 vales
1347 1620 1356 1633 ,
1378 1599 1454 1630 bene
1464 1598 1506 1629 est
1517 1609 1522 1628 :
1533 1606 1588 1639 ego
1598 1598 1722 1640 quidem
1733 1600 1827 1630 valeo.
1851 1601 1924 1642 Legi
1935 1609 1997 1630 tuas
2009 1600 2130 1634 litteras,

1233 1644 1265 1672 in
1274 1641 1385 1683 quibus
1397 1639 1563 1671 mirificum
1575 1649 1661 1670 tuum
1672 1651 1737 1682 erga
1747 1651 1797 1671 me
1807 1651 1943 1672 amorem
1955 1644 2130 1682 recognovi.

1173 1684 1334 1715 Videbaris
1348 1684 1432 1713 enim
1444 1693 1507 1713 non
1518 1681 1617 1714 solum
1629 1682 1726 1714 favere
1737 1684 1826 1713 nobis
1837 1703 1846 1717 ,
1862 1683 1893 1713 id
1904 1683 1985 1724 quod
1994 1683 2027 1713 &
2036 1683 2132 1714 nostri

1175 1726 1208 1756 &
1227 1727 1297 1765 reip.
1319 1725 1403 1756 causa
1412 1726 1527 1765 semper
1534 1724 1629 1754 fecisti
1644 1735 1649 1753 ε
1669 1724 1717 1755 sed
1728 1726 1818 1755 etiam
1829 1735 1948 1766 gravem
1960 1735 2060 1755 curam
2072 1725 2135 1756 sus-

1175 1766 1282 1808 cepisse
1292 1787 1300 1800 ‚
1320 1767 1574 1807 vehementerque
1593 1765 1650 1796 esse
1672 1766 1709 1796 de
1728 1766 1818 1796 nobis
1838 1767 1994 1800 sollicitus.
2018 1769 2133 1808 Itaque,

1174 1809 1258 1851 quod
1271 1818 1298 1839 te
1307 1808 1444 1848 primurn
1455 1807 1626 1838 existimare
1636 1808 1776 1848 putabam
1789 1828 1797 1841 ,
1810 1818 1878 1843 nos,
1888 1807 2020 1848 oppreffa
2029 1809 2134 1848 repub.

1175 1851 1325 1892 quiescere
1337 1860 1399 1880 non
1409 1848 1491 1890 posse
1504 1861 1508 1879 :
1531 1849 1639 1880 deinde
1651 1870 1659 1884 ,
1679 1848 1751 1880 cum
1763 1849 1939 1890 suspicarere
1949 1860 2007 1880 nos
2016 1850 2134 1883 moliri,

1176 1893 1258 1935 quod
1278 1901 1306 1923 te
1325 1892 1491 1923 sollicitum
1514 1889 1571 1922 effe
1588 1891 1622 1922 &
1641 1891 1677 1922 de
1687 1892 1777 1923 salute
1797 1891 1914 1926 nostra,
1935 1892 1968 1923 &
1986 1891 2023 1922 de
2034 1901 2136 1922 rerum

1177 1944 1287 1966 eventu
1297 1934 1437 1975 putabam
1451 1945 1456 1963 z
1476 1933 1607 1964 simulac
1625 1934 1757 1976 legiones
1775 1936 1872 1974 accepi
1884 1954 1892 1968 ,
1913 1944 1984 1975 quas
1995 1936 2029 1964 A.
2042 1934 2138 1964 Allie-

1178 1987 1234 2008 nus
1247 1977 1388 2008 eduxerat
1398 1986 1436 2007 ex
1446 1979 1587 2017 AEgypto,
1602 1975 1696 2016 scripfi
1706 1976 1741 2006 ad
1750 1984 1780 2006 te
1793 1996 1802 2011 ,
1814 1976 2039 2017 tabellariosque
2049 1985 2140 2006 com-

1179 2020 1292 2061 plureis
1313 2021 1448 2050 Romam
1468 2017 1544 2048 misi.
1567 2017 1671 2058 Scripsi
1691 2020 1782 2049 etiam
1808 2018 1843 2048 ad
1864 2018 2000 2048 senatum
2016 2019 2138 2052 litteras,

1179 2072 1251 2104 quas
1268 2061 1352 2092 reddi
1371 2063 1453 2091 vetui
1474 2059 1557 2101 prius
1568 2080 1576 2094 ,
1593 2062 1684 2101 quarn
1694 2060 1750 2090 tibi
1759 2062 1885 2091 recitatae
1895 2058 2007 2090 effent:
2028 2058 2049 2090 fi
2060 2058 2139 2090 forte

1181 2106 1244 2135 mei
1259 2103 1463 2144 obtemperare
1486 2103 1565 2133 mihi
1582 2103 1744 2133 voluerint.
1769 2101 1860 2141 Quod
1880 2101 1901 2132 sl
1910 2102 2014 2132 litterae
2024 2102 2142 2142 perlatae

1184 2156 1248 2177 non
1260 2146 1329 2176 sunt
1342 2165 1351 2179 ‚
1363 2156 1428 2175 non
1442 2144 1548 2175 dubito
1558 2165 1567 2178 ,
1579 2146 1654 2185 quin
1664 2144 1824 2175 Dolabella
1834 2164 1842 2178 ,
1854 2146 1906 2185 qui
1918 2163 1927 2178 ‚
1940 2143 2052 2174 nefarie
2064 2146 2142 2173 Tre-

1183 2189 1279 2219 bonio
1288 2187 1399 2221 occiso,
1412 2186 1510 2217 Asiam
1522 2187 1687 2227 occupavit,
1700 2186 1869 2217 tabellarios
1880 2195 1966 2216 meos
1976 2185 2142 2225 deprehen-

1182 2230 1261 2261 derit
1270 2250 1278 2264 ,
1300 2230 1469 2270 litterasque
1488 2231 1689 2269 interceperit.
1714 2229 1869 2259 Exercitus
1887 2228 2006 2257 omneis
2017 2246 2025 2261 ‚
2047 2227 2143 2267 quiin

1185 2274 1267 2312 Syria
1285 2270 1369 2302 fuere
1381 2292 1389 2305 ‚
1409 2280 1506 2301 teneo.
1532 2274 1541 2290 ¹
1553 2272 1658 2301 Habeo
1675 2270 1843 2310 paullulum
1854 2279 1946 2299 morae
1958 2289 1966 2303 ‚
1987 2268 2060 2298 dum
2071 2278 2144 2309 pro-

1187 2313 1274 2344 mifl'a
1292 2313 1442 2343 militibus
1461 2313 1610 2353 persolvo.
1635 2313 1799 2351 Nuncjam
1812 2311 1877 2341 sum
1889 2310 2053 2350 expeditus.
2078 2313 2104 2340 A
2115 2319 2144 2340 te

1184 2365 1254 2396 peto
1264 2375 1273 2389 ,
1293 2363 1326 2384 ut
1347 2355 1525 2395 dignitatem
1539 2363 1637 2383 meam
1649 2352 1894 2383 commendatam
1906 2353 1960 2383 tibi
1972 2352 2076 2382 habeas
2087 2372 2096 2385 ,
2121 2349 2144 2382 fi

1186 2407 1237 2427 me
1257 2396 1401 2437 intelligis
1411 2416 1419 2429 ‚
1439 2395 1675 2435 nullum'neque
1692 2394 1859 2435 periculum
1873 2414 1881 2427 ,
1902 2394 2143 2435 nequelaborem

1184 2440 1284 2479 patriae
1301 2436 1456 2478 denegass'e
1472 2448 1477 2466 :
1498 2435 1518 2466 si
1529 2435 1912 2477 contraimportuniffimos
1923 2437 2053 2466 latrones
2062 2445 2144 2466 arma

1184 2481 1249 2522 cepi
1269 2489 1297 2509 te
1318 2480 1454 2509 hortante
1465 2498 1473 2513 ,
1497 2479 1531 2508 δε
1549 2477 1670 2509 ειυᾶοῑε
1684 2489 1689 2508 ;
1712 2477 1733 2508 si
1751 2488 1815 2508 non
1833 2477 1932 2508 solum
1951 2479 2098 2508 exercitus
2107 2476 2145 2507 ad

1187 2521 1324 2561 rempub.
1337 2521 1564 2561 libertatemque
1574 2519 1795 2551 defendendam
1806 2519 2042 2560 comparavi‚sed
2052 2521 2145 2549 etiam

1189 2561 1399 2594 crudelissimis
1409 2566 1541 2602 tyrannis
1550 2563 1656 2602 eripui.
1672 2564 1756 2604 Qos
1767 2561 1787 2591 fi
1798 2560 1964 2602 occupass‘et
1975 2560 2146 2593 Dolabella,

1189 2616 1252 2636 non
1264 2605 1363 2635 solum
1373 2604 1502 2634 adventu
1514 2624 1523 2638 ,
1545 2604 1593 2634 sed
1604 2605 1695 2634 etiam
1706 2605 1854 2644 opinione
1866 2624 1874 2637 ,
1886 2601 2147 2642 &exspeetarione

1190 2650 1336 2678 exercitus
1354 2647 1399 2676 sui
1420 2648 1590 2676 Antonium
1599 2644 1809 2676 confirmasset.
1833 2648 1912 2687 Qas
1925 2645 1967 2674 ob
1976 2653 2021 2673 res
2031 2644 2146 2673 milites

1195 2699 1277 2720 tuere
1290 2710 1298 2723 ,
1319 2687 1339 2718 si
1350 2698 1401 2719 eos
1413 2686 1541 2719 mirifice
1551 2687 1588 2718 de
1599 2697 1658 2728 rep.
1671 2696 1795 2718 meritos
1805 2686 1861 2717 efl'e
1871 2685 2099 2717 animadvertis:
2113 2684 2148 2715 δε

1195 2730 1279 2762 effice
1291 2751 1298 2765 ‚
1313 2741 1349 2760 ne
1359 2741 1450 2771 quern
1460 2732 1603 2770 poeniteat
1612 2750 1620 2763 ‚
1632 2729 1768 2770 rempub.
1780 2729 1870 2770 quam
1881 2728 1962 2767 spem
1976 2726 2080 2766 praedae
2091 2746 2100 2760 ,
2114 2726 2149 2757 &

1193 2776 1363 2813 rapinarum
1375 2792 1383 2806 ‚
1395 2773 1476 2813 sequi
1488 2769 1633 2801 maluiss'e.
1656 2774 1733 2801 Item
1746 2772 1862 2803 Murci,
1879 2769 1912 2798 &
1922 2769 2016 2808 Crispi
2029 2788 2038 2802 ,
2050 2770 2150 2808 impe-

1196 2825 1341 2848 ratorum,
1353 2814 1692 2855 dignitatem,quantum
1705 2811 1746 2842 est
1756 2813 1788 2841 in
1800 2819 1933 2844 te‚tuere.
1958 2813 2039 2840 Nam
2050 2808 2151 2840 Bassus

1197 2857 1306 2888 misere
1331 2857 1430 2886 noluit
1445 2855 1522 2884 mihi
1543 2855 1694 2895 legionem
1717 2852 1839 2883 tradere.
1869 2851 1960 2893 Qod
1971 2851 2025 2881 nisi
2035 2852 2151 2882 milites

1202 2901 1302 2929 invito
1324 2908 1361 2928 eo
1374 2898 1484 2939 legatos
1493 2896 1527 2926 ad
1538 2905 1588 2925 rne
1598 2892 1759 2928 misissent,
1777 2894 1903 2923 clausam
1915 2896 2098 2934 Appameam
2108 2901 2153 2923 te-

1202 2939 1312 2971 nuiss'et
1322 2960 1331 2974 ‚
1350 2938 1450 2980 quoad
1460 2939 1491 2968 vi
1502 2935 1571 2967 esset
1581 2944 1757 2977 expugnata.
1782 2938 1853 2966 Haec
1866 2935 1881 2965 a
1892 2945 1918 2965 te
1929 2944 1998 2975 peto
2009 2956 2018 2970 ‚
2030 2945 2093 2965 non
2103 2934 2153 2965 so-

1211 2981 1277 3013 lum
1290 2980 1405 3022 reipub.
1416 2989 1482 3021 quae
1491 2978 1547 3009 tibi
1559 2976 1737 3018 semperfuit
1747 2975 1889 3008 carissima
1899 2997 1908 3012 ‚
1920 2977 2067 3009 sedetiam
2078 2977 2156 3007 ami·

2074 3026 2155 3049 citiae

1372 3110 1421 3134 Mt
1431 3106 1481 3139 qua*
1491 3107 1584 3131 Velabri
1597 3108 1654 3139 regio
1663 3117 1671 3137 ‚·
1687 3108 1758 3138 prim
1766 3106 1893 3138 ireftlebat

1417 3145 1525 3175 Exigmu
1532 3144 1596 3176 pulla
1600 3150 1645 3177 per
1654 3143 1723 3169 vada
1731 3143 1803 3169 liam·
1812 3150 1888 3178 aqua.

1199 3177 1280 3215 Legit
1293 3178 1402 3215 inquam
1417 3179 1489 3212 polla.

2051 3218 2075 3239 r.
2088 3210 2153 3238 (ἔνι-

2146 885 2181 910 11

2151 1521 2194 1546 12
