2297 3389
19 2530 41 2585 aa
0 2024 42 2517 Inte-Pswm'v’iezess.
25 1966 43 1993 „-
20 1915 22 1922 “

16 2738 41 2876 ''W—‘531‘

17 2585 31 2696 :arf—⁷

774 131 901 180 Ltn.
939 134 1000 181 11.
1049 150 1115 182 tn
1161 134 1215 181 C.
1253 133 1542 183 VERREM.

187 213 366 248 nominavit.
389 214 456 245 Nos
465 208 537 243 verb
547 207 661 250 experti
671 207 772 239 sumus
782 228 791 242 ,
813 209 916 240 Italico
928 210 1065 240 maximo
1075 208 1136 240 dif-

185 256 384 297 ficillimoque
402 254 482 284 bello
491 272 500 286 ,
519 252 652 282 Siciliam
669 249 759 280 nobis
769 259 833 280 non
844 260 898 289 pro
908 253 1025 294 penaria
1035 251 1116 280 caelia
1126 271 1134 284 ,

183 298 233 330 sed
243 307 296 338 pro
305 297 404 327 aerario
413 295 468 325 illo
479 293 629 332 majorum
639 300 736 322 vetere
747 310 755 325 ,
773 301 805 321 ac
814 290 922 321 referto
932 289 1029 320 fuisse.
1062 301 1133 321 nam

183 337 245 369 sine
264 338 326 368 ullo
347 337 446 367 sumtu
467 333 570 365 nostro
581 353 590 368 ,
611 337 620 354 ¹
633 334 722 363 coriis
731 351 739 365 ,
762 334 871 362 tunicis
889 352 897 365 ,
918 331 1134 373 frumentoque

183 379 364 420 suppeditato
374 396 383 411 ‚
396 378 547 407 maximos
557 377 703 405 exercitus
712 372 829 403 nostros
838 372 975 406 vestivit,
986 373 1058 403 aluit
1068 392 1076 406 ,
1090 383 1136 402 ar-

145 425 162 460 3
183 421 286 450 mavit.
308 418 388 460 Qid
398 418 449 448 illa
459 438 467 451 ,
479 427 544 459 quae
552 415 672 446 forsitan
681 425 713 444 ne
717 415 855 454 sbntimm
863 414 978 455 quidem
988 433 996 446 ‚
1007 415 1015 452 j
1020 413 1132 447 udices,

179 469 287 501 quanta
305 460 395 490 sunt?
420 458 502 500 quod
523 458 651 488 ²multis
669 457 918 496 locupletioribus
939 456 1057 485 civibus
1077 457 1135 484 uti·
1155 490 1157 498 y

178 505 270 531 mur?
282 499 364 541 quod
374 501 690 541 habentpropinquam
703 518 711 531 ‚
734 497 854 528 fidelem
864 518 872 531 ,
890 496 1134 537 frustuosamque

175 544 362 583 provinciam
373 562 382 575 ,
402 541 464 583 quo
474 541 561 572 facile
573 543 752 571 excurrant?
772 539 823 569 ubi
834 539 962 569 libenter
972 540 1131 579 negotium

173 587 297 625 gerant?
316 593 390 624 quos
399 584 451 613 illa
459 586 568 623 partim
579 582 728 612 mercibus
739 579 959 620 suppeditandis
969 589 1038 609 cum
1051 589 1130 619 quae-

174 624 221 655 stu
233 645 241 658 ,
264 625 506 665 compendioque
515 625 656 654 dimittit:
673 624 780 663 partim
791 624 916 654 retinet,
938 629 971 650 ut
980 630 1058 651 arare
1067 640 1075 653 ‚
1100 629 1132 650 ut

171 667 288 707 pascere
298 686 306 700 ‚
327 675 360 696 ut
369 667 513 707 negotiari
524 666 614 696 hbeat
622 684 631 699 ,
652 674 686 694 ut
695 664 825 703 denique
835 662 916 693 sedes
926 681 934 694 ‚
957 671 989 692 ac
999 662 1131 692 domici-

172 708 250 737 lium
267 708 425 737 collocare.
452 707 533 748 quod
542 705 744 737 commodum
765 707 776 731 3
788 714 852 733 non
863 703 1014 733 mediocre
1025 703 1130 743 populi

172 750 308 779 Romani
319 748 375 779 est:
397 758 513 779 tantum
522 750 638 779 civium
647 750 861 777 Romanorum
871 754 1036 774 numerum
1047 765 1055 778 ,
1069 753 1130 773 ram

170 797 250 831 prope
259 789 294 818 ab
303 790 379 819 domo
389 811 397 824 ,
408 799 469 820 tam
478 791 565 820 bonis
575 809 584 824 ‚
605 786 822 828 fruStuofisque
834 787 920 816 rebus
931 785 1066 816 detineri.
1090 789 1128 815 Et

171 833 316 871 quoniam
326 830 403 873 quafi
414 831 549 872 quaedam
559 830 666 871 praedia
677 830 782 869 populi
792 831 875 858 Rom
883 849 889 856 .
901 828 969 857 sunt
978 848 986 861 ‚
998 826 1127 868 vestiga—

171 873 211 902 }ia
222 872 319 903 nostra
329 894 337 906 ,
349 882 435 913 atque
444 875 606 912 provinciae
619 883 624 900 z
643 869 902 912 quemadmodum
911 870 1069 910 propinquos
1080 879 1128 897 vos

171 913 370 956 vestrupraea'iu
378 912 504 942 maxime}
512 912 688 943 delestammi
698 923 709 940 .·
720 911 757 941 fic
767 911 880 951 populo
890 914 986 941 Rom.
994 910 1127 949 jucunda

170 956 372 985 suburbanitas
391 955 435 985 est
452 956 573 995 hujusce
592 956 766 995 provinciae.
786 955 855 994 Jam
870 950 943 983 vero
961 952 1125 981 hominum

169 997 302 1036 ipsorum
313 1016 321 1030 ,
330 996 444 1036 judices
454 1017 462 1029 ‚
476 1007 508 1026 ea
517 998 656 1035 patientia
666 1015 674 1029 ‚
687 998 780 1025 virtus
789 1015 797 1028 ‚
814 994 1020 1035 frugalitasque
1030 992 1084 1026 est,
1096 1003 1128 1022 ut

168 1037 307 1078 proxime
320 1038 354 1067 ad
366 1037 496 1068 nostram
505 1038 682 1079 disciplinam
692 1037 771 1065 illam
781 1043 909 1068 veterem,
921 1045 983 1064 non
994 1034 1027 1064 ad
1039 1036 1125 1067 hanc,

169 1088 234 1118 quae
245 1089 325 1108 nunc
334 1079 483 1110 increbuit
493 1100 501 1112 ,
523 1079 681 1109 videantur
697 1077 842 1108 accedere.
870 1077 947 1106 nihil
957 1085 1125 1106 ceterorum

125 1127 132 1130 ⁴
170 1119 267 1150 simile
279 1121 549 1154 Graecorurnmulla
558 1120 678 1152 desidia,
689 1119 773 1149 nulla
783 1119 902 1149 luxuria
914 1128 919 1146 :
931 1118 1033 1147 contra
1044 1118 1126 1147 sum-

170 1171 239 1191 mus
249 1161 331 1191 labor
341 1164 373 1191 in
382 1162 522 1201 publicis,
534 1162 685 1202 privatisq,
697 1161 793 1193 rebus,
807 1161 925 1190 summa
934 1157 1122 1199 parsimonia,

169 1203 287 1233 summa
296 1203 458 1244 diligentia.
481 1206 528 1234 Sic
545 1202 634 1244 porro
651 1201 768 1232 nostros
779 1203 919 1231 homines
931 1201 1078 1241 diligunt,
1093 1210 1126 1231 ut
1146 1217 1147 1223 =

167 1244 214 1273 his
225 1245 294 1274 solis
306 1255 390 1285 neque
397 1243 661 1286 publicanmflzeque
669 1244 822 1284 negotiator
832 1243 889 1271 odio
896 1242 946 1283 fit.
970 1241 1124 1282 Magistra-

166 1293 254 1315 tuum
265 1294 365 1316 autem
375 1285 545 1316 nostrorum
556 1287 679 1325 injurias
688 1295 727 1314 ita
737 1285 905 1314 multorum
921 1284 1070 1316 tulerunt,
1092 1292 1124 1313 ut

167 1337 334 1368 numquam
345 1337 411 1357 ante
421 1329 479 1357 hoc
489 1337 607 1367 ternpus
618 1326 654 1356 ad
663 1336 741 1356 aram
752 1327 852 1367 legum
863 1345 871 1358 ,
893 1323 1121 1365 praesidiumque

166 1367 298 1398 vestrum
311 1367 422 1410 publico
441 1368 547 1409 consilio
564 1367 766 1407 confugerint.
795 1365 908 1397 tametsi
920 1367 1051 1396 &illurn
1068 1376 1122 1395 an-
1145 1393 1146 1398 ,

166 1419 242 1440 num
252 1410 440 1450 pertulerant,
454 1412 506 1450 qui
516 1409 553 1440 fic
565 1420 615 1439 eos
626 1408 780 1442 afflixerat,
791 1416 824 1438 ut
833 1408 904 1438 salvi
915 1406 971 1437 effe
982 1417 1045 1437 non
1055 1407 1123 1447 pos-

167 1450 232 1481 sent
243 1470 252 1483 ,
272 1449 327 1480 nisi
336 1453 369 1480 C.
382 1452 540 1481 Marcellus
550 1449 629 1492 quafi
638 1451 734 1491 aliquo
744 1450 810 1489 fato
821 1447 945 1480 venisset
955 1469 964 1481 ,
986 1458 1018 1479 ut
1029 1449 1073 1478 bis
1085 1458 1122 1478 cx

167 1490 272 1522 ezidem
291 1491 406 1522 familia
422 1493 499 1522 salus
508 1495 616 1523 Siciiiae
631 1490 880 1525 constitueretur,
897 1494 914 1517 4
924 1491 956 1520 &
965 1489 1064 1529 postea
1074 1493 1118 1520 M.

167 1534 295 1563 Antonii
304 1532 460 1563 infinitum
471 1534 547 1564 illud
557 1536 721 1574 imperium
731 1533 888 1563 senserant.
914 1534 961 1562 Sic
972 1534 987 1561 a
997 1533 1121 1571 majori-

167 1574 224 1605 bus
242 1575 301 1604 suis
319 1583 490 1615 acceperant
499 1595 508 1609 ‚
531 1584 607 1606 tanta
623 1576 727 1615 populi
738 1576 873 1604 Romani
892 1576 923 1603 in
931 1574 1046 1603 Siculos
1061 1572 1120 1603 effe

167 1614 311 1646 beneficia
319 1636 328 1650 ,
349 1625 383 1646 ut
401 1617 488 1646 etiam
507 1618 625 1656 injurias
642 1615 790 1652 nostrorum
801 1617 943 1644 hominum
950 1615 1121 1657 perferendas

163 1658 306 1699 Putat-ent.
321 1661 359 1688 In
368 1660 526 1688 neminem
535 1661 668 1689 civitates
677 1667 743 1687 ante
753 1659 834 1687 hunc
845 1657 1054 1687 testimonium
1065 1667 1120 1696 pu-

166 1698 243 1729 blice
254 1698 404 1730 dixerunt.
424 1702 514 1730 Hunc
523 1700 593 1730 deni
617 1710 654 1729 ue
664 1700 761 1740 ipsum
772 1697 957 1739 pertuliffent
967 1718 975 1732 ,
989 1696 1009 1727 si
1018 1699 1120 1727 huma-

166 1749 201 1769 m
218 1740 295 1769 modo
305 1760 314 1774 ,
333 1739 354 1770 fi
363 1740 466 1771 ufitato
476 1752 562 1772 more
570 1762 579 1776 ‚
610 1752 619 1770 1
629 1741 757 1781 denique
767 1750 830 1770 uno
840 1740 942 1781 aliquo
956 1742 996 1769 in
1013 1750 1120 1781 genere

164 1780 321 1822 peccasset:
344 1782 393 1813 sed
403 1782 474 1813 cum
484 1783 612 1823 perferre
621 1793 685 1813 non
697 1781 816 1822 pofl'ent
825 1782 976 1812 luxuriem
987 1801 995 1815 ,
1015 1781 1120 1812 crude-

165 1823 279 1853 litatem
291 1844 299 1857 ,
311 1826 463 1854 avaritiam
473 1845 482 1859 ,
494 1825 661 1865 superbiam
674 1835 679 1853 2
690 1823 760 1854 cum
772 1825 877 1854 omnia
886 1824 934 1853 sua
944 1823 1116 1856 commoda,

162 1864 227 1904 jura
239 1883 248 1897 ,
267 1864 413 1896 beneficia
422 1866 536 1896 senatus
548 1887 557 1899 ‚
574 1867 738 1906 populique
747 1868 842 1895 Rom.
862 1865 1048 1904 uniusfielere
1058 1884 1066 1898 ,
1086 1875 1120 1893 ac

165 1904 281 1934 libidine
289 1905 482 1945 perdidissent
493 1918 498 1936 z
516 1909 575 1938 hoc
585 1907 747 1937 statuerunt
757 1927 766 1941 ‚
786 1915 835 1937 aut
844 1906 927 1936 istius
940 1907 980 1946 inj
985 1908 1059 1936 urias
1068 1915 1120 1945 per

164 1955 221 1976 vos
232 1947 349 1980 ulcisci,
371 1947 404 1977 &
414 1949 565 1989 persequi:
584 1957 633 1978 aut
643 1968 651 1982 ,
671 1947 692 1977 fi
708 1948 795 1978 vobis
814 1947 932 1987 indigni
942 1946 1034 1977 ess’ent
1044 1945 1097 1977 visi
1105 1967 1113 1980 ‚

165 1987 275 2028 quibus
286 1998 374 2028 opem
386 2008 394 2022 ‚
407 1990 613 2030 auxiliumque
622 1988 736 2019 ferretis
746 2009 754 2022 ,
767 1993 781 2016 5
791 1989 889 2018 urbeis
899 2008 908 2021 ‚
920 1998 952 2018 ac
962 1988 1043 2018 sedes
1054 1989 1117 2018 suas

164 2029 591 2071 relinquere‚quandoquidem
602 2039 685 2071 agros
693 2030 754 2070 jam
766 2039 832 2060 ante
842 2029 925 2059 istius
934 2030 1054 2068 injuriis
1066 2039 1119 2059 ex—

123 2081 149 2113 4
165 2072 262 2111 agitati
280 2070 472 2112 reliquissent.
496 2075 567 2102 Hoc
584 2070 710 2102 consilio
729 2071 745 2101 a
763 2073 798 2101 L.
812 2071 937 2100 Metello
956 2072 1118 2111 legationes

166 2112 309 2142 universa:
316 2115 504 2152 petiverunt,
517 2112 783 2154 utquamprimum
794 2112 842 2142 isti
852 2111 1027 2142 succederet.
1049 2115 1118 2142 Hoc

163 2154 270 2183 animo
287 2155 374 2184 toties
383 2154 460 2193 apud
469 2164 610 2194 patronos
629 2154 665 2184 de
683 2154 742 2184 suis
759 2154 888 2183 miseriis
907 2153 1113 2193 deplorarunt:

164 2194 222 2224 hoc
235 2197 384 2225 commoti
401 2195 506 2225 dolore
517 2216 525 2228 ,
547 2195 689 2236 postulata
698 2195 871 2225 consulibus
883 2214 891 2227 ,
913 2205 977 2235 quae
988 2205 1051 2224 non
1061 2205 1115 2234 po—

165 2234 286 2270 stulata,
306 2236 355 2267 sed
372 2238 404 2267 in
422 2236 512 2267 istum
523 2239 651 2267 crimina
660 2237 832 2266 viderentur
849 2235 906 2265 ess'e
917 2257 925 2269 ‚
946 2236 1111 2266 ediderunt.

164 2278 309 2308 Fecerunt
318 2280 407 2308 etiam
416 2298 425 2312 ,
438 2288 469 2309 ut
480 2289 530 2309 me
538 2299 547 2313 ‚
558 2279 642 2317 cujus
652 2276 744 2308 fidem
756 2298 763 2312 ,
777 2279 1053 2318 continentiamque
1062 2288 1113 2307 co-

163 2327 327 2359 gnoverant
335 2339 343 2353 ,
363 2320 455 2360 prope
466 2320 502 2350 de
512 2326 581 2350 vitae
593 2330 667 2350 meae
677 2319 749 2350 statu
761 2340 770 2353 ,
790 2319 895 2349 dolore
905 2340 914 2352 ‚
933 2329 964 2349 ac
975 2320 1113 2359 lacrymis

165 2359 223 2389 suis
232 2359 427 2395 deducerent,
449 2370 482 2392 ut
490 2372 545 2403 ego
555 2361 645 2392 istum
655 2362 836 2392 acccusarem
848 2371 853 2390 :
873 2360 889 2391 a
898 2371 958 2401 quo
968 2371 1034 2391 mea
1043 2361 1113 2391 lon-

162 2399 277 2441 giffime
287 2404 361 2432 ratio
372 2423 380 2436 ‚
392 2403 589 2444 voluntasque
598 2403 779 2433 abhorrebat.
803 2405 993 2443 Qamquam
1009 2404 1042 2432 in
1059 2403 1113 2432 hac

161 2443 245 2473 causa
253 2444 352 2474 multo
361 2444 470 2484 plureis
481 2447 586 2484 parteis
596 2445 673 2474 mihi
681 2444 833 2484 defhnsi'onu
841 2463 849 2478 ,
859 2444 949 2484 quam
957 2445 1113 2483 accufhtio-

161 2484 200 2512 nis
208 2503 217 2518 ,
228 2484 380 2525 suscepisse
388 2485 500 2516 videor.
523 2485 678 2516 Postremo
688 2487 829 2516 homines
839 2495 878 2515 ex
889 2494 949 2516 tota
958 2487 1112 2526 provincia

162 2524 353 2560 nobilissimi,
375 2528 526 2569 primique
541 2547 550 2561 ,
572 2527 692 2568 publice
705 2548 713 2561 ‚
735 2529 936 2568 privatimque
953 2536 1109 2558 venerunt-

158 2563 176 2587 ⁶
181 2565 346 2607 graviffima
355 2587 364 2603 ‚
383 2577 469 2610 atque
486 2567 690 2600 honestiffima
699 2579 822 2610 quaeque
830 2570 934 2599 civitas
944 2569 1110 2599 vehemen—

1157 313 1159 326 i

2045 153 2140 204 247

1182 209 1291 241 tissime
1302 212 1364 242 suas
1375 213 1418 250 ini
1423 213 1498 242 urias
1506 211 1654 252 persecuta
1664 209 1715 243 est.
1746 213 1787 244 At
1796 213 2053 253 quemadmodum
2066 236 2074 249 ,
2090 217 2140 254 ju-

1182 251 1262 281 dices
1272 271 1280 286 ,
1301 263 1449 284 venerunt
1462 258 1472 283 ἓ
1493 253 1598 285 videor
1606 255 1690 284 enim
1702 255 1779 284 mihi
1790 254 1915 285 liberius
1927 256 2003 295 apud
2013 266 2067 287 vos
2074 257 2137 295 jam

1181 301 1234 331 pro
1245 294 1351 323 Siculis
1362 295 1444 335 loqui
1455 294 1561 325 debere
1573 315 1581 328 ‚
1602 296 1692 335 quam
1713 294 1832 326 forsitan
1850 295 1902 336 ipsi
1920 298 2026 327 velint.
2046 298 2141 336 fiu'uti

1180 335 1263 362 enirn
1283 344 1387 365 eorum
1398 335 1499 375 potius
1509 337 1663 367 consulam
1675 356 1683 370 ‚
1704 337 1793 377 quarn
1813 338 1968 367 voluntati.
2001 341 2136 379 Ecquem

1179 373 1370 405 existimastis
1388 387 1531 417 umquam
1550 378 1610 407 ulla
1621 380 1653 407 in
1663 380 1816 417 provincia
1825 389 1902 408 reum
1911 379 2049 418 absentem
2062 390 2136 410 con-

1180 423 1221 443 tra
1230 416 1457 455 inquisitionem
1469 419 1642 448 accusatoris
1655 439 1663 452 ‚
1684 421 1772 449 tantis
1782 420 1890 460 opibus
1900 441 1907 454 ‚
1930 430 2008 451 tanta
2020 422 2136 461 cupidi-

1178 463 1235 501 tate
1254 455 1310 486 ess'e
1327 457 1505 501 defensum?
1529 459 1694 500 Qaestores
1705 462 1856 502 utriusque
1875 464 2037 501 provincia:
2048 483 2056 496 ,
2080 465 2131 504 qui

1179 495 1236 526 isto
1245 506 1370 536 praetore
1380 502 1506 532 ruerant,
1520 511 1589 530 cnm
1599 500 1728 531 fascibus
1738 504 1814 531 mihi
1825 503 1931 542 praestb
1941 504 2071 534 fuerunt.
2090 506 2133 534 Hi

1178 537 1268 577 porro
1279 558 1287 572 ‚
1298 541 1349 579 qui
1360 539 1552 570 succefihunt
1564 562 1572 574 ,
1589 544 1753 571 veliementer
1763 542 1839 578 istim
1851 545 1945 585 cupidi
1954 565 1962 578 ‚
1975 545 2135 576 liberaliter

1179 589 1217 608 ex
1228 578 1312 609 istius
1321 580 1440 610 cibariis
1455 581 1566 611 traetati
1577 602 1584 615 ,
1597 593 1659 612 non
1672 603 1679 616 ,
1692 584 1794 614 minus
1806 595 1884 614 acres
1894 596 1995 616 contra
2006 597 2055 617 me
2064 586 2132 617 fue-

1176 629 1252 650 runt.
1277 621 1384 651 Videte
1396 641 1404 654 ,
1416 622 1487 661 quid
1499 626 1645 661 potuerit,
1663 629 1675 651 7
1685 635 1737 664 qui
1747 635 1886 665 quattuor
1896 629 1928 657 in
1940 638 1997 657 una
2006 630 2131 667 provin-

1152 665 1154 675 ¹
1176 663 1220 691 cia
1230 661 1388 702 quaestores
1399 683 1406 696 ,
1420 662 1642 693 studiosissimos
1653 665 1831 700 demusin-es,
1843 671 2133 710 propugnatoresque

1174 703 1326 733 habuerit:
1348 713 1505 743 praetorem
1517 704 1588 734 vero
1600 725 1607 738 ,
1627 707 1840 748 cohortemque
1862 718 1951 740 totam
1968 709 2003 740 sic
2018 710 2133 741 studio-

1176 744 1236 774 sam
1247 764 1255 778 ,
1269 754 1301 774 ut
1308 744 1395 775 facile
1407 755 1554 784 appareret
1565 765 1572 779 ,
1586 756 1649 776 non
1661 756 1719 776 tam
1732 750 1790 778 illis
1801 751 1932 780 Sirmium
1943 772 1950 784 ‚
1966 762 2055 792 quam
2066 754 2131 782 ina-

1175 795 1245 815 nem
1257 784 1459 820 offenderant,
1472 786 1560 827 quam
1573 790 1680 816 Verrem
1692 790 1783 829 tsificm
1794 810 1802 823 ‚
1823 794 1874 830 qui
1885 793 1989 830 plenus
2002 792 2130 824 decesse-

1173 837 1215 857 rat
1225 848 1233 861 ,
1252 829 1525 869 provinciamsmffi.
1550 831 1660 859 Minari
1671 832 1777 860 Siculis
1788 851 1794 863 2
1816 831 1835 860 si
1846 832 2041 864 decrevissent
2052 836 2130 876 lega-

1174 871 1282 903 tiones,
1295 880 1359 910 quae
1371 880 1471 899 contra
1483 870 1573 900 istum
1585 870 1716 900 dicerent
1728 882 1732 900 :
1745 872 1886 906 minari,s1
1899 877 1949 914 qui
1961 874 2131 916 esseiitp1·o-·

1172 910 1260 940 fecti:
1278 912 1344 940 aliis
1355 931 1362 944 ‚
1376 910 1396 940 sl
1407 911 1561 941 laudarent
1571 931 1578 945 2
1593 912 1800 953 benigniffime
1811 918 1984 953 promittere
1996 928 2000 945 z
2021 919 2131 957 gravis-

1173 951 1264 982 simos
1274 954 1454 992 privatarum
1466 964 1494 982 re
1500 963 1566 983 rum
1577 952 1659 989 testeis
1669 974 1676 987 ,
1690 955 1797 995 quibus
1808 965 1864 985 nos
1876 958 2066 996 praesentibus
2077 959 2128 988 de-

1173 996 1380 1023 nuntiavimus
1399 1014 1407 1027 ,
1430 1004 1481 1024 eos
1502 996 1532 1024 vi
1549 1015 1556 1027 ,
1576 995 1777 1036 custodiisque
1798 999 1932 1027 retinere.
1963 1001 2036 1040 Qae
2055 998 2124 1029 curn
2147 1006 2166 1034 5

1173 1037 1278 1065 onmia
1286 1035 1363 1065 hasta
1373 1034 1427 1066 sint
1439 1055 1446 1069 ,
1468 1044 1567 1066 tamen
1581 1047 1671 1066 unam
1682 1038 1775 1067 solam
1794 1038 1896 1069 scitote
1906 1038 1963 1069 ess'e
1973 1042 2124 1071 civitatem

1172 1079 1385 1106 Mamertinam
1396 1097 1405 1111 ,
1424 1087 1489 1117 quae
1499 1078 1617 1117 publice
1629 1079 1755 1118 legatos,
1775 1082 1827 1120 qui
1847 1080 1938 1111 istum
1955 1081 2123 1115 laudarent,

1172 1119 1295 1148 miserit.
1321 1114 1334 1137 8
1345 1120 1417 1157 Ejus
1427 1128 1526 1148 autern
1538 1119 1693 1159 legationis
1704 1122 1883 1160 principem,
1900 1124 2027 1152 civitatis
2037 1123 2128 1152 nobi-

1172 1158 1316 1190 liffirnum
1326 1179 1334 1193 ,
1356 1162 1387 1189 C.
1400 1162 1514 1199 Hejum
1526 1180 1534 1194 ‚
1545 1162 1677 1199 juratum
1689 1162 1784 1192 dicere
1795 1162 1931 1193 audistis:
1956 1163 2004 1193 isti
2015 1174 2124 1194 navem

1170 1203 1335 1231 onerariam
1345 1203 1512 1231 maximam
1521 1222 1529 1235 ,
1549 1201 1688 1232 Mefi1znae
1704 1201 1760 1232 effe
1773 1224 1781 1236 ‚
1803 1204 1922 1243 publice
1934 1205 2042 1235 coaffis
2054 1215 2127 1245 ope-

1168 1246 1208 1272 ris
1219 1263 1227 1276 ‚
1248 1241 1434 1273 aedificatam.
1465 1243 1607 1283 idemque
1620 1246 1873 1275 Mamertinorum
1889 1246 1999 1286 legatus
2010 1266 2018 1280 ‚
2040 1247 2126 1277 istius

1168 1285 1299 1314 laudator
1309 1304 1317 1318 ‚
1337 1295 1401 1314 non
1412 1285 1510 1314 solum
1522 1284 1611 1314 istum
1624 1286 1700 1315 bona
1710 1287 1759 1315 sua
1772 1306 1780 1319 ,
1801 1286 1907 1316 verum
1919 1290 2008 1317 etiam
2027 1289 2100 1318 sacra
2113 1309 2123 1322 ‚

1169 1326 1296 1366 deosque
1306 1327 1436 1365 penateis
1446 1326 1461 1356 a
1473 1326 1638 1365 majoribus
1649 1327 1778 1360 traditos,
1790 1338 1823 1356 ox
1833 1327 1992 1368 aedibmfim
2003 1329 2127 1369 eripuiJJb

1168 1367 1254 1397 dixit.
1279 1368 1417 1397 Praeclara
1435 1367 1561 1397 laudatio
1571 1387 1578 1400 ‚
1599 1368 1672 1398 cum
1690 1368 1801 1398 duabus
1817 1371 1848 1399 in
1860 1370 1947 1399 rebus
1958 1371 2124 1411 legatorum

1168 1419 1227 1438 una
1237 1418 1324 1448 opera
1334 1409 1522 1438 consumitur
1530 1428 1538 1442 ,
1552 1411 1583 1438 in
1593 1409 1741 1439 laudando
1752 1430 1760 1443 ,
1772 1420 1858 1450 atque
1868 1412 2041 1450 repetendo.
2067 1415 2124 1442 At-

1167 1460 1224 1491 que
1235 1460 1267 1480 ea
1277 1450 1337 1489 ipsa
1347 1451 1450 1480 civitas
1460 1460 1517 1490 qua
1526 1452 1639 1480 ratione
1650 1451 1697 1480 illi
1708 1453 1800 1482 amica
1811 1450 1855 1485 iit,
1867 1452 1981 1482 dicetur
1988 1461 2068 1483 certo
2078 1454 2125 1483 lo-

1165 1502 1212 1522 co.
1234 1493 1384 1531 reperietis
1399 1493 1481 1521 enim
1494 1504 1502 1525 ;
1523 1502 1587 1531 quae
1597 1493 1688 1522 causa:
1701 1492 1914 1523 benivolentiae
1924 1492 1980 1523 sint
1989 1496 2124 1525 Mamer-

1167 1534 1238 1563 tinis
1247 1542 1313 1574 erga
1323 1532 1414 1563 istum
1425 1553 1433 1566 ‚
1445 1543 1491 1562 eas
1502 1533 1574 1572 ipsas
1585 1534 1681 1563 causas
1691 1554 1698 1567 ,
1712 1534 1777 1564 satis
1786 1534 1878 1574 justas
1887 1533 1944 1564 esse
1954 1534 2123 1566 damnatio-

1167 1577 1223 1604 nis.
1247 1576 1314 1604 Alia
1324 1576 1426 1604 civitas
1436 1575 1529 1607 nulla,
1538 1574 1662 1614 judices,
1673 1575 1796 1614 publico
1806 1575 1932 1606 consilio
1942 1576 2048 1607 laudat.
2067 1579 2123 1607 Vis

1165 1617 1216 1646 illa
1226 1617 1340 1646 summi
1350 1617 1471 1655 imperii
1482 1614 1596 1646 tantum
1609 1618 1706 1655 potuit
1714 1617 1790 1656 apud
1799 1627 1960 1657 perpaucos
1968 1619 2121 1653 homines,

1166 1668 1231 1688 non
1248 1659 1380 1688 civitates
1392 1678 1400 1690 ‚
1422 1666 1454 1687 ut
1463 1666 1511 1687 aut
1521 1656 1658 1687 leviffimi
1669 1659 1791 1698 quidam
1803 1669 1840 1688 ex
1851 1660 2028 1689 miserrimis
2041 1680 2050 1693 ,
2068 1660 2122 1690 de-

1166 1698 1383 1739 sertiffimisque
1392 1699 1510 1739 oppidis
1521 1701 1729 1729 invenirentur
1739 1720 1746 1733 ‚
1765 1702 1816 1740 qui
1826 1699 1938 1740 injussu
1948 1701 2071 1741 populi,
2089 1711 2123 1731 ac

1166 1743 1281 1772 senatus
1299 1739 1572 1780 proficiscerentur:
1590 1749 1638 1770 aut
1655 1742 1694 1774 ii,
1714 1745 1730 1768 9
1741 1743 1793 1781 qui
1808 1751 1912 1772 contra
1927 1742 2019 1772 istum
2035 1743 2122 1783 legati

1164 1783 1275 1813 decreti
1284 1790 1366 1812 erant
1376 1802 1384 1816 ‚
1398 1782 1430 1812 &
1441 1781 1651 1812 testimonium
1661 1783 1817 1822 publicum
1829 1803 1837 1816 ,
1852 1793 1884 1813 ac
1894 1783 2032 1814 mandata
2040 1794 2123 1814 acce—

1167 1832 1318 1864 ceperant‚
1339 1824 1389 1857 vi,
1401 1834 1434 1852 ac
1442 1831 1519 1852 metu
1528 1826 1733 1853 retinerentur.
1757 1824 1847 1864 Qod
1858 1834 1912 1865 ego
1922 1827 1955 1854 in
1965 1827 2066 1865 paucis
2078 1831 2122 1856 ta-

1167 1876 1239 1896 men
1250 1866 1304 1895 usu
1313 1864 1425 1895 venisse
1435 1874 1499 1894 non
1509 1864 1635 1894 moleste
1645 1864 1710 1894 fero
1720 1885 1728 1898 ,
1739 1875 1800 1905 quo
1810 1866 1930 1906 reliquae
1940 1875 1985 1896 tot
1993 1886 2001 1900 ,
2014 1867 2047 1896 &
2056 1876 2122 1896 tan-

1166 1917 1202 1937 tae
1213 1927 1221 1941 ‚
1234 1907 1267 1937 &
1275 1915 1336 1936 tarn
1346 1915 1446 1947 graves
1457 1908 1590 1936 civitates
1601 1926 1609 1938 ‚
1623 1914 1682 1936 tota
1691 1906 1820 1946 denique
1829 1907 1928 1937 Sicilia
1936 1908 2003 1947 plus
2014 1907 2119 1938 au&o-

1164 1950 1258 1978 ritatis
1276 1948 1352 1987 apud
1370 1957 1424 1977 vos
1441 1947 1576 1981 haberet,
1598 1945 1669 1976 curn
1681 1946 1819 1977 videretis
1830 1948 1913 1978 nulla
1923 1951 1953 1978 vi
1972 1950 2116 1982 retineri,

1164 1990 1251 2019 nullo
1260 1989 1393 2028 periculo
1412 1991 1442 2008 ¹0
1449 1988 1598 2028 prohiberi
1608 1987 1748 2027 potuiss'e,
1761 1998 1824 2028 quo
1833 1988 1937 2018 minus
1948 1991 2120 2029 experiren-

1164 2039 1211 2061 tur
1221 2051 1229 2063 ,
1247 2029 1353 2070 ecquid
1362 2030 1440 2069 apud
1449 2039 1503 2059 vos
1513 2030 1687 2069 querimonia
1696 2030 1820 2058 valerent
1831 2029 2116 2070 antiquissimorum,

1165 2070 1462 2111 fidelissimorumque
1472 2071 1631 2100 sociorum.
1660 2073 1739 2100 Nam
1748 2091 1756 2103 ‚
1771 2070 1853 2112 quod
1863 2070 1981 2102 fortasse
1990 2081 2055 2101 non
2064 2082 2118 2102 ne-

1164 2123 1216 2143 mo
1226 2111 1358 2143 vestrfim
1367 2113 1492 2142 audierit
1502 2132 1511 2145 ,
1530 2111 1620 2142 istum
1632 2112 1646 2141 a
1657 2113 1841 2151 Syracusanis
1852 2113 1972 2152 publice
1983 2113 2112 2143 laudari:

1163 2155 1192 2184 id
1205 2153 1316 2184 tametsi
1327 2156 1425 2193 priore
1433 2152 1551 2183 afflone
1561 2163 1599 2183 ex
1610 2154 1738 2183 Heraclii
1747 2155 1916 2194 Syracusani
1926 2153 2115 2188 testimonio,

1163 2195 1332 2235 cujusmodi
1343 2193 1413 2224 esset
1422 2215 1429 2228 ,
1441 2194 1641 2235 cognovistis:
1660 2204 1760 2225 tamen
1771 2196 1858 2225 vobis
1868 2196 1928 2226 alio
1938 2196 2007 2226 loco
2017 2217 2025 2229 ,
2046 2206 2078 2226 ur
2089 2197 2118 2226 se

1163 2247 1222 2267 tota
1231 2247 1274 2267 res
1285 2237 1398 2270 habeat,
1408 2237 1490 2277 quod
1500 2236 1533 2266 ad
1545 2246 1609 2266 earn
1618 2238 1770 2267 civitatem
1779 2237 2117 2271 attinet,demonstrabi-

1163 2288 1217 2309 tur.
1241 2279 1417 2319 Intelligetis
1428 2280 1510 2307 enim
1521 2298 1528 2311 ‚
1549 2278 1642 2308 nullis
1651 2278 1829 2308 hominibus
1839 2288 2022 2320 quemquam
2034 2288 2114 2309 tanto

1162 2320 1234 2350 odio
1244 2340 1252 2353 ,
1265 2329 1376 2360 quanto
1388 2319 1476 2349 istum
1488 2320 1682 2359 Syracusanis,
1695 2320 1728 2350 ὅτ,
1737 2318 1804 2353 effe,
1816 2319 1952 2350 &fuisse
1972 2324 2012 2350 At
2027 2323 2111 2351 enim
2132 2319 2156 2352 6

1162 2361 1254 2392 istum
1267 2362 1320 2392 soli
1330 2362 1422 2391 Siculi
1430 2362 1643 2401 persequuntur
1654 2371 1658 2389 :
1669 2362 1748 2391 cives
1758 2363 1901 2395 Romani,
1911 2364 2005 2402 quiin
2014 2363 2116 2392 Sicilia

1160 2406 1358 2444 negotiantur,
1370 2402 1546 2436 defendunt,
1558 2402 1692 2442 dirigunt,
1704 2403 1817 2433 salvum
1828 2401 1884 2432 esse
1895 2405 2029 2443 cupiunt.
2051 2406 2116 2434 Pri-

1160 2444 1249 2474 mum
1260 2465 1267 2478 ,
1288 2443 1307 2473 si
1318 2447 1357 2474 ita
1367 2442 1437 2474 esset
1448 2465 1455 2476 ‚
1477 2454 1577 2474 tamen
1587 2454 1641 2474 vos
1655 2446 1687 2473 in
1698 2445 1749 2474 hac
1759 2443 1923 2484 quaestione
1934 2444 1969 2474 de
1979 2446 2116 2484 pecuniis

1159 2486 1331 2526 repetundis
1342 2506 1349 2519 ,
1368 2496 1433 2526 quae
1447 2486 1594 2515 sociorum
1605 2486 1687 2515 causa
1699 2486 1858 2515 constituta
1867 2485 1909 2515 est
1920 2506 1928 2518 ,
1940 2486 2004 2526 lege
2012 2506 2021 2520 ,
2031 2486 2116 2526 judi-

1160 2530 1266 2568 cioque
1278 2528 1376 2558 sociali
1388 2547 1395 2559 ‚
1408 2528 1556 2556 sociorum
1568 2528 1770 2566 querimonias
1781 2526 1882 2556 audire
1892 2536 2049 2567 oporteret.
2066 2527 2116 2557 sed

1159 2570 1327 2610 intelligere
1334 2567 1472 2610 potuistis
1483 2570 1580 2608 priore
1591 2566 1708 2599 afflone
1721 2569 1814 2598 civeis
1823 2570 1982 2600 Romanos
1993 2578 2031 2599 ex
2040 2571 2116 2599 Sici-

1995 2611 2035 2640 lia
2044 2610 2114 2651 plu-

2059 2676 2107 2684 -α

195 2713 219 2731 ι.
237 2707 311 2733 coriis
322 2726 330 2740 ‚
341 2709 426 2734 tunicis
438 2710 635 2744 ‚frumentoque.]
650 2709 769 2744 conjicit
778 2709 939 2736 Gulielmius
950 2710 1037 2735 coritis.
1058 2709 1109 2735 mi-

157 2748 204 2766 nus
214 2740 319 2770 dextre.
340 2753 423 2780 neque
443 2746 512 2772 enim
531 2745 674 2772 admodum
694 2745 835 2772 utebantur
845 2755 876 2771 eo
886 2754 982 2781 genere
993 2745 1109 2772 telorum

156 2775 280 2807 Rotnani.
300 2779 327 2804 δε
338 2784 400 2805 coria
410 2780 468 2807 sunt
477 2790 533 2817 qnae
542 2781 732 2808 adhibebantur
742 2781 773 2807 ad
784 2781 960 2808 tabernacula.

192 2820 221 2838 2.
239 2815 340 2841 tffl‘lultis
349 2817 558 2851 locupletiorum]
569 2819 691 2844 Nunnius
703 2817 857 2851 conjiciebat
867 2819 946 2843 mulio.

193 2855 219 2883 3.
239 2852 297 2884 ¹IQm
315 2851 423 2878 mediocre
436 2855 515 2885 pupuli
523 2856 563 2878 Ro.
575 2856 625 2886 ef?‚·
646 2861 740 2879 ramum
758 2856 844 2878 civium
853 2857 1006 2879 Rornanorum
1018 2872 1026 2883 ‚
1038 2852 1105 2887 driu]

157 2883 260 2910 Metelli
271 2885 336 2912 liber
347 2895 390 2912 non
399 2889 508 2914 mediocre
518 2892 582 2921 Reip.
594 2892 630 2915 eft*
636 2901 644 2921 ‚-
655 2897 748 2915 tamum
757 2892 844 2914 civium
853 2898 982 2914 numerum.
1000 2888 1049 2915 sine
1060 2888 1108 2914 illo

157 2921 317 2946 Romanorum.
331 2923 476 2984 nmi‘placet
487 2934 492 2950 z
507 2924 654 2960 elegantius
666 2925 736 2951 enim
748 2934 799 2951 vox
810 2933 839 2950 ea
849 2924 945 2951 abesset
956 2931 1108 2957 retentopo-

153 2956 206 2987 puli
213 2958 276 2982 Ram.
288 2965 385 2992 quomo
405 2969 420 2985 ο
431 2959 577 2995 expressere
588 2961 654 2987 Pall.
666 2962 692 2986 δε
704 2959 764 2986 edd.
775 2960 860 2986 caseae.

191 2996 219 3022 4.
238 2993 329 3031 gipes?
335 2997 375 3019 M.
384 2998 482 3020 Antonii
491 2997 610 3029 infinitum
621 3016 628 3028 ,
638 2997 705 3031 (ly-a]
723 2995 868 3022 Obsecutus
880 2995 921 3022 iiic
931 2994 985 3022 snm
996 2995 1106 3022 lcffioui

157 3023 324 3058 Astomanae,
338 3029 432 3056 rationi
445 3031 656 3058 Hotomanianae.

195 3069 224 3100 ς..
230 3063 319 3122 ἴϋῖἐυὶῇ
326 3073 354 3089 ac
354 3065 422 3097 fides
423 3066 483 3099 ficas
493 3068 673 3102 relinqui-rent]
686 3069 726 3094 Ita
736 3066 796 3093 edd.
806 3067 894 3103 priscae
907 3086 914 3099 ,
926 3067 963 3094 ita
971 3067 1001 3094 Vi
1008 3066 1106 3094 storia-

157 3104 190 3122 m
200 3114 207 3125 ,
219 3104 226 3120 ι
241 3105 255 3122 a
286 3106 300 3123 a
325 3118 330 3123 .

191 3131 219 3158 ⁶.
237 3134 376 3168 Graviffima
385 3141 454 3171 atque
462 3137 608 3173 homssffma
617 3146 708 3174 quaque
717 3139 830 3175 civita]
842 3138 885 3168 Est
897 3139 912 3166 ci
922 3137 990 3167 Pali.
1002 3138 1029 3165 δε
1039 3137 1104 3166 olim
1128 3140 1132 3171 Ι,
1155 3138 1263 3166 Metelli
1273 3147 1302 3168 ac
1311 3139 1422 3168 Nautius.

1156 2709 1245 2736 editis.
1267 2719 1325 2736 nam
1338 2710 1480 2737 Lambinus
1493 2729 1500 2741 ,
1513 2719 1583 2744 mque
1593 2711 1736 2742 mnpdffma.

1193 2753 1220 2779 7.
1240 2747 1287 2777 Qi
1305 2754 1406 2779 quatuor
1423 2750 1449 2772 in
1467 2755 1516 2772 una
1532 2749 1683 2780 provincia]
1705 2747 1764 2772 Vox
1775 2755 1824 2772 una
1835 2745 1953 2774 estiims.
1972 2744 2114 2773 Nannii&

1157 2782 1273 2807 Metelli.
1294 2783 1351 2808 ariis
1363 2782 1440 2809 abest.

1194 2816 1219 2843 8.
1243 2821 1264 2842 Ε
1259 2819 1305 2851 jur
1324 2826 1401 2844 autem
1418 2818 1535 2850 legationis
1548 2819 1678 2850 principem
1698 2836 1706 2849 ,
1726 2818 1832 2843 civitatis
1850 2817 2033 2851 nobiltffimum]
2055 2818 2115 2843 Gu-

1157 2852 1273 2879 lielmius
1294 2873 1301 2884 ‚
1329 2854 1399 2889 quod
1418 2853 1556 2879 inieniil‘et
1581 2872 1589 2883 ,
1617 2853 1643 2879 in
1664 2854 1810 2880 Metellano
1828 2856 1938 2878 civitatis
1956 2855 2114 2886 ncbi'tffimmn

1158 2898 1230 2913 mem
1247 2892 1275 2915 C.
1287 2891 1383 2924 ijnm;
1402 2889 1576 2916 arbitrabatur
1586 2888 1728 2916 delendum
1740 2909 1748 2922 ,
1771 2899 1817 2916 ceu
1833 2888 2011 2916 :id-uterinum
2024 2908 2032 2921 ,
2050 2892 2112 2915 citri-

1156 2931 1224 2951 talis.

1191 2968 1219 2994 9.
1240 2961 1287 2992 ,Qs
1297 2969 1377 2987 contra
1386 2963 1452 2993 {llum
1463 2962 1532 2994 ligati
1539 2961 1623 2986 decreti
1632 2960 1726 2995 erant-J]
1740 2960 1782 2987 Est
1793 2961 1808 2988 ὁ,
1819 2960 1892 2987 libris
1904 2961 1976 2987 Petri
1988 2959 2088 2986 Nanuii
2101 2977 2111 2990 ‚

1157 2997 1220 3022 item
1232 2997 1335 3021 Metelli
1348 3006 1355 3025 ς
1377 2996 1421 3022 nisi
1440 2997 1510 3032 quod
1526 2997 1568 3022 hic
1577 2997 1646 3032 prius
1659 2996 1784 3022 habuisset
1795 3016 1803 3027 ,
1821 2998 1929 3030 legatiam
1946 2997 2109 3021 Averno-ant.

1157 3031 1225 3057 unde
1236 3039 1309 3066 putat
1320 3031 1492 3063 Gulielmius,
1504 3032 1560 3058 fieri
1571 3033 1639 3068 posse
1649 3033 1774 3066 legatijam
1784 3032 1869 3058 decreti
1878 3039 1957 3057 erant.
1977 3039 2052 3058 antea
2063 3040 2109 3057 cu-

1158 3068 1173 3094 fi
1185 3087 1192 3098 .,
1203 3070 1286 3100 legatos
1297 3068 1343 3092 dcci
1351 3076 1458 3094 mirram.

1195 3112 1235 3128 ιο.
1255 3105 1376 3128 Prohiberi
1382 3103 1614 3141 potuisti-,JJVulgati
1620 3104 1688 3141 [affl.
1701 3103 1743 3133 sed
1753 3104 1866 3138 alterum
1877 3103 1912 3132 est
1923 3104 1937 3131 ὁ.
1948 3101 2108 3130 membranis

2008 3181 2029 3201 Χ-
2042 3172 2107 3199 saluit·
