2297 3389
667 113 1053 160 Aca-101.1N

101 191 316 236 ampliffimum
326 189 411 233 fugit,
422 189 473 232 qul
485 209 493 225 ,
508 191 562 221 Cn.
574 188 721 230 Pompeio
732 207 741 222 2
752 189 818 220 viro
828 187 987 219 fortiffimo
999 187 1009 222 ‚⁷
1023 189 1056 220 δε

98 235 258 270 clariffimo
267 254 276 268 ‚
287 234 322 265 de
332 233 486 264 tribunitia
493 230 634 271 potestate
643 229 787 261 referente
798 250 805 264 ‚
825 229 897 261 cnm
910 229 980 260 ess'et
989 231 1055 272 sen-

100 279 226 309 tentiam
237 275 423 317 rogatus,hoe
432 274 522 304 initio
532 272 574 302 est
583 273 701 304 summa
708 281 780 302 cum
790 271 963 302 au&oritate
974 272 1052 301 usus:

98 321 228 351 Par-Res
247 325 466 347 consenum-os
483 324 624 353 JumcrA
644 322 740 343 MALE
751 333 758 347 ‚
790 323 829 342 Ετ
849 321 1055 343 maron-msa

98 369 215 391 Tuam.
238 356 318 399 quod
337 356 358 387 si
371 359 403 387 in
414 356 500 386 rebus
511 355 677 394 judicandis
687 354 792 395 populi
803 356 938 385 Romani
949 352 1052 384 existi-

95 401 225 431 mationi
248 397 410 429 satisfacere
435 397 599 428 voluissent
609 417 617 431 ‚
647 407 711 427 non
739 405 890 436 tantopere
907 397 1051 425 homines

92 440 181 474 fuiffe
198 440 387 472 tribunitiam
404 439 581 480 potestatem
597 437 819 469 desideraturos.
843 438 909 477 Ipse
920 437 1050 477 denique

95 486 150 514 Cn.
162 483 340 523 Pompeius,
361 481 431 512 cum
448 480 586 522 primum
603 482 786 511 concionem
805 479 840 509 ad
855 479 960 509 urbem
980 481 1050 508 Cos.

93 523 259 566 designatus
269 524 387 554 habuit:
405 524 456 554 ubi
466 523 509 561 (id
519 523 600 564 quod
614 521 749 552 maxime
759 520 921 561 exspeeiari
929 520 1052 550 videba-

93 568 152 606 tur)
171 565 301 596 ostendit
311 587 318 599 ,
340 566 366 596 se
377 566 566 595 tribunitiam
576 564 752 604 potestatem
763 562 968 593 restituturum
982 573 986 591 :
1008 561 1051 592 fa-

95 608 160 638 stus
173 607 257 638 estin
267 617 303 637 eo
314 606 450 647 strepitus
461 627 469 640 ‚
491 607 523 639 &
541 615 619 648 grata
631 607 790 636 concionis
799 604 1049 634 admurmuratio·

93 649 179 680 Idem
188 651 220 680 in
230 648 334 679 eadem
343 651 490 679 concione
502 648 573 678 cum
584 646 704 678 dixifl'et
714 667 722 680 ‚
735 649 930 677 Portum-As
942 666 949 678 ,
961 655 1051 676 vexa-

94 688 191 732 tasque
207 689 266 721 effe
283 692 470 730 provincias:
489 690 602 730 judicia
617 698 718 719 autem
729 690 841 728 turpia,
864 688 896 718 Sc
907 686 1051 727 flagitiosa

94 732 173 763 fieri:
193 735 221 764 ei
230 735 272 762 rei
282 733 308 762 se
320 732 475 772 providere
485 753 493 766 ‚
509 742 542 762 ac
550 731 703 761 consulere
712 730 805 759 velle:
824 739 889 760 tum
900 728 973 758 vero
987 738 1051 759 non

94 774 225 814 strepitu,
238 774 286 804 sed
296 775 420 804 maximo
431 774 548 803 clamore
558 773 639 802 suam
649 772 778 812 populus
789 774 950 802 Romanus
960 769 1049 811 figni-

38 815 78 853 16
95 815 193 847 ficavit
201 816 398 846 voluntatem.
427 818 518 845 Nunc
528 823 628 844 autem
641 815 783 844 homines
792 815 824 843 in
834 813 962 853 speculis
972 814 1049 842 sunt:

80 891 84 896 ,
94 857 253 890 observant
264 869 269 887 :
281 856 540 899 quemadmodum
551 856 609 885 sese
617 866 677 886 unu
683 856 819 896 squisquc
828 852 963 885 vestrum
972 863 1052 895 gerat

92 901 125 930 in
145 900 298 931 retinenda
318 900 463 941 religione
474 919 482 932 ,
501 898 770 938 conservandisque
788 897 913 938 legibus.
943 896 1050 926 vident

92 942 188 972 adhuc
205 941 270 982 post
289 942 384 982 legem
403 940 589 971 tribunitiam
616 943 626 959 ¹
640 949 736 969 unum
756 939 921 969 senatorem
941 938 989 968 vel
1007 946 1050 967 te-

91 982 268 1014 nuissimum
287 982 344 1013 ess'e
360 982 547 1012 damnatum.
574 981 655 1022 quod
675 979 787 1011 tametsi
807 991 871 1011 non
890 981 1051 1020 reprehen-

92 1024 169 1055 dunt
177 1044 184 1058 ,
196 1033 296 1055 tamen
307 1034 485 1066 magnopere
495 1024 576 1064 quod
588 1022 722 1057 laudent,
733 1032 797 1052 non
808 1023 930 1053 habent.
955 1024 1049 1052 Nur.-

90 1075 137 1097 LA
157 1076 213 1096 Esr
231 1068 315 1097 enim
326 1066 398 1100 laus,
409 1067 452 1096 ibi
461 1064 518 1095 efl'e
528 1068 690 1106 integrum,
702 1064 754 1095 ubi
764 1075 857 1094 nemo
868 1063 920 1098 est,
938 1065 990 1105 qui
1001 1072 1050 1094 aut

89 1107 178 1149 poffit
188 1128 197 1142 ,
217 1117 267 1138 aut
275 1117 605 1147 coneturcorrumpere.
643 1109 711 1137 Hoc
722 1106 764 1136 est
774 1107 919 1145 judicium
930 1126 937 1139 ‚
958 1107 986 1134 in
996 1115 1050 1146 quo

92 1150 227 1179 vordereo
238 1170 246 1183 ‚
261 1150 379 1192 populm
397 1153 480 1179 Rom.
499 1150 530 1178 de
549 1147 622 1178 vobu
631 1147 785 1188 judicabit.
808 1147 841 1178 in
854 1149 912 1178 hoc
923 1149 1049 1178 homine

92 1190 243 1224 statuetur,
253 1190 390 1232 poffitne,
404 1191 586 1221 senatoribus
597 1190 811 1228 judicantibus,
825 1191 921 1220 homo
934 1199 1051 1219 nocen-

92 1232 219 1264 tiffimus
230 1254 238 1266 ‚
255 1231 570 1274 pecuniosissimusque
587 1232 730 1262 damnari.
765 1231 887 1262 Deinde
897 1230 938 1262 est
950 1231 1052 1271 hujus-

91 1275 179 1306 modi
188 1286 265 1310 reus,
278 1277 309 1305 in
319 1285 380 1316 quo
393 1276 518 1305 homine
529 1275 606 1304 nihil
615 1273 649 1304 fir
657 1295 665 1308 ‚
684 1283 788 1314 praeter
797 1274 913 1304 summa
922 1281 1049 1313 peccata,

91 1319 321 1358 maximamque
329 1319 488 1357 pecuniam
502 1327 507 1345 t
528 1325 562 1346 ut
570 1336 578 1350 ‚
591 1315 611 1345 fi
622 1316 762 1346 liberatus
773 1314 806 1345 sit
816 1335 824 1348 ‚
846 1315 930 1345 nulla
937 1316 993 1345 alia
1002 1315 1049 1345 su-

91 1359 186 1399 spicio
196 1379 204 1392 ,
217 1357 271 1389 nifi
282 1369 314 1389 ea
325 1380 332 1392 ,
343 1369 408 1400 quae
419 1357 582 1398 turpiffima
593 1357 636 1387 est
645 1377 653 1391 ,
664 1356 786 1387 residere
794 1355 889 1397 possit.
910 1367 976 1386 non
984 1366 1050 1398 gra-

91 1402 150 1435 tia,
161 1410 226 1431 non
234 1403 414 1443 cognatione
426 1421 435 1434 ,
454 1403 468 1420 ²
477 1410 543 1430 non
558 1399 620 1428 aliis
635 1398 707 1428 reste}
716 1398 804 1440 fastu
816 1419 824 1432 ‚
843 1408 908 1429 non
919 1399 1050 1439 denique

91 1445 106 1471 ³
117 1442 218 1484 aliquo
235 1442 381 1473 mediocri
395 1444 474 1473 vitio
492 1450 556 1476 tot,
574 1450 712 1482 tantaque
728 1442 792 1480 ejus
809 1443 883 1471 vitia
900 1440 1050 1471 sublevata

90 1482 147 1515 effe
156 1483 418 1515 existimabuntur.
441 1482 597 1515 Postremo
607 1493 662 1525 ego
671 1483 788 1513 causam
798 1481 837 1513 fic
844 1493 927 1524 agam
939 1502 946 1516 ‚
965 1482 1049 1522 judi-

89 1536 153 1557 ces:
172 1525 321 1566 ejusmodi
331 1536 389 1560 res,
402 1528 441 1556 ita
450 1535 547 1560 nom,
556 1527 596 1556 ita
604 1524 730 1557 testatas,
743 1527 781 1555 ita
791 1535 924 1566 magnas,
936 1527 975 1554 ita
984 1534 1048 1554 ma-

89 1567 210 1599 nifestas
218 1568 379 1609 proferam,
390 1577 424 1598 ut
433 1578 527 1598 nemo
535 1567 552 1598 a
560 1567 660 1601 vobis,
673 1575 707 1597 ut
714 1566 805 1597 istum
815 1566 985 1600 absolvatis,
997 1576 1050 1606 per

89 1612 212 1652 gratIam
227 1619 353 1641 conetur
368 1609 562 1640 contendere.
587 1609 692 1640 Habeo
710 1617 812 1639 autem
833 1617 943 1638 certam
951 1610 1046 1642 viam,

89 1660 176 1693 atque
185 1654 332 1683 rationem
343 1673 351 1687 ‚
369 1662 426 1693 qua
435 1653 556 1682 omneis
565 1651 675 1680 illorum
683 1658 797 1681 conatus
807 1649 974 1692 investigare
984 1671 992 1683 ‚
1014 1651 1047 1681 ὃς

89 1694 232 1735 consequi
241 1693 362 1734 poffim.
385 1697 430 1725 lta
437 1704 482 1724 res
493 1693 510 1724 ὲ
519 1704 568 1723 me
577 1702 678 1735 agetur
686 1713 695 1727 ‚
717 1695 791 1724 utin
800 1703 908 1723 eorum
916 1691 1049 1723 consiliis

88 1735 234 1767 omnibus
244 1745 309 1766 non
319 1735 415 1767 modo
425 1746 508 1767 aures
517 1736 683 1766 hominum
691 1755 700 1769 ‚
721 1735 771 1765 sed
791 1737 881 1766 etiam
900 1735 982 1765 oculi
993 1745 1048 1775 po-

85 1777 439 1819 puliRomaniintereffe
446 1777 615 1808 videantur.
638 1780 702 1807 Vos
721 1777 837 1818 aliquot
851 1778 914 1817 jam
933 1787 984 1817 per
995 1787 1048 1806 an-

85 1828 328 1860 nosconceptam
338 1821 408 1850 huic
418 1820 519 1850 ordini
529 1819 750 1859 turpitudinem
761 1839 770 1853 ,
790 1828 877 1860 atque
886 1818 1046 1849 infamiam

86 1861 186 1892 delere
200 1869 232 1892 ac
253 1862 358 1892 tollere
374 1861 508 1902 potestis.
534 1860 743 1892 Constatinter
751 1863 871 1891 omneis
883 1882 891 1895 ‚
911 1860 978 1901 post
986 1862 1049 1891 haec

87 1902 252 1934 constituta
256 1904 268 1943 j
272 1903 380 1937 udicia,
391 1903 500 1945 quibus
510 1913 592 1933 nunc
601 1905 735 1937 utimur,
747 1903 868 1933 nullum
879 1905 938 1933 hoc
948 1903 966 1932 s
960 1903 1048 1942 plen-

87 1944 177 1978 dore,
184 1953 270 1986 atque
281 1946 336 1975 hac
345 1944 487 1985 dignitate
496 1943 657 1974 confilium
669 1943 769 1975 fuiss'e.
802 1943 861 1975 Hic
878 1943 973 1985 srquid
991 1946 1048 1974 erit

88 1984 241 2016 offensum
256 1996 381 2016 :omnes
390 1987 533 2017 homines
543 1996 606 2016 non
613 1987 676 2026 jam
686 1996 725 2016 ex
735 1985 844 2016 eodem
855 1986 961 2016 ordine
969 1986 1046 2016 alios

89 2029 186 2069 magis
194 2027 322 2059 idoneos
333 2049 342 2062 ,
353 2028 446 2069 (quod
455 2026 520 2058 fieri
528 2037 594 2058 non
603 2027 701 2069 potest
712 2028 738 2069 z)
752 2027 800 2058 sed
809 2028 905 2058 alium
914 2029 1046 2058 omnino

31 2080 46 2108 1
57 2081 76 2117 7
90 2069 231 2101 ordinem
240 2070 276 2101 ad
283 2080 330 2100 res
335 2070 510 2110 judicandas
518 2069 716 2111 quaerendum
724 2070 952 2100 arbitrabuntur.
965 2073 1047 2110 Qia-

88 2119 209 2152 propter
216 2111 351 2152 primum
361 2111 397 2142 ab
407 2112 466 2142 diis
476 2111 700 2142 immortalibus
710 2132 718 2146 ‚
738 2112 820 2152 quod
838 2112 951 2152 sperare
968 2113 1047 2142 mihi

87 2153 266 2188 videor-‚hoc
274 2153 367 2188 idem,
375 2153 502 2194 judices,
514 2162 594 2194 peto,
606 2162 639 2183 ut
647 2155 679 2184 in
691 2155 750 2184 hoc
757 2154 872 2194 judicio
884 2164 976 2184 nemo
986 2156 1047 2183 im-

51 2205 54 2210 ·
87 2195 209 2237 probuS,
225 2204 329 2236 praeter
338 2206 408 2226 eum
420 2216 429 2230 ,
440 2198 494 2237 qui
499 2195 682 2235 jampridem
694 2197 835 2226 inventus
846 2195 890 2226 est
898 2216 907 2229 ‚
919 2197 1046 2236 reperia-

89 2246 137 2268 tur
148 2247 154 2266 :
175 2237 293 2272 deinde,
304 2237 325 2267 fi
334 2238 433 2278 plures
442 2237 576 2278 improbi
585 2236 698 2267 fuerint
707 2239 785 2271 ,·hoc
794 2237 882 2268 vobis
894 2257 910 2270 ‚-
922 2239 980 2268 hoc
990 2247 1047 2278 po-

88 2279 169 2321 pulo·
178 2281 322 2310 Romano
336 2279 453 2320 judices
465 2300 473 2313 ,
492 2278 643 2310 confirmo
652 2299 661 2313 ,
680 2281 773 2310 vitam
784 2280 956 2310 mehercule
968 2280 1045 2309 mihi

88 2322 171 2362 prius
179 2341 188 2355 ,
197 2321 288 2363 quam
297 2324 362 2352 vim
372 2342 381 2355 ,
399 2323 707 2362 perseverantiamque
716 2321 752 2352 ad
764 2321 888 2352 illorum
898 2321 1047 2362 improbi-

89 2371 179 2394 tatem
197 2364 436 2405 persequendam.
449 2362 630 2394 defuturam.
654 2362 769 2394 Verum
780 2364 862 2406 quod
871 2374 927 2405 ego
936 2363 1048 2394 labori-

88 2403 163 2439 bus,
178 2406 335 2445 periculis,
356 2406 586 2446 inimicitiisque
605 2407 681 2435 meis
698 2414 762 2436 turn
774 2426 782 2440 ,
804 2416 874 2436 cum
885 2404 1046 2436 admissum

88 2448 158 2480 erit,
165 2446 290 2478 dedecus
301 2467 309 2482 ,
322 2446 421 2478 severe
432 2458 483 2478 me
490 2448 713 2487 persecuturum
724 2446 783 2478 effe
790 2448 938 2488 polliceor
949 2468 957 2481 ,
971 2447 1001 2478 id
1009 2457 1048 2477 ne

61 2505 63 2507 ·
88 2488 207 2522 accidat,
220 2497 251 2519 tu
262 2498 310 2519 tua
318 2490 468 2530 sapientia,
478 2488 663 2523 auctoritate,
675 2489 841 2530 diligentia,
855 2492 898 2519 M.
910 2489 1045 2523 Glabrio,

87 2538 171 2570 potes
178 2531 346 2572 providere.
375 2532 495 2574 suscipe
506 2532 623 2563 causam
630 2531 817 2572 judiciorum
829 2542 835 2561 z
855 2532 967 2573 suscipe
978 2541 1048 2562 cau-

123 2723 134 2742 1
141 2734 148 2741 .
167 2719 242 2742 Unum
250 2721 383 2743 Senatorem
390 2720 434 2743 vel
439 2720 590 2752 tenmffimum
600 2720 640 2753 ff
650 2719 815 2755 damnatum]
837 2719 879 2746 Sic
889 2720 968 2747 nostri
981 2719 1042 2747 libri

85 2749 114 2777 &
123 2750 199 2779 editi.
218 2759 244 2779 at
255 2752 383 2780 Asconius
394 2755 459 2780 citat
469 2773 478 2785 ,
487 2764 561 2781 unum
571 2757 682 2781 hominem
690 2759 740 2782 vd.

120 2795 148 2813 2.
167 2792 219 2815 Non
238 2789 291 2814 aliis
310 2790 370 2815 νεέῖὲ
379 2789 482 2825 fama]
503 2790 601 2817 Censet
612 2792 756 2819 Lambinus
771 2791 912 2824 legendum
925 2803 969 2818 mn
979 2793 1042 2819 ullis.

83 2822 200 2861 yfeffime.
220 2834 265 2851 reo
275 2826 345 2851 enim
356 2825 540 2861 ignoscebatur
549 2825 652 2864 saepius,
663 2828 681 2855 fi
692 2822 833 2856 malefaEta
842 2828 885 2856 sua
894 2829 952 2856 aliis
963 2829 1043 2857 bene-

84 2857 163 2886 netis
173 2859 244 2895 quafi
254 2860 393 2888 redemisse
401 2862 549 2889 videbatur.

120 2902 135 2929 3
145 2917 151 2922 .
168 2898 266 2933 §Aliquo
275 2898 382 2925 mediocri
391 2898 477 2935 vitia]
491 2900 558 2927 sall.
570 2900 599 2927 &
609 2901 632 2929 C
636 2900 659 2936 uj
664 2910 703 2927 ac.
714 2902 769 2928 alio.

1100 111 1154 156 C.
1194 105 1486 161 Vanam.
1961 100 2061 175 2'29

1101 187 1160 217 sam
1172 188 1331 219 severitatis
1342 209 1350 222 ‚
1362 189 1538 230 integritatis
1550 207 1558 222 ‚
1573 187 1642 221 fidei
1654 208 1662 222 ‚
1674 187 1830 230 religionis
1843 198 1848 217 :
1870 187 1980 227 nist-ipe
1991 197 2062 218 cau-

1100 229 1160 261 sarn
1171 229 1286 261 senatus
1296 251 1304 263 ‚
1326 240 1358 262 ut
1368 233 1392 260 is
1402 230 1584 271 hocjudicio
1594 230 1735 271 probatus
1747 251 1755 264 ,
1774 240 1844 260 cum
1863 230 1979 270 populo
1990 232 2057 259 Ro-

1101 280 1191 302 mano
1201 271 1276 301 &in
1286 271 1383 306 laude,
1395 273 1469 303 &in
1479 274 1568 314 gratia
1576 271 1632 305 effe
1642 271 1741 314 possit.
1760 273 1868 312 Cogita,
1880 271 1983 313 quifh,
1996 281 2058 311 quo

1099 311 1165 340 loco
1176 331 1183 344 ‚
1207 313 1280 352 quid
1290 313 1356 344 dare
1368 315 1482 354 populo
1494 317 1530 345 R.
1544 313 1616 356 quid
1628 314 1749 345 reddere
1759 313 1924 354 majoribus
1935 315 1992 343 tuis
2004 312 2057 343 de-

1098 352 1164 382 beas
1177 363 1182 381 ;
1200 352 1246 383 fac
1261 355 1316 384 tibi
1334 365 1459 394 paternae
1472 357 1545 396 legis
1557 357 1661 386 Aciliae
1672 358 1772 387 veniat
1781 358 1814 386 in
1825 365 1960 386 mentem
1972 375 1980 388 2
2000 365 2060 395 qua

1096 393 1158 433 lege
1177 395 1305 433 populus
1325 398 1482 427 Romanus
1501 397 1537 427 de
1547 400 1682 437 pecuniis
1694 398 1866 438 repetundis
1877 398 2060 437 optimisju*

1094 433 1180 464 diciis
1191 455 1198 467 ‚
1219 436 1466 478 severifi'imisque
1481 439 1633 478 judicibus
1652 440 1720 470 usus
1740 438 1792 470 est.
1816 437 2018 476 Circumstant
2030 447 2058 468 te

1095 476 1220 507 summae
1231 476 1430 513 auetoritatcs,
1442 491 1507 520 quae
1517 490 1546 510 te
1556 480 1685 520 obliviscz
1696 480 1933 517 laudisdomesticae
1945 490 2008 511 non
2021 478 2058 510 si-

1094 526 1183 547 nant:
1203 528 1269 558 quae
1279 527 1306 548 te
1315 519 1378 548 dies
1391 540 1398 553 ,
1415 520 1590 562 noeteisque
1600 532 1836 556 commoneant,
1856 520 2056 553 fortissimum

1095 559 1149 588 tibi
1160 569 1272 604 patrem
1284 580 1292 594 ‚
1313 561 1565 599 sapientissimum
1575 574 1665 594 avum
1676 585 1683 598 ,
1703 563 1911 605 gravissimum
1922 565 2055 595 socerum

1094 600 1191 630 fuifle.
1225 604 1321 643 Qare
1332 601 1352 631 fi
1363 603 1537 634 Glabrionis
1548 607 1636 644 patris
1649 608 1712 636 vim
1723 627 1730 640 ‚
1754 607 1786 636 &
1797 608 1995 637 acrimoniam
2008 616 2058 636 ce-

1093 644 1171 682 peris
1182 642 1217 673 ad
1227 639 1421 674 resistendum
1434 646 1612 676 'nominibus
1620 646 1834 678 audacissimis:
1853 647 1872 677 fi
1881 650 1927 678 avi
1937 651 2058 678 Scaevo·

1094 685 1128 714 1ae
1140 685 1328 724 prudentiam
1340 685 1375 715 ad
1389 687 1608 726 prospiciendas
1629 688 1746 719 insidias
1757 710 1764 722 ,
1788 700 1852 730 qnae
1873 699 1930 720 tuae
1942 710 1949 722 ,
1968 699 2056 730 atquc.

1093 727 1202 756 horum
1213 725 1300 756 famae
1312 738 1536 767 comparantur:
1555 728 1575 758 s1
1587 730 1677 759 soceri
1688 733 1787 761 Scauri
1798 730 2008 764 constantiam,
2021 741 2053 761 ut

1093 770 1199 808 nequis
1211 777 1237 798 te
1248 768 1284 798 de
1296 779 1373 801 vera,
1388 770 1421 799 &
1430 779 1507 800 certa
1516 769 1604 810 poffit
1614 771 1758 802 sententia
1769 772 1947 803 demovere:
1964 773 2056 804 intel*

1091 809 1302 851 ligetpopulus
1312 812 1471 841 Romanus
1482 812 1657 852 integerrimo
1668 833 1676 846 ‚
1696 821 1783 854 atque
1802 813 1976 853 honestissimo
1991 823 2059 857 prz—

1093 861 1158 885 tore,
1169 850 1325 893 delestoque
1335 853 1441 893 consilio
1452 874 1460 887 ,
1471 855 1578 883 nocenti
1590 865 1630 883 reo
1642 856 2058 898 nrizgnirudineaenpecun{aeplut

1093 892 1216 931 lmbufffe
1233 896 1367 923 momenti
1384 895 1762 934 adfiespicioncmcrimi7115‚
1782 892 1870 939 quum
1878 897 2059 927 adratioaem

1088 936 1199 975 salutas.
1244 938 1324 966 Mihi
1334 946 1448 967 certum
1458 937 1501 967 est
1510 948 1574 968 non
1586 942 1776 969 committere
1787 960 1795 973 ,
1817 948 1848 968 ut
1865 941 1897 969 in
1912 941 1964 969 hac
1975 941 2057 970 causa

1093 987 1201 1017 praetor
1214 977 1305 1008 nobis
1316 998 1324 1012 ‚
1338 977 1557 1020 confiliumque
1569 989 1713 1011 mutetur.
1737 991 1801 1010 non
1811 983 1902 1021 patiar
1910 991 1974 1011 rem
1985 983 2016 1011 in
2027 982 2058 1012 id

1095 1028 1214 1060 tempus
1232 1020 1361 1054 adduci,
1382 1031 1415 1051 ur
1424 1022 1516 1052 Siculi
1528 1042 1535 1055 ,
1554 1032 1629 1063 quos
1639 1022 1736 1053 adhuc
1747 1023 1823 1053 servi
1834 1021 2054 1063 designatorum

1096 1064 1181 1091 Coss.
1201 1072 1266 1092 non
1284 1072 1467 1096 moverunt,
1489 1062 1561 1094 cum
1582 1074 1632 1094 eos
1653 1075 1735 1095 novo
1745 1064 1888 1104 exemplo
1899 1065 2056 1095 universos

1094 1102 1277 1137 arcesserent,
1290 1114 1340 1134 eos
1351 1113 1415 1134 tum
1426 1104 1548 1135 lictores
1556 1107 1719 1136 consulum
1729 1115 1854 1137 vocent:
1871 1114 1904 1136 ut
1914 1107 2058 1136 homines

1096 1146 1207 1179 miseri,
1222 1155 1308 1175 antea
1316 1146 1389 1176 socii
1398 1156 1484 1187 atque
1493 1150 1582 1178 amici
1593 1149 1698 1188 populi
1708 1150 1844 1179 Romani
1856 1168 1864 1182 ‚
1876 1158 1960 1179 nunc
1970 1149 2055 1183 servi,

1093 1197 1125 1217 ac
1136 1187 1300 1227 supplices,
1312 1198 1376 1218 non
1387 1188 1483 1219 modo
1492 1190 1539 1228 jus
1551 1190 1637 1219 suum
1651 1211 1658 1223 ‚
1672 1189 1863 1230 fortunasque
1873 1192 1994 1220 omneis
2005 1200 2058 1220 eo—

1094 1239 1162 1258 rum
1171 1231 1299 1269 imperio
1309 1232 1447 1260 amittant
1457 1251 1464 1263 ‚
1487 1231 1595 1261 verum
1605 1234 1694 1262 etiam
1706 1232 1865 1273 deplorandi
1876 1231 2058 1274 jurissuipo-

1093 1269 1218 1306 testatem
1225 1282 1289 1301 non
1298 1271 1433 1301 habeant.
1460 1276 1534 1303 Non
1545 1272 1637 1304 finam
1648 1273 1786 1314 profesto
1797 1294 1804 1308 ,
1817 1274 1899 1304 causa
1907 1273 1923 1304 a
1934 1283 1983 1304 me
1990 1284 2058 1314 per—

1092 1322 1188 1346 orata,
1208 1323 1264 1343 XL.
1284 1313 1391 1344 dicbus
1402 1313 1581 1354 interpositis
1593 1336 1601 1349 ‚
1617 1325 1681 1346 tum
1693 1315 1782 1345 nobis
1795 1315 1924 1356 denique
1933 1316 2058 1356 respon-

1091 1355 1181 1384 deant
1189 1375 1198 1388 ,
1210 1353 1282 1385 cum
1293 1356 1436 1386 accusatio
1445 1356 1545 1387 nostra
1555 1359 1588 1387 in
1598 1358 1790 1388 oblivionem
1798 1356 1993 1388 diuturnitate
2003 1357 2055 1388 ad-

1092 1396 1181 1427 duGta
1190 1395 1224 1426 fit
1234 1408 1239 1426 :
1258 1408 1323 1427 non
1332 1400 1525 1428 committam
1536 1419 1544 1433 ,
1559 1408 1592 1429 ut
1600 1408 1666 1430 tum
1677 1410 1722 1429 res
1734 1400 1881 1437 judicetur
1890 1419 1898 1433 ‚
1908 1398 1982 1429 cum
1992 1400 2055 1430 haec

1090 1438 1258 1479 frequentia
1267 1441 1360 1469 totius
1370 1440 1463 1470 Irahae
1472 1443 1573 1472 Roma
1581 1440 1750 1472 discesserit,
1761 1451 1826 1482 quae
1835 1440 1982 1471 convenit
1992 1452 2057 1471 uno

1092 1489 1227 1520 tempore
1238 1481 1373 1522 undique
1383 1501 1391 1515 ‚
1402 1484 1601 1513 comitiorum
1614 1504 1622 1517 ‚
1638 1482 1827 1524 judiciorum
1835 1504 1843 1516 ‚
1855 1482 2057 1524 censendique.

1091 1523 1184 1553 causa.
1215 1524 1316 1563 Hujus
1323 1523 1432 1563 judicii
1444 1544 1452 1558 ‚
1464 1524 1497 1554 δε
1506 1525 1602 1555 laudis
1610 1524 1744 1555 fru&um
1756 1545 1766 1559 ‚
1776 1525 1809 1555 &
1819 1522 1995 1555 offenfionis
2004 1536 2056 1565 pe-

1090 1564 1231 1599 riculum,
1241 1564 1389 1596 vestrum:
1411 1565 1562 1601 laborem,
1575 1567 1873 1607 sollicitudinemque
1885 1587 1893 1600 ,
1904 1566 2036 1598 nostram
2050 1578 2056 1595 :

1090 1607 1246 1638 scientiam
1263 1607 1338 1649 quid
1357 1616 1475 1648 agatur,
1494 1611 1737 1650 memoriamque
1752 1608 1826 1649 quid
1842 1609 1858 1638 a
1879 1609 2057 1650 quoquedi-

1091 1648 1175 1679 &tum
1193 1649 1228 1679 sit
1236 1670 1245 1684 ‚
1264 1651 1407 1679 omnium
1418 1659 1492 1690 puto
1503 1649 1561 1681 effe
1572 1660 1722 1690 oportere.
1749 1653 1866 1681 Faciam
1879 1651 1935 1681 hoc
1946 1662 1998 1680 non
2007 1662 2057 1680 no-

1091 1701 1162 1720 vum
1171 1711 1180 1725 ,
1199 1691 1248 1721 sed
1267 1691 1303 1722 ab
1321 1693 1359 1721 iis
1369 1711 1378 1725 ,
1402 1693 1455 1732 qui
1465 1702 1548 1722 nunc
1557 1694 1709 1734 principes
1717 1691 1826 1723 nostrae
1836 1694 1965 1723 civitatis
1974 1693 2053 1728 sunt,

1090 1732 1159 1763 ante
1168 1732 1295 1768 fa&um‚
1305 1742 1338 1763 ut
1347 1732 1471 1764 testibus
1485 1743 1550 1764 utar
1558 1734 1668 1765 statim.
1692 1734 1768 1764 illud
1778 1734 1794 1765 a
1806 1744 1854 1765 me
1864 1744 1992 1768 novum,
2002 1735 2056 1775 ju-

1089 1774 1171 1805 dices
1183 1795 1190 1810 ,
1201 1776 1388 1817 cognoscetis
1399 1796 1407 1809 ‚
1419 1775 1501 1816 quod
1510 1779 1551 1808 ita
1559 1775 1645 1807 testes
1656 1776 1839 1807 constituam
1850 1796 1858 1810 ,
1869 1780 1886 1803 4
1896 1786 1927 1807 ut
1936 1779 2054 1807 crimen

1090 1825 1190 1848 totum
1208 1818 1375 1858 explicem:
1396 1817 1487 1849 ubiid
1495 1818 1707 1860 interrogando
1717 1839 1726 1852 ‚
1745 1820 1928 1859 argumentis
1938 1839 1946 1853 ,
1966 1828 2055 1860 atque

1091 1861 1228 1890 oratione
1245 1858 1404 1890 firmavero
1414 1880 1422 1894 ‚
1439 1869 1506 1890 tum
1524 1860 1623 1891 testeis
1636 1860 1670 1891 ad
1681 1861 1799 1890 crimen
1807 1860 2053 1892 accommodem.

1092 1902 1296 1932 utnihilinter
1304 1901 1390 1931 illam
1401 1900 1534 1933 usitatam
1545 1902 1768 1933 accusationem
1778 1921 1787 1936 ‚
1811 1911 1898 1943 atque
1909 1903 1986 1933 hanc
1995 1913 2056 1933 no·

1089 1953 1160 1973 vam
1171 1942 1285 1973 interfit
1294 1963 1304 1977 ‚
1321 1942 1377 1973 nifi
1387 1942 1471 1984 quod
1482 1944 1574 1974 inilla
1582 1952 1654 1974 tunc
1665 1963 1674 1977 ,
1686 1942 1875 1974 etim-omnia
1883 1943 1964 1974 dieta
1974 1945 2053 1977 sunt,

1090 1983 1178 2015 testes
1193 1984 1301 2015 dantur·
1313 1995 1319 2013 z
1337 1983 1386 2014 hic
1394 1987 1427 2014 in
1438 1983 1565 2025 singulas
1574 1995 1619 2016 res
1629 1985 1794 2016 dabuntur:
1818 1994 1851 2015 ut
1860 1985 1922 2016 illis
1931 1996 2055 2027 quoque

1089 2026 1194 2057 eadem
1203 2025 1407 2068 interrogandi
1416 2025 1550 2061 facultas,
1562 2027 1802 2070 argumentandi,
1814 2027 1993 2069 dicendique
2003 2026 2051 2058 fit.

1090 2071 1120 2101 Si
1137 2070 1205 2110 quis
1223 2070 1298 2103 erit,
1321 2070 1555 2110 quiperpetuam
1566 2072 1736 2101 orationem
1748 2090 1756 2104 ,
1773 2069 2055 2111 accusationemque

1089 2110 1243 2145 defideret,
1252 2111 1341 2142 altera
1348 2111 1469 2142 afflone
1479 2112 1587 2142 audiet.
1612 2122 1694 2143 nunc
1708 2111 1738 2142 id
1750 2132 1758 2145 ‚
1779 2111 1860 2152 quod
1872 2110 1998 2142 facimus
2009 2112 2056 2151 (ea

1089 2155 1203 2184 ratione
1220 2152 1349 2184 facimus
1360 2174 1368 2187 ,
1388 2162 1420 2183 ut
1430 2153 1552 2184 malitiae
1563 2154 1687 2184 illorum
1697 2152 1823 2184 consilio
1834 2153 1938 2184 nostro
1948 2164 2055 2184 occur-

1090 2195 1202 2235 ramus)
1213 2198 1227 2222 5
1236 2193 1396 2225 necessario
1406 2193 1470 2224 fieri
1480 2196 1637 2238 intelligat.
1663 2199 1737 2226 Haec
1745 2197 1851 2237 primae
1859 2193 1988 2226 afflonis
1999 2198 2059 2226 erit.

1089 2237 1246 2267 accusatio.
1277 2239 1420 2267 Dicimus
1431 2257 1439 2270 ,
1460 2239 1492 2267 C.
1504 2240 1627 2268 Verrem
1639 2258 1647 2272 ‚
1671 2237 1744 2268 cum
1762 2238 1859 2268 multa
1876 2237 2052 2271 libidinose,

1090 2279 1186 2309 multa
1195 2278 1354 2309 crudeliter
1362 2281 1396 2308 in
1405 2280 1497 2309 civeis
1507 2281 1665 2310 Romanos
1676 2300 1684 2314 ‚
1698 2289 1785 2321 atque
1793 2281 1825 2309 in
1837 2279 1945 2312 socios,
1959 2280 2057 2310 multa

1090 2323 1123 2351 in
1131 2320 1217 2354 deos,
1227 2321 1429 2362 hominesque
1439 2320 1551 2351 nefarie
1562 2320 1678 2355 fecerit,
1689 2331 1754 2352 tum
1764 2330 1903 2362 praeterea
1910 2321 2054 2362 quadrin-

1089 2364 1203 2405 genties
1212 2360 1380 2400 sestertium
1393 2373 1431 2392 ex
1442 2363 1543 2393 Sicilia
1550 2372 1653 2394 contra
1661 2364 1738 2406 leges
1748 2361 1907 2394 abstulisse.
1934 2365 1994 2392 Hoc
2013 2371 2055 2392 te-

1083 2403 1174 2442 stibus
1185 2425 1193 2439 ‚
1206 2404 1255 2433 hoc
1266 2403 1375 2438 tabulis,
1382 2405 1515 2445 privatis,
1524 2404 1698 2447 publicisque
1706 2403 1936 2439 arce'boritatzbm,
1946 2407 1986 2435 ita
1994 2414 2053 2435 vo-

1090 2447 1137 2477 bis
1145 2447 1270 2487 planum
1278 2445 1425 2476 faciemus
1436 2467 1443 2480 ‚
1465 2456 1495 2476 ut
1506 2448 1564 2477 hoc
1575 2446 1705 2478 statuatis
1716 2468 1724 2481 ,
1742 2449 1832 2477 etiam
1845 2444 1865 2475 fi
1875 2446 2006 2486 spacium
2015 2446 2054 2477 ad

1090 2488 1254 2519 dicendum
1265 2487 1368 2518 nostro
1378 2488 1546 2518 commodo
1556 2509 1563 2522 ,
1583 2489 1751 2529 vacuosque
1760 2489 1823 2518 dies
1836 2487 2053 2523 habuiss'emus,

1091 2540 1193 2562 tamen
1204 2531 1339 2562 oratione
1348 2530 1439 2571 longa
1445 2531 1524 2560 nihii
1534 2540 1609 2571 opus
1617 2529 1714 2560 fuisse.

1745 2588 2050 2637 ACTIO-

1123 2729 1150 2754 4.
1172 2724 1201 2745 Ut
1219 2722 1304 2746 crimen
1322 2726 1393 2744 tntum
1411 2721 1520 2752 explicem
1530 2729 1537 2742 .·
1555 2721 1596 2744 ubi
1604 2721 1630 2744 id
1637 2720 1799 2752 tmerrqqando
1810 2738 1817 2750 ,
1832 2720 1973 2752 aigumentis
1982 2718 2051 2752 cyme]

1090 2759 1260 2783 Hotomanus
1270 2755 1379 2788 conjicit
1390 2774 1398 2786 ‚
1411 2756 1572 2788 interrogando
1582 2758 1690 2788 explicem
1698 2768 1707 2788 5
1717 2758 1758 2781 ubl
1767 2756 1793 2781 id
1801 2764 1894 2788 argum.
1907 2755 2054 2791 inuasitque

1088 2794 1174 2821 statim
1187 2792 1330 2818 Lambinus
1342 2801 1350 2821 3
1366 2789 1407 2817 secl
1419 2798 1514 2826 praeter
1526 2799 1591 2817 rett.
1604 2791 1696 2817 libros.

1127 2838 1153 2863 5.
1174 2829 1365 2862 Neceffarioficri
1373 2828 1513 2862 intelligam]
1525 2827 1616 2855 Editio
1628 2826 1740 2856 YiStorii
1752 2837 1760 2860 5
1773 2827 1838 2854 item
1849 2837 1878 2854 ea
1890 2827 2002 2864 priores,
2012 2829 2055 2853 ln·

1088 2868 1191 2900 tcllssgant
1203 2883 1212 2897 ‚
1222 2872 1307 2900 neque
1317 2863 1394 2891 aliter
1405 2863 1492 2900 scripti
1504 2864 1594 2890 nostri.

1490 3106 1494 3112 Ι
1528 3069 1574 3096 Ff
1591 3078 1604 3106 3
1917 3069 2050 3103 LRsffm—
