2360 3400
126 175 259 208 quorum
268 164 387 197 exstant
395 164 462 197 satis
472 165 577 201 multa,
589 166 655 198 sane
667 168 811 208 sapienter
821 167 927 198 litteris
938 166 1086 200 mandata,

126 209 158 238 in
169 209 332 250 primisque
343 208 359 239 a
368 208 577 248 Theophrasto
588 228 596 242 ‚
610 211 788 243 Xenocrate,
802 209 835 239 δε
845 211 996 239 Crantore:
1008 218 1085 249 quo·

102 261 109 267 ·
125 259 194 280 rum
216 250 310 280 libros
329 249 401 281 cum
422 250 494 290 saepe
517 252 613 282 animi
623 251 707 282 causa
721 251 915 281 sumserimus
925 253 958 280 in
968 260 1088 284 manus,

125 291 263 325 admirati
275 301 380 322 eorum
392 292 593 322 saluberrimis
603 294 757 332 praeceptis
767 291 906 322 refertam
917 311 925 326 ,
938 292 970 322 δε
979 291 1086 322 condi-

126 340 185 362 tam
195 333 406 374 eloquentiam
418 354 426 367 ,
441 343 505 364 tum
517 334 658 374 proxime
670 335 798 375 legimus
809 332 981 364 necessario.
1004 333 1086 363 casus

124 375 209 404 enim
221 384 326 415 ereptae
337 375 426 405 nobis
438 374 507 406 filiae
520 396 528 409 ,
547 385 636 416 quam
650 378 681 406 in
695 376 791 406 oculis
801 374 972 405 ferebamus
982 395 990 408 ,
1019 375 1084 404 exi-

126 418 198 446 miis
210 416 242 446 &
253 419 373 447 virtutis
384 436 392 450 ,
404 417 437 447 δε
446 418 613 457 prudentiae
623 417 759 447 laudibus
770 415 971 456 praestantem,
982 418 1021 446 ita
1031 424 1087 445 nos

124 458 174 487 vel
184 459 311 498 perculit
322 480 330 493 ‚
348 459 397 489 vel
409 459 536 489 afflixit:
558 468 590 489 ut
599 459 634 489 ab
645 461 681 489 iis
691 468 780 498 opem
794 459 829 488 ad
841 457 1018 488 leniendum
1031 477 1039 491 ,
1052 458 1085 487 δε

126 500 329 541 mitigandum
338 501 475 531 dolorem
486 510 584 541 petere
591 500 687 531 coaffi
696 499 800 533 simus,
810 509 940 540 quorum
951 499 1085 530 maxime

125 540 273 575 doohiua,
286 552 372 583 atque
381 541 555 573 auetoritate
565 551 649 573 antea
659 542 869 572 movebamur.
893 544 995 582 Itaque
1005 541 1084 571 mul-

125 592 154 613 ta
166 603 175 616 ,
187 593 252 623 quae
261 584 368 614 abillis
390 585 438 614 vel
452 585 535 614 acute
546 586 672 626 cogitata
682 603 690 618 ,
712 584 760 613 vel
771 584 919 623 eleganter
932 585 1085 614 enuntiata

124 624 194 655 suut
205 645 213 659 ,
234 626 270 655 ad
284 626 421 656 dolorem
436 625 574 657 nostrum
583 625 809 666 abstergendum
818 626 996 665 colligemus
1010 636 1015 653 :
1040 633 1082 658 ut,

125 664 145 695 fi
153 668 256 696 minus
265 677 379 697 ceteros
390 670 515 698 intanto
524 677 653 698 moerore
661 666 806 697 dele6tare
814 670 991 707 poterimus,
1001 665 1083 707 quod

122 707 238 738 alias&
256 708 407 742 dicendo,
431 709 465 739 &
487 709 644 740 scribendo
664 708 783 738 efficere
794 710 893 738 conati
905 708 1027 742 sumus,
1050 708 1083 737 δε

123 747 241 779 fortasse
253 750 403 779 interdurn
422 750 633 790 praestitimus,
657 751 758 781 saltem
778 751 867 780 nobis
887 748 954 789 ipsis
965 750 1082 780 medea-

124 800 203 820 mur.
222 790 279 821 Sed
290 801 346 821 nos
358 794 449 822 etiam
461 794 493 822 in
504 793 562 823 hoc
574 792 713 822 fortiores
721 794 835 822 erimus
851 812 859 824 ,
880 792 969 832 quam
980 793 1081 826 ceteri,

123 832 233 872 quibus
243 831 367 863 difficile
387 834 539 867 nonfuit,
560 833 632 864 cum
646 834 760 864 doloris
771 843 904 873 expertes
914 832 968 873 ipsi
978 832 1080 863 effent:

121 875 198 904 alios
211 875 359 904 consolari
371 894 379 908 ,
400 875 433 905 δε
452 875 468 904 a
478 884 608 905 moerore
616 875 762 905 abducere
777 886 782 904 τ
803 885 858 905 nos
869 885 968 905 autem
978 875 1083 906 dolore

122 914 247 949 afflisti,
265 916 505 947 consolationem
518 918 533 947 a
552 917 641 947 nobis
661 926 792 957 petentes
806 937 814 950 ,
837 917 1036 957 nosmetipsos
1049 919 1082 947 in

122 957 228 987 dolore
240 959 445 992 vincemus,ac
454 968 566 989 naturae
576 959 735 999 quamdam
745 958 824 999 quasi
835 961 899 988 vim
913 957 1081 989 afferemus.

92 1001 97 1003 “
122 1008 188 1039 quae
206 1001 321 1029 utinam
343 1002 416 1030 tanti
436 999 470 1030 fit
483 1020 491 1034 ,
515 1009 548 1031 ut
565 1010 678 1031 ceteros
696 1011 816 1041 quoque
838 1002 868 1030 in
887 1003 950 1040 pari
962 1000 1082 1031 fortuna

122 1043 230 1071 doceat
240 1041 379 1072 adversos
397 1043 477 1072 casus
486 1044 632 1082 patienter
639 1042 714 1073 ferre
729 1054 733 1071 z
753 1045 807 1083 qui
817 1052 879 1083 quo
890 1042 996 1082 saepius
1007 1052 1081 1072 con-

122 1083 262 1123 tingunt,
281 1093 319 1113 eo
336 1086 489 1124 propiores
509 1085 687 1114 hominibus
703 1084 924 1124 putandisunt,
943 1082 1080 1125 quafique

121 1125 156 1154 in
167 1124 227 1164 ipsa
247 1126 378 1156 humana
397 1135 502 1156 natura
521 1126 616 1156 innati
626 1125 799 1167 atqueinsiti
814 1147 823 1159 ‚
838 1126 974 1166 ideoque
984 1126 1080 1156 levius

120 1165 251 1210 ferendi.
274 1169 326 1207 qui
337 1165 419 1197 enim
432 1169 592 1198 hominem
603 1168 632 1198 se
644 1167 701 1198 eise
710 1168 844 1209 agnoscit
854 1188 862 1202 ‚
884 1168 1080 1208 hominisque

120 1217 238 1238 nomen
246 1207 300 1238 fibi
313 1209 455 1243 vindicat,
469 1220 520 1239 cur
530 1220 562 1239 ea
573 1230 581 1243 ‚
594 1219 659 1250 quae
670 1210 807 1239 hominis
817 1211 952 1239 maxime
963 1211 1081 1249 propria

121 1250 208 1282 sunt,
231 1253 377 1284 recusare,
398 1261 430 1282 ac
450 1252 571 1291 rejicere
580 1252 705 1282 audeat?
723 1252 804 1292 quod
815 1250 1080 1284 fimulutfeciss'et,

121 1291 156 1321 δε
173 1292 349 1331 imprudens
363 1312 371 1326 ,
394 1294 427 1323 &
445 1292 574 1333 injustus
592 1293 702 1323 merito
723 1293 886 1323 haberetur.
910 1296 1009 1334 Atque
1030 1294 1081 1323 hic

121 1333 208 1363 locus
227 1336 243 1364 ἐι
261 1334 470 1375 Theophrasto
488 1337 602 1376 egregie
621 1334 776 1368 t1·a&atus‚
796 1336 829 1364 δε
845 1336 1010 1375 perpolitus
1027 1334 1079 1365 est:

120 1375 255 1416 itemque
268 1376 283 1406 a
295 1378 463 1407 Xenocrate
476 1388 481 1405 τ
503 1387 632 1417 quorum
647 1387 768 1417 uterque
781 1386 848 1409 eos,
873 1379 925 1417 qui
936 1386 1080 1406 commu-

119 1426 174 1446 nes
184 1417 266 1448 casus
276 1419 418 1452 recusant,
432 1419 654 1458 imprudentiae,
666 1428 751 1459 atque
766 1417 921 1456 injustitiae
931 1418 1079 1449 condem-

118 1468 190 1489 nat:
208 1460 280 1490 alter
297 1461 388 1489 etiam
408 1459 467 1489 diis
487 1458 553 1499 ipfis
577 1460 714 1489 adversos
725 1469 788 1489 non
798 1459 913 1489 dubitat
921 1460 1077 1499 appellate.

116 1500 198 1541 quod
208 1500 297 1531 etiam
307 1503 426 1541 gravius
436 1503 552 1530 crimen
561 1500 614 1534 est,
626 1511 658 1530 ac
668 1502 720 1530 vix
735 1502 766 1530 in
775 1502 902 1530 homine
912 1501 1076 1531 tolerabile:

116 1545 169 1582 qui
181 1561 189 1575 ,
200 1541 273 1572 cum
286 1545 392 1573 omnia
409 1541 468 1572 diis
480 1541 702 1572 immortalibus
711 1550 828 1581 accepta
838 1542 947 1571 referre
960 1541 1076 1576 debeat,

112 1593 248 1625 quorum
259 1592 316 1624 ope
329 1586 407 1614 vivit
415 1604 423 1618 ‚
434 1584 575 1625 intelligit
588 1604 596 1617 ,
608 1585 675 1624 agit:
685 1581 705 1613 si
715 1593 820 1614 eorum
831 1583 979 1613 voluntati
988 1592 1076 1623 repu-

117 1633 206 1666 gnet,
226 1635 297 1656 cum
307 1626 365 1657 diis
377 1646 386 1659 ,
405 1634 559 1666 gigantum
570 1635 675 1658 more,
695 1625 803 1655 bellare
815 1624 976 1654 videbitur.
1000 1627 1074 1655 Haec

115 1676 214 1697 autem
234 1668 328 1708 perite
344 1686 355 1701 ,
385 1676 417 1697 ut
435 1668 520 1701 dixi,
543 1666 559 1697 a
577 1667 683 1696 multis
703 1666 821 1696 traEtata
840 1666 917 1696 sunt.
950 1665 999 1696 sed
1018 1677 1073 1708 ego

113 1711 294 1739 Crantorem
307 1709 428 1750 sequor:
448 1709 533 1747 cujus
550 1708 608 1749 legi
619 1708 742 1738 brevem
757 1708 844 1738 illum
857 1707 1001 1748 quidem,
1025 1708 1074 1739 sed

113 1751 184 1780 vere
195 1761 317 1780 aureum
329 1771 336 1785 ‚
359 1751 410 1783 δε,
423 1759 454 1780 ut
464 1752 595 1780 Panaetio
605 1750 733 1790 placuit,
753 1748 789 1779 ad
797 1748 922 1779 verbum
938 1748 1071 1779 ediscen-

116 1792 190 1823 dum
201 1792 237 1822 de
247 1792 331 1822 Ιυᾶιι
343 1792 454 1823 librum
466 1812 475 1825 ‚
495 1802 555 1832 quo
568 1792 653 1822 acute
666 1791 835 1821 universam
848 1790 964 1820 doloris
974 1790 1072 1820 medi-

113 1835 217 1865 cinam
233 1835 414 1874 complexus
440 1833 496 1863 est.
519 1834 568 1864 sed
586 1835 725 1863 humanae
743 1841 853 1862 naturae
872 1832 1072 1863 incommoda

114 1877 155 1906 ita
175 1876 352 1916 diligenter,
372 1877 404 1906 &
423 1875 554 1906 accurate
577 1873 732 1915 expreffit.
758 1871 879 1915 utquafi
888 1873 1071 1904 luendorum

114 1917 257 1949 scelerum
268 1919 352 1948 causa
373 1917 452 1948 nasci
474 1919 615 1947 homines
626 1937 635 1950 ,
656 1916 731 1946 &in
744 1917 819 1946 hanc
831 1916 931 1946 lucem
942 1915 1071 1957 ingredi,

111 1957 202 2001 posfis
221 1960 388 2001 agnoscere.
411 1961 466 1990 Fac
486 1962 570 1989 enim
586 1959 664 1988 nasci
677 1959 856 1991 hominem,
885 1957 960 1987 &in
970 1959 1070 1988 lucem

112 2001 174 2032 edi.
198 2011 347 2032 continuo
360 2001 480 2035 senties,
491 2010 554 2031 non
564 2010 664 2030 rerum
679 2001 878 2029 humanarum
892 1998 1068 2033 dominum,

113 2043 385 2084 &gubernatorem
397 2052 550 2076 exortum,
564 2041 612 2073 sed
624 2041 723 2072 verius
733 2041 924 2072 miseriarum
937 2041 1067 2075 servum,

111 2084 489 2126 atqueincommodorum.
513 2094 583 2115 nam
608 2082 766 2114 infantiam
778 2102 787 2117 ,
809 2083 1009 2124 &pueritiam
1020 2093 1071 2114 va-

111 2129 190 2169 gitus
202 2147 210 2161 ,
230 2128 388 2167 lacrymae,
412 2126 604 2157 imbecillitas
617 2145 625 2159 ,
643 2126 746 2155 nullus
765 2135 820 2155 nec
838 2127 964 2154 rationis
976 2145 984 2159 ‚
1016 2134 1072 2155 nec

111 2171 245 2210 corporis
255 2170 336 2203 usus,
347 2168 480 2202 dolores,
496 2166 701 2208 molestiaeque
714 2167 944 2207 quamplurimae
957 2167 1071 2207 ample-

112 2209 243 2241 &untun
267 2212 508 2241 Adolescentiam
525 2209 610 2240 ardor
629 2208 994 2250 quidamexcipitaetatis,
1015 2219 1071 2239 nec

110 2252 295 2293 prudentiae,
315 2252 484 2292 necjudicii
495 2261 621 2292 compos
631 2261 728 2281 rerum
741 2250 862 2280 utilium
877 2270 886 2284 ,
897 2260 929 2280 ac
939 2250 1071 2281 laudabi—

110 2296 187 2324 lium
198 2296 367 2325 contemtio
383 2305 387 2324 :
400 2295 574 2334 voluptatis,
588 2293 620 2323 δε
630 2293 705 2333 saepe
714 2292 907 2332 turpitudinis
916 2294 1068 2332 appetitio:

111 2338 176 2366 veri
187 2336 260 2366 boni
271 2338 430 2378 ignoratio:
440 2339 472 2366 in
483 2345 566 2377 pares
575 2334 696 2368 ferocia,
708 2336 739 2364 in
750 2334 1069 2374 superioressuperbia,

113 2379 144 2408 in
156 2377 281 2411 infimos
291 2379 465 2419 arrogantia.
489 2388 526 2408 ex
538 2378 583 2407 his
593 2379 821 2409 contentiones,
842 2378 916 2406 rixae
927 2396 936 2409 ,
961 2385 1068 2406 contu-

86 2450 99 2453 „
113 2420 232 2453 meliae,
253 2418 383 2451 affiduus
404 2420 532 2460 denique
551 2417 756 2449 molestiarum
776 2418 937 2448 concursus
948 2416 1068 2449 exsistit:

112 2472 150 2492 ex
171 2463 256 2492 rebus
276 2461 411 2492 honestis
429 2463 593 2492 contemtis
612 2459 791 2492 infelicitas,
813 2460 846 2489 δε
866 2458 1011 2490 infamia:
1031 2469 1070 2489 ex

111 2504 247 2543 turpibus
258 2504 376 2534 curiose
396 2506 516 2543 arreptis
529 2524 536 2537 ,
557 2500 791 2542 &conquisitis,
812 2500 910 2531 luEtus
924 2521 932 2534 ,
958 2500 1068 2535 morbi,

110 2554 287 2585 perpetuum
308 2545 438 2586 denique
457 2545 502 2575 sui
520 2542 609 2584 ipsius
629 2544 753 2577 odium,
778 2553 815 2572 ex
841 2544 959 2583 cognita
969 2553 1068 2573 rerum

110 2589 243 2626 turpium
262 2587 398 2616 mercede
420 2585 596 2616 conflatum
633 2585 718 2615 Adde
738 2585 853 2615 insanas
874 2587 1068 2625 pecuniarum

110 2629 300 2670 largitiones,
321 2629 438 2658 nullam
458 2627 549 2658 futuri
569 2627 715 2667 temporis
729 2635 828 2657 curam
842 2646 851 2660 ,
870 2628 1067 2666 noninopiae,

73 2703 80 2706 ,
110 2680 175 2700 non
186 2670 353 2700 liberorum
370 2689 379 2703 ,
391 2680 454 2699 non
468 2672 595 2703 uxoris,
609 2678 671 2698 non
682 2668 869 2708 posterorum
882 2688 890 2701 ,
902 2678 965 2698 non
977 2668 1067 2698 fami·
1079 2676 1082 2679 ’

109 2712 166 2743 liae.
189 2722 257 2753 quae
267 2710 356 2752 liquis
373 2714 463 2742 aetatis
477 2710 578 2752 potius
589 2713 660 2740 vitia
672 2730 680 2745 ,
699 2712 787 2751 quam
799 2719 910 2740 naturae
923 2710 1066 2745 miserias,

110 2755 183 2784 velit
192 2754 336 2794 appellare
349 2763 354 2782 :
373 2763 558 2795 quamquam
572 2754 711 2782 nominis
723 2751 919 2793 quaestionem
934 2752 1066 2786 inducat,

111 2806 175 2827 non
188 2805 288 2826 tamen
307 2795 382 2835 ipsas
407 2795 443 2826 ab
457 2797 583 2825 homine
598 2794 729 2824 miserias
741 2814 749 2828 ,
771 2803 857 2834 atque
870 2794 1068 2824 incommoda

108 2837 290 2869 removebit.
315 2840 380 2867 Nec
400 2837 470 2867 vero
491 2836 661 2867 audiendus
680 2838 734 2865 erit
748 2846 799 2876 qui
813 2836 917 2865 baecab
928 2837 1068 2866 humanae

108 2889 219 2910 naturae
230 2879 358 2909 miseriis
368 2878 524 2919 separanda
536 2887 637 2919 putet,
660 2876 742 2919 quod
753 2880 858 2908 nonin
869 2886 971 2908 natura
982 2877 1066 2908 insita

108 2921 174 2954 sint,
187 2921 235 2951 sed
248 2922 348 2955 unius,
357 2923 407 2951 vel
418 2921 589 2962 aliquorum
603 2921 766 2949 hominurn
777 2929 890 2950 errores
900 2919 1065 2949 Videantur:

107 2965 200 2993 totius
217 2973 314 2994 aunem
334 2972 443 2994 naturae
462 2964 512 2993 illa
523 2960 735 2995 effeaffirmet,
754 2961 939 3001 quaeanullo
948 2961 1066 3001 prorsus

70 3000 72 3004 ὗ
108 3006 234 3035 bomine
261 3004 378 3046 sejungi
411 3004 532 3044 poffint.
565 3002 643 3044 quasi
669 3003 741 3033 vero
765 3006 932 3033 humanum
950 3013 1013 3032 non
1033 3002 1066 3033 sit

109 3047 215 3080 irasci,
245 3046 328 3087 quod
348 3048 436 3076 multi
454 3056 517 3076 non
535 3046 713 3079 irascantur,
740 3054 790 3075 aut
810 3054 872 3074 non
891 3045 1061 3075 humanum

68 3088 71 3090 ’
104 3088 210 3130 loqui,
228 3089 261 3120 &
275 3088 445 3121 societatem
463 3090 562 3123 coire,
580 3087 664 3129 quod
682 3087 774 3119 multi
785 3088 987 3128 reperiantur,
1004 3088 1056 3128 qui

1069 100 1097 130 o
1167 94 1195 132 ἰ,

1271 103 1301 134 A
1370 99 1403 131 ἰ-
1475 78 1603 131 κό.
1980 85 2105 151 1289

1136 165 1380 198 nihildifficilius
1398 165 1529 199 faciant,
1550 164 1641 207 quam
1661 174 1731 197 cum
1750 165 1929 197 horninibus
1944 166 2100 208 congredi»

1135 209 1366 239 autsermonem
1386 217 1458 239 cum
1478 209 1580 249 aliquo
1596 209 1742 238 conferre.
1765 208 1837 239 vere
1847 217 1946 239 autem
1957 209 2098 240 humauae

1136 251 1263 281 miseria:
1274 251 1342 281 sunt
1352 270 1360 285 ,
1384 249 1466 292 quod
1480 250 1512 280 δε
1531 249 1551 279 fi
1563 259 1626 280 non
1635 260 1745 281 omues
1757 253 1788 280 in
1800 260 1862 280 uno
1875 271 1884 284 ,
1894 249 1972 281 certe
1983 259 2095 281 ornnes

1133 293 1167 322 in
1177 293 1341 326 omnibus,
1363 292 1396 323 δε
1413 292 1511 333 aliqua
1529 293 1562 321 in
1584 292 1690 322 multis
1704 312 1713 326 ‚
1735 291 1767 322 ὃς
1786 293 1890 322 multa:
1904 292 2094 332 saepeinuno

1133 334 1344 373 agnoscuntur.
1363 335 1431 375 Jam
1445 354 1453 366 ‚
1465 332 1626 364 constantis
1635 336 1728 364 aetatis
1737 344 1811 374 quot
1820 354 1829 368 ,
1841 343 2019 375 quantaeque
2030 336 2092 364 mi·

1131 375 1212 406 seriae
1223 374 1278 405 sint
1300 396 1309 409 .
1340 385 1405 406 non
1422 373 1547 405 difficile
1558 374 1798 416 estintelligere‚
1826 374 2090 406 atdifficillimum

1131 426 1315 447 enumerare.
1339 418 1401 448 haec
1421 420 1506 447 enim
1528 426 1567 446 eit
1590 417 1736 447 omnibus
1754 418 1890 447 hominis
1912 418 2046 448 aetatibus
2057 419 2088 447 in

1131 458 1368 498 perturbationes
1389 460 1485 489 animi
1498 478 1508 491 ‚
1528 460 1560 488 in
1581 458 1711 498 pericula
1727 461 1831 499 capitis
1841 479 1850 492 ,
1871 458 1959 489 famae
1970 479 1977 493 ‚
1994 459 2092 489 fortu—

1132 509 1238 530 narum
1259 510 1317 530 una
1335 499 1474 530 maxime
1492 502 1628 530 incurrit.
1652 499 1724 531 ficut
1746 503 1831 530 enim
1847 509 2011 532 ceterarum
2021 511 2094 532 om·-

1133 543 1220 572 nium
1231 551 1363 576 aetatum,
1374 542 1409 571 ad
1420 552 1477 576 res,
1488 543 1665 583 negotiaque
1677 552 1742 572 tum
1751 545 1862 582 privata
1873 562 1881 576 ‚
1894 551 1958 572 tum
1971 543 2093 582 publicu

1132 583 1293 624 peragenda
1302 582 1447 623 aptiffima
1457 582 1500 614 est
1511 603 1519 616 ,
1532 593 1727 624 maximeque
1736 584 1854 615 idonea:
1867 586 1904 614 ita
1913 586 2004 614 etiam
2019 595 2089 618 una,

1131 635 1189 665 prae
1197 628 1302 656 ceteris
1324 627 1469 656 omnibus
1480 645 1488 658 ‚
1509 623 1720 656 difficultatum
1735 645 1744 659 ,
1763 626 2009 667 miseriarumque
2021 636 2093 656 om-

1132 669 1220 697 niurn
1232 687 1241 701 ,
1251 677 1317 707 quae
1327 677 1365 697 ex
1375 667 1492 707 publica
1504 687 1511 699 ,
1532 668 1703 708 privataque
1713 666 1973 698 administratione
1984 670 2091 698 oriun—

1131 718 1178 738 tur
1188 729 1196 742 ‚
1208 710 1352 749 particeps
1365 728 1372 742 ‚
1385 708 1418 738 δε
1431 709 1507 739 socia
1517 708 1568 738 est.
1592 709 1654 738 haec
1666 711 1776 748 privata
1785 712 1953 739 amicorum
1969 712 2091 750 negotia

1128 759 1287 790 procurat,
1307 751 1369 781 baec
1388 750 1505 790 publica
1516 749 1639 780 sustinet
1650 760 1792 781 munera:
1811 753 1874 781 haec
1882 752 2009 791 gloriam
2022 771 2031 785 ‚
2054 751 2090 781 δε

1128 791 1328 822 commodum
1338 802 1378 822 ex
1388 792 1474 822 rebus
1483 791 1611 821 feliciter
1619 793 1840 826 evenientibus,
1853 793 1915 823 haec
1923 802 2086 826 aerumnas,

1130 834 1163 865 &
1174 832 1327 864 molestias
1342 844 1379 864 ex
1402 833 1528 864 adversis
1539 836 1702 872 experitur.
1726 835 1796 864 huic
1807 834 1957 864 bonorum
1969 837 2088 865 civium

1128 877 1327 916 propugnatio
1338 896 1347 909 ‚
1369 876 1439 905 huic
1462 875 1613 905 malorum
1626 876 1770 905 accusatio
1780 874 1929 916 proposita
1938 876 1998 907 est:
2017 878 2089 907 huic

1130 918 1243 950 invidia
1259 937 1267 951 ‚
1292 918 1324 948 ὃ(
1334 918 1489 947 aemulatio
1500 918 1516 946 ἐι
1528 917 1617 947 bonis
1630 920 1796 947 imminent
1807 938 1815 950 ,
1834 919 1848 947 a
1861 919 1947 948 malis
1958 919 2090 958 pei-iculn

1129 960 1162 990 &
1172 958 1284 989 infidiae
1294 959 1501 990 intenduntur:
1512 968 1580 989 :etas
1589 969 1758 999 numquam
1769 957 1822 989 fibi
1831 959 1884 1000 ipsi
1896 970 1958 989 non
1968 960 2091 994 infesta,

1128 1011 1296 1042 numquam
1315 1010 1412 1041 pacata
1427 1012 1433 1029 :
1462 1001 1578 1041 semper
1600 1001 1764 1036 laboriosa,
1788 1002 1904 1041 semper
1921 1004 2010 1032 anxia
2021 1022 2029 1035 ,
2052 1003 2089 1032 δε

1131 1043 1265 1073 soliicita.
1287 1053 1354 1084 quae
1373 1040 1393 1072 si
1412 1052 1476 1072 non
1500 1043 1617 1082 aliquos
1634 1042 1787 1073 interdum
1803 1044 1847 1073 vel
1861 1044 2018 1076 utilitatis,
2037 1044 2088 1073 ve!

1127 1086 1288 1125 voluptatis
1304 1083 1419 1114 fruStus
1437 1093 1474 1114 ex
1492 1082 1604 1114 affiduo
1632 1085 1732 1114 labore
1749 1087 1930 1125 perciperet,
1954 1086 2090 1126 seipsam

1126 1125 1265 1166 profeRo
1275 1135 1373 1168 regere
1383 1145 1392 1160 ,
1410 1135 1442 1156 ac
1462 1128 1538 1156 tueri
1557 1135 1620 1156 non
1631 1125 1745 1166 posset„
1758 1127 1815 1156 Sed
1828 1127 2016 1157 miseriarum
2027 1137 2088 1157 nu—

1128 1179 1228 1198 merus
1239 1169 1338 1198 multo
1350 1168 1446 1207 major
1455 1166 1497 1197 est
1511 1168 1705 1208 :magnitudo
1717 1176 1815 1198 auteni
1826 1177 1922 1202 tanta,
1939 1178 1971 1198 ut
1985 1179 2089 1199 nemi-

1126 1220 1196 1240 nem
1207 1210 1222 1240 a
1231 1209 1360 1250 publicis
1382 1210 1644 1250 procurationibus
1655 1219 1719 1239 non
1729 1220 1859 1240 avertere
1869 1230 1877 1244 ,
1898 1221 1929 1241 ac
1939 1210 2087 1241 deterrere

1125 1251 1220 1292 poffit.
1236 1251 1351 1282 illustre
1360 1252 1487 1291 praebuit
1494 1251 1672 1291 exemplum
1684 1252 1830 1282 universae
1840 1253 1954 1282 civitati
1964 1253 2087 1283 calami·

1126 1304 1168 1324 tas
1179 1293 1279 1324 nostra
1291 1313 1299 1326 ,
1319 1303 1409 1334 quam
1428 1303 1467 1323 ex
1484 1302 1562 1333 parta
1573 1296 1689 1323 civium
1702 1294 1790 1324 salute
1801 1314 1811 1326 ‚
1831 1303 1870 1324 ex
1879 1293 2009 1324 defenfis
2017 1304 2089 1328 aris,

1125 1346 1157 1366 ac
1165 1334 1243 1366 focis
1255 1355 1263 1370 ,
1275 1345 1313 1365 ex
1325 1334 1528 1375 proditoribus
1539 1335 1554 1365 a
1564 1335 1736 1374 reipublicae
1750 1357 1758 1368 ,
1781 1346 1813 1366 ac
1821 1336 1927 1376 populi
1938 1338 1976 1366 R.
1987 1339 2087 1367 cervi·

1124 1377 1208 1408 cibus
1219 1376 1347 1417 depulfis
1354 1379 1571 1407 contraximus.
1583 1377 1640 1407 Sed
1649 1376 1748 1407 nostra
1757 1377 1846 1408 fuerit
1855 1387 1997 1408 aerumna:
2007 1380 2086 1409 civi·

1124 1418 1180 1449 bus
1192 1421 1351 1460 contigerit
1359 1419 1434 1449 salus
1446 1419 1480 1448 δε
1489 1420 1574 1459 quies
1586 1428 1591 1447 :
1602 1428 1693 1459 quam
1703 1421 1805 1451 etiam,
1817 1421 1878 1450 vita
1886 1420 1947 1459 ipsa
1955 1419 2086 1460 profun-

1123 1460 1221 1492 denda
1232 1480 1240 1494 ,
1261 1459 1367 1500 siopus
1383 1458 1503 1494 fuiffet,
1526 1459 1720 1490 libentissime
1731 1459 1969 1491 redemiss‘emus·
1993 1463 2085 1493 Nihil

1122 1500 1238 1532 neceffe
1248 1501 1290 1532 est
1300 1502 1379 1531 mihi
1389 1502 1425 1531 de
1436 1502 1560 1541 meipso
1569 1501 1737 1542 praedicare.
1754 1502 1809 1532 Sed
1821 1511 1920 1532 tamen
1931 1502 2085 1533 veriffime

1122 1541 1268 1573 affirmare
1279 1542 1411 1583 poffum,
1420 1552 1472 1573 eos
1483 1542 1609 1573 demum
1619 1552 1714 1572 annos
1725 1552 1775 1572 me
1783 1544 1853 1573 vere
1864 1542 1973 1573 vixisse
1984 1563 1993 1577 ,
2002 1554 2085 1584 quos

1122 1586 1154 1614 in
1165 1585 1305 1624 praeclaro
1320 1584 1422 1625 aliquo
1439 1585 1540 1624 patriae
1561 1584 1611 1613 vel
1628 1584 1816 1618 commodo,
1840 1585 1888 1615 vel
1897 1594 2084 1616 ornamento

1121 1624 1282 1656 consumsi.
1304 1636 1336 1656 ac
1347 1646 1357 1659 ‚
1369 1624 1390 1655 fi
1398 1625 1520 1666 longius
1528 1626 1607 1655 mihi
1617 1627 1710 1656 vitam
1721 1626 1884 1666 producere
1893 1626 2006 1662 liceret,
2016 1637 2083 1659 non

1121 1678 1172 1697 me
1181 1668 1238 1698 alia
1247 1668 1330 1698 causa
1339 1667 1374 1698 ad
1383 1667 1497 1698 diutius
1506 1667 1673 1698 vivendum
1686 1687 1694 1701 ‚
1706 1668 1796 1709 quim
1807 1668 1935 1708 publicae
1945 1669 2085 1700 utilitatis

1121 1708 1254 1740 studium
1265 1728 1273 1743 ,
1285 1719 1412 1750 curaque
1422 1708 1596 1740 adduceret:
1614 1719 1680 1750 quae
1691 1719 1750 1741 una
1758 1711 1899 1752 cogitatio
1908 1712 1941 1740 in
1953 1711 2084 1742 homine

1120 1750 1248 1791 gloriosa
1259 1770 1267 1784 ,
1291 1750 1325 1780 &
1344 1750 1502 1781 laudabilis
1518 1749 1560 1780 est
1569 1751 1715 1781 maxime.
1739 1752 1850 1784 Nunc,
1871 1760 1937 1792 quae
1945 1761 2085 1785 eXtrema

1120 1793 1156 1822 de
1168 1792 1302 1822 aetatibus
1312 1792 1440 1832 superest
1452 1811 1461 1825 ,
1479 1791 1553 1833 quid
1571 1802 1627 1833 ego
1637 1792 1675 1822 de
1685 1791 1846 1823 sene&utis
1856 1794 2082 1828 incommodis,

1119 1843 1152 1864 ac
1162 1833 1291 1864 miseriis
1301 1833 1429 1874 loquar?
1446 1843 1517 1874 quas
1526 1834 1669 1873 plurimas
1676 1832 1733 1864 esse
1744 1853 1753 1868 ,
1779 1834 1811 1865 &
1819 1833 2000 1876 gravissimas
2012 1855 2022 1870 ,
2044 1836 2081 1869 δε

1119 1885 1236 1905 nomen
1254 1875 1352 1916 ipsum
1364 1895 1374 1909 ,
1407 1875 1558 1916 languoris
1572 1895 1581 1908 ‚
1605 1875 1842 1917 calamitatisque
1858 1876 2081 1917 pleniffimum‚

1120 1917 1231 1947 indicat
1241 1937 1250 1951 ,
1273 1917 1306 1947 ὃς
1314 1916 1469 1957 adspectus
1479 1917 1541 1957 ipse
1552 1917 1658 1947 senum
1671 1918 1837 1948 hominum
1846 1917 1992 1959 patefacit.
2005 1919 2081 1961 quid

1118 1958 1161 1989 est
1171 1960 1255 1988 enim
1268 1959 1349 1989 aliud
1360 1978 1368 1992 ,
1392 1959 1495 1989 senem
1506 1958 1606 1988 videre
1616 1968 1796 1990 trementem
1809 1979 1817 1993 ,
1834 1961 1995 1991 incurvum
2010 1981 2019 1995 ,
2031 1972 2082 1993 ca-

1118 2010 1193 2031 num
1205 2020 1215 2034 ,
1235 2000 1449 2044 imbecillum,
1468 1999 1627 2030 infirmum
1638 2020 1647 2034 ,
1661 2001 1752 2042 quam
1761 2011 1882 2032 cernere
1893 2004 2080 2035 morientem

1117 2044 1224 2073 vivum
1236 2062 1245 2076 ,
1265 2044 1477 2073 autviventem
1493 2045 1674 2073 mortuum?
1693 2046 1736 2073 Ac
1747 2063 1756 2077 ,
1776 2042 1796 2074 fi
1809 2044 1968 2074 nonnullis
1977 2045 2081 2076 visum

1117 2083 1177 2118 est,
1188 2094 1326 2126 magnam
1338 2082 1394 2114 effe
1404 2085 1505 2114 senilis
1515 2087 1606 2114 aetatis
1612 2085 1867 2120 consolationem,
1877 2085 2080 2126 prudentiam,

1119 2126 1172 2156 usu
1190 2136 1290 2156 rerum
1308 2124 1477 2166 quaesitam,
1501 2136 1567 2167 quae
1588 2126 1671 2156 illius
1690 2129 1783 2157 aetatis
1800 2130 1934 2168 propria:
1954 2128 2080 2160 eosdem

1117 2168 1188 2198 illos
1199 2166 1285 2198 fateri
1296 2176 1415 2207 oportet
1423 2187 1431 2202 ,
1449 2177 1486 2197 ex
1496 2178 1533 2198 eo
1546 2168 1609 2207 ipso
1620 2168 1705 2199 fonte
1716 2179 1834 2199 manare
1847 2172 1937 2200 etiam
1949 2170 1982 2200 ad
1994 2170 2079 2201 senes

1117 2219 1180 2240 non
1192 2211 1361 2239 minimum
1373 2209 1490 2240 doloris
1501 2229 1510 2244 ,
1521 2219 1608 2250 atque
1623 2209 1781 2242 molestiae.
1804 2213 1855 2252 qui
1867 2213 1950 2241 enim
1963 2212 1992 2242 se
2004 2222 2078 2252 pru—

1117 2251 1240 2281 dentem
1253 2271 1261 2285 ,
1284 2261 1445 2292 rerumque
1454 2251 1633 2291 agendarum
1643 2253 1774 2292 peritum
1785 2253 1938 2293 agnoscit,
1950 2263 2001 2284 cur
2009 2264 2079 2286 non

1116 2293 1235 2327 doleat,
1257 2303 1324 2333 quae
1345 2293 1463 2333 optime
1482 2293 1626 2334 intelligit
1635 2313 1643 2327 ,
1664 2303 1722 2333 prae
1741 2303 1832 2325 aetatis
1841 2296 1916 2324 vitio
1928 2315 1937 2328 ,
1958 2297 2077 2335 optime

1116 2336 1206 2365 etiam
1218 2334 1357 2375 perficere
1368 2344 1430 2365 non
1441 2333 1522 2375 poss'e
1535 2338 1544 2365 ?
1563 2335 1596 2365 δε
1606 2355 1614 2369 ,
1638 2334 1658 2365 si
1669 2338 1797 2376 patriam
1808 2336 1908 2377 diligit
1918 2356 1927 2370 ,
1951 2347 2002 2367 cnr
2011 2347 2076 2368 non

1116 2385 1255 2418 angatur,
1277 2376 1360 2418 quod
1373 2396 1382 2411 ,
1402 2386 1491 2418 quarn
1509 2376 1636 2407 consilio
1651 2378 1735 2418 juvat
1745 2397 1754 2412 ,
1778 2388 1866 2418 opera
1873 2380 1964 2409 etiam
1977 2379 2079 2414 iuvare

1118 2428 1181 2448 non
1190 2417 1277 2458 possit
1290 2422 1300 2448 ?
1319 2428 1414 2459 eoque
1434 2419 1530 2459 major
1538 2419 1733 2458 prudentium
1744 2419 1833 2450 dolor
1843 2419 1885 2450 est
1895 2440 1903 2454 ,
1925 2418 2008 2461 quod
2021 2431 2079 2460 op-

1117 2462 1266 2490 timorum
1284 2458 1480 2491 consiliorum
1508 2459 1640 2491 frustum
1665 2462 1746 2491 nulla
1769 2462 1825 2492 alia
1839 2464 1953 2492 ratione
1962 2465 2077 2503 percipi

1116 2499 1209 2541 posse,
1220 2501 1310 2543 quam
1326 2500 1345 2531 fi
1357 2503 1473 2542 optime
1485 2501 1521 2532 ad
1533 2504 1649 2532 exitum
1661 2504 1859 2543 perducantur
1870 2524 1879 2537 ‚
1891 2505 2076 2545 intelligunt:

1116 2542 1198 2584 quod
1212 2563 1220 2576 ,
1244 2543 1301 2574 nisi
1311 2545 1357 2574 vir
1367 2547 1501 2584 optimus
1512 2563 1521 2578 ,
1541 2546 1704 2585 patriaeque
1714 2544 1930 2576 amantiffimus
1941 2546 1975 2576 ad
1984 2556 2075 2586 agen—

1117 2586 1190 2615 dum
1201 2585 1334 2619 accedat,
1357 2586 1476 2625 prorsus
1496 2588 1597 2616 inania
1608 2584 1781 2617 sintfutura.
1805 2590 1852 2617 De
1862 2588 1997 2618 aetatibus
2007 2589 2076 2618 satis

1117 2628 1195 2657 mihi
1205 2627 1310 2658 videor
1321 2625 1438 2657 dixisse.
1462 2627 1535 2668 quid
1552 2628 1613 2667 jam
1628 2628 1664 2658 de
1677 2628 1838 2669 generibus
1848 2630 2010 2660 hominum
2024 2630 2074 2660 lo-

1116 2678 1205 2709 quar?
1215 2677 1264 2699 aut
1275 2669 1425 2710 numquid
1436 2671 1584 2709 principes
1597 2671 1679 2700 viros
1689 2690 1697 2703 ,
1711 2670 1744 2700 δε
1755 2670 1890 2705 medios,
1902 2670 2074 2702 &infimos

1116 2710 1203 2751 aeque
1214 2711 1341 2741 miseros
1359 2709 1417 2741 effe
1430 2721 1534 2752 negare
1542 2710 1684 2751 pofl'um?
1700 2712 1859 2753 Regesipsi
1869 2713 1958 2753 quam
1971 2714 2074 2744 miseri

1116 2751 1173 2782 sint
1183 2772 1191 2786 ‚
1211 2762 1383 2793 quantoque
1393 2763 1481 2792 opere
1490 2753 1710 2787 sollicitudini,
1730 2757 1853 2789 timori,
1863 2764 1949 2795 atque
1958 2755 2075 2786 insidiis

1114 2794 1253 2834 propositi
1266 2813 1274 2828 ,
1287 2795 1353 2824 satis
1367 2793 1671 2834 ostenditDionysius
1681 2816 1689 2829 ,
1704 2796 1775 2825 cum
1790 2798 1974 2827 imminente
1983 2799 2074 2838 capiti

1114 2836 1214 2876 gladio
1224 2837 1405 2866 Damoclem
1423 2835 1551 2866 fortunae
1566 2837 1623 2867 suae
1637 2836 1811 2868 felicitatem
1822 2839 1920 2868 voluit
1933 2841 2073 2879 experiri.

1116 2888 1171 2908 nec
1181 2880 1294 2908 mirum
1308 2888 1313 2907 z
1329 2877 1401 2908 curn
1413 2879 1449 2908 iis
1459 2878 1608 2908 bellorum
1621 2879 1800 2910 calamitates
1810 2899 1818 2913 ,
1828 2889 1968 2921 agrorum
1980 2880 2073 2912 vasta·

1115 2921 1213 2950 tiones
1225 2939 1234 2953 ,
1246 2920 1429 2960 populorum
1439 2919 1546 2954 caedes,
1557 2919 1678 2950 urbium
1689 2923 1780 2952 exitia
1791 2923 1985 2953 immineant.
2006 2933 2073 2963 quae

1114 2961 1185 2991 cum
1196 2964 1342 2992 eveniunt
1350 2981 1361 2995 ‚
1374 2963 1426 3002 qui
1441 2961 1566 2992 vi&oria
1577 2964 1690 3001 potitur
1699 2983 1708 2996 ,
1719 2964 1830 3004 aliquid
1840 2965 1873 2994 δε
1882 2964 1917 2994 ad
1927 2965 2073 3005 gloriam,

1115 3003 1189 3033 &ad
1201 3004 1366 3043 imperium
1388 3003 1503 3043 semper
1520 3006 1663 3044 acquirit:
1681 3005 1731 3035 sed
1741 3014 1818 3036 tanta
1827 3015 1963 3046 praeterea
1971 3017 2071 3037 rerum

1113 3043 1227 3075 amissio
1241 3065 1250 3078 ,
1274 3045 1429 3086 tantusque
1440 3046 1555 3076 sumtus
1567 3046 1759 3088 consequitur
1769 3067 1776 3080 ,
1799 3057 1831 3077 ut
1843 3049 1942 3089 magni
1957 3048 2074 3078 constet

1113 3085 1241 3118 vinstoria
1254 3106 1262 3123 >
1281 3095 1312 3120 ac
1331 3088 1507 3129 plerumque
1518 3087 1700 3127 praestiterit,
1721 3099 1890 3132 numquam
1898 3100 1977 3121 arma
1992 3090 2075 3161 supi-⁷

1402 3132 1605 3162 Aaaaaaaa
2001 3131 2076 3163 iiie.
