2295 3400
152 138 252 188 430
567 116 1073 166 M.Tut.1.11

154 207 284 247 esperiri
294 205 369 236 velis
383 226 390 238 .
408 207 418 224 ¹
431 204 458 233 in
470 204 536 233 Care
546 200 751 245 idpotiffi'mtbm
762 201 810 241 effi
814 200 1000 242 faciendum?
1020 196 1103 238 Quid

156 249 247 290 porro
259 252 289 278 in
301 250 404 277 Graeco
415 247 551 276 sermone
565 254 625 275 tam
636 246 751 278 tritum,
761 253 848 284 atque
860 243 1041 273 celebratum
1052 239 1105 286 est?

182 291 249 321 uam
262 310 270 323 ‚
289 288 309 318 si
318 291 384 328 quis
393 288 552 327 despicatui
561 286 678 317 ducitur
687 306 696 319 ‚
717 295 749 316 ut
758 286 906 327 Mysbrum
921 284 1040 314 ultimus·
1050 281 1107 312 este

159 302 272 363 ‹elit-atur
289 333 299 359 ?
321 332 402 359 Nam
417 328 490 369 quid
508 338 564 369 ego
580 328 677 359 dicam
695 327 732 358 de
746 328 860 367 Lydia?
881 328 949 368 quis
964 333 1109 366 umquam

162 377 280 404 Graecus
290 370 480 401 comoediam
491 369 599 410 scripsit
610 389 618 403 ‚
640 374 671 399 in
685 379 742 410 qua
755 369 855 399 servus
869 371 1034 409 primarum
1046 376 1111 407 par-

161 418 239 444 tium
255 423 319 442 non
329 412 422 454 Lydus
435 410 525 442 esset?
546 411 754 452 Qamobrem
768 421 833 452 quae
847 411 935 441 vobis
947 408 979 440 fit
989 410 1109 449 injuria,

163 456 181 485 s·
197 455 353 486 statuimus
367 453 465 484 vestro
480 454 570 484 nobis
582 453 698 493 judicio
714 452 853 483 standum
872 451 929 482 esse
947 451 984 481 de
1001 450 1109 481 vobis?

160 495 311 538 Equidem
325 497 402 526 mihi
418 497 477 533 jam
493 495 559 525 satis
579 496 723 535 superque
742 493 851 525 dixisse
870 493 1020 524 videorde
1032 490 1113 523 Asia-

161 541 223 569 tico
242 547 349 579 genere
367 536 491 567 testium
513 547 518 565 :
547 537 595 567 sed
614 546 715 566 tamen
733 536 864 566 vestrum
883 535 927 566 est
946 555 954 569 ‚
981 534 1109 575 judices,

161 583 267 610 omnia
277 600 285 612 ,
307 589 373 620 quae
385 578 445 609 dici
457 577 578 619 poss'unt
594 580 626 608 in
636 579 800 608 hominum
811 579 960 608 levitatem
972 597 980 611 ‚
1002 579 1112 607 incon-

164 621 300 652 stantiam
310 641 318 654 ‚
333 620 527 661 cupiditatem
540 641 548 654 ,
563 619 676 651 etiamsi
685 620 700 650 a
712 630 761 650 me
771 618 874 651 minus
885 619 1026 650 dicuntur
1035 638 1043 651 ,
1058 627 1110 647 ve-

101 663 141 697 28
164 662 228 694 stris
238 665 366 695 animis,
388 663 421 692 &
441 663 608 703 cogitatione
625 662 847 704 comprehendere.
869 664 1007 711 Sequitur
1027 660 1112 689 ²auri

164 705 215 735 illa
224 703 472 745 invidiaJudaici.
487 706 556 734 Hoc
565 705 712 734 nimirum
722 703 764 734 est
773 703 847 733 illud
858 723 866 736 ‚
877 703 959 744 quod
970 711 1033 731 non
1043 701 1112 730 lon-

160 746 225 788 geia
238 746 376 787 gradibus
387 746 516 776 Aureliis
529 746 591 776 haec
600 746 684 776 causa
693 745 811 775 dicitur.
838 748 850 772 3
862 745 902 775 ob
920 746 979 774 hoc
995 745 1113 773 crimen

162 790 214 818 hic
226 788 310 818 locus
323 787 373 817 abs
386 796 415 817 te
426 807 434 821 ,
454 788 527 818 Laeli
539 807 548 821 ,
566 796 654 828 atque
671 788 721 817 illa
736 787 820 817 turba
837 785 953 827 quaesita
971 784 1023 815 cst.
1047 784 1112 817 scis,

163 838 273 871 quanta
289 827 323 859 sit
339 838 446 859 manus
457 849 465 862 ,
484 837 593 870 quanta
606 829 767 859 concordia
778 848 787 862 ‚
805 837 952 869 quantum
970 827 1063 857 valeat
1082 826 1114 854 in

163 871 376 902 concionibus.
399 869 578 901 4summissii
593 880 667 900 voce
686 880 769 911 agam
784 889 793 904 ‚
814 868 933 900 tantum
949 876 981 898 ut
996 867 1112 907 judices

163 913 296 944 audiant.
319 922 416 953 neque
429 914 513 942 enim
525 912 651 945 desunt,
671 913 724 952 qui
743 910 815 942 istos
834 913 867 940 in
885 921 953 943 me,
974 919 1062 950 atque
1080 910 1113 938 in

165 956 320 994 optimum
329 963 481 995 quemque
490 956 633 984 incitent:
652 963 729 994 quos
739 963 794 994 ego
805 973 813 986 ‚
833 962 895 993 quo
906 952 935 983 id
945 950 1063 983 facilius
1071 949 1115 981 fa-

163 1004 263 1030 ciant,
283 1005 347 1026 non
363 995 519 1035 adjuvabo.
543 994 621 1025 Cum
639 1004 744 1025 aurum
756 1015 764 1028 ,
780 996 957 1036 Judaeorum
976 995 1114 1025 nomine,

163 1039 326 1079 quotannis
334 1047 373 1067 ex
382 1038 464 1067 Italia
475 1056 483 1070 ‚
503 1037 536 1066 &
548 1046 586 1066 ex
596 1036 741 1067 omnibus
751 1036 853 1067 vestris
864 1037 1028 1076 provinciis
1041 1036 1116 1064 Hie-

164 1079 351 1118 rosolymam
369 1079 518 1118 exportari
535 1078 642 1108 soleret
654 1098 663 1112 ,
684 1078 803 1109 Flaccus
823 1078 919 1108 sanxit
937 1076 1037 1108 edieto
1049 1096 1058 1110 ‚
1078 1085 1117 1106 ne

165 1131 205 1152 ex
215 1120 280 1150 Asia
293 1121 441 1160 exportari
456 1120 567 1150 liceret.
590 1122 666 1158 Quis
677 1118 738 1153 est,
756 1120 888 1159 Judices,
907 1121 961 1161 qui
978 1119 1036 1148 hoc
1052 1127 1116 1147 non

164 1163 235 1192 vere
246 1161 362 1192 laudare
371 1159 457 1201 poffit
473 1163 483 1190 ?
505 1163 666 1201 Exportari
676 1171 782 1192 aurum
793 1171 856 1192 non
866 1172 885 1191 o
908 1170 1003 1191 ortere
1018 1179 1025 1193 ,
1044 1158 1117 1190 cum

165 1205 240 1244 sepe
249 1212 332 1234 antea
341 1203 456 1233 senatus
467 1223 475 1236 ,
487 1211 553 1233 tum
564 1213 614 1233 me
623 1203 746 1234 consule
758 1223 766 1237 ‚
785 1205 866 1245 gravi
890 1202 951 1232 ime
961 1202 1116 1240 judicavit.

166 1247 251 1275 Huic
259 1253 361 1274 autem
370 1243 681 1286 barbaraesuperstitioni
690 1244 817 1275 resistere
828 1265 836 1278 ‚
849 1245 1008 1275 severitatis
1019 1254 1024 1272 :
1036 1242 1117 1272 mul-

165 1286 329 1317 titudinem
341 1286 517 1327 Judaeorum
529 1307 538 1320 ‚
557 1286 730 1326 flagrantem
744 1295 980 1327 nonnumquam
993 1287 1026 1314 in
1045 1294 1119 1314 con-

165 1328 308 1359 cionibus
320 1348 329 1360 ,
353 1337 408 1368 pro
426 1338 484 1368 rep.
504 1337 718 1362 contemnere,
738 1330 887 1369 gravitatis
904 1328 1030 1357 summae
1049 1325 1118 1355 fuit.

165 1373 208 1400 At
217 1372 274 1400 Cn.
285 1371 457 1410 Pompeius,
469 1371 559 1409 captis
571 1370 803 1410 Hierosolymis,
816 1368 914 1400 vidior
926 1379 964 1398 ex
977 1368 1033 1398 illo
1046 1366 1117 1397 fano

165 1411 246 1442 nihil
254 1413 361 1452 attigit.
383 1414 418 1441 In
430 1413 534 1451 primis
544 1412 601 1441 hoc
610 1431 618 1444 ,
631 1420 663 1441 ut
674 1412 768 1442 multa
775 1412 831 1442 alia
841 1431 849 1445 ,
860 1411 1004 1451 sapienter
1013 1430 1021 1444 ‚
1036 1408 1120 1449 quod

166 1454 202 1483 in
212 1462 273 1483 tam
283 1453 438 1493 suspiciosa
448 1472 456 1486 ‚
471 1463 502 1483 ac
511 1453 655 1483 maledica
664 1455 784 1484 civitate
793 1454 894 1483 locum
900 1452 1021 1492 sermoni
1031 1450 1121 1480 obtre-

169 1492 312 1523 &ararum
330 1504 394 1524 non
409 1495 539 1535 reliquit.
562 1505 627 1525 non
645 1497 729 1525 enim
741 1515 750 1529 ‚
767 1495 856 1525 credo
867 1514 876 1527 ‚
896 1494 1075 1534 religionem
1086 1492 1119 1522 &

166 1536 342 1578 Judaeorum
355 1557 364 1568 ,
377 1536 409 1566 &
420 1536 552 1566 hostium
563 1556 571 1569 ‚
584 1536 807 1575 impedimento
814 1533 1050 1577 praestantiffimo
1060 1536 1121 1564 im-

168 1579 296 1619 peratori
307 1598 316 1610 ‚
332 1577 379 1607 sed
389 1577 555 1618 pudorem,
567 1577 664 1608 fuifl'e.
687 1578 829 1619 Ubiergo
837 1579 954 1608 crimen
964 1576 1027 1606 est?
1044 1585 1121 1616 quo-

171 1621 256 1650 niam
266 1618 389 1660 quidem
398 1618 512 1649 furtum
524 1620 672 1660 nusquam
683 1619 871 1660 reprehendis
880 1639 888 1653 ‚
907 1618 1042 1649 edietum
1051 1627 1123 1657 pro-

170 1661 240 1694 bas,
259 1661 427 1700 judicatum
445 1660 544 1690 fateris
557 1681 566 1695 ‚
588 1665 601 1689 5
611 1660 786 1702 quaesitum,
805 1661 838 1691 &
854 1661 1005 1701 prolatum
1024 1658 1122 1699 palam

171 1712 237 1733 non
247 1712 335 1742 negas
345 1721 353 1736 ‚
369 1701 469 1732 aetum
480 1701 535 1732 esle
545 1712 598 1742 per
606 1706 688 1733 viros
697 1705 854 1744 primarios
863 1712 907 1733 res
917 1702 977 1742 ipsa
986 1701 1122 1731 declarat.

169 1741 185 1765 ⁶
197 1746 336 1784 Apameae
350 1743 510 1774 manifesto
525 1745 777 1784 comprehensum
789 1764 797 1779 ,
816 1753 884 1775 ante
893 1744 981 1785 pedes
991 1744 1123 1783 praetoris

171 1787 205 1816 in
226 1785 294 1816 foro
310 1785 474 1825 expensum
494 1784 536 1816 est
554 1788 616 1816 auri
635 1787 740 1826 pondo
756 1796 880 1817 centum
900 1785 1002 1826 paullo
1021 1786 1124 1815 minus

170 1836 224 1869 per
240 1832 254 1856 7
265 1830 333 1858 Sex.
354 1825 479 1857 Caefium
492 1847 500 1860 ,
521 1830 655 1868 equitem
664 1831 840 1859 Romanum
851 1848 859 1861 ‚
880 1826 1059 1866 casttffimum
1070 1827 1125 1856 ho-

170 1871 292 1899 minem
307 1888 315 1902 ‚
337 1877 422 1909 atque
439 1870 668 1910 integerrimum
689 1880 696 1899 t
722 1869 877 1900 Laodiceae
892 1870 1004 1910 viginti
1021 1867 1125 1908 pondo

169 1911 273 1952 paullo
291 1911 421 1950 amplius
439 1905 514 1950 8per
524 1912 605 1940 hunc
613 1912 712 1950 ipsum
729 1911 952 1942 L.Peducaeum
963 1930 971 1944 ,
988 1910 1124 1950 judicem

170 1951 325 1982 nostrum:
347 1951 526 1982 Hadrumeti
543 1962 595 1992 per
608 1955 662 1983 Cn.
673 1955 869 1987 Domitium,
889 1953 1034 1993 legatum:
1056 1954 1126 1982 Per-

170 1996 327 2035 gaminon
341 1993 487 2023 multum.
511 1995 585 2024 Auri
602 1996 676 2024 ratio
693 1994 825 2025 constat:
843 2004 950 2024 aurum
970 1996 1003 2023 in
1021 1994 1126 2023 aerario

171 2034 217 2066 est
229 2046 234 2064 :
250 2034 365 2065 furtum
375 2044 440 2064 non
449 2035 690 2075 reprehenditur:
705 2036 815 2065 invidia
825 2037 979 2078 quaritur:
993 2036 1009 2065 ὲ.
1017 2034 1128 2075 judici-

174 2077 231 2107 bus
249 2080 264 2104 9
273 2079 370 2107 oratio
380 2078 534 2107 avertitur:
553 2087 615 2108 vox
626 2080 659 2108 in
669 2088 813 2108 coronam
821 2098 830 2112 ‚
842 2077 1017 2117 turbamque
1026 2074 1127 2106 effun-

174 2118 268 2149 ditur.
291 2121 347 2149 Sua
354 2120 460 2158 cuique
470 2120 584 2149 civitati
592 2120 699 2160 religio
710 2139 718 2153 ,
732 2121 805 2150 Laeli
815 2140 823 2153 ‚
836 2119 878 2149 est
887 2139 896 2152 ,
918 2120 1016 2149 nostin
1027 2118 1127 2148 nobis.

173 2159 326 2191 stantibus
344 2160 564 2199 Hierosolymis
576 2180 585 2194 ‚
603 2161 768 2202 pacatisque
782 2160 913 2202 Judaeis‚
935 2169 1037 2190 tamen
1052 2159 1128 2190 isto-

176 2211 245 2232 rum
255 2201 362 2241 religio
372 2201 519 2231 sacrorum
532 2202 547 2232 ὲ
558 2202 712 2242 splendore
726 2203 814 2242 hujus
830 2204 950 2241 imperii
962 2222 970 2235 ,
990 2203 1130 2243 gravitate

176 2244 316 2273 nominis
333 2242 426 2272 nostri
442 2262 450 2276 ,
468 2244 621 2283 majorum
638 2243 783 2274 institutis
798 2263 806 2277 ,
824 2243 1000 2274 abhorrebat
1019 2254 1025 2273 ι
1048 2252 1130 2274 nunc

217 2368 239 2385 ι.
249 2363 277 2386 In
288 2363 348 2386 Care
357 2361 521 2394 idportffimum
532 2363 735 2396 effefaciendum]
744 2363 785 2388 Sic
795 2362 860 2388 bene
871 2363 983 2396 conjecit
995 2362 1129 2393 Erasmus,

175 2395 322 2432 probatque
334 2397 364 2422 P.
375 2396 508 2423 victorius
520 2398 566 2424 lib.
580 2407 603 2424 ν.
614 2399 676 2424 Var.
689 2397 751 2424 lest.
763 2407 818 2434 cap.
833 2407 874 2424 12.
894 2407 954 2424 cum
965 2406 1052 2425 tamen
1065 2398 1131 2424 reti-

176 2440 271 2458 ιρι-ειη
282 2431 339 2458 mss.
350 2432 481 2465 omniurn,
491 2434 517 2458 in
526 2437 637 2465 Cariam,
649 2437 783 2474 quomodo
793 2436 857 2460 item
870 2434 937 2460 Pall.
950 2433 1058 2470 septem.
1070 2443 1130 2460 nam

175 2467 226 2494 sec.
239 2467 314 2494 habet
325 2468 350 2494 in
363 2477 390 2494 ea
401 2478 435 2494 re.
455 2478 487 2495 ex
500 2479 551 2504 quo
564 2469 640 2496 facile
650 2472 695 2496 hat
707 2473 731 2495 in
742 2473 804 2496 Care
815 2489 823 2502 ,
835 2470 873 2496 uti
885 2469 982 2496 diserte
993 2469 1132 2505 perscribi-

177 2509 222 2529 tur
234 2513 260 2530 in
272 2505 444 2531 Grutcriano.
458 2505 618 2531 Gulielmius
631 2513 717 2532 tamen
731 2505 798 2532 visus
809 2505 844 2532 cst
855 2505 998 2541 adprobare
1010 2509 1035 2531 in
1045 2508 1131 2532 Caria.
1154 2506 1156 2511 ’

178 2539 293 2566 rationes
304 2540 388 2566 nullas
398 2539 544 2577 perscripsit
556 2550 563 2571 ;
578 2551 661 2578 neque
671 2551 720 2578 ego
731 2541 809 2568 facile:
819 2549 929 2578 exputo.
949 2541 995 2569 nisi
1007 2542 1023 2568 si
1034 2544 1133 2568 Cariam

178 2574 268 2602 sumlit
280 2595 288 2607 ‚
299 2585 346 2611 pro
359 2576 458 2603 femina
468 2577 522 2610 ejus
535 2577 595 2604 loci.

215 2619 243 2636 2.
262 2615 338 2639 caari
347 2613 387 2637 ilh
395 2613 490 2638 wamia
497 2613 623 2649 Judaich]
636 2615 676 2641 De
687 2622 718 2641 eo
730 2613 857 2641 videndus
868 2613 991 2649 Cujacius
1002 2612 1034 2641 ad
1046 2612 1092 2639 lib.
1103 2622 1132 2640 x.

180 2646 239 2674 Cod
248 2647 398 2681 .Justiiii:ini
410 2648 454 2674 tit.
467 2658 554 2675 Lxxv.

218 2691 244 2717 3.
264 2685 296 2708 Ob
305 2684 343 2708 hoc
352 2684 463 2718 crimem]
476 2685 587 2712 Henrici
599 2685 721 2722 Stephani
733 2685 800 2712 liber
810 2685 931 2722 scriptus,
943 2685 977 2711 ad
986 2687 1024 2711 hoc
1033 2687 1129 2711 crimen.

180 2717 265 2754 sicque
276 2718 360 2745 editio
370 2719 562 2755 Lugdunensis.
582 2730 610 2750 at
631 2723 771 2750 metendum.
789 2731 898 2759 quaeque
910 2741 918 2754 ,
936 2729 963 2749 at
973 2721 1030 2749 mss.
1051 2721 1132 2748 nostri

179 2754 271 2780 decem
282 2755 350 2781 stant
359 2764 406 2790 pro
418 2757 535 2792 vulgato.

215 2797 244 2822 4.
256 2792 377 2824 Smmmſja
386 2801 442 2817 voce
451 2794 597 2829 agam‚&e.]
611 2794 769 2831 Antiquitus
783 2794 834 2821 cusi
846 2795 874 2821 δε
884 2793 941 2821 mss.
952 2793 1020 2820 Pall.
1031 2792 1132 2819 &Vi-st.

180 2824 277 2852 habent
288 2835 350 2852 voce
360 2827 471 2863 amplius
484 2831 526 2862 ,fi.
547 2830 574 2855 8(
583 2838 687 2866 poterat
700 2831 751 2866 legi
764 2850 772 2862 ,
783 2835 808 2857 in
818 2832 962 2857 concionibus
974 2849 981 2862 ‚
993 2830 1134 2864 fifiibrmffa

179 2870 235 2887 mre
245 2871 322 2894 agam.
333 2864 382 2893 ,ἐγ-ε.
395 2864 537 2891 Lambinus
548 2865 632 2893 edidit
643 2886 650 2897 ,
662 2868 816 2900 Sicsubmiffa
825 2876 891 2898 voce,
901 2867 952 2897 (lyr.

220 2906 245 2929 5.
265 2899 386 2931 Qaestmm
394 2901 411 2929 „2
420 2910 423 2914 ·
429 2903 573 2936 prolatum]
594 2902 707 2938 Vulgata
722 2904 855 2935 probatum.
875 2901 918 2929 sed
937 2908 1029 2929 contra
1045 2901 1134 2938 plures

183 2933 239 2959 iuss'.
252 2933 279 2958 8<
291 2933 354 2959 olim
365 2935 511 2969 publicatos
524 2956 531 2967 ‚
542 2947 654 2973 quoi-iun
665 2938 771 2974 quidam
779 2941 908 2971 ploratum.

216 2969 245 3008 64.
266 2972 382 3001 cslpameae
392 2974 508 3004 maaijiesso
519 2976 697 3008 comprehenfiaem
708 2994 716 3006 ,
738 2982 793 3000 ante
802 2975 872 3007 pedes
888 2974 990 3008 putoris
999 2975 1080 3008 injbro
1090 2982 1132 2999 ex-

178 3007 317 3044 penjunifJ-i'
325 3008 456 3038 auriponJo
467 3016 555 3033 comm:
567 3028 574 3040 ‚
584 3010 650 3044 (lyr-‚j
672 3010 751 3037 Vides
770 3010 824 3037 illis
839 3011 911 3044 pondo
930 3017 1020 3036 centum
1037 3009 1132 3045 apponi

181 3040 261 3080 ,νει-Μ
273 3041 420 3076 lingularia.
436 3043 474 3068 At
484 3052 572 3069 centnm
583 3046 674 3080 utique
686 3046 814 3082 singulare
826 3055 958 3082 nunquam
969 3046 1015 3072 est.
1026 3046 1132 3081 Nempe

180 3083 314 3111 integrum
326 3085 381 3104 etat
392 3088 397 3104 :
420 3081 549 3111 comprelwn
561 3089 598 3104 um
608 3084 643 3106 eff
650 3083 678 3112 ὼ
687 3082 806 3115 expenfirm
821 3083 911 3115 pondus·
929 3085 985 3108 auri
1003 3089 1093 3108 centum
1102 3084 1134 3107 li-

179 3113 279 3152 busuam
290 3131 298 3144 ‚
317 3122 365 3148 qn:
378 3114 436 3147 siim
451 3116 522 3148 pondo
534 3134 540 3148 ‚
553 3117 604 3150 five
610 3118 707 3150 pondere
713 3118 831 3152 pendenda
840 3118 868 3151 &v
876 3118 1042 3145 examinando.
1060 3118 1133 3146 Gro-

180 3156 284 3174 notris-

1151 112 1697 163 CicnRoN1s'

1151 197 1223 229 verb
1232 199 1291 229 hoc
1302 199 1415 241 magis,
1435 198 1515 240 quod
1530 200 1580 231 illa
1595 210 1687 243 gens,
1706 200 1779 243 quid
1796 199 1833 232 de
1849 197 1986 243 imperio
2003 200 2111 233 nostro

1153 241 1273 272 sentiret
1282 262 1291 275 .
1307 240 1420 276 ostendit
1427 251 1510 271 armu
1518 253 1530 270 .·
1548 246 1638 284 quam
1648 254 1713 274 cara
1721 243 1781 275 diis
1790 244 2015 275 immortalibus
2027 243 2110 279 ess’et,

1154 282 1278 317 docuit,
1296 281 1415 324 ¹0qubd
1436 282 1479 314 est
1497 283 1576 315 vista
1593 304 1602 319 ‚
1625 285 1707 326 qubd
1727 286 1838 316 elocata
1857 306 1865 320 ,
1888 285 1972 328 qubd
1991 287 2110 318 servata.

1155 325 1362 364 Qamobrem
1373 345 1381 359 ,
1398 326 1544 366 quoniam
1554 346 1564 360 ,
1578 326 1661 368 quod
1671 329 1788 358 crimen
1799 325 1856 358 esse
1867 327 1991 359 voluisti
2001 348 2010 362 ‚
2022 327 2053 358 id
2063 337 2112 358 to-

1157 377 1222 398 tum
1234 367 1318 398 vides
1329 369 1361 397 in
1373 367 1492 398 laudem
1502 366 1559 398 effe
1569 370 1747 401 conversum
1760 381 1765 399 :
1784 372 1942 400 veniamus
1949 372 2011 409 jam
2021 369 2056 400 ad
2067 370 2112 399 ci-

1156 411 1242 440 vium
1254 412 1468 439 Romanorum
1478 410 1621 450 querelas.
1644 413 1691 442 Ex
1701 411 1809 452 quibus
1819 411 1852 442 fit
1861 412 1929 443 sane
1940 414 2037 453 prima
2046 413 2112 441 De-

1159 452 1248 481 ciani.
1270 451 1353 491 Qid
1371 450 1426 481 tibi
1446 451 1586 486 tandem,
1607 455 1758 486 Decime,
1780 454 1898 493 injuriae
1915 454 2028 485 histum
2047 451 2111 483 est?
2152 469 2155 472 ν

1158 494 1317 533 negotiaris
1331 495 1363 523 in
1379 491 1470 523 libera
1487 494 1606 524 civitate
1617 503 1624 524 ε
1643 496 1777 535 primum
1786 504 1883 534 patere
1894 505 1943 525 me
1953 494 2010 526 ess'e
2020 495 2114 524 curio·

1153 535 1228 574 sum.
1252 535 1407 576 quousque
1421 535 1630 577 negotiabere?
1647 536 1808 576 praesertim
1826 546 1896 567 cum
1915 535 1951 566 sis
1972 536 2029 568 isto
2042 537 2112 567 loco

1158 586 1257 607 natus.
1280 586 1374 607 annos
1392 577 1455 616 jam
1473 579 1593 618 triginta
1609 579 1643 607 in
1659 577 1728 608 foro
1746 578 1869 608 versaris
1879 591 1888 613 3
1906 578 1955 609 sed
1965 588 2067 609 tamen
2078 579 2114 608 in

1158 621 1351 660 Pergameno.
1375 618 1467 661 longo
1487 619 1646 649 intervallo
1657 640 1666 653 ,
1687 618 1709 649 si
1727 619 1848 660 quando
1866 620 1919 651 tibi
1933 620 2114 662 peregrinari

1158 660 1360 691 commodum
1370 659 1413 691 est
1422 680 1430 694 ‚
1442 663 1577 691 Romam
1586 662 1673 692 venis
1683 672 1688 690 z
1698 661 1784 692 affers
1794 661 1902 692 faciem
1912 672 2025 693 novam
2036 682 2045 695 .
2057 671 2115 692 no-

1161 712 1234 732 men
1243 711 1328 733 vetus
1338 722 1346 737 ‚
1362 712 1524 742 purpuram
1537 705 1672 743 Tyriam.
1697 704 1730 734 in
1740 713 1797 744 qua
1807 703 1861 734 tibi
1872 704 1994 735 invideo
2004 724 2013 738 ,
2027 701 2111 745 quod

1161 745 1228 774 unis
1238 743 1427 774 vestimentis
1437 744 1552 774 tamdiu
1561 745 1656 775 lautus
1671 754 1712 774 es.
1735 744 1851 775 Verum
1869 744 1948 776 esto:
1969 748 2114 786 negotiari

1159 785 1234 815 libet
1245 795 1251 814 :
1261 795 1314 815 cur
1323 795 1386 816 non
1397 788 1551 828 Pergami?
1568 788 1703 827 Smyrnae
1713 790 1722 816 ?
1733 787 1885 818 Trallibus
1896 792 1905 818 ?
1916 787 1965 818 ubi
1977 788 2010 818 &
2020 787 2111 818 multi

1160 836 1242 856 cives
1257 829 1392 857 Romani
1409 828 1477 858 sunt
1495 848 1505 861 .
1529 827 1563 859 &
1578 828 1626 867 jus
1644 828 1660 859 a
1677 827 1780 859 nostro
1799 827 1970 870 magistratu
1986 828 2110 860 dicitur?

1161 870 1260 898 otium
1270 876 1297 898 te
1307 867 1454 899 delectat:
1471 869 1556 904 lites,
1573 870 1676 905 turba,
1689 880 1812 910 praetor,
1832 871 1905 901 odio
1916 870 1975 901 est:
1995 872 2115 901 Graeco·

1162 920 1230 940 rum
1248 909 1382 941 libertate
1398 910 1515 952 gaudes.
1549 914 1608 942 Cur
1625 921 1694 954 ergo
1714 922 1792 942 unus
1810 921 1842 942 tu
1861 912 2116 952 Apollonidenses

1163 950 1380 982 amantissimos
1389 953 1494 993 populi
1501 955 1594 983 Rom.
1606 952 1850 996 fideliffunosque
1858 955 1966 987 socios,
1979 954 2118 984 miserio-

1162 1003 1207 1024 res
1217 993 1306 1024 habes
1318 1014 1326 1028 ,
1347 994 1437 1035 quam
1448 1003 1497 1025 aut
1506 995 1695 1026 Mithridates
1705 1016 1714 1030 ‚
1735 998 1883 1026 autetiam
1895 1005 1974 1036 patet
1986 1004 2052 1026 tuus
2063 996 2116 1026 ha-

1163 1035 1260 1065 buerit
1269 1045 1414 1076 umquam
1427 1039 1438 1066 ?
1454 1046 1506 1066 cur
1516 1038 1562 1066 his
1571 1046 1621 1077 per
1631 1046 1659 1067 te
1668 1036 1727 1067 frui
1737 1038 1869 1068 libertate
1878 1038 1929 1068 sua
1940 1058 1948 1071 ,
1963 1047 2015 1068 cur
2025 1037 2114 1067 deni-

1164 1086 1222 1117 que
1233 1074 1290 1106 ess'e
1300 1077 1402 1107 liberis
1412 1087 1476 1109 non
1489 1078 1579 1109 licet?
1595 1080 1738 1109 homines
1748 1080 1815 1110 sunt
1825 1088 1885 1110 tota
1895 1089 1933 1110 ex
1943 1077 2008 1109 Asia
2017 1078 2116 1120 fruga-

1164 1117 1276 1151 liffimi,
1289 1117 1459 1148 sanstiffuni
1468 1139 1477 1152 ‚
1490 1119 1506 1150 a
1516 1122 1690 1151 Graecorum
1701 1120 1830 1154 luxuria,
1843 1121 1878 1153 <²7-
1888 1121 2117 1151 levitareremo-

1163 1158 1267 1190 tiffimi
1279 1180 1286 1192 ,
1306 1167 1401 1200 patres
1409 1160 1539 1191 familias
1551 1162 1605 1192 suo
1618 1164 1771 1196 contenti,
1791 1171 1936 1195 aratores,
1956 1161 2115 1193 rusticani:

1165 1211 1248 1242 agros
1258 1201 1368 1231 habent
1380 1201 1412 1231 δε
1423 1210 1524 1232 natura
1532 1203 1682 1242 perbonos
1693 1223 1702 1236 ,
1719 1203 1751 1233 δε
1760 1203 1915 1244 diligentia
1924 1223 1932 1236 ,
1944 1204 2118 1244 culturaque

1167 1243 1318 1273 meliores.
1343 1245 1375 1272 in
1387 1244 1465 1273 hisce
1475 1246 1549 1285 agris
1558 1252 1591 1274 tu
1603 1244 1711 1284 praedia
1720 1245 1827 1275 habere
1833 1244 1954 1275 volusti.
1979 1248 2004 1264 ¹¹
2015 1246 2119 1275 omni-

1165 1295 1207 1315 no
1217 1284 1342 1314 mallem
1353 1304 1361 1317 ‚
1382 1284 1429 1324 (&
1447 1287 1540 1326 magis
1557 1296 1615 1317 erat
1633 1295 1720 1316 tuum
1730 1306 1739 1320 ,
1758 1285 1778 1316 fi
1791 1295 1818 1317 te
1829 1285 1910 1317 craffi
1919 1288 1979 1328 agri
1987 1285 2119 1317 delecta-

1166 1327 1249 1366 bant)
1258 1324 1306 1356 hic
1315 1326 1427 1356 alicubi
1436 1328 1470 1356 in
1480 1326 1674 1358 Crustumino
1684 1348 1692 1362 ‚
1702 1330 1793 1358 autin
1802 1331 1942 1368 Capenati
1950 1327 2117 1368 paraviffes.

1166 1367 1281 1398 Verum
1292 1367 1354 1398 esto
1365 1379 1371 1397 :
1391 1370 1512 1399 Catonis
1521 1367 1563 1399 est
1574 1368 1690 1400 dictum
1702 1389 1711 1402 ‚
1733 1368 1850 1400 Pedibus
1860 1370 2118 1412 compenfhripecu-

1168 1411 1255 1439 niam.
1278 1409 1369 1450 longe
1384 1412 1516 1440 omnino
1524 1409 1540 1441 a
1550 1411 1656 1441 Tiberi
1665 1411 1700 1441 ad
1709 1414 1850 1442 Caicum:
1869 1422 1931 1452 quo
1949 1414 1982 1442 in
1994 1412 2063 1442 loco
2073 1419 2119 1442 et-

1169 1454 1229 1482 iam
1243 1454 1270 1470 ¹²
1281 1454 1493 1492 Agamemnon
1501 1461 1573 1482 cum
1583 1455 1715 1483 exercitu
1723 1452 1841 1484 erraffet
1851 1473 1860 1487 ,
1869 1452 1923 1483 nisi
1936 1452 2046 1484 ducem
2056 1455 2121 1484 Te-

1168 1494 1291 1533 lephum
1301 1492 1473 1524 invenisset.
1494 1493 1552 1524 Sed
1567 1494 1703 1525 concedo
1718 1495 1748 1525 id
1756 1505 1877 1536 quoque
1887 1495 2012 1535 :placuit
2029 1495 2121 1535 oppi-

1166 1535 1334 1576 dumtregio
1342 1533 1645 1566 delectavitemiffes.
1663 1539 1809 1576 Amyntas
1819 1536 1861 1567 est
1868 1537 2118 1577 genere,honore,

1167 1576 1391 1607 existimatione
1399 1596 1408 1610 ‚
1418 1579 1545 1617 pecunia
1555 1597 1564 1610 ,
1576 1579 1715 1618 princeps
1724 1578 1807 1608 illius
1817 1580 1959 1609 civitatis.
1977 1579 2063 1618 cujus
2074 1578 2122 1608 so-

1165 1628 1263 1652 crum,
1274 1618 1418 1647 mulierem
1428 1617 1558 1648 imbecilli
1567 1618 1689 1659 consilii,
1704 1620 1962 1660 satislocupletem
1972 1639 1981 1654 ,
1996 1620 2123 1659 pellexit

1170 1661 1322 1689 Decianus
1331 1660 1366 1690 ad
1375 1660 1435 1690 sese
1447 1670 1453 1689 2
1464 1660 1497 1690 &
1507 1679 1515 1694 ‚
1526 1659 1597 1690 cum
1607 1660 1657 1690 illa
1666 1680 1675 1694 ‚
1686 1661 1758 1701 quid
1768 1670 1901 1701 ageretur
1910 1682 1919 1695 ‚
1931 1662 2074 1695 nesciret,
2087 1663 2122 1691 in

1169 1699 1347 1742 poss‘ess'ione
1372 1700 1554 1741 praediorum
1580 1702 1645 1741 ejus
1668 1701 1818 1733 familiam
1838 1702 1922 1733 suam
1943 1703 2123 1733 collocavit:

1169 1753 1296 1773 uxorem
1305 1742 1432 1773 abduxit
1439 1743 1475 1774 ab
1485 1745 1616 1783 Amynta
1621 1750 1806 1784 pugnantem
1816 1754 1827 1771 :
1846 1753 1911 1784 quae
1922 1745 2037 1784 peperit
2045 1743 2123 1784 apud

1170 1786 1341 1815 Decianum
1370 1783 1465 1815 filiam
1484 1804 1494 1818 ,
1526 1784 1677 1825 hodieque
1694 1785 1772 1825 apud
1791 1788 1963 1815 Decianum
1983 1784 2027 1815 est
2044 1794 2125 1816 uxor

1169 1829 1310 1866 Amyntae
1320 1845 1329 1860 ,
1349 1825 1382 1856 &
1393 1824 1465 1856 filia.
1488 1826 1652 1867 Numquid
1668 1828 1775 1857 harum
1789 1836 1890 1857 rerum
1900 1826 1916 1858 a
1928 1836 1977 1857 me
1987 1825 2122 1868 fingitur.

1171 1871 1304 1899 Deciane
1322 1870 1333 1897 ?
1359 1868 1457 1898 sciunt
1473 1868 1536 1898 haec
1554 1877 1664 1898 omnes
1681 1868 1800 1898 nobiles
1814 1887 1824 1902 ‚
1843 1869 1940 1899 sciunt
1956 1868 2032 1899 boni
2048 1870 2120 1902 viri,

1169 1910 1188 1940 s
1185 1912 1269 1940 ciunt
1278 1908 1409 1950 denique
1418 1909 1512 1940 nostri
1523 1910 1666 1940 homines
1676 1930 1686 1943 ‚
1707 1910 1806 1940 sciunt
1814 1909 1981 1941 mediocres
1990 1912 2126 1952 negotia·

1171 1960 1259 1982 tores.
1284 1951 1414 1993 Exsurge
1422 1954 1569 1992 Amynta:
1582 1960 1680 1991 repete
1689 1951 1705 1981 a
1714 1953 1852 1982 Deciano
1859 1972 1869 1986 ‚
1879 1961 1942 1982 non
1952 1954 2123 1992 pecuniam,

1173 2003 1239 2023 non
1257 1992 1383 2033 praedia:
1405 1993 1524 2023 socrum
1543 1993 1675 2034 denique
1691 1991 1745 2023 sibi
1762 1993 1883 2024 habeat:
1897 1993 2031 2024 restituat
2045 2003 2125 2024 uxo-

1173 2045 1238 2065 rem
1251 2045 1256 2063 z
1270 2034 1372 2065 reddat
1380 2035 1492 2065 misero
1500 2037 1575 2075 patri
1585 2033 1690 2065 filiam.
1713 2044 1785 2066 nam
1795 2035 1931 2066 membra
1938 2055 1947 2072 ,
1964 2046 2030 2076 quae
2039 2035 2126 2066 debi-

1173 2076 1446 2117 litavitlapidibus,
1466 2076 1613 2111 fustibus,
1632 2076 1729 2107 ferro:
1747 2087 1872 2111 manus,
1891 2087 1963 2118 quas
1976 2076 2126 2108 contudit:

1176 2119 1287 2160 digitos
1297 2139 1305 2151 ‚
1320 2129 1396 2160 quos
1406 2118 1570 2160 confregit:
1589 2128 1697 2149 nervos
1707 2138 1715 2152 ‚
1727 2128 1803 2159 quos
1812 2117 1964 2154 concidit,
1975 2118 2126 2150 restituere

1176 2170 1241 2190 non
1258 2159 1354 2200 potest
1367 2180 1376 2194 ‚
1398 2159 1492 2190 filiam
1503 2180 1512 2194 ,
1533 2159 1628 2191 filiam
1649 2181 1658 2194 ‚
1678 2162 1801 2202 inquam
1819 2180 1829 2195 ‚
1858 2161 2029 2191 aerumnoso
2053 2161 2124 2200 pati,

1177 2203 1310 2232 Deciane
1321 2221 1329 2236 ‚
1341 2201 1441 2232 redde.
1464 2204 1538 2232 Haec
1547 2203 1651 2233 Flacco
1660 2212 1725 2233 non
1735 2201 1869 2242 probasse
1877 2211 1906 2232 te
1916 2203 2030 2232 miraris
2040 2202 2050 2228 ἓ
2060 2202 2124 2236 cui,

1175 2243 1276 2284 quaeso
1286 2262 1295 2278 ‚
1317 2243 1437 2275 tandem
1447 2243 1597 2284 probasti?
1618 2246 1769 2274 emtiones
1779 2242 1861 2274 falsas
1870 2262 1880 2277 ,
1905 2242 2124 2314 ῑῖΡτκάἰοῖ-ιιᾳι

1996 2294 2050 2324 pro
2065 2293 2126 2314 cri-

1208 2369 1235 2395 7.
1253 2366 1308 2387 Sex.
1327 2362 1444 2395 Castum]
1466 2362 1533 2388 Pall.
1552 2362 1648 2397 partim
1666 2366 1720 2388 Sex.
1741 2366 1860 2390 Erinium.
1887 2363 1984 2399 partim
2002 2364 2128 2396 Cqfinium.

1173 2397 1199 2423 S.
1212 2396 1328 2423 vietoris
1338 2401 1391 2422 Sex.
1401 2398 1523 2430 Cfflnium.
1542 2398 1613 2432 quod
1626 2398 1695 2425 forte
1707 2408 1759 2425 non
1769 2398 1983 2434 improbandum.

1211 2431 1238 2459 8,
1257 2436 1305 2458 Per
1314 2433 1456 2466 hunciffiem
1466 2435 1498 2458 L.
1508 2433 1642 2460 ‘Peducaeum
1652 2453 1660 2465 ‚
1678 2434 1746 2468 (ζ’-,ε]
1767 2434 1836 2461 Pall.
1847 2435 1874 2460 ὃς
1885 2437 1912 2460 S.
1923 2433 1995 2461 Vifit.
2008 2434 2036 2460 &
2047 2435 2128 2461 Grut.

1154 2497 1156 2503 Δ
1175 2475 1204 2495 ut
1214 2469 1241 2494 ὃς
1253 2469 1399 2504 antiquitus
1411 2468 1523 2504 impressi
1537 2488 1544 2500 ‚
1558 2477 1603 2502 per
1611 2471 1654 2495 huc
1663 2473 1691 2495 C.
1701 2473 1801 2496 Lucium
1809 2471 1948 2497 Peduceum.
1967 2470 2130 2497 Gulielmius

1175 2504 1243 2535 juslit
1254 2514 1371 2540 quaerere
1383 2524 1390 2536 ,
1409 2514 1441 2531 au
1458 2505 1562 2530 ‘Pedum
1579 2505 1661 2532 essent
1677 2506 1765 2541 gentis
1775 2509 1879 2533 Lucilia.
1904 2506 1974 2532 idem
1993 2506 2132 2533 annotavit

1176 2540 1247 2567 forte
1260 2540 1390 2567 transsatis
1401 2540 1487 2567 verbis
1500 2540 1690 2568 restituendum
1702 2561 1710 2574 ‚
1724 2542 1840 2568 Laodiceae
1848 2544 1936 2575 viginti
1940 2543 2013 2576 pondo
2020 2549 2061 2575 per
2069 2544 2131 2569 hanc

1174 2580 1202 2603 C.
1211 2577 1345 2603 Pedncaeum
1347 2577 1397 2612 jud
1400 2597 1404 2602 .
1415 2579 1516 2609 nostrum
1523 2588 1531 2603 :
1540 2578 1660 2612 Adiymeri
1664 2580 1744 2611 paullo
1753 2580 1903 2611 amplius-per
1912 2581 1958 2605 Cn.
1968 2580 2103 2604 Domitium.

1211 2620 1239 2647 9.
1259 2616 1340 2638 Oratio
1357 2613 1505 2647 amrinum]
1525 2614 1607 2640 Grut.
1620 2614 1768 2640 advertitur.
1790 2614 1858 2641 Pali.
1869 2615 1897 2640 ὅτ
1908 2615 1934 2641 S.
1947 2613 2065 2641 Visstoris
2075 2623 2130 2641 con·

1175 2652 1289 2674 verritur.
1308 2658 1358 2684 ego
1369 2668 1377 2681 ,
1389 2656 1417 2675 ut
1430 2657 1519 2675 verum
1531 2649 1617 2676 fatear
1627 2668 1635 2681 ,
1648 2658 1738 2685 parum
1750 2649 1807 2676 heic
1818 2648 1904 2676 video.

1216 2693 1256 2711 ιο,
1267 2686 1370 2717 Qud&
1378 2685 1474 2719 τιθῶ]
1486 2684 1543 2711 Pal.
1555 2684 1633 2712 sem&
1644 2685 1699 2712 οέὶ.
1708 2688 1805 2712 vinna.
1816 2686 2006 2722 quintjunfla.
2017 2686 2045 2712 S.
2055 2684 2128 2713 Visst.

1174 2723 1255 2746 unita.
1277 2720 1363 2747 forsan
1374 2721 1461 2746 domita
1472 2740 1480 2753 ‚
1491 2721 1580 2757 inquit
1590 2721 1762 2748 Gulielmius.

1215 2765 1224 2782 1
1234 2765 1242 2782 ῐ
1251 2777 1256 2782 .
1266 2760 1360 2783 Omnino
1369 2758 1457 2783 mallem
1468 2776 1476 2789 ‚
1487 2757 1516 2787 ὠ·
1526 2758 1597 2791 magis
1608 2765 1660 2783 crat
1670 2764 1735 2783 tuum
1748 2776 1756 2789 ,
1769 2758 1794 2792 fi
1800 2765 1823 2783 te
1831 2760 1903 2792 craffi
1910 2777 1918 2791 ,
1932 2757 2000 2791 (ᾖν-ω]
2021 2757 2061 2783 Ita
2072 2755 2130 2783 fer'e

1176 2791 1233 2818 mss.
1244 2793 1334 2820 nostri.
1356 2793 1464 2829 vulgata
1482 2793 1591 2820 immisit
1601 2795 1658 2828 jam
1669 2813 1677 2825 ,
1696 2793 1767 2830 quod
1778 2794 1902 2830 nusquam
1912 2795 1939 2819 iii
1950 2792 2007 2819 mss.
2026 2793 2081 2819 imo
2101 2793 2129 2819 in

1175 2827 1236 2854 edd.
1250 2836 1315 2857 vett.
1327 2829 1368 2856 scd
1379 2836 1466 2856 tamen
1478 2828 1610 2856 stiendum
1621 2829 1689 2856 Pall.
1698 2839 1802 2862 omnes,
1812 2837 1906 2865 praeter
1916 2828 2068 2859 secundum,
2080 2838 2130 2855 ex·

1176 2864 1266 2891 hibere
1277 2884 1285 2896 ,
1299 2866 1342 2899 sed
1349 2873 1371 2891 te
1381 2867 1449 2899 rraffi
1456 2868 1509 2898 agri
1519 2884 1527 2897 ,
1546 2865 1592 2891 nisi
1603 2864 1673 2900 quod
1684 2864 1751 2891 illud
1762 2869 1814 2899 agri
1822 2865 1886 2891 absit
1894 2864 1991 2891 octavo
2002 2884 2011 2896 ‚
2029 2865 2070 2891 cui
2082 2873 2131 2891 ne-

1175 2910 1226 2936 que
1235 2900 1305 2928 adest
1316 2909 1392 2928 tunm.
1412 2901 1489 2927 habet
1499 2900 1652 2928 Grut.liber
1662 2911 1668 2928 2
1680 2904 1770 2927 omnino
1778 2903 1844 2926 malle
1852 2901 1925 2933 magis
1934 2908 1987 2926 erat
1997 2902 2102 2934 munifi
2109 2907 2132 2925 te

1167 2938 1222 2971 jam
1233 2939 1302 2971 craffi
1311 2956 1318 2969 ‚
1327 2938 1378 2968 &aa
1388 2945 1422 2963 ex
1433 2936 1527 2972 quibus
1540 2936 1616 2963 facile
1627 2936 1773 2971 fingeretur
1784 2947 1789 2963 :
1811 2938 1905 2962 Omninb
1916 2937 1984 2962 male.
1996 2937 2067 2969 magis
2077 2943 2131 2962 erat

1174 2979 1241 2998 tuum
1261 2975 1297 3006 (st
1305 2980 1325 2998 re
1335 2980 1385 2998 tam
1395 2975 1465 3007 craffi
1478 2973 1625 2998 doleiiabam
1632 2976 1643 3007 )
1662 2974 1711 2998 heic
1721 2973 1819 2999 alicubi.
1838 2971 1880 2999 sed
1891 2971 1954 3009 quid
1965 2981 2029 3008 opus
2039 2971 2130 3007 conje-

1176 3008 1220 3035 &u
1226 3008 1260 3034 ris
1272 3009 1298 3035 iii
1310 3019 1337 3035 re
1348 3016 1401 3035 tam
1412 3007 1569 3036 tenebrosa?

1177 3080 1184 3105 ι
1204 3053 1257 3106 ἐς..
1267 3047 1436 3078 <Agamemnon
1447 3054 1496 3071 cum
1506 3043 1635 3080 exercitu]
1655 3043 1780 3080 Explicat
1790 3044 1822 3072 P.
1832 3043 1967 3071 vitiorius
1977 3043 2055 3071 lib.v.
2065 3044 2129 3070 Var.

1188 3088 1201 3106 e
1237 3100 1242 3105 .
1253 3089 1280 3106 ca
1305 3102 1309 3106 .
1324 3090 1366 3107 12.

1217 3090 1411 3150 qwzaediomm
1419 3117 1626 3152 p1·aefi·r1ptiones.]
1647 3115 1715 3143 Pau.
1727 3117 1805 3143 nostri
1817 3117 1913 3158 partim
1928 3117 2109 3152 praefiriprioms
2120 3131 2131 3147 ,

1176 3152 1274 3189 partim
1283 3153 1469 3187 posto-spumes-
1489 3162 1542 3182 non
1552 3153 1610 3182 heic
1620 3151 1714 3187 modo,
1724 3152 1767 3181 sed
1777 3153 1805 3180 δε
1815 3153 1896 3181 infra.

2026 3195 2050 3215 1.
2062 3189 2134 3212 Tutor
