<?xml version="1.0" encoding="UTF-8"?>
<!DOCTYPE html PUBLIC "-//W3C//DTD XHTML 1.0 Transitional//EN"
    "http://www.w3.org/TR/xhtml1/DTD/xhtml1-transitional.dtd">
<html xmlns="http://www.w3.org/1999/xhtml" xml:lang="en" lang="en">
 <head>
  <title>
</title>
<meta http-equiv="Content-Type" content="text/html;charset=utf-8" />
  <meta name='ocr-system' content='tesseract 3.04.00' />
  <meta name='ocr-capabilities' content='ocr_page ocr_carea ocr_par ocr_line ocrx_word'/>
</head>
<body>
  <div class='ocr_page' id='page_1' title='image "./mtuliiciceroniso00cice/mtuliiciceroniso00cice_0468.png"; bbox 0 0 2295 3400; ppageno 0'>
   <div class='ocr_carea' id='block_1_1' title="bbox 207 122 1121 191">
    <p class='ocr_par' dir='ltr' id='par_1_1' title="bbox 207 122 1121 191">
     <span class='ocr_line' id='line_1_1' title="bbox 207 122 1121 191; baseline -0.026 1"><span class='ocrx_word' id='word_1_1' title='bbox 207 137 307 191; x_wconf 81' lang='lat'>394</span> <span class='ocrx_word' id='word_1_2' title='bbox 610 124 678 172; x_wconf 84' lang='lat' dir='ltr'>M.</span> <span class='ocrx_word' id='word_1_3' title='bbox 758 122 1121 172; x_wconf 54' lang='lat' dir='ltr'>Turnat</span> 
     </span>
    </p>
   </div>
   <div class='ocr_carea' id='block_1_2' title="bbox 206 201 1166 997">
    <p class='ocr_par' dir='ltr' id='par_1_2' title="bbox 206 201 1166 997">
     <span class='ocr_line' id='line_1_2' title="bbox 209 201 1165 246; baseline -0.004 -10"><span class='ocrx_word' id='word_1_4' title='bbox 209 203 371 246; x_wconf 81' lang='lat' dir='ltr'>potuisses,</span> <span class='ocrx_word' id='word_1_5' title='bbox 391 213 456 236; x_wconf 84' lang='lat' dir='ltr'>eam</span> <span class='ocrx_word' id='word_1_6' title='bbox 468 203 584 235; x_wconf 79' lang='lat' dir='ltr'>causam</span> <span class='ocrx_word' id='word_1_7' title='bbox 595 204 627 234; x_wconf 90' lang='lat' dir='ltr'>in</span> <span class='ocrx_word' id='word_1_8' title='bbox 635 203 787 243; x_wconf 85' lang='lat' dir='ltr'>judicium</span> <span class='ocrx_word' id='word_1_9' title='bbox 805 213 902 236; x_wconf 80' lang='lat' dir='ltr'>vocas.</span> <span class='ocrx_word' id='word_1_10' title='bbox 926 205 976 233; x_wconf 81' lang='lat' dir='ltr'>An</span> <span class='ocrx_word' id='word_1_11' title='bbox 992 212 1057 234; x_wconf 86' lang='lat' dir='ltr'>non</span> <span class='ocrx_word' id='word_1_12' title='bbox 1074 201 1165 233; x_wconf 79' lang='lat' dir='ltr'>intel-</span> 
     </span>
     <span class='ocr_line' id='line_1_3' title="bbox 210 246 1166 289; baseline -0.003 -12"><span class='ocrx_word' id='word_1_13' title='bbox 210 250 281 289; x_wconf 84' lang='lat' dir='ltr'>ligis</span> <span class='ocrx_word' id='word_1_14' title='bbox 291 267 299 282; x_wconf 92' lang='lat'>‚</span> <span class='ocrx_word' id='word_1_15' title='bbox 319 247 454 287; x_wconf 81' lang='lat' dir='ltr'>primum</span> <span class='ocrx_word' id='word_1_16' title='bbox 469 256 546 287; x_wconf 85' lang='lat' dir='ltr'>quos</span> <span class='ocrx_word' id='word_1_17' title='bbox 562 248 704 276; x_wconf 84' lang='lat' dir='ltr'>homines</span> <span class='ocrx_word' id='word_1_18' title='bbox 719 266 729 279; x_wconf 92' lang='lat'><em>‚</em></span> <span class='ocrx_word' id='word_1_19' title='bbox 754 246 787 276; x_wconf 68' lang='grc' dir='ltr'>ὃ(</span> <span class='ocrx_word' id='word_1_20' title='bbox 802 246 915 287; x_wconf 85' lang='lat' dir='ltr'>qualeis</span> <span class='ocrx_word' id='word_1_21' title='bbox 932 247 1013 275; x_wconf 88' lang='lat' dir='ltr'>viros</span> <span class='ocrx_word' id='word_1_22' title='bbox 1027 253 1166 275; x_wconf 85' lang='lat' dir='ltr'>mortuos</span> 
     </span>
     <span class='ocr_line' id='line_1_4' title="bbox 211 287 1161 330; baseline -0.003 -11"><span class='ocrx_word' id='word_1_23' title='bbox 211 290 327 322; x_wconf 78' lang='lat' dir='ltr'>summi</span> <span class='ocrx_word' id='word_1_24' title='bbox 337 289 450 319; x_wconf 87' lang='lat' dir='ltr'>sceleris</span> <span class='ocrx_word' id='word_1_25' title='bbox 462 288 581 330; x_wconf 84' lang='lat' dir='ltr'>arguas?</span> <span class='ocrx_word' id='word_1_26' title='bbox 591 287 699 318; x_wconf 87' lang='lat' dir='ltr'>deinde</span> <span class='ocrx_word' id='word_1_27' title='bbox 709 296 783 329; x_wconf 92' lang='lat' dir='ltr'>quot</span> <span class='ocrx_word' id='word_1_28' title='bbox 791 297 830 318; x_wconf 85' lang='lat' dir='ltr'>ex</span> <span class='ocrx_word' id='word_1_29' title='bbox 839 289 876 318; x_wconf 86' lang='lat' dir='ltr'>iis</span> <span class='ocrx_word' id='word_1_30' title='bbox 886 307 894 321; x_wconf 93' lang='lat'>,</span> <span class='ocrx_word' id='word_1_31' title='bbox 905 289 958 329; x_wconf 90' lang='lat' dir='ltr'>qui</span> <span class='ocrx_word' id='word_1_32' title='bbox 968 288 1095 320; x_wconf 89' lang='lat' dir='ltr'>vivunt,</span> <span class='ocrx_word' id='word_1_33' title='bbox 1108 295 1161 317; x_wconf 92' lang='lat' dir='ltr'>eo-</span> 
     </span>
     <span class='ocr_line' id='line_1_5' title="bbox 211 327 1164 371; baseline -0.001 -11"><span class='ocrx_word' id='word_1_34' title='bbox 211 331 281 361; x_wconf 86' lang='lat' dir='ltr'>dem</span> <span class='ocrx_word' id='word_1_35' title='bbox 292 331 420 360; x_wconf 85' lang='lat' dir='ltr'>crimine</span> <span class='ocrx_word' id='word_1_36' title='bbox 431 332 463 359; x_wconf 88' lang='lat' dir='ltr'>in</span> <span class='ocrx_word' id='word_1_37' title='bbox 475 331 630 360; x_wconf 86' lang='lat' dir='ltr'>summurn</span> <span class='ocrx_word' id='word_1_38' title='bbox 639 331 741 370; x_wconf 87' lang='lat' dir='ltr'>capitis</span> <span class='ocrx_word' id='word_1_39' title='bbox 750 330 920 371; x_wconf 84' lang='lat' dir='ltr'>periculum</span> <span class='ocrx_word' id='word_1_40' title='bbox 931 327 1051 360; x_wconf 81' lang='lat' dir='ltr'>arcessas</span> <span class='ocrx_word' id='word_1_41' title='bbox 1061 331 1072 358; x_wconf 90' lang='lat'>?</span> <span class='ocrx_word' id='word_1_42' title='bbox 1083 330 1164 359; x_wconf 86' lang='lat' dir='ltr'>Nam</span> 
     </span>
     <span class='ocr_line' id='line_1_6' title="bbox 209 370 1163 413; baseline -0.003 -10"><span class='ocrx_word' id='word_1_43' title='bbox 209 371 231 403; x_wconf 88' lang='lat' dir='ltr'>fi</span> <span class='ocrx_word' id='word_1_44' title='bbox 240 375 273 402; x_wconf 86' lang='lat' dir='ltr'>C.</span> <span class='ocrx_word' id='word_1_45' title='bbox 286 371 426 401; x_wconf 80' lang='lat' dir='ltr'>Rabirius</span> <span class='ocrx_word' id='word_1_46' title='bbox 435 371 570 402; x_wconf 72' lang='lat' dir='ltr'>fraudem</span> <span class='ocrx_word' id='word_1_47' title='bbox 580 372 737 412; x_wconf 80' lang='lat' dir='ltr'>capitalem</span> <span class='ocrx_word' id='word_1_48' title='bbox 748 370 866 402; x_wconf 84' lang='lat' dir='ltr'>admisit</span> <span class='ocrx_word' id='word_1_49' title='bbox 878 392 886 406; x_wconf 89' lang='lat'><em>‚</em></span> <span class='ocrx_word' id='word_1_50' title='bbox 910 370 992 413; x_wconf 75' lang='lat' dir='ltr'>quod</span> <span class='ocrx_word' id='word_1_51' title='bbox 1002 381 1082 401; x_wconf 87' lang='lat' dir='ltr'>arma</span> <span class='ocrx_word' id='word_1_52' title='bbox 1089 380 1163 401; x_wconf 89' lang='lat' dir='ltr'>con-</span> 
     </span>
     <span class='ocr_line' id='line_1_7' title="bbox 211 412 1163 454; baseline -0.003 -10"><span class='ocrx_word' id='word_1_53' title='bbox 211 423 253 444; x_wconf 80' lang='lat' dir='ltr'>tra</span> <span class='ocrx_word' id='word_1_54' title='bbox 263 416 297 443; x_wconf 88' lang='lat' dir='ltr'>L.</span> <span class='ocrx_word' id='word_1_55' title='bbox 312 415 506 443; x_wconf 79' lang='lat' dir='ltr'>Saturninum</span> <span class='ocrx_word' id='word_1_56' title='bbox 522 414 606 444; x_wconf 89' lang='lat' dir='ltr'>tulit:</span> <span class='ocrx_word' id='word_1_57' title='bbox 627 414 696 444; x_wconf 87' lang='lat' dir='ltr'>huic</span> <span class='ocrx_word' id='word_1_58' title='bbox 711 413 837 454; x_wconf 85' lang='lat' dir='ltr'>quidem</span> <span class='ocrx_word' id='word_1_59' title='bbox 855 412 957 444; x_wconf 85' lang='lat' dir='ltr'>afferet</span> <span class='ocrx_word' id='word_1_60' title='bbox 973 413 1102 454; x_wconf 82' lang='lat' dir='ltr'>aliquam</span> <span class='ocrx_word' id='word_1_61' title='bbox 1116 412 1163 441; x_wconf 83' lang='lat' dir='ltr'>de-</span> 
     </span>
     <span class='ocr_line' id='line_1_8' title="bbox 206 455 1161 498; baseline 0.001 -15"><span class='ocrx_word' id='word_1_62' title='bbox 206 464 394 498; x_wconf 71' lang='lat' dir='ltr'>precationem</span> <span class='ocrx_word' id='word_1_63' title='bbox 407 455 527 496; x_wconf 79' lang='lat' dir='ltr'>periculi</span> <span class='ocrx_word' id='word_1_64' title='bbox 542 462 608 484; x_wconf 66' lang='lat' dir='ltr'>ctas</span> <span class='ocrx_word' id='word_1_65' title='bbox 624 455 675 486; x_wconf 85' lang='lat' dir='ltr'>illa</span> <span class='ocrx_word' id='word_1_66' title='bbox 687 475 696 489; x_wconf 91' lang='lat'>,</span> <span class='ocrx_word' id='word_1_67' title='bbox 715 465 772 497; x_wconf 87' lang='lat' dir='ltr'>qua</span> <span class='ocrx_word' id='word_1_68' title='bbox 790 464 855 486; x_wconf 90' lang='lat' dir='ltr'>turn</span> <span class='ocrx_word' id='word_1_69' title='bbox 868 455 943 486; x_wconf 85' lang='lat' dir='ltr'>fuit:</span> <span class='ocrx_word' id='word_1_70' title='bbox 964 457 1095 496; x_wconf 77' lang='lat' dir='ltr'>Qvero</span> <span class='ocrx_word' id='word_1_71' title='bbox 1105 457 1161 485; x_wconf 81' lang='lat' dir='ltr'>Ca-</span> 
     </span>
     <span class='ocr_line' id='line_1_9' title="bbox 208 497 328 530; baseline -0.008 -3"><span class='ocrx_word' id='word_1_72' title='bbox 208 497 309 527; x_wconf 82' lang='lat' dir='ltr'><strong>tulum</strong></span> <span class='ocrx_word' id='word_1_73' title='bbox 319 517 328 530; x_wconf 92' lang='lat'>‚</span> 
     </span>
     <span class='ocr_line' id='line_1_10' title="bbox 207 538 1161 580; baseline 0 -12"><span class='ocrx_word' id='word_1_74' title='bbox 207 541 303 569; x_wconf 88' lang='lat' dir='ltr'>virtus</span> <span class='ocrx_word' id='word_1_75' title='bbox 314 558 322 572; x_wconf 87' lang='lat'>,</span> <span class='ocrx_word' id='word_1_76' title='bbox 367 539 495 580; x_wconf 87' lang='lat' dir='ltr'>ngularis</span> <span class='ocrx_word' id='word_1_77' title='bbox 514 540 684 569; x_wconf 85' lang='lat' dir='ltr'>humanitas</span> <span class='ocrx_word' id='word_1_78' title='bbox 701 538 774 570; x_wconf 86' lang='lat' dir='ltr'>fuit:</span> <span class='ocrx_word' id='word_1_79' title='bbox 796 542 840 570; x_wconf 92' lang='lat' dir='ltr'>M.</span> <span class='ocrx_word' id='word_1_80' title='bbox 851 543 992 571; x_wconf 82' lang='lat' dir='ltr'>Scaurum</span> <span class='ocrx_word' id='word_1_81' title='bbox 1004 559 1012 572; x_wconf 89' lang='lat'>‚</span> <span class='ocrx_word' id='word_1_82' title='bbox 1028 539 1080 569; x_wconf 88' lang='lat' dir='ltr'>illa</span> <span class='ocrx_word' id='word_1_83' title='bbox 1098 548 1161 580; x_wconf 88' lang='lat' dir='ltr'>gra-</span> 
     </span>
     <span class='ocr_line' id='line_1_11' title="bbox 207 579 1162 621; baseline -0.002 -11"><span class='ocrx_word' id='word_1_84' title='bbox 207 582 300 611; x_wconf 79' lang='lat' dir='ltr'>vitate</span> <span class='ocrx_word' id='word_1_85' title='bbox 311 600 319 613; x_wconf 91' lang='lat'>,</span> <span class='ocrx_word' id='word_1_86' title='bbox 348 581 403 610; x_wconf 87' lang='lat' dir='ltr'>illo</span> <span class='ocrx_word' id='word_1_87' title='bbox 422 579 548 611; x_wconf 86' lang='lat' dir='ltr'>consilio</span> <span class='ocrx_word' id='word_1_88' title='bbox 559 600 568 614; x_wconf 91' lang='lat'><strong>‚</strong></span> <span class='ocrx_word' id='word_1_89' title='bbox 598 581 649 611; x_wconf 91' lang='lat' dir='ltr'>illa</span> <span class='ocrx_word' id='word_1_90' title='bbox 665 581 840 621; x_wconf 85' lang='lat' dir='ltr'>prudentia,</span> <span class='ocrx_word' id='word_1_91' title='bbox 868 581 946 612; x_wconf 86' lang='lat' dir='ltr'>duos</span> <span class='ocrx_word' id='word_1_92' title='bbox 963 582 1082 611; x_wconf 87' lang='lat' dir='ltr'>Mucios</span> <span class='ocrx_word' id='word_1_93' title='bbox 1093 600 1101 614; x_wconf 91' lang='lat'>,</span> <span class='ocrx_word' id='word_1_94' title='bbox 1127 582 1162 610; x_wconf 91' lang='lat' dir='ltr'>L.</span> 
     </span>
     <span class='ocr_line' id='line_1_12' title="bbox 210 620 1165 663; baseline -0.001 -11"><span class='ocrx_word' id='word_1_95' title='bbox 210 620 358 656; x_wconf 83' lang='lat' dir='ltr'>Crass’um,</span> <span class='ocrx_word' id='word_1_96' title='bbox 380 625 423 652; x_wconf 89' lang='lat' dir='ltr'>M.</span> <span class='ocrx_word' id='word_1_97' title='bbox 434 625 623 656; x_wconf 83' lang='lat' dir='ltr'>Antonium,</span> <span class='ocrx_word' id='word_1_98' title='bbox 639 625 767 663; x_wconf 87' lang='lat' dir='ltr'>quitum</span> <span class='ocrx_word' id='word_1_99' title='bbox 778 633 861 654; x_wconf 85' lang='lat' dir='ltr'>extra</span> <span class='ocrx_word' id='word_1_100' title='bbox 871 623 976 654; x_wconf 86' lang='lat' dir='ltr'>urbem</span> <span class='ocrx_word' id='word_1_101' title='bbox 988 633 1057 653; x_wconf 89' lang='lat' dir='ltr'>cum</span> <span class='ocrx_word' id='word_1_102' title='bbox 1068 621 1165 663; x_wconf 84' lang='lat' dir='ltr'>praesi-</span> 
     </span>
     <span class='ocr_line' id='line_1_13' title="bbox 208 663 1164 707; baseline -0.001 -13"><span class='ocrx_word' id='word_1_103' title='bbox 208 663 262 694; x_wconf 90' lang='lat' dir='ltr'>dio</span> <span class='ocrx_word' id='word_1_104' title='bbox 271 663 345 694; x_wconf 83' lang='lat' dir='ltr'>fuit:</span> <span class='ocrx_word' id='word_1_105' title='bbox 366 674 498 704; x_wconf 87' lang='lat' dir='ltr'>quorum</span> <span class='ocrx_word' id='word_1_106' title='bbox 518 666 551 695; x_wconf 90' lang='lat' dir='ltr'>in</span> <span class='ocrx_word' id='word_1_107' title='bbox 561 666 615 695; x_wconf 89' lang='lat' dir='ltr'>hac</span> <span class='ocrx_word' id='word_1_108' title='bbox 623 666 744 695; x_wconf 89' lang='lat' dir='ltr'>civitate</span> <span class='ocrx_word' id='word_1_109' title='bbox 762 665 851 707; x_wconf 69' lang='lat' dir='ltr'>longe</span> <span class='ocrx_word' id='word_1_110' title='bbox 873 667 1007 696; x_wconf 85' lang='lat' dir='ltr'>maxima</span> <span class='ocrx_word' id='word_1_111' title='bbox 1020 663 1143 695; x_wconf 87' lang='lat' dir='ltr'>consilia</span> <span class='ocrx_word' id='word_1_112' title='bbox 1156 683 1164 698; x_wconf 88' lang='lat'><em>‚</em></span> 
     </span>
     <span class='ocr_line' id='line_1_14' title="bbox 207 704 1164 749; baseline 0.001 -14"><span class='ocrx_word' id='word_1_113' title='bbox 207 714 296 746; x_wconf 81' lang='lat' dir='ltr'>atque</span> <span class='ocrx_word' id='word_1_114' title='bbox 305 707 426 747; x_wconf 87' lang='lat' dir='ltr'>ingenia</span> <span class='ocrx_word' id='word_1_115' title='bbox 435 704 555 737; x_wconf 85' lang='lat' dir='ltr'>fuerunt</span> <span class='ocrx_word' id='word_1_116' title='bbox 568 717 574 736; x_wconf 90' lang='grc'>;</span> <span class='ocrx_word' id='word_1_117' title='bbox 595 715 709 737; x_wconf 86' lang='lat' dir='ltr'>ceteros</span> <span class='ocrx_word' id='word_1_118' title='bbox 718 710 780 747; x_wconf 87' lang='lat' dir='ltr'>pari</span> <span class='ocrx_word' id='word_1_119' title='bbox 791 707 935 749; x_wconf 78' lang='lat' dir='ltr'>dignitate</span> <span class='ocrx_word' id='word_1_120' title='bbox 943 707 1082 747; x_wconf 91' lang='lat' dir='ltr'>praeditos</span> <span class='ocrx_word' id='word_1_121' title='bbox 1092 726 1100 740; x_wconf 90' lang='lat'><em>‚</em></span> <span class='ocrx_word' id='word_1_122' title='bbox 1111 716 1164 737; x_wconf 92' lang='lat' dir='ltr'>cu-</span> 
     </span>
     <span class='ocr_line' id='line_1_15' title="bbox 207 746 1166 790; baseline 0.001 -14"><span class='ocrx_word' id='word_1_123' title='bbox 207 746 319 781; x_wconf 85' lang='lat' dir='ltr'>stodes,</span> <span class='ocrx_word' id='word_1_124' title='bbox 332 748 601 790; x_wconf 79' lang='lat' dir='ltr'>gubernatoresque</span> <span class='ocrx_word' id='word_1_125' title='bbox 612 749 782 788; x_wconf 65' lang='lat' dir='ltr'>reipublic-,e</span> <span class='ocrx_word' id='word_1_126' title='bbox 794 769 803 784; x_wconf 95' lang='lat'>‚</span> <span class='ocrx_word' id='word_1_127' title='bbox 812 748 1072 790; x_wconf 82' lang='lat' dir='ltr'>quemadmodum</span> <span class='ocrx_word' id='word_1_128' title='bbox 1082 758 1166 777; x_wconf 81' lang='lat' dir='ltr'>mor·</span> 
     </span>
     <span class='ocr_line' id='line_1_16' title="bbox 209 788 1164 831; baseline 0.001 -13"><span class='ocrx_word' id='word_1_129' title='bbox 209 797 278 819; x_wconf 86' lang='lat' dir='ltr'>tuos</span> <span class='ocrx_word' id='word_1_130' title='bbox 288 788 510 820; x_wconf 56' lang='lat' dir='ltr'>defendemus?</span> <span class='ocrx_word' id='word_1_131' title='bbox 531 790 612 831; x_wconf 81' lang='lat' dir='ltr'>Qid</span> <span class='ocrx_word' id='word_1_132' title='bbox 632 790 668 820; x_wconf 88' lang='lat' dir='ltr'>de</span> <span class='ocrx_word' id='word_1_133' title='bbox 678 791 738 821; x_wconf 89' lang='lat' dir='ltr'>illis</span> <span class='ocrx_word' id='word_1_134' title='bbox 757 789 970 821; x_wconf 78' lang='lat' dir='ltr'>honestissimis</span> <span class='ocrx_word' id='word_1_135' title='bbox 989 792 1060 820; x_wconf 85' lang='lat' dir='ltr'>viris</span> <span class='ocrx_word' id='word_1_136' title='bbox 1076 799 1164 830; x_wconf 86' lang='lat' dir='ltr'>atque</span> 
     </span>
     <span class='ocr_line' id='line_1_17' title="bbox 209 831 1163 873; baseline 0.001 -13"><span class='ocrx_word' id='word_1_137' title='bbox 209 833 338 871; x_wconf 87' lang='lat' dir='ltr'>optimis</span> <span class='ocrx_word' id='word_1_138' title='bbox 354 831 471 862; x_wconf 87' lang='lat' dir='ltr'>civibus</span> <span class='ocrx_word' id='word_1_139' title='bbox 483 851 492 865; x_wconf 97' lang='lat'>,</span> <span class='ocrx_word' id='word_1_140' title='bbox 519 831 670 873; x_wconf 86' lang='lat' dir='ltr'>equitibus</span> <span class='ocrx_word' id='word_1_141' title='bbox 687 834 838 863; x_wconf 86' lang='lat' dir='ltr'>Romanis</span> <span class='ocrx_word' id='word_1_142' title='bbox 848 832 1002 865; x_wconf 83' lang='lat' dir='ltr'>dicemus,</span> <span class='ocrx_word' id='word_1_143' title='bbox 1027 833 1079 872; x_wconf 88' lang='lat' dir='ltr'>qui</span> <span class='ocrx_word' id='word_1_144' title='bbox 1097 841 1163 861; x_wconf 87' lang='lat' dir='ltr'>tum</span> 
     </span>
     <span class='ocr_line' id='line_1_18' title="bbox 211 872 1164 914; baseline 0 -12"><span class='ocrx_word' id='word_1_145' title='bbox 211 872 350 904; x_wconf 61' lang='lat' dir='ltr'>unacum</span> <span class='ocrx_word' id='word_1_146' title='bbox 365 873 467 903; x_wconf 86' lang='lat' dir='ltr'>senatu</span> <span class='ocrx_word' id='word_1_147' title='bbox 482 873 603 904; x_wconf 86' lang='lat' dir='ltr'>salutern</span> <span class='ocrx_word' id='word_1_148' title='bbox 615 873 786 914; x_wconf 81' lang='lat' dir='ltr'>reipublicae</span> <span class='ocrx_word' id='word_1_149' title='bbox 798 874 1013 905; x_wconf 85' lang='lat' dir='ltr'>defenderunt?</span> <span class='ocrx_word' id='word_1_150' title='bbox 1033 873 1106 914; x_wconf 89' lang='lat' dir='ltr'>quid</span> <span class='ocrx_word' id='word_1_151' title='bbox 1127 872 1164 903; x_wconf 92' lang='lat' dir='ltr'>de</span> 
     </span>
     <span class='ocr_line' id='line_1_19' title="bbox 207 914 1165 956; baseline 0 -12"><span class='ocrx_word' id='word_1_152' title='bbox 207 914 337 944; x_wconf 88' lang='lat' dir='ltr'>tribunis</span> <span class='ocrx_word' id='word_1_153' title='bbox 347 917 455 945; x_wconf 76' lang='lat' dir='ltr'>aemriis</span> <span class='ocrx_word' id='word_1_154' title='bbox 465 935 474 949; x_wconf 94' lang='lat'>,</span> <span class='ocrx_word' id='word_1_155' title='bbox 498 924 726 956; x_wconf 86' lang='lat' dir='ltr'>ceterorumque</span> <span class='ocrx_word' id='word_1_156' title='bbox 743 916 887 946; x_wconf 83' lang='lat' dir='ltr'>ordinum</span> <span class='ocrx_word' id='word_1_157' title='bbox 902 918 1048 946; x_wconf 86' lang='lat' dir='ltr'>omnium</span> <span class='ocrx_word' id='word_1_158' title='bbox 1063 916 1165 944; x_wconf 86' lang='lat' dir='ltr'>horni-</span> 
     </span>
     <span class='ocr_line' id='line_1_20' title="bbox 209 946 1165 997; baseline -0.001 -11"><span class='ocrx_word' id='word_1_159' title='bbox 209 946 299 986; x_wconf 57' lang='lat' dir='ltr'>nitffis</span> <span class='ocrx_word' id='word_1_160' title='bbox 311 976 318 990; x_wconf 89' lang='lat'><em>‚</em></span> <span class='ocrx_word' id='word_1_161' title='bbox 339 959 391 997; x_wconf 90' lang='lat' dir='ltr'>qui</span> <span class='ocrx_word' id='word_1_162' title='bbox 411 966 475 986; x_wconf 87' lang='lat' dir='ltr'>tum</span> <span class='ocrx_word' id='word_1_163' title='bbox 493 967 573 987; x_wconf 81' lang='lat' dir='ltr'>arma</span> <span class='ocrx_word' id='word_1_164' title='bbox 591 967 644 997; x_wconf 89' lang='lat' dir='ltr'>pro</span> <span class='ocrx_word' id='word_1_165' title='bbox 663 960 823 988; x_wconf 90' lang='lat' dir='ltr'>communi</span> <span class='ocrx_word' id='word_1_166' title='bbox 843 958 976 988; x_wconf 86' lang='lat' dir='ltr'>libertate</span> <span class='ocrx_word' id='word_1_167' title='bbox 1002 958 1165 997; x_wconf 88' lang='lat' dir='ltr'>ceperunt?</span> 
     </span>
    </p>
   </div>
   <div class='ocr_carea' id='block_1_3' title="bbox 150 997 1166 1040">
    <p class='ocr_par' dir='ltr' id='par_1_3' title="bbox 150 997 1166 1040">
     <span class='ocr_line' id='line_1_21' title="bbox 150 997 1166 1040; baseline -0.001 -12"><span class='ocrx_word' id='word_1_168' title='bbox 150 1000 163 1024; x_wconf 79' lang='lat'><strong>1</strong></span> <span class='ocrx_word' id='word_1_169' title='bbox 174 1001 194 1026; x_wconf 79' lang='lat' dir='ltr'>O</span> <span class='ocrx_word' id='word_1_170' title='bbox 211 997 266 1028; x_wconf 87' lang='lat' dir='ltr'>Sed</span> <span class='ocrx_word' id='word_1_171' title='bbox 280 999 353 1039; x_wconf 90' lang='lat' dir='ltr'>quid</span> <span class='ocrx_word' id='word_1_172' title='bbox 363 1008 418 1040; x_wconf 87' lang='lat' dir='ltr'>ego</span> <span class='ocrx_word' id='word_1_173' title='bbox 429 999 464 1028; x_wconf 87' lang='lat' dir='ltr'>de</span> <span class='ocrx_word' id='word_1_174' title='bbox 477 1000 514 1028; x_wconf 90' lang='lat' dir='ltr'>iis</span> <span class='ocrx_word' id='word_1_175' title='bbox 523 999 668 1028; x_wconf 88' lang='lat' dir='ltr'>omnibus</span> <span class='ocrx_word' id='word_1_176' title='bbox 679 1019 687 1032; x_wconf 94' lang='lat'>,</span> <span class='ocrx_word' id='word_1_177' title='bbox 705 1002 757 1040; x_wconf 90' lang='lat' dir='ltr'>qui</span> <span class='ocrx_word' id='word_1_178' title='bbox 767 999 914 1030; x_wconf 87' lang='lat' dir='ltr'>consulari</span> <span class='ocrx_word' id='word_1_179' title='bbox 924 1001 1053 1039; x_wconf 87' lang='lat' dir='ltr'>imperio</span> <span class='ocrx_word' id='word_1_180' title='bbox 1062 1007 1166 1039; x_wconf 83' lang='lat' dir='ltr'>parue-</span> 
     </span>
    </p>
   </div>
   <div class='ocr_carea' id='block_1_4' title="bbox 205 1038 1172 1750">
    <p class='ocr_par' dir='ltr' id='par_1_4' title="bbox 205 1038 1172 1750">
     <span class='ocr_line' id='line_1_22' title="bbox 210 1038 1164 1082; baseline -0.002 -12"><span class='ocrx_word' id='word_1_181' title='bbox 210 1048 301 1074; x_wconf 83' lang='lat' dir='ltr'>runt,</span> <span class='ocrx_word' id='word_1_182' title='bbox 323 1041 452 1080; x_wconf 88' lang='lat' dir='ltr'>loquor?</span> <span class='ocrx_word' id='word_1_183' title='bbox 472 1039 651 1079; x_wconf 83' lang='lat' dir='ltr'>deipsorum</span> <span class='ocrx_word' id='word_1_184' title='bbox 666 1043 750 1071; x_wconf 87' lang='lat' dir='ltr'>Coss.</span> <span class='ocrx_word' id='word_1_185' title='bbox 763 1041 849 1082; x_wconf 70' lang='lat' dir='ltr'>fama</span> <span class='ocrx_word' id='word_1_186' title='bbox 866 1041 939 1082; x_wconf 87' lang='lat' dir='ltr'>quid</span> <span class='ocrx_word' id='word_1_187' title='bbox 953 1041 1087 1071; x_wconf 86' lang='lat' dir='ltr'>futurum</span> <span class='ocrx_word' id='word_1_188' title='bbox 1099 1038 1164 1069; x_wconf 89' lang='lat' dir='ltr'>est?</span> 
     </span>
     <span class='ocr_line' id='line_1_23' title="bbox 208 1081 1165 1123; baseline -0.002 -11"><span class='ocrx_word' id='word_1_189' title='bbox 208 1083 245 1112; x_wconf 94' lang='lat' dir='ltr'>L.</span> <span class='ocrx_word' id='word_1_190' title='bbox 264 1083 402 1112; x_wconf 82' lang='lat' dir='ltr'>Flaccum</span> <span class='ocrx_word' id='word_1_191' title='bbox 415 1101 423 1114; x_wconf 88' lang='lat'><em>‚</em></span> <span class='ocrx_word' id='word_1_192' title='bbox 443 1082 604 1111; x_wconf 86' lang='lat' dir='ltr'>hominem</span> <span class='ocrx_word' id='word_1_193' title='bbox 614 1081 685 1112; x_wconf 76' lang='lat' dir='ltr'>cum</span> <span class='ocrx_word' id='word_1_194' title='bbox 700 1083 857 1123; x_wconf 89' lang='lat' dir='ltr'>semperin</span> <span class='ocrx_word' id='word_1_195' title='bbox 868 1083 1018 1123; x_wconf 86' lang='lat' dir='ltr'>republica</span> <span class='ocrx_word' id='word_1_196' title='bbox 1029 1102 1038 1116; x_wconf 90' lang='lat'><strong>‚</strong></span> <span class='ocrx_word' id='word_1_197' title='bbox 1058 1091 1122 1112; x_wconf 92' lang='lat' dir='ltr'>tum</span> <span class='ocrx_word' id='word_1_198' title='bbox 1133 1083 1165 1110; x_wconf 89' lang='lat' dir='ltr'>in</span> 
     </span>
     <span class='ocr_line' id='line_1_24' title="bbox 209 1122 1162 1164; baseline 0.001 -12"><span class='ocrx_word' id='word_1_199' title='bbox 209 1133 260 1153; x_wconf 86' lang='lat' dir='ltr'>ma</span> <span class='ocrx_word' id='word_1_200' title='bbox 283 1122 429 1153; x_wconf 77' lang='lat' dir='ltr'>istratibus</span> <span class='ocrx_word' id='word_1_201' title='bbox 447 1123 603 1164; x_wconf 84' lang='lat' dir='ltr'>gerendis,</span> <span class='ocrx_word' id='word_1_202' title='bbox 636 1126 668 1153; x_wconf 87' lang='lat' dir='ltr'>in</span> <span class='ocrx_word' id='word_1_203' title='bbox 687 1124 851 1155; x_wconf 89' lang='lat' dir='ltr'>sacerdotio</span> <span class='ocrx_word' id='word_1_204' title='bbox 864 1145 873 1159; x_wconf 94' lang='lat'>‚</span> <span class='ocrx_word' id='word_1_205' title='bbox 898 1124 1162 1164; x_wconf 67' lang='lat' dir='ltr'>caeremoniisque,</span> 
     </span>
     <span class='ocr_line' id='line_1_25' title="bbox 209 1134 1168 1206; baseline 0 -12"><span class='ocrx_word' id='word_1_206' title='bbox 209 1134 321 1206; x_wconf 45' lang='lat' dir='ltr'>quiius</span> <span class='ocrx_word' id='word_1_207' title='bbox 335 1174 454 1204; x_wconf 81' lang='lat' dir='ltr'>praeerat</span> <span class='ocrx_word' id='word_1_208' title='bbox 466 1185 476 1198; x_wconf 92' lang='lat'>,</span> <span class='ocrx_word' id='word_1_209' title='bbox 495 1164 756 1206; x_wconf 72' lang='lat' dir='ltr'>diligentissimum</span> <span class='ocrx_word' id='word_1_210' title='bbox 768 1187 776 1200; x_wconf 93' lang='lat'>,</span> <span class='ocrx_word' id='word_1_211' title='bbox 796 1167 903 1197; x_wconf 81' lang='lat' dir='ltr'>nefarii</span> <span class='ocrx_word' id='word_1_212' title='bbox 914 1167 1029 1197; x_wconf 88' lang='lat' dir='ltr'>sceleris</span> <span class='ocrx_word' id='word_1_213' title='bbox 1040 1185 1048 1199; x_wconf 94' lang='lat'>,</span> <span class='ocrx_word' id='word_1_214' title='bbox 1061 1176 1092 1195; x_wconf 90' lang='lat' dir='ltr'>ac</span> <span class='ocrx_word' id='word_1_215' title='bbox 1102 1175 1168 1205; x_wconf 89' lang='lat' dir='ltr'>par-</span> 
     </span>
     <span class='ocr_line' id='line_1_26' title="bbox 205 1206 1166 1250; baseline 0 -14"><span class='ocrx_word' id='word_1_216' title='bbox 205 1206 308 1236; x_wconf 79' lang='lat' dir='ltr'>ricidii</span> <span class='ocrx_word' id='word_1_217' title='bbox 331 1216 486 1237; x_wconf 89' lang='lat' dir='ltr'>mortuum</span> <span class='ocrx_word' id='word_1_218' title='bbox 506 1207 802 1238; x_wconf 84' lang='lat' dir='ltr'>condemnabimus?</span> <span class='ocrx_word' id='word_1_219' title='bbox 820 1209 1018 1250; x_wconf 84' lang='lat' dir='ltr'>adjungemus</span> <span class='ocrx_word' id='word_1_220' title='bbox 1037 1207 1072 1237; x_wconf 90' lang='lat' dir='ltr'>ad</span> <span class='ocrx_word' id='word_1_221' title='bbox 1090 1208 1166 1237; x_wconf 80' lang='lat' dir='ltr'>hanc</span> 
     </span>
     <span class='ocr_line' id='line_1_27' title="bbox 208 1248 1165 1290; baseline 0 -13"><span class='ocrx_word' id='word_1_222' title='bbox 208 1248 307 1289; x_wconf 86' lang='lat' dir='ltr'>legem</span> <span class='ocrx_word' id='word_1_223' title='bbox 323 1268 332 1281; x_wconf 86' lang='lat'>,</span> <span class='ocrx_word' id='word_1_224' title='bbox 353 1250 614 1290; x_wconf 79' lang='lat' dir='ltr'>ignominiamque</span> <span class='ocrx_word' id='word_1_225' title='bbox 626 1251 733 1280; x_wconf 86' lang='lat' dir='ltr'>mortis</span> <span class='ocrx_word' id='word_1_226' title='bbox 743 1270 751 1284; x_wconf 97' lang='lat'>,</span> <span class='ocrx_word' id='word_1_227' title='bbox 778 1252 868 1280; x_wconf 77' lang='lat' dir='ltr'>etiam</span> <span class='ocrx_word' id='word_1_228' title='bbox 879 1253 911 1281; x_wconf 84' lang='lat' dir='ltr'>C.</span> <span class='ocrx_word' id='word_1_229' title='bbox 924 1252 1013 1280; x_wconf 84' lang='lat' dir='ltr'>Marii</span> <span class='ocrx_word' id='word_1_230' title='bbox 1024 1258 1140 1279; x_wconf 86' lang='lat' dir='ltr'>nomen</span> <span class='ocrx_word' id='word_1_231' title='bbox 1154 1251 1165 1277; x_wconf 91' lang='lat'>?</span> 
     </span>
     <span class='ocr_line' id='line_1_28' title="bbox 209 1291 1167 1332; baseline -0.001 -12"><span class='ocrx_word' id='word_1_232' title='bbox 209 1291 242 1320; x_wconf 81' lang='lat' dir='ltr'>C.</span> <span class='ocrx_word' id='word_1_233' title='bbox 263 1291 394 1320; x_wconf 88' lang='lat' dir='ltr'>Marium</span> <span class='ocrx_word' id='word_1_234' title='bbox 409 1310 418 1323; x_wconf 89' lang='lat'>,</span> <span class='ocrx_word' id='word_1_235' title='bbox 450 1300 542 1331; x_wconf 86' lang='lat' dir='ltr'>quem</span> <span class='ocrx_word' id='word_1_236' title='bbox 566 1291 635 1320; x_wconf 72' lang='lat' dir='ltr'>vere</span> <span class='ocrx_word' id='word_1_237' title='bbox 652 1300 766 1330; x_wconf 84' lang='lat' dir='ltr'>patrem</span> <span class='ocrx_word' id='word_1_238' title='bbox 785 1294 882 1331; x_wconf 75' lang='lat' dir='ltr'>patriae</span> <span class='ocrx_word' id='word_1_239' title='bbox 894 1312 903 1326; x_wconf 91' lang='lat'>,</span> <span class='ocrx_word' id='word_1_240' title='bbox 925 1300 1078 1332; x_wconf 86' lang='lat' dir='ltr'>parentem</span> <span class='ocrx_word' id='word_1_241' title='bbox 1090 1311 1099 1323; x_wconf 95' lang='lat'>,</span> <span class='ocrx_word' id='word_1_242' title='bbox 1119 1292 1167 1319; x_wconf 73' lang='lat' dir='ltr'>in-</span> 
     </span>
     <span class='ocr_line' id='line_1_29' title="bbox 207 1330 1167 1374; baseline 0 -13"><span class='ocrx_word' id='word_1_243' title='bbox 207 1341 298 1372; x_wconf 88' lang='lat' dir='ltr'>quam</span> <span class='ocrx_word' id='word_1_244' title='bbox 314 1351 322 1366; x_wconf 86' lang='lat'>‚</span> <span class='ocrx_word' id='word_1_245' title='bbox 345 1331 447 1362; x_wconf 78' lang='lat' dir='ltr'>vestrae</span> <span class='ocrx_word' id='word_1_246' title='bbox 459 1332 618 1366; x_wconf 82' lang='lat' dir='ltr'>libertatis,</span> <span class='ocrx_word' id='word_1_247' title='bbox 642 1342 728 1374; x_wconf 90' lang='lat' dir='ltr'>atque</span> <span class='ocrx_word' id='word_1_248' title='bbox 739 1334 862 1374; x_wconf 84' lang='lat' dir='ltr'>hujusce</span> <span class='ocrx_word' id='word_1_249' title='bbox 875 1334 1047 1374; x_wconf 90' lang='lat' dir='ltr'>reipublicae</span> <span class='ocrx_word' id='word_1_250' title='bbox 1067 1330 1167 1372; x_wconf 77' lang='lat' dir='ltr'>possu-</span> 
     </span>
     <span class='ocr_line' id='line_1_30' title="bbox 209 1373 1169 1414; baseline 0 -11"><span class='ocrx_word' id='word_1_251' title='bbox 209 1383 280 1403; x_wconf 90' lang='lat' dir='ltr'>mus</span> <span class='ocrx_word' id='word_1_252' title='bbox 290 1373 387 1404; x_wconf 85' lang='lat' dir='ltr'>dicere</span> <span class='ocrx_word' id='word_1_253' title='bbox 399 1393 408 1407; x_wconf 91' lang='lat'>,</span> <span class='ocrx_word' id='word_1_254' title='bbox 433 1374 548 1404; x_wconf 90' lang='lat' dir='ltr'>sceleris</span> <span class='ocrx_word' id='word_1_255' title='bbox 563 1394 572 1407; x_wconf 82' lang='lat'><em>,</em></span> <span class='ocrx_word' id='word_1_256' title='bbox 592 1384 624 1404; x_wconf 81' lang='lat' dir='ltr'>ac</span> <span class='ocrx_word' id='word_1_257' title='bbox 632 1375 781 1414; x_wconf 80' lang='lat' dir='ltr'>parricidii</span> <span class='ocrx_word' id='word_1_258' title='bbox 793 1374 896 1405; x_wconf 79' lang='lat' dir='ltr'>nefarii</span> <span class='ocrx_word' id='word_1_259' title='bbox 917 1384 1076 1405; x_wconf 87' lang='lat' dir='ltr'>mortuum</span> <span class='ocrx_word' id='word_1_260' title='bbox 1093 1384 1169 1404; x_wconf 93' lang='lat' dir='ltr'>con-</span> 
     </span>
     <span class='ocr_line' id='line_1_31' title="bbox 208 1414 1170 1458; baseline 0.001 -14"><span class='ocrx_word' id='word_1_261' title='bbox 208 1414 422 1445; x_wconf 87' lang='lat' dir='ltr'>demnabimus</span> <span class='ocrx_word' id='word_1_262' title='bbox 435 1417 444 1444; x_wconf 92' lang='lat'>?</span> <span class='ocrx_word' id='word_1_263' title='bbox 455 1417 590 1450; x_wconf 80' lang='lat' dir='ltr'>Etenim,</span> <span class='ocrx_word' id='word_1_264' title='bbox 600 1415 620 1445; x_wconf 80' lang='lat' dir='ltr'>si</span> <span class='ocrx_word' id='word_1_265' title='bbox 632 1419 664 1446; x_wconf 89' lang='lat' dir='ltr'>C.</span> <span class='ocrx_word' id='word_1_266' title='bbox 675 1417 813 1451; x_wconf 88' lang='lat' dir='ltr'>Rabirio,</span> <span class='ocrx_word' id='word_1_267' title='bbox 822 1417 896 1458; x_wconf 73' lang='lat' dir='ltr'>quiid</span> <span class='ocrx_word' id='word_1_268' title='bbox 904 1418 941 1446; x_wconf 83' lang='lat' dir='ltr'>iit</span> <span class='ocrx_word' id='word_1_269' title='bbox 950 1417 987 1446; x_wconf 86' lang='lat' dir='ltr'>ad</span> <span class='ocrx_word' id='word_1_270' title='bbox 995 1427 1088 1449; x_wconf 85' lang='lat' dir='ltr'>arma,</span> <span class='ocrx_word' id='word_1_271' title='bbox 1102 1426 1170 1446; x_wconf 91' lang='lat' dir='ltr'>cru-</span> 
     </span>
     <span class='ocr_line' id='line_1_32' title="bbox 208 1457 1167 1500; baseline -0.001 -13"><span class='ocrx_word' id='word_1_272' title='bbox 208 1467 276 1488; x_wconf 84' lang='lat' dir='ltr'>cem</span> <span class='ocrx_word' id='word_1_273' title='bbox 296 1460 334 1487; x_wconf 92' lang='lat' dir='ltr'>T.</span> <span class='ocrx_word' id='word_1_274' title='bbox 347 1457 498 1487; x_wconf 84' lang='lat' dir='ltr'>Labienus</span> <span class='ocrx_word' id='word_1_275' title='bbox 518 1459 551 1487; x_wconf 90' lang='lat' dir='ltr'>in</span> <span class='ocrx_word' id='word_1_276' title='bbox 569 1468 675 1498; x_wconf 87' lang='lat' dir='ltr'>campo</span> <span class='ocrx_word' id='word_1_277' title='bbox 698 1461 810 1490; x_wconf 83' lang='lat' dir='ltr'>Martio</span> <span class='ocrx_word' id='word_1_278' title='bbox 829 1458 1016 1500; x_wconf 81' lang='lat' dir='ltr'>defigendam</span> <span class='ocrx_word' id='word_1_279' title='bbox 1035 1459 1167 1498; x_wconf 86' lang='lat' dir='ltr'>putavit:</span> 
     </span>
     <span class='ocr_line' id='line_1_33' title="bbox 210 1498 1170 1541; baseline 0.001 -13"><span class='ocrx_word' id='word_1_280' title='bbox 210 1498 293 1539; x_wconf 85' lang='lat' dir='ltr'>quod</span> <span class='ocrx_word' id='word_1_281' title='bbox 305 1499 426 1529; x_wconf 88' lang='lat' dir='ltr'>tandem</span> <span class='ocrx_word' id='word_1_282' title='bbox 439 1499 656 1540; x_wconf 83' lang='lat' dir='ltr'>excogitabitur</span> <span class='ocrx_word' id='word_1_283' title='bbox 670 1503 702 1530; x_wconf 93' lang='lat' dir='ltr'>in</span> <span class='ocrx_word' id='word_1_284' title='bbox 713 1510 785 1530; x_wconf 92' lang='lat' dir='ltr'>eum</span> <span class='ocrx_word' id='word_1_285' title='bbox 795 1501 975 1541; x_wconf 90' lang='lat' dir='ltr'>supplicium</span> <span class='ocrx_word' id='word_1_286' title='bbox 987 1520 995 1534; x_wconf 89' lang='lat'>,</span> <span class='ocrx_word' id='word_1_287' title='bbox 1014 1502 1066 1541; x_wconf 91' lang='lat' dir='ltr'>qui</span> <span class='ocrx_word' id='word_1_288' title='bbox 1081 1509 1170 1529; x_wconf 91' lang='lat' dir='ltr'>voca-</span> 
     </span>
     <span class='ocr_line' id='line_1_34' title="bbox 209 1539 1170 1583; baseline 0 -12"><span class='ocrx_word' id='word_1_289' title='bbox 209 1541 276 1571; x_wconf 81' lang='lat' dir='ltr'>vit?</span> <span class='ocrx_word' id='word_1_290' title='bbox 297 1543 340 1570; x_wconf 88' lang='lat' dir='ltr'>Ac</span> <span class='ocrx_word' id='word_1_291' title='bbox 351 1561 359 1574; x_wconf 93' lang='lat'>,</span> <span class='ocrx_word' id='word_1_292' title='bbox 380 1539 400 1569; x_wconf 88' lang='lat' dir='ltr'>si</span> <span class='ocrx_word' id='word_1_293' title='bbox 410 1540 482 1570; x_wconf 88' lang='lat' dir='ltr'>fides</span> <span class='ocrx_word' id='word_1_294' title='bbox 494 1544 657 1571; x_wconf 89' lang='lat' dir='ltr'>Saturnino</span> <span class='ocrx_word' id='word_1_295' title='bbox 668 1541 732 1573; x_wconf 84' lang='lat' dir='ltr'>data</span> <span class='ocrx_word' id='word_1_296' title='bbox 742 1542 784 1572; x_wconf 85' lang='lat' dir='ltr'>est</span> <span class='ocrx_word' id='word_1_297' title='bbox 794 1563 803 1576; x_wconf 88' lang='lat'>,</span> <span class='ocrx_word' id='word_1_298' title='bbox 822 1542 902 1583; x_wconf 91' lang='lat' dir='ltr'>quod</span> <span class='ocrx_word' id='word_1_299' title='bbox 915 1543 965 1573; x_wconf 86' lang='lat' dir='ltr'>abs</span> <span class='ocrx_word' id='word_1_300' title='bbox 977 1552 1004 1572; x_wconf 90' lang='lat' dir='ltr'>te</span> <span class='ocrx_word' id='word_1_301' title='bbox 1015 1540 1170 1582; x_wconf 73' lang='lat' dir='ltr'>saepiffime</span> 
     </span>
     <span class='ocr_line' id='line_1_35' title="bbox 211 1581 1170 1618; baseline 0.001 -7"><span class='ocrx_word' id='word_1_302' title='bbox 211 1581 339 1612; x_wconf 88' lang='lat' dir='ltr'>dicitur:</span> <span class='ocrx_word' id='word_1_303' title='bbox 351 1592 415 1612; x_wconf 89' lang='lat' dir='ltr'>non</span> <span class='ocrx_word' id='word_1_304' title='bbox 430 1592 494 1612; x_wconf 83' lang='lat' dir='ltr'>earn</span> <span class='ocrx_word' id='word_1_305' title='bbox 513 1586 544 1613; x_wconf 94' lang='lat' dir='ltr'>C.</span> <span class='ocrx_word' id='word_1_306' title='bbox 558 1583 699 1613; x_wconf 84' lang='lat' dir='ltr'>Rabirius</span> <span class='ocrx_word' id='word_1_307' title='bbox 710 1605 719 1618; x_wconf 91' lang='lat'>,</span> <span class='ocrx_word' id='word_1_308' title='bbox 731 1584 778 1615; x_wconf 90' lang='lat' dir='ltr'>sed</span> <span class='ocrx_word' id='word_1_309' title='bbox 791 1587 822 1614; x_wconf 90' lang='lat' dir='ltr'>C.</span> <span class='ocrx_word' id='word_1_310' title='bbox 838 1587 952 1615; x_wconf 90' lang='lat' dir='ltr'>Marius</span> <span class='ocrx_word' id='word_1_311' title='bbox 962 1584 1044 1614; x_wconf 89' lang='lat' dir='ltr'>dedit</span> <span class='ocrx_word' id='word_1_312' title='bbox 1055 1595 1060 1613; x_wconf 92' lang='grc'>;</span> <span class='ocrx_word' id='word_1_313' title='bbox 1071 1583 1170 1613; x_wconf 85' lang='lat' dir='ltr'>idem-</span> 
     </span>
     <span class='ocr_line' id='line_1_36' title="bbox 210 1622 1172 1668; baseline 0 -15"><span class='ocrx_word' id='word_1_314' title='bbox 210 1633 269 1664; x_wconf 89' lang='lat' dir='ltr'>que</span> <span class='ocrx_word' id='word_1_315' title='bbox 280 1625 408 1654; x_wconf 82' lang='lat' dir='ltr'>violavit</span> <span class='ocrx_word' id='word_1_316' title='bbox 417 1622 480 1653; x_wconf 83' lang='lat' dir='ltr'>siin</span> <span class='ocrx_word' id='word_1_317' title='bbox 491 1623 548 1655; x_wconf 83' lang='lat' dir='ltr'>fide</span> <span class='ocrx_word' id='word_1_318' title='bbox 562 1635 625 1655; x_wconf 89' lang='lat' dir='ltr'>non</span> <span class='ocrx_word' id='word_1_319' title='bbox 637 1624 724 1656; x_wconf 85' lang='lat' dir='ltr'>stetit.</span> <span class='ocrx_word' id='word_1_320' title='bbox 748 1629 822 1668; x_wconf 78' lang='lat' dir='ltr'>Qae</span> <span class='ocrx_word' id='word_1_321' title='bbox 834 1625 906 1656; x_wconf 86' lang='lat' dir='ltr'>fides</span> <span class='ocrx_word' id='word_1_322' title='bbox 918 1647 927 1660; x_wconf 88' lang='lat'>‚</span> <span class='ocrx_word' id='word_1_323' title='bbox 945 1626 1077 1656; x_wconf 87' lang='lat' dir='ltr'>Labiene</span> <span class='ocrx_word' id='word_1_324' title='bbox 1089 1645 1102 1658; x_wconf 60' lang='lat'>2</span> <span class='ocrx_word' id='word_1_325' title='bbox 1119 1623 1172 1665; x_wconf 78' lang='lat' dir='ltr'>qui</span> 
     </span>
     <span class='ocr_line' id='line_1_37' title="bbox 206 1666 1169 1708; baseline 0.002 -14"><span class='ocrx_word' id='word_1_326' title='bbox 206 1668 308 1706; x_wconf 84' lang='lat' dir='ltr'>potuit</span> <span class='ocrx_word' id='word_1_327' title='bbox 319 1666 618 1706; x_wconf 67' lang='lat' dir='ltr'>sinesbnatuftonsulto</span> <span class='ocrx_word' id='word_1_328' title='bbox 634 1667 717 1697; x_wconf 85' lang='lat' dir='ltr'>dari?</span> <span class='ocrx_word' id='word_1_329' title='bbox 736 1669 860 1699; x_wconf 84' lang='lat' dir='ltr'>Adeone</span> <span class='ocrx_word' id='word_1_330' title='bbox 871 1669 976 1708; x_wconf 82' lang='lat' dir='ltr'>hospes</span> <span class='ocrx_word' id='word_1_331' title='bbox 988 1668 1107 1707; x_wconf 85' lang='lat' dir='ltr'>hujusce</span> <span class='ocrx_word' id='word_1_332' title='bbox 1120 1676 1169 1696; x_wconf 87' lang='lat' dir='ltr'>ur-</span> 
     </span>
     <span class='ocr_line' id='line_1_38' title="bbox 209 1707 1169 1750; baseline 0.001 -14"><span class='ocrx_word' id='word_1_333' title='bbox 209 1707 256 1736; x_wconf 87' lang='lat' dir='ltr'>bis</span> <span class='ocrx_word' id='word_1_334' title='bbox 267 1727 275 1740; x_wconf 94' lang='lat'>‚</span> <span class='ocrx_word' id='word_1_335' title='bbox 295 1708 410 1737; x_wconf 88' lang='lat' dir='ltr'>adeone</span> <span class='ocrx_word' id='word_1_336' title='bbox 424 1709 540 1748; x_wconf 84' lang='lat' dir='ltr'>ignarus</span> <span class='ocrx_word' id='word_1_337' title='bbox 552 1719 581 1738; x_wconf 85' lang='lat' dir='ltr'>es</span> <span class='ocrx_word' id='word_1_338' title='bbox 592 1708 760 1749; x_wconf 84' lang='lat' dir='ltr'>disciplinae</span> <span class='ocrx_word' id='word_1_339' title='bbox 771 1730 779 1744; x_wconf 97' lang='lat'>,</span> <span class='ocrx_word' id='word_1_340' title='bbox 808 1709 1091 1750; x_wconf 82' lang='lat' dir='ltr'>consuetudinisque</span> <span class='ocrx_word' id='word_1_341' title='bbox 1111 1718 1169 1738; x_wconf 90' lang='lat' dir='ltr'>no—</span> 
     </span>
    </p>
   </div>
   <div class='ocr_carea' id='block_1_5' title="bbox 209 1747 1190 1792">
    <p class='ocr_par' dir='ltr' id='par_1_5' title="bbox 209 1747 1190 1792">
     <span class='ocr_line' id='line_1_39' title="bbox 209 1747 1190 1792; baseline 0.002 -14"><span class='ocrx_word' id='word_1_342' title='bbox 209 1747 272 1778; x_wconf 86' lang='lat' dir='ltr'>strae</span> <span class='ocrx_word' id='word_1_343' title='bbox 285 1769 292 1782; x_wconf 92' lang='lat'>‚</span> <span class='ocrx_word' id='word_1_344' title='bbox 306 1758 338 1779; x_wconf 92' lang='lat' dir='ltr'>ut</span> <span class='ocrx_word' id='word_1_345' title='bbox 346 1751 409 1779; x_wconf 80' lang='lat' dir='ltr'>haec</span> <span class='ocrx_word' id='word_1_346' title='bbox 420 1749 550 1779; x_wconf 82' lang='lat' dir='ltr'>nescias?</span> <span class='ocrx_word' id='word_1_347' title='bbox 570 1759 601 1780; x_wconf 90' lang='lat' dir='ltr'>ut</span> <span class='ocrx_word' id='word_1_348' title='bbox 610 1753 788 1792; x_wconf 83' lang='lat' dir='ltr'>peregrinari</span> <span class='ocrx_word' id='word_1_349' title='bbox 800 1754 831 1781; x_wconf 88' lang='lat' dir='ltr'>in</span> <span class='ocrx_word' id='word_1_350' title='bbox 843 1752 937 1782; x_wconf 85' lang='lat' dir='ltr'>aliena</span> <span class='ocrx_word' id='word_1_351' title='bbox 947 1753 1066 1782; x_wconf 87' lang='lat' dir='ltr'>civitate</span> <span class='ocrx_word' id='word_1_352' title='bbox 1075 1772 1084 1784; x_wconf 95' lang='lat'>,</span> <span class='ocrx_word' id='word_1_353' title='bbox 1103 1759 1169 1780; x_wconf 90' lang='lat' dir='ltr'>non</span> <span class='ocrx_word' id='word_1_354' title='bbox 1188 1765 1190 1771; x_wconf 49' lang='grc' dir='ltr'><em>ν</em></span> 
     </span>
    </p>
   </div>
   <div class='ocr_carea' id='block_1_6' title="bbox 206 1790 1167 1875">
    <p class='ocr_par' dir='ltr' id='par_1_6' title="bbox 206 1790 1167 1875">
     <span class='ocr_line' id='line_1_40' title="bbox 207 1790 1166 1836; baseline 0.002 -17"><span class='ocrx_word' id='word_1_355' title='bbox 207 1791 242 1820; x_wconf 90' lang='lat' dir='ltr'>in</span> <span class='ocrx_word' id='word_1_356' title='bbox 254 1799 302 1820; x_wconf 87' lang='lat' dir='ltr'>tua</span> <span class='ocrx_word' id='word_1_357' title='bbox 311 1790 512 1831; x_wconf 80' lang='lat' dir='ltr'>magistratum</span> <span class='ocrx_word' id='word_1_358' title='bbox 523 1801 624 1836; x_wconf 83' lang='lat' dir='ltr'>gerere</span> <span class='ocrx_word' id='word_1_359' title='bbox 634 1794 750 1823; x_wconf 83' lang='lat' dir='ltr'>videare</span> <span class='ocrx_word' id='word_1_360' title='bbox 764 1797 773 1822; x_wconf 92' lang='lat'>?</span> <span class='ocrx_word' id='word_1_361' title='bbox 787 1793 868 1835; x_wconf 85' lang='lat' dir='ltr'>Qid</span> <span class='ocrx_word' id='word_1_362' title='bbox 877 1795 939 1833; x_wconf 88' lang='lat' dir='ltr'>jam</span> <span class='ocrx_word' id='word_1_363' title='bbox 951 1792 1002 1823; x_wconf 75' lang='lat' dir='ltr'>ista</span> <span class='ocrx_word' id='word_1_364' title='bbox 1010 1795 1043 1823; x_wconf 92' lang='lat' dir='ltr'>C.</span> <span class='ocrx_word' id='word_1_365' title='bbox 1057 1793 1166 1825; x_wconf 85' lang='lat' dir='ltr'>Mario,</span> 
     </span>
     <span class='ocr_line' id='line_1_41' title="bbox 206 1831 1167 1875; baseline 0.003 -14"><span class='ocrx_word' id='word_1_366' title='bbox 206 1832 308 1874; x_wconf 85' lang='lat' dir='ltr'>inquit</span> <span class='ocrx_word' id='word_1_367' title='bbox 319 1852 329 1868; x_wconf 86' lang='lat'>,</span> <span class='ocrx_word' id='word_1_368' title='bbox 340 1841 450 1864; x_wconf 86' lang='lat' dir='ltr'>nocere</span> <span class='ocrx_word' id='word_1_369' title='bbox 459 1831 592 1873; x_wconf 80' lang='lat' dir='ltr'>possunt,</span> <span class='ocrx_word' id='word_1_370' title='bbox 604 1836 750 1875; x_wconf 88' lang='lat' dir='ltr'>quoniam</span> <span class='ocrx_word' id='word_1_371' title='bbox 761 1835 858 1870; x_wconf 87' lang='lat' dir='ltr'>sensu,</span> <span class='ocrx_word' id='word_1_372' title='bbox 871 1836 904 1866; x_wconf 90' lang='lat'>&amp;</span> <span class='ocrx_word' id='word_1_373' title='bbox 912 1837 972 1866; x_wconf 86' lang='lat' dir='ltr'>vita</span> <span class='ocrx_word' id='word_1_374' title='bbox 979 1843 1056 1865; x_wconf 83' lang='lat' dir='ltr'>caret</span> <span class='ocrx_word' id='word_1_375' title='bbox 1066 1837 1075 1864; x_wconf 75' lang='grc' dir='ltr'><strong><em>ἓ</em></strong></span> <span class='ocrx_word' id='word_1_376' title='bbox 1085 1836 1167 1865; x_wconf 84' lang='lat' dir='ltr'>Itane</span> 
     </span>
    </p>
   </div>
   <div class='ocr_carea' id='block_1_7' title="bbox 548 1944 1121 2010">
    <p class='ocr_par' dir='ltr' id='par_1_7' title="bbox 548 1944 1121 2010">
     <span class='ocr_line' id='line_1_42' title="bbox 548 1944 1121 2010; baseline 0 -3"><span class='ocrx_word' id='word_1_377' title='bbox 548 1944 1121 2010; x_wconf 70' lang='lat' dir='ltr'>M.TULLM</span> 
     </span>
    </p>
   </div>
   <div class='ocr_carea' id='block_1_8' title="bbox 220 2137 352 2278">
    <p class='ocr_par' dir='ltr' id='par_1_8' title="bbox 220 2137 352 2278">
     <span class='ocr_line' id='line_1_43' title="bbox 220 2137 352 2278; baseline 0 0"><span class='ocrx_word' id='word_1_378' title='bbox 220 2137 352 2278; x_wconf 87' lang='lat' dir='ltr'>L-</span> 
     </span>
    </p>
   </div>
   <div class='ocr_carea' id='block_1_9' title="bbox 504 2290 1174 2447">
    <p class='ocr_par' dir='ltr' id='par_1_9' title="bbox 504 2290 1174 2447">
     <span class='ocr_line' id='line_1_44' title="bbox 895 2290 1174 2344; baseline 0.007 -2"><span class='ocrx_word' id='word_1_379' title='bbox 895 2290 1174 2344; x_wconf 90' lang='lat' dir='ltr'>PRI</span> 
     </span>
     <span class='ocr_line' id='line_1_45' title="bbox 504 2382 992 2447; baseline 0.012 -6"><span class='ocrx_word' id='word_1_380' title='bbox 504 2382 992 2447; x_wconf 62' lang='lat' dir='ltr'>IffABlTA</span> 
     </span>
    </p>
   </div>
   <div class='ocr_carea' id='block_1_10' title="bbox 343 497 1182 567">
    <p class='ocr_par' dir='ltr' id='par_1_10' title="bbox 343 497 1182 567">
     <span class='ocr_line' id='line_1_46' title="bbox 343 497 1182 567; baseline -0.001 -41"><span class='ocrx_word' id='word_1_381' title='bbox 343 506 465 567; x_wconf 78' lang='lat' dir='ltr'>¹patrem</span> <span class='ocrx_word' id='word_1_382' title='bbox 481 497 588 536; x_wconf 83' lang='lat' dir='ltr'>hujus,</span> <span class='ocrx_word' id='word_1_383' title='bbox 608 498 642 527; x_wconf 92' lang='lat' dir='ltr'>in</span> <span class='ocrx_word' id='word_1_384' title='bbox 655 507 718 538; x_wconf 90' lang='lat' dir='ltr'>quo</span> <span class='ocrx_word' id='word_1_385' title='bbox 733 497 851 528; x_wconf 88' lang='lat' dir='ltr'>summa</span> <span class='ocrx_word' id='word_1_386' title='bbox 869 499 1027 538; x_wconf 86' lang='lat' dir='ltr'>sapientia,</span> <span class='ocrx_word' id='word_1_387' title='bbox 1050 498 1165 526; x_wconf 82' lang='lat' dir='ltr'>eximia</span> <span class='ocrx_word' id='word_1_388' title='bbox 1181 514 1182 522; x_wconf 49' lang='lat'>1</span> 
     </span>
     <span class='ocr_line' id='line_1_47' title="bbox 354 549 362 567; baseline 0 0"><span class='ocrx_word' id='word_1_389' title='bbox 354 549 362 567; x_wconf 83' lang='lat'>1</span> 
     </span>
    </p>
   </div>
   <div class='ocr_carea' id='block_1_11' title="bbox 1204 122 1752 170">
    <p class='ocr_par' dir='ltr' id='par_1_11' title="bbox 1204 122 1752 170">
     <span class='ocr_line' id='line_1_48' title="bbox 1204 122 1752 170; baseline 0.002 -1"><span class='ocrx_word' id='word_1_390' title='bbox 1204 122 1752 170; x_wconf 67' lang='lat' dir='ltr'>thnnonxs</span> 
     </span>
    </p>
   </div>
   <div class='ocr_carea' id='block_1_12' title="bbox 1197 198 2167 1372">
    <p class='ocr_par' dir='ltr' id='par_1_12' title="bbox 1197 198 2167 1372">
     <span class='ocr_line' id='line_1_49' title="bbox 1203 198 2161 242; baseline 0 -9"><span class='ocrx_word' id='word_1_391' title='bbox 1203 201 1277 233; x_wconf 69' lang='lat' dir='ltr'>vere&gt;</span> <span class='ocrx_word' id='word_1_392' title='bbox 1290 202 1473 234; x_wconf 48' lang='lat' dir='ltr'>2T2ANT18</span> <span class='ocrx_word' id='word_1_393' title='bbox 1494 204 1544 233; x_wconf 74' lang='lat' dir='ltr'>IN</span> <span class='ocrx_word' id='word_1_394' title='bbox 1564 200 1808 234; x_wconf 55' lang='lat' dir='ltr'><em>LABORIBUS</em></span> <span class='ocrx_word' id='word_1_395' title='bbox 1820 198 2161 242; x_wconf 74' lang='lat' dir='ltr'>c.-Marius,periculis-</span> 
     </span>
     <span class='ocr_line' id='line_1_50' title="bbox 1203 240 2161 287; baseline -0.001 -13"><span class='ocrx_word' id='word_1_396' title='bbox 1203 254 1262 286; x_wconf 88' lang='lat' dir='ltr'>que</span> <span class='ocrx_word' id='word_1_397' title='bbox 1270 243 1391 275; x_wconf 81' lang='lat' dir='ltr'>vixisset</span> <span class='ocrx_word' id='word_1_398' title='bbox 1401 264 1409 278; x_wconf 88' lang='lat'>‚</span> <span class='ocrx_word' id='word_1_399' title='bbox 1430 243 1451 274; x_wconf 86' lang='lat' dir='ltr'>sl</span> <span class='ocrx_word' id='word_1_400' title='bbox 1461 246 1538 275; x_wconf 85' lang='lat' dir='ltr'>nihil</span> <span class='ocrx_word' id='word_1_401' title='bbox 1548 244 1668 287; x_wconf 77' lang='lat' dir='ltr'>longius</span> <span class='ocrx_word' id='word_1_402' title='bbox 1679 265 1687 280; x_wconf 91' lang='lat'>,</span> <span class='ocrx_word' id='word_1_403' title='bbox 1705 246 1795 287; x_wconf 76' lang='lat' dir='ltr'>quam</span> <span class='ocrx_word' id='word_1_404' title='bbox 1807 246 1876 275; x_wconf 86' lang='lat' dir='ltr'>vitae</span> <span class='ocrx_word' id='word_1_405' title='bbox 1886 245 2009 274; x_wconf 83' lang='lat' dir='ltr'>termini</span> <span class='ocrx_word' id='word_1_406' title='bbox 2024 240 2161 284; x_wconf 79' lang='lat' dir='ltr'>postula-</span> 
     </span>
     <span class='ocr_line' id='line_1_51' title="bbox 1204 283 2162 328; baseline -0.004 -11"><span class='ocrx_word' id='word_1_407' title='bbox 1204 287 1292 320; x_wconf 88' lang='lat' dir='ltr'>bant,</span> <span class='ocrx_word' id='word_1_408' title='bbox 1313 287 1361 326; x_wconf 85' lang='lat' dir='ltr'>spe</span> <span class='ocrx_word' id='word_1_409' title='bbox 1373 306 1382 321; x_wconf 85' lang='lat'>,</span> <span class='ocrx_word' id='word_1_410' title='bbox 1402 295 1488 328; x_wconf 89' lang='lat' dir='ltr'>atque</span> <span class='ocrx_word' id='word_1_411' title='bbox 1497 287 1603 317; x_wconf 88' lang='lat' dir='ltr'>animo</span> <span class='ocrx_word' id='word_1_412' title='bbox 1613 288 1649 318; x_wconf 86' lang='lat' dir='ltr'>de</span> <span class='ocrx_word' id='word_1_413' title='bbox 1661 287 1688 318; x_wconf 87' lang='lat' dir='ltr'>se</span> <span class='ocrx_word' id='word_1_414' title='bbox 1699 308 1708 321; x_wconf 86' lang='lat'>,</span> <span class='ocrx_word' id='word_1_415' title='bbox 1732 288 1765 317; x_wconf 72' lang='grc' dir='ltr'>δε</span> <span class='ocrx_word' id='word_1_416' title='bbox 1774 286 1868 328; x_wconf 89' lang='lat' dir='ltr'>gloria</span> <span class='ocrx_word' id='word_1_417' title='bbox 1878 286 1927 316; x_wconf 90' lang='lat' dir='ltr'>sua</span> <span class='ocrx_word' id='word_1_418' title='bbox 1935 283 2105 328; x_wconf 68' lang='lat' dir='ltr'>cogitasset?</span> <span class='ocrx_word' id='word_1_419' title='bbox 2119 286 2162 314; x_wconf 80' lang='lat' dir='ltr'>At</span> 
     </span>
     <span class='ocr_line' id='line_1_52' title="bbox 1203 324 2160 368; baseline -0.004 -9"><span class='ocrx_word' id='word_1_420' title='bbox 1203 328 1292 359; x_wconf 86' lang='lat' dir='ltr'>credo</span> <span class='ocrx_word' id='word_1_421' title='bbox 1304 348 1312 362; x_wconf 89' lang='lat'><em>‚</em></span> <span class='ocrx_word' id='word_1_422' title='bbox 1332 326 1404 358; x_wconf 79' lang='lat' dir='ltr'>cum</span> <span class='ocrx_word' id='word_1_423' title='bbox 1423 329 1671 359; x_wconf 88' lang='lat' dir='ltr'>innumerabileis</span> <span class='ocrx_word' id='word_1_424' title='bbox 1688 328 1822 359; x_wconf 88' lang='lat' dir='ltr'>hostium</span> <span class='ocrx_word' id='word_1_425' title='bbox 1841 330 1940 368; x_wconf 80' lang='lat' dir='ltr'>copias</span> <span class='ocrx_word' id='word_1_426' title='bbox 1961 330 1995 357; x_wconf 90' lang='lat' dir='ltr'>in</span> <span class='ocrx_word' id='word_1_427' title='bbox 2016 325 2101 356; x_wconf 87' lang='lat' dir='ltr'>Italia</span> <span class='ocrx_word' id='word_1_428' title='bbox 2109 324 2160 355; x_wconf 83' lang='lat' dir='ltr'>fu-</span> 
     </span>
     <span class='ocr_line' id='line_1_53' title="bbox 1203 367 2160 411; baseline -0.003 -11"><span class='ocrx_word' id='word_1_429' title='bbox 1203 369 1307 404; x_wconf 81' lang='lat' dir='ltr'>disset,</span> <span class='ocrx_word' id='word_1_430' title='bbox 1325 379 1412 411; x_wconf 88' lang='lat' dir='ltr'>atque</span> <span class='ocrx_word' id='word_1_431' title='bbox 1422 368 1578 401; x_wconf 87' lang='lat' dir='ltr'>obfidione</span> <span class='ocrx_word' id='word_1_432' title='bbox 1587 371 1805 410; x_wconf 83' lang='lat' dir='ltr'>rempublicam</span> <span class='ocrx_word' id='word_1_433' title='bbox 1815 367 1960 400; x_wconf 78' lang='lat' dir='ltr'>liberasset</span> <span class='ocrx_word' id='word_1_434' title='bbox 1973 389 1982 402; x_wconf 82' lang='grc'>,</span> <span class='ocrx_word' id='word_1_435' title='bbox 2005 367 2098 398; x_wconf 82' lang='lat' dir='ltr'>omnia</span> <span class='ocrx_word' id='word_1_436' title='bbox 2101 367 2160 408; x_wconf 71' lang='lat' dir='ltr'>sua</span> 
     </span>
     <span class='ocr_line' id='line_1_54' title="bbox 1197 408 2159 453; baseline -0.001 -12"><span class='ocrx_word' id='word_1_437' title='bbox 1197 412 1293 452; x_wconf 80' lang='lat' dir='ltr'>secum</span> <span class='ocrx_word' id='word_1_438' title='bbox 1301 408 1357 441; x_wconf 61' lang='lat' dir='ltr'>unzi</span> <span class='ocrx_word' id='word_1_439' title='bbox 1366 413 1505 442; x_wconf 77' lang='lat' dir='ltr'>moritura</span> <span class='ocrx_word' id='word_1_440' title='bbox 1514 412 1716 442; x_wconf 86' lang='lat' dir='ltr'>arbitrabatur.</span> <span class='ocrx_word' id='word_1_441' title='bbox 1733 415 1808 442; x_wconf 88' lang='lat' dir='ltr'>Non</span> <span class='ocrx_word' id='word_1_442' title='bbox 1817 411 1859 442; x_wconf 87' lang='lat' dir='ltr'>est</span> <span class='ocrx_word' id='word_1_443' title='bbox 1869 413 1909 442; x_wconf 88' lang='lat' dir='ltr'>ita</span> <span class='ocrx_word' id='word_1_444' title='bbox 1920 432 1929 445; x_wconf 88' lang='lat'>,</span> <span class='ocrx_word' id='word_1_445' title='bbox 1944 412 2092 453; x_wconf 86' lang='lat' dir='ltr'>Qirites:</span> <span class='ocrx_word' id='word_1_446' title='bbox 2103 419 2159 440; x_wconf 89' lang='lat' dir='ltr'>ne·</span> 
     </span>
     <span class='ocr_line' id='line_1_55' title="bbox 1204 445 2158 495; baseline -0.003 -11"><span class='ocrx_word' id='word_1_447' title='bbox 1204 464 1262 495; x_wconf 88' lang='lat' dir='ltr'>que</span> <span class='ocrx_word' id='word_1_448' title='bbox 1271 453 1430 494; x_wconf 85' lang='lat' dir='ltr'>quisquam</span> <span class='ocrx_word' id='word_1_449' title='bbox 1441 452 1577 484; x_wconf 69' lang='lat' dir='ltr'>nostrum</span> <span class='ocrx_word' id='word_1_450' title='bbox 1594 455 1626 483; x_wconf 87' lang='lat' dir='ltr'>in</span> <span class='ocrx_word' id='word_1_451' title='bbox 1637 454 1808 494; x_wconf 67' lang='lat' dir='ltr'>reipublicae</span> <span class='ocrx_word' id='word_1_452' title='bbox 1819 445 1959 494; x_wconf 76' lang='lat' dir='ltr'>periculis¹</span> <span class='ocrx_word' id='word_1_453' title='bbox 1968 463 2038 482; x_wconf 90' lang='lat' dir='ltr'>curn</span> <span class='ocrx_word' id='word_1_454' title='bbox 2049 449 2136 482; x_wconf 83' lang='lat' dir='ltr'>laude</span> <span class='ocrx_word' id='word_1_455' title='bbox 2147 469 2158 486; x_wconf 83' lang='lat'>,</span> 
     </span>
     <span class='ocr_line' id='line_1_56' title="bbox 1203 493 2161 537; baseline -0.001 -12"><span class='ocrx_word' id='word_1_456' title='bbox 1203 505 1235 526; x_wconf 89' lang='lat' dir='ltr'>ac</span> <span class='ocrx_word' id='word_1_457' title='bbox 1253 498 1361 525; x_wconf 87' lang='lat' dir='ltr'>virtute</span> <span class='ocrx_word' id='word_1_458' title='bbox 1371 496 1519 529; x_wconf 88' lang='lat' dir='ltr'>versatur,</span> <span class='ocrx_word' id='word_1_459' title='bbox 1545 497 1620 536; x_wconf 90' lang='lat' dir='ltr'>quin</span> <span class='ocrx_word' id='word_1_460' title='bbox 1632 496 1678 534; x_wconf 82' lang='lat' dir='ltr'>spe</span> <span class='ocrx_word' id='word_1_461' title='bbox 1693 494 1876 537; x_wconf 62' lang='lat' dir='ltr'>posteritatis,</span> <span class='ocrx_word' id='word_1_462' title='bbox 1894 493 2052 535; x_wconf 65' lang='lat' dir='ltr'>frustaque</span> <span class='ocrx_word' id='word_1_463' title='bbox 2070 493 2161 524; x_wconf 83' lang='lat' dir='ltr'>duca-</span> 
     </span>
     <span class='ocr_line' id='line_1_57' title="bbox 1204 535 2160 578; baseline -0.002 -11"><span class='ocrx_word' id='word_1_464' title='bbox 1204 546 1262 567; x_wconf 87' lang='lat' dir='ltr'>tur.</span> <span class='ocrx_word' id='word_1_465' title='bbox 1287 539 1388 578; x_wconf 74' lang='lat' dir='ltr'>Itaque</span> <span class='ocrx_word' id='word_1_466' title='bbox 1404 536 1476 567; x_wconf 77' lang='lat' dir='ltr'>cum</span> <span class='ocrx_word' id='word_1_467' title='bbox 1488 538 1594 567; x_wconf 89' lang='lat' dir='ltr'>multis</span> <span class='ocrx_word' id='word_1_468' title='bbox 1609 538 1676 567; x_wconf 84' lang='lat' dir='ltr'>aliis</span> <span class='ocrx_word' id='word_1_469' title='bbox 1686 539 1723 567; x_wconf 89' lang='lat' dir='ltr'>de</span> <span class='ocrx_word' id='word_1_470' title='bbox 1739 535 1831 567; x_wconf 85' lang='lat' dir='ltr'>caufis</span> <span class='ocrx_word' id='word_1_471' title='bbox 1847 538 1986 566; x_wconf 89' lang='lat' dir='ltr'>virorum</span> <span class='ocrx_word' id='word_1_472' title='bbox 2007 537 2160 566; x_wconf 85' lang='lat' dir='ltr'>bonorum</span> 
     </span>
     <span class='ocr_line' id='line_1_58' title="bbox 1205 575 2160 620; baseline -0.001 -12"><span class='ocrx_word' id='word_1_473' title='bbox 1205 588 1321 609; x_wconf 88' lang='lat' dir='ltr'>mentes</span> <span class='ocrx_word' id='word_1_474' title='bbox 1341 579 1451 609; x_wconf 84' lang='lat' dir='ltr'>divinae</span> <span class='ocrx_word' id='word_1_475' title='bbox 1475 580 1572 612; x_wconf 88' lang='lat' dir='ltr'>mihi,</span> <span class='ocrx_word' id='word_1_476' title='bbox 1600 588 1687 620; x_wconf 91' lang='lat' dir='ltr'>atque</span> <span class='ocrx_word' id='word_1_477' title='bbox 1708 588 1822 609; x_wconf 81' lang='lat' dir='ltr'>aeternae</span> <span class='ocrx_word' id='word_1_478' title='bbox 1841 578 1979 608; x_wconf 87' lang='lat' dir='ltr'>videntur</span> <span class='ocrx_word' id='word_1_479' title='bbox 1997 575 2076 616; x_wconf 63' lang='lat' dir='ltr'>esse,</span> <span class='ocrx_word' id='word_1_480' title='bbox 2093 586 2160 608; x_wconf 91' lang='lat' dir='ltr'>tum</span> 
     </span>
     <span class='ocr_line' id='line_1_59' title="bbox 1205 617 2163 661; baseline -0.003 -10"><span class='ocrx_word' id='word_1_481' title='bbox 1205 620 1341 651; x_wconf 71' lang='lat' dir='ltr'>maxime</span> <span class='ocrx_word' id='word_1_482' title='bbox 1359 620 1443 661; x_wconf 73' lang='lat' dir='ltr'>quod</span> <span class='ocrx_word' id='word_1_483' title='bbox 1462 631 1585 651; x_wconf 68' lang='lat' dir='ltr'>orrum</span> <span class='ocrx_word' id='word_1_484' title='bbox 1598 641 1607 655; x_wconf 91' lang='lat'>‚</span> <span class='ocrx_word' id='word_1_485' title='bbox 1626 621 1659 651; x_wconf 74' lang='grc' dir='ltr'>δε</span> <span class='ocrx_word' id='word_1_486' title='bbox 1676 617 2031 661; x_wconf 86' lang='lat' dir='ltr'>sapientiffimicujusque</span> <span class='ocrx_word' id='word_1_487' title='bbox 2041 621 2163 658; x_wconf 75' lang='lat' dir='ltr'>animus</span> 
     </span>
     <span class='ocr_line' id='line_1_60' title="bbox 1203 660 2163 703; baseline -0.002 -10"><span class='ocrx_word' id='word_1_488' title='bbox 1203 664 1242 693; x_wconf 89' lang='lat' dir='ltr'>ita</span> <span class='ocrx_word' id='word_1_489' title='bbox 1252 663 1401 703; x_wconf 67' lang='lat' dir='ltr'>praesentit</span> <span class='ocrx_word' id='word_1_490' title='bbox 1411 664 1443 692; x_wconf 88' lang='lat' dir='ltr'>in</span> <span class='ocrx_word' id='word_1_491' title='bbox 1453 661 1605 703; x_wconf 86' lang='lat' dir='ltr'>posterum</span> <span class='ocrx_word' id='word_1_492' title='bbox 1617 683 1625 696; x_wconf 92' lang='lat'>,</span> <span class='ocrx_word' id='word_1_493' title='bbox 1647 671 1679 693; x_wconf 91' lang='lat' dir='ltr'>ut</span> <span class='ocrx_word' id='word_1_494' title='bbox 1693 663 1770 693; x_wconf 83' lang='lat' dir='ltr'>nihil</span> <span class='ocrx_word' id='word_1_495' title='bbox 1781 683 1790 696; x_wconf 89' lang='lat'>,</span> <span class='ocrx_word' id='word_1_496' title='bbox 1804 660 1858 692; x_wconf 84' lang='lat' dir='ltr'>nisi</span> <span class='ocrx_word' id='word_1_497' title='bbox 1869 662 2085 701; x_wconf 81' lang='lat' dir='ltr'>sempiternum</span> <span class='ocrx_word' id='word_1_498' title='bbox 2097 661 2163 701; x_wconf 86' lang='lat' dir='ltr'>spe·</span> 
     </span>
     <span class='ocr_line' id='line_1_61' title="bbox 1205 703 2162 746; baseline -0.002 -12"><span class='ocrx_word' id='word_1_499' title='bbox 1205 704 1282 735; x_wconf 66' lang='lat' dir='ltr'>&amp;are</span> <span class='ocrx_word' id='word_1_500' title='bbox 1291 704 1434 735; x_wconf 88' lang='lat' dir='ltr'>videatur.</span> <span class='ocrx_word' id='word_1_501' title='bbox 1459 708 1645 745; x_wconf 83' lang='lat' dir='ltr'>Qapropter</span> <span class='ocrx_word' id='word_1_502' title='bbox 1654 704 1796 746; x_wconf 89' lang='lat' dir='ltr'>equidem</span> <span class='ocrx_word' id='word_1_503' title='bbox 1807 705 1839 735; x_wconf 72' lang='grc' dir='ltr'>δε</span> <span class='ocrx_word' id='word_1_504' title='bbox 1859 706 1893 734; x_wconf 92' lang='lat' dir='ltr'>C.</span> <span class='ocrx_word' id='word_1_505' title='bbox 1907 704 1996 733; x_wconf 84' lang='lat' dir='ltr'>Marii</span> <span class='ocrx_word' id='word_1_506' title='bbox 2009 723 2017 736; x_wconf 92' lang='lat'>,</span> <span class='ocrx_word' id='word_1_507' title='bbox 2038 703 2071 733; x_wconf 90' lang='lat'>&amp;</span> <span class='ocrx_word' id='word_1_508' title='bbox 2081 711 2162 733; x_wconf 90' lang='lat' dir='ltr'>cete-</span> 
     </span>
     <span class='ocr_line' id='line_1_62' title="bbox 1203 743 2162 786; baseline -0.002 -10"><span class='ocrx_word' id='word_1_509' title='bbox 1203 756 1306 777; x_wconf 83' lang='lat' dir='ltr'>rorum</span> <span class='ocrx_word' id='word_1_510' title='bbox 1316 748 1450 776; x_wconf 88' lang='lat' dir='ltr'>virorum</span> <span class='ocrx_word' id='word_1_511' title='bbox 1464 767 1472 780; x_wconf 92' lang='lat'>,</span> <span class='ocrx_word' id='word_1_512' title='bbox 1496 745 1778 786; x_wconf 81' lang='lat' dir='ltr'>sapientissimorum</span> <span class='ocrx_word' id='word_1_513' title='bbox 1790 767 1798 781; x_wconf 94' lang='lat'>‚</span> <span class='ocrx_word' id='word_1_514' title='bbox 1819 757 1851 777; x_wconf 89' lang='lat' dir='ltr'>ac</span> <span class='ocrx_word' id='word_1_515' title='bbox 1869 743 2100 776; x_wconf 79' lang='lat' dir='ltr'>fortiffimorum</span> <span class='ocrx_word' id='word_1_516' title='bbox 2118 745 2162 775; x_wconf 80' lang='lat' dir='ltr'>ci-</span> 
     </span>
     <span class='ocr_line' id='line_1_63' title="bbox 1204 787 2164 829; baseline -0.002 -11"><span class='ocrx_word' id='word_1_517' title='bbox 1204 790 1309 822; x_wconf 89' lang='lat' dir='ltr'>vium,</span> <span class='ocrx_word' id='word_1_518' title='bbox 1333 791 1465 818; x_wconf 85' lang='lat' dir='ltr'>menteis</span> <span class='ocrx_word' id='word_1_519' title='bbox 1477 809 1484 822; x_wconf 94' lang='lat'>,</span> <span class='ocrx_word' id='word_1_520' title='bbox 1512 799 1578 829; x_wconf 83' lang='lat' dir='ltr'>quae</span> <span class='ocrx_word' id='word_1_521' title='bbox 1603 789 1680 818; x_wconf 87' lang='lat' dir='ltr'>mihi</span> <span class='ocrx_word' id='word_1_522' title='bbox 1699 789 1841 819; x_wconf 84' lang='lat' dir='ltr'>videntur</span> <span class='ocrx_word' id='word_1_523' title='bbox 1862 797 1900 818; x_wconf 89' lang='lat' dir='ltr'>ex</span> <span class='ocrx_word' id='word_1_524' title='bbox 1919 787 2082 826; x_wconf 86' lang='lat' dir='ltr'>hominum</span> <span class='ocrx_word' id='word_1_525' title='bbox 2101 787 2164 816; x_wconf 72' lang='lat' dir='ltr'>vita</span> 
     </span>
     <span class='ocr_line' id='line_1_64' title="bbox 1208 826 2161 871; baseline -0.002 -12"><span class='ocrx_word' id='word_1_526' title='bbox 1208 834 1217 849; x_wconf 91' lang='lat'>¹</span> <span class='ocrx_word' id='word_1_527' title='bbox 1232 829 1267 859; x_wconf 92' lang='lat' dir='ltr'>ad</span> <span class='ocrx_word' id='word_1_528' title='bbox 1281 830 1409 860; x_wconf 89' lang='lat' dir='ltr'>deorum</span> <span class='ocrx_word' id='word_1_529' title='bbox 1426 831 1606 871; x_wconf 83' lang='lat' dir='ltr'>religionem</span> <span class='ocrx_word' id='word_1_530' title='bbox 1619 851 1627 864; x_wconf 90' lang='lat'>,</span> <span class='ocrx_word' id='word_1_531' title='bbox 1658 832 1690 862; x_wconf 75' lang='grc' dir='ltr'>δε</span> <span class='ocrx_word' id='word_1_532' title='bbox 1709 830 1941 861; x_wconf 63' lang='grc' dir='ltr'>Γᾶῃᾶὶίηιοῡίαιτι</span> <span class='ocrx_word' id='word_1_533' title='bbox 1965 826 2139 870; x_wconf 68' lang='lat' dir='ltr'>demigrasse</span> <span class='ocrx_word' id='word_1_534' title='bbox 2151 846 2161 862; x_wconf 85' lang='lat'>,</span> 
     </span>
     <span class='ocr_line' id='line_1_65' title="bbox 1205 869 2163 914; baseline -0.001 -13"><span class='ocrx_word' id='word_1_535' title='bbox 1205 871 1314 904; x_wconf 87' lang='lat' dir='ltr'>testor,</span> <span class='ocrx_word' id='word_1_536' title='bbox 1337 881 1386 901; x_wconf 89' lang='lat' dir='ltr'>me</span> <span class='ocrx_word' id='word_1_537' title='bbox 1396 881 1449 911; x_wconf 88' lang='lat' dir='ltr'>pro</span> <span class='ocrx_word' id='word_1_538' title='bbox 1459 873 1582 902; x_wconf 89' lang='lat' dir='ltr'>illorum</span> <span class='ocrx_word' id='word_1_539' title='bbox 1593 872 1672 903; x_wconf 83' lang='lat' dir='ltr'>fama</span> <span class='ocrx_word' id='word_1_540' title='bbox 1686 892 1694 906; x_wconf 92' lang='lat'>,</span> <span class='ocrx_word' id='word_1_541' title='bbox 1713 873 1806 914; x_wconf 85' lang='lat' dir='ltr'>gloria</span> <span class='ocrx_word' id='word_1_542' title='bbox 1818 893 1826 905; x_wconf 91' lang='lat'>,</span> <span class='ocrx_word' id='word_1_543' title='bbox 1846 871 2014 904; x_wconf 86' lang='lat' dir='ltr'>memoria,</span> <span class='ocrx_word' id='word_1_544' title='bbox 2037 879 2101 900; x_wconf 91' lang='lat' dir='ltr'>non</span> <span class='ocrx_word' id='word_1_545' title='bbox 2117 869 2163 900; x_wconf 89' lang='lat' dir='ltr'>se-</span> 
     </span>
     <span class='ocr_line' id='line_1_66' title="bbox 1204 911 2162 955; baseline -0.001 -13"><span class='ocrx_word' id='word_1_546' title='bbox 1204 923 1256 943; x_wconf 90' lang='lat' dir='ltr'>cus</span> <span class='ocrx_word' id='word_1_547' title='bbox 1268 932 1277 946; x_wconf 86' lang='lat'>‚</span> <span class='ocrx_word' id='word_1_548' title='bbox 1295 923 1328 943; x_wconf 89' lang='lat' dir='ltr'>ac</span> <span class='ocrx_word' id='word_1_549' title='bbox 1344 922 1398 953; x_wconf 86' lang='lat' dir='ltr'>pro</span> <span class='ocrx_word' id='word_1_550' title='bbox 1414 916 1514 954; x_wconf 88' lang='lat' dir='ltr'>patriis</span> <span class='ocrx_word' id='word_1_551' title='bbox 1534 914 1612 945; x_wconf 84' lang='lat' dir='ltr'>fanis</span> <span class='ocrx_word' id='word_1_552' title='bbox 1624 935 1633 949; x_wconf 87' lang='lat'>‚</span> <span class='ocrx_word' id='word_1_553' title='bbox 1656 924 1742 955; x_wconf 91' lang='lat' dir='ltr'>atque</span> <span class='ocrx_word' id='word_1_554' title='bbox 1762 914 1894 944; x_wconf 88' lang='lat' dir='ltr'>delubris</span> <span class='ocrx_word' id='word_1_555' title='bbox 1910 911 2162 953; x_wconf 82' lang='lat' dir='ltr'>propugnandum</span> 
     </span>
     <span class='ocr_line' id='line_1_67' title="bbox 1204 951 2162 995; baseline -0.003 -10"><span class='ocrx_word' id='word_1_556' title='bbox 1204 964 1306 995; x_wconf 84' lang='lat' dir='ltr'>putare</span> <span class='ocrx_word' id='word_1_557' title='bbox 1318 965 1324 983; x_wconf 80' lang='lat' dir='ltr'>z</span> <span class='ocrx_word' id='word_1_558' title='bbox 1335 965 1366 985; x_wconf 94' lang='lat' dir='ltr'>ac</span> <span class='ocrx_word' id='word_1_559' title='bbox 1377 975 1386 988; x_wconf 89' lang='lat'>‚</span> <span class='ocrx_word' id='word_1_560' title='bbox 1398 954 1417 984; x_wconf 82' lang='lat' dir='ltr'>sl</span> <span class='ocrx_word' id='word_1_561' title='bbox 1427 965 1481 995; x_wconf 88' lang='lat' dir='ltr'>pro</span> <span class='ocrx_word' id='word_1_562' title='bbox 1491 956 1615 987; x_wconf 90' lang='lat' dir='ltr'>illorum</span> <span class='ocrx_word' id='word_1_563' title='bbox 1626 956 1712 987; x_wconf 87' lang='lat' dir='ltr'>laude</span> <span class='ocrx_word' id='word_1_564' title='bbox 1724 957 1802 986; x_wconf 85' lang='lat' dir='ltr'>mihi</span> <span class='ocrx_word' id='word_1_565' title='bbox 1813 965 1893 986; x_wconf 88' lang='lat' dir='ltr'>arma</span> <span class='ocrx_word' id='word_1_566' title='bbox 1907 953 2048 994; x_wconf 84' lang='lat' dir='ltr'>capienda</span> <span class='ocrx_word' id='word_1_567' title='bbox 2056 951 2162 986; x_wconf 74' lang='lat' dir='ltr'>client,</span> 
     </span>
     <span class='ocr_line' id='line_1_68' title="bbox 1206 994 2164 1040; baseline -0.001 -14"><span class='ocrx_word' id='word_1_568' title='bbox 1206 1006 1270 1026; x_wconf 91' lang='lat' dir='ltr'>non</span> <span class='ocrx_word' id='word_1_569' title='bbox 1281 995 1386 1026; x_wconf 77' lang='lat' dir='ltr'>minus</span> <span class='ocrx_word' id='word_1_570' title='bbox 1398 995 1515 1028; x_wconf 70' lang='lat' dir='ltr'>strenue</span> <span class='ocrx_word' id='word_1_571' title='bbox 1525 1008 1659 1038; x_wconf 84' lang='lat' dir='ltr'>caperem</span> <span class='ocrx_word' id='word_1_572' title='bbox 1671 1019 1680 1033; x_wconf 90' lang='lat'>,</span> <span class='ocrx_word' id='word_1_573' title='bbox 1698 998 1790 1040; x_wconf 70' lang='lat' dir='ltr'>quam</span> <span class='ocrx_word' id='word_1_574' title='bbox 1801 998 1847 1027; x_wconf 90' lang='lat' dir='ltr'>illi</span> <span class='ocrx_word' id='word_1_575' title='bbox 1857 1007 1911 1038; x_wconf 89' lang='lat' dir='ltr'>pro</span> <span class='ocrx_word' id='word_1_576' title='bbox 1922 996 2061 1026; x_wconf 83' lang='lat' dir='ltr'>communi</span> <span class='ocrx_word' id='word_1_577' title='bbox 2065 994 2164 1035; x_wconf 50' lang='lat' dir='ltr'>salute</span> 
     </span>
     <span class='ocr_line' id='line_1_69' title="bbox 1204 1038 2162 1079; baseline -0.002 -11"><span class='ocrx_word' id='word_1_578' title='bbox 1204 1046 1356 1078; x_wconf 80' lang='lat' dir='ltr'>ceperunt.</span> <span class='ocrx_word' id='word_1_579' title='bbox 1380 1041 1502 1070; x_wconf 84' lang='lat' dir='ltr'>Etenim</span> <span class='ocrx_word' id='word_1_580' title='bbox 1512 1060 1521 1074; x_wconf 91' lang='lat'>,</span> <span class='ocrx_word' id='word_1_581' title='bbox 1544 1043 1677 1079; x_wconf 87' lang='lat' dir='ltr'>Qirites</span> <span class='ocrx_word' id='word_1_582' title='bbox 1687 1061 1696 1075; x_wconf 95' lang='lat'>,</span> <span class='ocrx_word' id='word_1_583' title='bbox 1717 1050 1878 1070; x_wconf 78' lang='lat' dir='ltr'>EXIGUUM</span> <span class='ocrx_word' id='word_1_584' title='bbox 1900 1038 1989 1068; x_wconf 86' lang='lat' dir='ltr'>nobis</span> <span class='ocrx_word' id='word_1_585' title='bbox 2008 1039 2077 1068; x_wconf 82' lang='lat' dir='ltr'>vitae</span> <span class='ocrx_word' id='word_1_586' title='bbox 2095 1046 2162 1067; x_wconf 82' lang='lat' dir='ltr'>cur-</span> 
     </span>
     <span class='ocr_line' id='line_1_70' title="bbox 1207 1080 2162 1123; baseline 0 -14"><span class='ocrx_word' id='word_1_587' title='bbox 1207 1080 1337 1110; x_wconf 87' lang='lat' dir='ltr'>riculum</span> <span class='ocrx_word' id='word_1_588' title='bbox 1347 1088 1450 1111; x_wconf 87' lang='lat' dir='ltr'>natura</span> <span class='ocrx_word' id='word_1_589' title='bbox 1459 1082 1685 1123; x_wconf 82' lang='lat' dir='ltr'>circumscripsit</span> <span class='ocrx_word' id='word_1_590' title='bbox 1696 1102 1704 1116; x_wconf 88' lang='lat'><em>‚</em></span> <span class='ocrx_word' id='word_1_591' title='bbox 1724 1082 1910 1112; x_wconf 88' lang='lat' dir='ltr'>immensum</span> <span class='ocrx_word' id='word_1_592' title='bbox 1922 1080 2034 1121; x_wconf 88' lang='lat' dir='ltr'>gloriae.</span> <span class='ocrx_word' id='word_1_593' title='bbox 2052 1082 2162 1121; x_wconf 83' lang='lat' dir='ltr'>Qarc‚</span> 
     </span>
     <span class='ocr_line' id='line_1_71' title="bbox 1207 1119 2164 1162; baseline 0 -12"><span class='ocrx_word' id='word_1_594' title='bbox 1207 1119 1228 1151; x_wconf 82' lang='lat' dir='ltr'>si</span> <span class='ocrx_word' id='word_1_595' title='bbox 1238 1131 1290 1151; x_wconf 90' lang='lat' dir='ltr'>eos</span> <span class='ocrx_word' id='word_1_596' title='bbox 1303 1141 1312 1155; x_wconf 89' lang='lat'>,</span> <span class='ocrx_word' id='word_1_597' title='bbox 1328 1123 1380 1162; x_wconf 87' lang='lat' dir='ltr'>qui</span> <span class='ocrx_word' id='word_1_598' title='bbox 1389 1123 1452 1161; x_wconf 87' lang='lat' dir='ltr'>jam</span> <span class='ocrx_word' id='word_1_599' title='bbox 1461 1122 1497 1153; x_wconf 89' lang='lat' dir='ltr'>de</span> <span class='ocrx_word' id='word_1_600' title='bbox 1508 1125 1569 1154; x_wconf 91' lang='lat' dir='ltr'>vita</span> <span class='ocrx_word' id='word_1_601' title='bbox 1579 1123 1763 1155; x_wconf 74' lang='lat' dir='ltr'>decesserunt</span> <span class='ocrx_word' id='word_1_602' title='bbox 1773 1144 1781 1158; x_wconf 92' lang='lat'>,</span> <span class='ocrx_word' id='word_1_603' title='bbox 1793 1123 1984 1153; x_wconf 73' lang='lat' dir='ltr'>ornabimus.</span> <span class='ocrx_word' id='word_1_604' title='bbox 2003 1120 2164 1162; x_wconf 85' lang='lat' dir='ltr'>justiorem</span> 
     </span>
     <span class='ocr_line' id='line_1_72' title="bbox 1209 1161 2162 1196; baseline 0 -4"><span class='ocrx_word' id='word_1_605' title='bbox 1209 1163 1299 1193; x_wconf 85' lang='lat' dir='ltr'>nobis</span> <span class='ocrx_word' id='word_1_606' title='bbox 1321 1165 1429 1193; x_wconf 88' lang='lat' dir='ltr'>mortis</span> <span class='ocrx_word' id='word_1_607' title='bbox 1446 1165 1659 1196; x_wconf 87' lang='lat' dir='ltr'>conditionem</span> <span class='ocrx_word' id='word_1_608' title='bbox 1680 1166 1756 1195; x_wconf 89' lang='lat' dir='ltr'>relin</span> <span class='ocrx_word' id='word_1_609' title='bbox 1779 1174 1895 1195; x_wconf 79' lang='lat' dir='ltr'>uemus.</span> <span class='ocrx_word' id='word_1_610' title='bbox 1927 1163 1983 1194; x_wconf 90' lang='lat' dir='ltr'>Sed</span> <span class='ocrx_word' id='word_1_611' title='bbox 1998 1183 2007 1196; x_wconf 81' lang='lat'>‚</span> <span class='ocrx_word' id='word_1_612' title='bbox 2028 1161 2049 1191; x_wconf 79' lang='lat' dir='ltr'>si</span> <span class='ocrx_word' id='word_1_613' title='bbox 2070 1162 2139 1192; x_wconf 87' lang='lat' dir='ltr'>illos</span> <span class='ocrx_word' id='word_1_614' title='bbox 2151 1182 2162 1196; x_wconf 83' lang='lat'>‚</span> 
     </span>
     <span class='ocr_line' id='line_1_73' title="bbox 1208 1205 2166 1247; baseline 0 -13"><span class='ocrx_word' id='word_1_615' title='bbox 1208 1205 1340 1235; x_wconf 83' lang='lat' dir='ltr'>Labiene</span> <span class='ocrx_word' id='word_1_616' title='bbox 1352 1225 1361 1238; x_wconf 88' lang='lat'>‚</span> <span class='ocrx_word' id='word_1_617' title='bbox 1372 1215 1448 1245; x_wconf 89' lang='lat' dir='ltr'>quos</span> <span class='ocrx_word' id='word_1_618' title='bbox 1454 1207 1518 1246; x_wconf 86' lang='lat' dir='ltr'>jam</span> <span class='ocrx_word' id='word_1_619' title='bbox 1535 1207 1636 1237; x_wconf 85' lang='lat' dir='ltr'>videre</span> <span class='ocrx_word' id='word_1_620' title='bbox 1648 1217 1712 1237; x_wconf 90' lang='lat' dir='ltr'>non</span> <span class='ocrx_word' id='word_1_621' title='bbox 1721 1217 1760 1247; x_wconf 90' lang='lat' dir='ltr'>po</span> <span class='ocrx_word' id='word_1_622' title='bbox 1789 1216 1877 1236; x_wconf 87' lang='lat' dir='ltr'>umus</span> <span class='ocrx_word' id='word_1_623' title='bbox 1889 1226 1897 1239; x_wconf 86' lang='lat'>,</span> <span class='ocrx_word' id='word_1_624' title='bbox 1910 1205 2052 1246; x_wconf 86' lang='lat' dir='ltr'>negligis:</span> <span class='ocrx_word' id='word_1_625' title='bbox 2067 1214 2106 1233; x_wconf 90' lang='lat' dir='ltr'>ne</span> <span class='ocrx_word' id='word_1_626' title='bbox 2115 1205 2166 1234; x_wconf 85' lang='lat' dir='ltr'>his</span> 
     </span>
     <span class='ocr_line' id='line_1_74' title="bbox 1206 1246 2165 1288; baseline -0.001 -12"><span class='ocrx_word' id='word_1_627' title='bbox 1206 1246 1330 1288; x_wconf 86' lang='lat' dir='ltr'>quidem</span> <span class='ocrx_word' id='word_1_628' title='bbox 1342 1266 1350 1280; x_wconf 91' lang='lat'>,</span> <span class='ocrx_word' id='word_1_629' title='bbox 1368 1257 1444 1287; x_wconf 90' lang='lat' dir='ltr'>quos</span> <span class='ocrx_word' id='word_1_630' title='bbox 1454 1247 1556 1282; x_wconf 78' lang='lat' dir='ltr'>vides,</span> <span class='ocrx_word' id='word_1_631' title='bbox 1577 1249 1693 1279; x_wconf 89' lang='lat' dir='ltr'>consuli</span> <span class='ocrx_word' id='word_1_632' title='bbox 1714 1257 1798 1288; x_wconf 89' lang='lat' dir='ltr'>putas</span> <span class='ocrx_word' id='word_1_633' title='bbox 1815 1248 1973 1288; x_wconf 87' lang='lat' dir='ltr'>oportere?</span> <span class='ocrx_word' id='word_1_634' title='bbox 1995 1247 2165 1276; x_wconf 90' lang='lat' dir='ltr'>Neminem</span> 
     </span>
     <span class='ocr_line' id='line_1_75' title="bbox 1208 1287 2166 1332; baseline -0.001 -14"><span class='ocrx_word' id='word_1_635' title='bbox 1208 1287 1266 1318; x_wconf 83' lang='lat' dir='ltr'>ess&#39;e</span> <span class='ocrx_word' id='word_1_636' title='bbox 1276 1288 1346 1318; x_wconf 89' lang='lat' dir='ltr'>dico</span> <span class='ocrx_word' id='word_1_637' title='bbox 1358 1298 1395 1318; x_wconf 88' lang='lat' dir='ltr'>ex</span> <span class='ocrx_word' id='word_1_638' title='bbox 1406 1290 1442 1318; x_wconf 85' lang='lat' dir='ltr'>iis</span> <span class='ocrx_word' id='word_1_639' title='bbox 1453 1290 1598 1320; x_wconf 89' lang='lat' dir='ltr'>omnibus</span> <span class='ocrx_word' id='word_1_640' title='bbox 1610 1311 1617 1324; x_wconf 88' lang='lat'>‚</span> <span class='ocrx_word' id='word_1_641' title='bbox 1629 1294 1681 1332; x_wconf 86' lang='lat' dir='ltr'>qui</span> <span class='ocrx_word' id='word_1_642' title='bbox 1691 1291 1747 1320; x_wconf 89' lang='lat' dir='ltr'>illo</span> <span class='ocrx_word' id='word_1_643' title='bbox 1758 1289 1805 1320; x_wconf 90' lang='lat' dir='ltr'>die</span> <span class='ocrx_word' id='word_1_644' title='bbox 1817 1292 1925 1320; x_wconf 85' lang='lat' dir='ltr'>Romae</span> <span class='ocrx_word' id='word_1_645' title='bbox 1934 1287 2062 1321; x_wconf 82' lang='lat' dir='ltr'>fuerint,</span> <span class='ocrx_word' id='word_1_646' title='bbox 2072 1297 2166 1328; x_wconf 88' lang='lat' dir='ltr'>quem</span> 
     </span>
     <span class='ocr_line' id='line_1_76' title="bbox 1209 1329 2167 1372; baseline -0.002 -12"><span class='ocrx_word' id='word_1_647' title='bbox 1209 1339 1242 1360; x_wconf 90' lang='lat' dir='ltr'>tu</span> <span class='ocrx_word' id='word_1_648' title='bbox 1258 1330 1340 1360; x_wconf 88' lang='lat' dir='ltr'>diem</span> <span class='ocrx_word' id='word_1_649' title='bbox 1352 1332 1383 1360; x_wconf 90' lang='lat' dir='ltr'>in</span> <span class='ocrx_word' id='word_1_650' title='bbox 1394 1330 1544 1369; x_wconf 84' lang='lat' dir='ltr'>judicium</span> <span class='ocrx_word' id='word_1_651' title='bbox 1555 1342 1642 1363; x_wconf 86' lang='lat' dir='ltr'>vocas</span> <span class='ocrx_word' id='word_1_652' title='bbox 1654 1352 1662 1367; x_wconf 91' lang='lat'>,</span> <span class='ocrx_word' id='word_1_653' title='bbox 1674 1332 1826 1372; x_wconf 87' lang='lat' dir='ltr'>pubesque</span> <span class='ocrx_word' id='word_1_654' title='bbox 1837 1340 1902 1362; x_wconf 90' lang='lat' dir='ltr'>tum</span> <span class='ocrx_word' id='word_1_655' title='bbox 1912 1329 2002 1360; x_wconf 83' lang='lat' dir='ltr'>fuerit</span> <span class='ocrx_word' id='word_1_656' title='bbox 2013 1349 2023 1363; x_wconf 81' lang='lat'>‚</span> <span class='ocrx_word' id='word_1_657' title='bbox 2035 1332 2110 1370; x_wconf 88' lang='lat' dir='ltr'>quin</span> <span class='ocrx_word' id='word_1_658' title='bbox 2119 1339 2167 1359; x_wconf 85' lang='lat' dir='ltr'>ar-</span> 
     </span>
    </p>
   </div>
   <div class='ocr_carea' id='block_1_13' title="bbox 2185 1089 2224 1116">
    <p class='ocr_par' dir='ltr' id='par_1_13' title="bbox 2185 1089 2224 1116">
     <span class='ocr_line' id='line_1_77' title="bbox 2185 1089 2224 1116; baseline 0.051 -2"><span class='ocrx_word' id='word_1_659' title='bbox 2185 1089 2224 1116; x_wconf 83' lang='lat'>11</span> 
     </span>
    </p>
   </div>
   <div class='ocr_carea' id='block_1_14' title="bbox 1211 1372 2215 1414">
    <p class='ocr_par' dir='ltr' id='par_1_14' title="bbox 1211 1372 2215 1414">
     <span class='ocr_line' id='line_1_78' title="bbox 1211 1372 2215 1414; baseline 0 -12"><span class='ocrx_word' id='word_1_660' title='bbox 1211 1382 1260 1402; x_wconf 87' lang='lat' dir='ltr'>ma</span> <span class='ocrx_word' id='word_1_661' title='bbox 1276 1374 1406 1412; x_wconf 90' lang='lat' dir='ltr'>ceperit,</span> <span class='ocrx_word' id='word_1_662' title='bbox 1425 1374 1500 1413; x_wconf 88' lang='lat' dir='ltr'>quin</span> <span class='ocrx_word' id='word_1_663' title='bbox 1517 1374 1634 1414; x_wconf 83' lang='lat' dir='ltr'>consules</span> <span class='ocrx_word' id='word_1_664' title='bbox 1653 1375 1766 1414; x_wconf 68' lang='lat' dir='ltr'>fisurus</span> <span class='ocrx_word' id='word_1_665' title='bbox 1788 1372 1831 1404; x_wconf 86' lang='lat' dir='ltr'>fit.</span> <span class='ocrx_word' id='word_1_666' title='bbox 1856 1382 1963 1403; x_wconf 88' lang='lat' dir='ltr'>omnes</span> <span class='ocrx_word' id='word_1_667' title='bbox 1973 1373 2014 1406; x_wconf 85' lang='lat' dir='ltr'>ii,</span> <span class='ocrx_word' id='word_1_668' title='bbox 2033 1380 2166 1412; x_wconf 87' lang='lat' dir='ltr'>quorum</span> <span class='ocrx_word' id='word_1_669' title='bbox 2213 1385 2215 1387; x_wconf 96' lang='lat'>·</span> 
     </span>
    </p>
   </div>
   <div class='ocr_carea' id='block_1_15' title="bbox 1209 1412 2170 1749">
    <p class='ocr_par' dir='ltr' id='par_1_15' title="bbox 1209 1412 2170 1749">
     <span class='ocr_line' id='line_1_79' title="bbox 1211 1412 2166 1456; baseline -0.001 -12"><span class='ocrx_word' id='word_1_670' title='bbox 1211 1422 1243 1444; x_wconf 90' lang='lat' dir='ltr'>tu</span> <span class='ocrx_word' id='word_1_671' title='bbox 1253 1423 1291 1444; x_wconf 91' lang='lat' dir='ltr'>ex</span> <span class='ocrx_word' id='word_1_672' title='bbox 1305 1422 1388 1444; x_wconf 87' lang='lat' dir='ltr'>aetate</span> <span class='ocrx_word' id='word_1_673' title='bbox 1396 1414 1600 1454; x_wconf 61' lang='lat' dir='ltr'>conjez‘hram</span> <span class='ocrx_word' id='word_1_674' title='bbox 1615 1416 1709 1447; x_wconf 87' lang='lat' dir='ltr'>facere</span> <span class='ocrx_word' id='word_1_675' title='bbox 1719 1425 1822 1456; x_wconf 85' lang='lat' dir='ltr'>potes,</span> <span class='ocrx_word' id='word_1_676' title='bbox 1840 1414 1914 1456; x_wconf 89' lang='lat' dir='ltr'>quid</span> <span class='ocrx_word' id='word_1_677' title='bbox 1934 1423 2000 1444; x_wconf 87' lang='lat' dir='ltr'>turn</span> <span class='ocrx_word' id='word_1_678' title='bbox 2017 1412 2166 1447; x_wconf 75' lang='lat' dir='ltr'>fecerint,</span> 
     </span>
     <span class='ocr_line' id='line_1_80' title="bbox 1210 1453 2168 1496; baseline -0.002 -7"><span class='ocrx_word' id='word_1_679' title='bbox 1210 1456 1261 1486; x_wconf 75' lang='lat' dir='ltr'>abs</span> <span class='ocrx_word' id='word_1_680' title='bbox 1272 1465 1299 1485; x_wconf 91' lang='lat' dir='ltr'>te</span> <span class='ocrx_word' id='word_1_681' title='bbox 1308 1457 1350 1485; x_wconf 82' lang='lat' dir='ltr'>rei</span> <span class='ocrx_word' id='word_1_682' title='bbox 1361 1457 1464 1496; x_wconf 77' lang='lat' dir='ltr'>capitis</span> <span class='ocrx_word' id='word_1_683' title='bbox 1476 1477 1485 1490; x_wconf 83' lang='lat'>‚</span> <span class='ocrx_word' id='word_1_684' title='bbox 1505 1460 1537 1488; x_wconf 84' lang='lat' dir='ltr'>C·</span> <span class='ocrx_word' id='word_1_685' title='bbox 1549 1458 1664 1488; x_wconf 88' lang='lat' dir='ltr'>Rabirii</span> <span class='ocrx_word' id='word_1_686' title='bbox 1674 1460 1821 1492; x_wconf 88' lang='lat' dir='ltr'>nomine,</span> <span class='ocrx_word' id='word_1_687' title='bbox 1839 1459 1975 1487; x_wconf 89' lang='lat' dir='ltr'>citantur.</span> <span class='ocrx_word' id='word_1_688' title='bbox 1998 1458 2039 1486; x_wconf 88' lang='lat' dir='ltr'>At</span> <span class='ocrx_word' id='word_1_689' title='bbox 2056 1453 2168 1493; x_wconf 83' lang='lat' dir='ltr'>occidit</span> 
     </span>
     <span class='ocr_line' id='line_1_81' title="bbox 1210 1497 2167 1537; baseline 0.001 -10"><span class='ocrx_word' id='word_1_690' title='bbox 1210 1498 1405 1528; x_wconf 89' lang='lat' dir='ltr'>Saturninum</span> <span class='ocrx_word' id='word_1_691' title='bbox 1426 1499 1575 1529; x_wconf 86' lang='lat' dir='ltr'>Rabirius.</span> <span class='ocrx_word' id='word_1_692' title='bbox 1605 1501 1732 1530; x_wconf 86' lang='lat' dir='ltr'>Utinam</span> <span class='ocrx_word' id='word_1_693' title='bbox 1752 1498 1879 1530; x_wconf 79' lang='lat' dir='ltr'>fecisset.</span> <span class='ocrx_word' id='word_1_694' title='bbox 1900 1508 1966 1528; x_wconf 89' lang='lat' dir='ltr'>non</span> <span class='ocrx_word' id='word_1_695' title='bbox 1983 1497 2167 1537; x_wconf 87' lang='lat' dir='ltr'>supplicium</span> 
     </span>
     <span class='ocr_line' id='line_1_82' title="bbox 1209 1537 2170 1582; baseline 0 -13"><span class='ocrx_word' id='word_1_696' title='bbox 1209 1538 1398 1579; x_wconf 83' lang='lat' dir='ltr'>deprecarer,</span> <span class='ocrx_word' id='word_1_697' title='bbox 1420 1539 1469 1570; x_wconf 86' lang='lat' dir='ltr'>sed</span> <span class='ocrx_word' id='word_1_698' title='bbox 1480 1543 1639 1580; x_wconf 83' lang='lat' dir='ltr'>praemium</span> <span class='ocrx_word' id='word_1_699' title='bbox 1650 1541 1841 1582; x_wconf 84' lang='lat' dir='ltr'>postularem.</span> <span class='ocrx_word' id='word_1_700' title='bbox 1862 1542 2004 1573; x_wconf 89' lang='lat' dir='ltr'>Etenim,</span> <span class='ocrx_word' id='word_1_701' title='bbox 2024 1537 2170 1574; x_wconf 65' lang='lat' dir='ltr'>siScevae2</span> 
     </span>
     <span class='ocr_line' id='line_1_83' title="bbox 1210 1580 2170 1624; baseline 0.001 -13"><span class='ocrx_word' id='word_1_702' title='bbox 1210 1581 1295 1611; x_wconf 88' lang='lat' dir='ltr'>servo</span> <span class='ocrx_word' id='word_1_703' title='bbox 1314 1584 1526 1621; x_wconf 77' lang='lat' dir='ltr'>QCrotonis‚</span> <span class='ocrx_word' id='word_1_704' title='bbox 1555 1585 1608 1624; x_wconf 89' lang='lat' dir='ltr'>qui</span> <span class='ocrx_word' id='word_1_705' title='bbox 1628 1582 1739 1614; x_wconf 84' lang='lat' dir='ltr'>occidit</span> <span class='ocrx_word' id='word_1_706' title='bbox 1754 1586 1792 1614; x_wconf 92' lang='lat' dir='ltr'>L.</span> <span class='ocrx_word' id='word_1_707' title='bbox 1812 1584 2025 1616; x_wconf 81' lang='lat' dir='ltr'>Saturninum,</span> <span class='ocrx_word' id='word_1_708' title='bbox 2049 1580 2170 1612; x_wconf 78' lang='lat' dir='ltr'>libertas</span> 
     </span>
     <span class='ocr_line' id='line_1_84' title="bbox 1210 1620 2167 1666; baseline -0.001 -13"><span class='ocrx_word' id='word_1_709' title='bbox 1210 1622 1275 1653; x_wconf 86' lang='lat' dir='ltr'>data</span> <span class='ocrx_word' id='word_1_710' title='bbox 1285 1622 1327 1653; x_wconf 92' lang='lat' dir='ltr'>est</span> <span class='ocrx_word' id='word_1_711' title='bbox 1340 1633 1345 1652; x_wconf 76' lang='grc' dir='ltr'>ε</span> <span class='ocrx_word' id='word_1_712' title='bbox 1359 1623 1441 1664; x_wconf 90' lang='lat' dir='ltr'>quod</span> <span class='ocrx_word' id='word_1_713' title='bbox 1451 1627 1546 1666; x_wconf 88' lang='lat' dir='ltr'>equiti</span> <span class='ocrx_word' id='word_1_714' title='bbox 1557 1628 1595 1656; x_wconf 91' lang='lat' dir='ltr'>R.</span> <span class='ocrx_word' id='word_1_715' title='bbox 1609 1628 1768 1665; x_wconf 83' lang='lat' dir='ltr'>praemium</span> <span class='ocrx_word' id='word_1_716' title='bbox 1779 1626 1840 1656; x_wconf 81' lang='lat' dir='ltr'>dari</span> <span class='ocrx_word' id='word_1_717' title='bbox 1852 1634 1903 1664; x_wconf 84' lang='lat' dir='ltr'>par</span> <span class='ocrx_word' id='word_1_718' title='bbox 1911 1622 2030 1654; x_wconf 75' lang='lat' dir='ltr'>fuisset?</span> <span class='ocrx_word' id='word_1_719' title='bbox 2042 1622 2087 1656; x_wconf 87' lang='lat'>&amp;,</span> <span class='ocrx_word' id='word_1_720' title='bbox 2097 1620 2117 1652; x_wconf 86' lang='lat' dir='ltr'>fi</span> <span class='ocrx_word' id='word_1_721' title='bbox 2130 1624 2167 1653; x_wconf 86' lang='lat' dir='ltr'>C.</span> 
     </span>
     <span class='ocr_line' id='line_1_85' title="bbox 1212 1664 2167 1708; baseline -0.001 -14"><span class='ocrx_word' id='word_1_722' title='bbox 1212 1666 1323 1695; x_wconf 88' lang='lat' dir='ltr'>Marius</span> <span class='ocrx_word' id='word_1_723' title='bbox 1335 1685 1343 1698; x_wconf 93' lang='lat'>,</span> <span class='ocrx_word' id='word_1_724' title='bbox 1366 1664 1449 1706; x_wconf 73' lang='lat' dir='ltr'>quod</span> <span class='ocrx_word' id='word_1_725' title='bbox 1461 1666 1569 1697; x_wconf 87' lang='lat' dir='ltr'>fistulas</span> <span class='ocrx_word' id='word_1_726' title='bbox 1580 1688 1588 1701; x_wconf 89' lang='lat'>‚</span> <span class='ocrx_word' id='word_1_727' title='bbox 1609 1668 1718 1708; x_wconf 89' lang='lat' dir='ltr'>quibus</span> <span class='ocrx_word' id='word_1_728' title='bbox 1731 1677 1805 1708; x_wconf 92' lang='lat' dir='ltr'>aqua</span> <span class='ocrx_word' id='word_1_729' title='bbox 1825 1665 2062 1706; x_wconf 87' lang='lat' dir='ltr'>suppeditabatur</span> <span class='ocrx_word' id='word_1_730' title='bbox 2078 1665 2167 1705; x_wconf 79' lang='lat' dir='ltr'>Jovis</span> 
     </span>
     <span class='ocr_line' id='line_1_86' title="bbox 1210 1707 2165 1749; baseline 0.001 -14"><span class='ocrx_word' id='word_1_731' title='bbox 1210 1708 1469 1746; x_wconf 83' lang='lat' dir='ltr'>OptimiMaximi</span> <span class='ocrx_word' id='word_1_732' title='bbox 1488 1710 1628 1749; x_wconf 84' lang='lat' dir='ltr'>templis,</span> <span class='ocrx_word' id='word_1_733' title='bbox 1650 1719 1683 1740; x_wconf 88' lang='lat' dir='ltr'>ac</span> <span class='ocrx_word' id='word_1_734' title='bbox 1698 1709 1835 1741; x_wconf 82' lang='lat' dir='ltr'>sedibus,</span> <span class='ocrx_word' id='word_1_735' title='bbox 1855 1707 1977 1749; x_wconf 80' lang='lat' dir='ltr'>praecidi</span> <span class='ocrx_word' id='word_1_736' title='bbox 1998 1708 2165 1748; x_wconf 66' lang='lat' dir='ltr'>imperatats</span> 
     </span>
    </p>
   </div>
   <div class='ocr_carea' id='block_1_16' title="bbox 1184 420 1193 1819">
    <p class='ocr_par' dir='ltr' id='par_1_16' title="bbox 1184 420 1193 1819">
     <span class='ocr_line' id='line_1_87' title="bbox 1184 420 1193 1819; baseline 0 0"><span class='ocrx_word' id='word_1_737' title='bbox 1184 420 1193 1819; x_wconf 95' lang='lat' dir='ltr'> </span> 
     </span>
    </p>
   </div>
   <div class='ocr_carea' id='block_1_17' title="bbox 1108 2385 1232 2446">
    <p class='ocr_par' dir='ltr' id='par_1_17' title="bbox 1108 2385 1232 2446">
     <span class='ocr_line' id='line_1_88' title="bbox 1108 2385 1232 2446; baseline 0 0"><span class='ocrx_word' id='word_1_738' title='bbox 1108 2385 1232 2446; x_wconf 88' lang='lat' dir='ltr'>IN</span> 
     </span>
    </p>
   </div>
   <div class='ocr_carea' id='block_1_18' title="bbox 1209 1747 2005 1792">
    <p class='ocr_par' dir='ltr' id='par_1_18' title="bbox 1209 1747 2005 1792">
     <span class='ocr_line' id='line_1_89' title="bbox 1209 1747 2005 1792; baseline 0.001 -14"><span class='ocrx_word' id='word_1_739' title='bbox 1209 1747 1291 1790; x_wconf 70' lang='lat' dir='ltr'>quod</span> <span class='ocrx_word' id='word_1_740' title='bbox 1302 1751 1336 1779; x_wconf 87' lang='lat' dir='ltr'>in</span> <span class='ocrx_word' id='word_1_741' title='bbox 1346 1748 1427 1779; x_wconf 86' lang='lat' dir='ltr'>clivo</span> <span class='ocrx_word' id='word_1_742' title='bbox 1438 1752 1608 1791; x_wconf 81' lang='lat' dir='ltr'>Capitolino</span> <span class='ocrx_word' id='word_1_743' title='bbox 1625 1754 1639 1770; x_wconf 89' lang='lat'>²</span> <span class='ocrx_word' id='word_1_744' title='bbox 1653 1751 1866 1792; x_wconf 86' lang='lat' dir='ltr'>improborum</span> <span class='ocrx_word' id='word_1_745' title='bbox 1875 1751 2005 1780; x_wconf 81' lang='lat' dir='ltr'>civium.</span> 
     </span>
    </p>
   </div>
   <div class='ocr_carea' id='block_1_19' title="bbox 1388 1827 1989 1877">
    <p class='ocr_par' dir='ltr' id='par_1_19' title="bbox 1388 1827 1989 1877">
     <span class='ocr_line' id='line_1_90' title="bbox 1388 1827 1989 1877; baseline 0 -12"><span class='ocrx_word' id='word_1_746' title='bbox 1388 1827 1529 1876; x_wconf 82' lang='lat' dir='ltr'>Defimt,</span> <span class='ocrx_word' id='word_1_747' title='bbox 1543 1836 1581 1865; x_wconf 84' lang='lat' dir='ltr'>ut</span> <span class='ocrx_word' id='word_1_748' title='bbox 1594 1827 1711 1865; x_wconf 77' lang='lat' dir='ltr'>videre</span> <span class='ocrx_word' id='word_1_749' title='bbox 1724 1828 1782 1868; x_wconf 62' lang='lat' dir='ltr'>eff,</span> <span class='ocrx_word' id='word_1_750' title='bbox 1797 1840 1860 1864; x_wconf 86' lang='lat' dir='ltr'>non</span> <span class='ocrx_word' id='word_1_751' title='bbox 1867 1837 1989 1877; x_wconf 80' lang='lat' dir='ltr'>pauca.</span> 
     </span>
    </p>
   </div>
   <div class='ocr_carea' id='block_1_20' title="bbox 1216 1951 1826 2010">
    <p class='ocr_par' dir='ltr' id='par_1_20' title="bbox 1216 1951 1826 2010">
     <span class='ocr_line' id='line_1_91' title="bbox 1216 1951 1826 2010; baseline -0.003 0"><span class='ocrx_word' id='word_1_752' title='bbox 1216 1951 1826 2010; x_wconf 80' lang='lat' dir='ltr'>CICERONIS</span> 
     </span>
    </p>
   </div>
   <div class='ocr_carea' id='block_1_21' title="bbox 580 2049 2147 2258">
    <p class='ocr_par' dir='ltr' id='par_1_21' title="bbox 580 2049 2147 2258">
     <span class='ocr_line' id='line_1_92' title="bbox 580 2049 2147 2258; baseline 0.001 -6"><span class='ocrx_word' id='word_1_753' title='bbox 580 2049 2147 2258; x_wconf 57' lang='lat' dir='ltr'>CATIINLINAM</span> 
     </span>
    </p>
   </div>
   <div class='ocr_carea' id='block_1_22' title="bbox 1249 2289 1868 2446">
    <p class='ocr_par' dir='ltr' id='par_1_22' title="bbox 1249 2289 1868 2446">
     <span class='ocr_line' id='line_1_93' title="bbox 1249 2289 1486 2350; baseline 0.017 -7"><span class='ocrx_word' id='word_1_754' title='bbox 1249 2290 1317 2344; x_wconf 91' lang='lat' dir='ltr'>M</span> <span class='ocrx_word' id='word_1_755' title='bbox 1394 2289 1486 2350; x_wconf 77' lang='lat' dir='ltr'>A,</span> 
     </span>
     <span class='ocr_line' id='line_1_94' title="bbox 1344 2383 1868 2446; baseline 0.006 -3"><span class='ocrx_word' id='word_1_756' title='bbox 1344 2383 1868 2446; x_wconf 43' lang='lat' dir='ltr'>SEbsATU.</span> 
     </span>
    </p>
   </div>
   <div class='ocr_carea' id='block_1_23' title="bbox 643 2498 1727 2567">
    <p class='ocr_par' dir='ltr' id='par_1_23' title="bbox 643 2498 1727 2567">
     <span class='ocr_line' id='line_1_95' title="bbox 643 2498 1727 2567; baseline 0.002 -2"><span class='ocrx_word' id='word_1_757' title='bbox 643 2498 1727 2567; x_wconf 56' lang='lat' dir='ltr'>oRATff&gt;1ffm1MANoNA</span> 
     </span>
    </p>
   </div>
   <div class='ocr_carea' id='block_1_24' title="bbox 209 2623 1171 2748">
    <p class='ocr_par' dir='ltr' id='par_1_24' title="bbox 209 2623 1171 2748">
     <span class='ocr_line' id='line_1_96' title="bbox 288 2623 1170 2669; baseline 0.007 -18"><span class='ocrx_word' id='word_1_758' title='bbox 288 2623 451 2662; x_wconf 73' lang='lat' dir='ltr'>Uoust</span> <span class='ocrx_word' id='word_1_759' title='bbox 459 2623 581 2656; x_wconf 87' lang='lat' dir='ltr'>tandem</span> <span class='ocrx_word' id='word_1_760' title='bbox 593 2625 713 2657; x_wconf 72' lang='lat' dir='ltr'>abutere</span> <span class='ocrx_word' id='word_1_761' title='bbox 721 2647 729 2661; x_wconf 95' lang='lat'>,</span> <span class='ocrx_word' id='word_1_762' title='bbox 742 2628 870 2659; x_wconf 89' lang='lat' dir='ltr'>Catilina</span> <span class='ocrx_word' id='word_1_763' title='bbox 880 2647 889 2662; x_wconf 91' lang='lat'>,</span> <span class='ocrx_word' id='word_1_764' title='bbox 898 2627 1040 2669; x_wconf 86' lang='lat' dir='ltr'>patientia</span> <span class='ocrx_word' id='word_1_765' title='bbox 1050 2626 1149 2658; x_wconf 86' lang='lat' dir='ltr'>nostra</span> <span class='ocrx_word' id='word_1_766' title='bbox 1159 2631 1170 2657; x_wconf 86' lang='lat'>?</span> 
     </span>
     <span class='ocr_line' id='line_1_97' title="bbox 294 2665 1170 2710; baseline 0.009 -18"><span class='ocrx_word' id='word_1_767' title='bbox 294 2666 302 2681; x_wconf 90' lang='lat'><strong>¹</strong></span> <span class='ocrx_word' id='word_1_768' title='bbox 316 2665 460 2702; x_wconf 88' lang='lat' dir='ltr'>quamdiu</span> <span class='ocrx_word' id='word_1_769' title='bbox 475 2669 563 2696; x_wconf 83' lang='lat' dir='ltr'>etiam</span> <span class='ocrx_word' id='word_1_770' title='bbox 576 2667 658 2698; x_wconf 86' lang='lat' dir='ltr'>furor</span> <span class='ocrx_word' id='word_1_771' title='bbox 677 2669 732 2699; x_wconf 82' lang='lat' dir='ltr'>iste</span> <span class='ocrx_word' id='word_1_772' title='bbox 743 2678 811 2700; x_wconf 86' lang='lat' dir='ltr'>tuus</span> <span class='ocrx_word' id='word_1_773' title='bbox 823 2680 879 2700; x_wconf 80' lang='lat' dir='ltr'>nos</span> <span class='ocrx_word' id='word_1_774' title='bbox 891 2670 1013 2700; x_wconf 87' lang='lat' dir='ltr'>eludet?</span> <span class='ocrx_word' id='word_1_775' title='bbox 1033 2680 1124 2710; x_wconf 89' lang='lat' dir='ltr'>quem</span> <span class='ocrx_word' id='word_1_776' title='bbox 1136 2670 1170 2699; x_wconf 82' lang='lat' dir='ltr'>ad</span> 
     </span>
     <span class='ocr_line' id='line_1_98' title="bbox 209 2701 1171 2748; baseline 0.01 -16"><span class='ocrx_word' id='word_1_777' title='bbox 209 2701 303 2734; x_wconf 81' lang='lat' dir='ltr'>finem</span> <span class='ocrx_word' id='word_1_778' title='bbox 317 2705 374 2735; x_wconf 79' lang='lat' dir='ltr'>sese</span> <span class='ocrx_word' id='word_1_779' title='bbox 385 2705 523 2739; x_wconf 71' lang='lat' dir='ltr'>effrenata</span> <span class='ocrx_word' id='word_1_780' title='bbox 529 2708 652 2748; x_wconf 59' lang='lat' dir='ltr'>jachbit</span> <span class='ocrx_word' id='word_1_781' title='bbox 661 2710 780 2743; x_wconf 79' lang='lat' dir='ltr'>audacia</span> <span class='ocrx_word' id='word_1_782' title='bbox 791 2712 932 2743; x_wconf 71' lang='lat' dir='ltr'>3nihilne</span> <span class='ocrx_word' id='word_1_783' title='bbox 946 2722 973 2743; x_wconf 88' lang='lat' dir='ltr'>te</span> <span class='ocrx_word' id='word_1_784' title='bbox 984 2712 1171 2743; x_wconf 62' lang='lat' dir='ltr'>nocturnum</span> 
     </span>
    </p>
   </div>
   <div class='ocr_carea' id='block_1_25' title="bbox 209 2787 352 2796">
    <p class='ocr_par' dir='ltr' id='par_1_25' title="bbox 209 2787 352 2796">
     <span class='ocr_line' id='line_1_99' title="bbox 209 2787 352 2796; baseline 0 604"><span class='ocrx_word' id='word_1_785' title='bbox 209 2787 352 2796; x_wconf 95' lang='lat' dir='ltr'> </span> 
     </span>
    </p>
   </div>
   <div class='ocr_carea' id='block_1_26' title="bbox 1187 2631 1193 2738">
    <p class='ocr_par' dir='ltr' id='par_1_26' title="bbox 1187 2631 1193 2738">
     <span class='ocr_line' id='line_1_100' title="bbox 1187 2631 1193 2738; baseline 0 662"><span class='ocrx_word' id='word_1_786' title='bbox 1187 2631 1193 2738; x_wconf 95' lang='lat' dir='ltr'> </span> 
     </span>
    </p>
   </div>
   <div class='ocr_carea' id='block_1_27' title="bbox 1209 2626 2174 2705">
    <p class='ocr_par' dir='ltr' id='par_1_27' title="bbox 1209 2626 2174 2705">
     <span class='ocr_line' id='line_1_101' title="bbox 1209 2626 2174 2671; baseline 0.003 -13"><span class='ocrx_word' id='word_1_787' title='bbox 1209 2627 1376 2668; x_wconf 83' lang='lat' dir='ltr'>praefidium</span> <span class='ocrx_word' id='word_1_788' title='bbox 1393 2627 1515 2668; x_wconf 86' lang='lat' dir='ltr'>palatii,</span> <span class='ocrx_word' id='word_1_789' title='bbox 1535 2626 1613 2658; x_wconf 87' lang='lat' dir='ltr'>nihil</span> <span class='ocrx_word' id='word_1_790' title='bbox 1631 2627 1713 2658; x_wconf 88' lang='lat' dir='ltr'>urbis</span> <span class='ocrx_word' id='word_1_791' title='bbox 1729 2627 1841 2669; x_wconf 81' lang='lat' dir='ltr'>vigiliae</span> <span class='ocrx_word' id='word_1_792' title='bbox 1856 2647 1865 2663; x_wconf 88' lang='lat'>,</span> <span class='ocrx_word' id='word_1_793' title='bbox 1884 2627 2174 2671; x_wconf 80' lang='lat' dir='ltr'>nihiltimor&#39;popu-</span> 
     </span>
     <span class='ocr_line' id='line_1_102' title="bbox 1212 2669 2173 2705; baseline 0.003 -6"><span class='ocrx_word' id='word_1_794' title='bbox 1212 2671 1232 2699; x_wconf 88' lang='lat' dir='ltr'>li</span> <span class='ocrx_word' id='word_1_795' title='bbox 1243 2690 1251 2703; x_wconf 92' lang='lat'>,</span> <span class='ocrx_word' id='word_1_796' title='bbox 1273 2670 1374 2700; x_wconf 86' lang='lat' dir='ltr'>²nihil</span> <span class='ocrx_word' id='word_1_797' title='bbox 1390 2670 1553 2700; x_wconf 84' lang='lat' dir='ltr'>concursus</span> <span class='ocrx_word' id='word_1_798' title='bbox 1571 2669 1723 2700; x_wconf 87' lang='lat' dir='ltr'>bonorum</span> <span class='ocrx_word' id='word_1_799' title='bbox 1733 2673 1877 2700; x_wconf 88' lang='lat' dir='ltr'>omnium</span> <span class='ocrx_word' id='word_1_800' title='bbox 1889 2690 1897 2705; x_wconf 86' lang='lat'>,</span> <span class='ocrx_word' id='word_1_801' title='bbox 1920 2672 1999 2701; x_wconf 89' lang='lat' dir='ltr'>nihil</span> <span class='ocrx_word' id='word_1_802' title='bbox 2010 2673 2173 2702; x_wconf 86' lang='lat' dir='ltr'>hicmuni·</span> 
     </span>
    </p>
   </div>
   <div class='ocr_carea' id='block_1_28' title="bbox 1212 2711 2213 2748">
    <p class='ocr_par' dir='ltr' id='par_1_28' title="bbox 1212 2711 2213 2748">
     <span class='ocr_line' id='line_1_103' title="bbox 1212 2711 2213 2748; baseline 0 -6"><span class='ocrx_word' id='word_1_803' title='bbox 1212 2711 1339 2742; x_wconf 76' lang='lat' dir='ltr'>tissimus</span> <span class='ocrx_word' id='word_1_804' title='bbox 1359 2711 1488 2742; x_wconf 81' lang='lat' dir='ltr'>habendi</span> <span class='ocrx_word' id='word_1_805' title='bbox 1508 2711 1624 2742; x_wconf 86' lang='lat' dir='ltr'>senatus</span> <span class='ocrx_word' id='word_1_806' title='bbox 1640 2711 1725 2743; x_wconf 88' lang='lat' dir='ltr'>locus</span> <span class='ocrx_word' id='word_1_807' title='bbox 1743 2732 1753 2746; x_wconf 93' lang='lat'>,</span> <span class='ocrx_word' id='word_1_808' title='bbox 1776 2713 1855 2743; x_wconf 84' lang='lat' dir='ltr'>nihil</span> <span class='ocrx_word' id='word_1_809' title='bbox 1873 2714 1985 2744; x_wconf 89' lang='lat' dir='ltr'>horum</span> <span class='ocrx_word' id='word_1_810' title='bbox 2006 2724 2056 2744; x_wconf 84' lang='lat' dir='ltr'>ora</span> <span class='ocrx_word' id='word_1_811' title='bbox 2075 2733 2084 2748; x_wconf 92' lang='lat'>‚</span> <span class='ocrx_word' id='word_1_812' title='bbox 2104 2713 2174 2743; x_wconf 89' lang='lat' dir='ltr'>vul·</span> <span class='ocrx_word' id='word_1_813' title='bbox 2207 2712 2213 2717; x_wconf 80' lang='grc'><em>“</em></span> 
     </span>
    </p>
   </div>
   <div class='ocr_carea' id='block_1_29' title="bbox 574 2799 2080 2807">
    <p class='ocr_par' dir='ltr' id='par_1_29' title="bbox 574 2799 2080 2807">
     <span class='ocr_line' id='line_1_104' title="bbox 574 2799 2080 2807; baseline 0.001 -5"><span class='ocrx_word' id='word_1_814' title='bbox 574 2799 2080 2807; x_wconf 37' lang='lat' dir='ltr'>*mm—*Q</span> 
     </span>
    </p>
   </div>
   <div class='ocr_carea' id='block_1_30' title="bbox 248 2804 2171 2881">
    <p class='ocr_par' dir='ltr' id='par_1_30' title="bbox 248 2804 2171 2881">
     <span class='ocr_line' id='line_1_105' title="bbox 248 2804 2171 2880; baseline 0.005 -42"><span class='ocrx_word' id='word_1_815' title='bbox 248 2818 271 2835; x_wconf 81' lang='lat'>¹-</span> <span class='ocrx_word' id='word_1_816' title='bbox 291 2812 345 2838; x_wconf 75' lang='lat' dir='ltr'>:Al</span> <span class='ocrx_word' id='word_1_817' title='bbox 361 2811 453 2837; x_wconf 66' lang='lat' dir='ltr'>deorum</span> <span class='ocrx_word' id='word_1_818' title='bbox 471 2816 622 2850; x_wconf 48' lang='lat' dir='ltr'>reliquum]</span> <span class='ocrx_word' id='word_1_819' title='bbox 646 2818 792 2845; x_wconf 79' lang='lat' dir='ltr'>Lambinus</span> <span class='ocrx_word' id='word_1_820' title='bbox 806 2818 894 2845; x_wconf 74' lang='lat' dir='ltr'>scribit</span> <span class='ocrx_word' id='word_1_821' title='bbox 905 2818 929 2844; x_wconf 79' lang='lat' dir='ltr'>se</span> <span class='ocrx_word' id='word_1_822' title='bbox 940 2818 1029 2853; x_wconf 77' lang='lat' dir='ltr'>legere</span> <span class='ocrx_word' id='word_1_823' title='bbox 1048 2821 1168 2852; x_wconf 62' lang='lat' dir='ltr'>regionem.</span> <span class='ocrx_word' id='word_1_824' title='bbox 1186 2816 1192 2879; x_wconf 64' lang='grc' dir='ltr'>Ι</span> <span class='ocrx_word' id='word_1_825' title='bbox 1209 2854 1225 2880; x_wconf 75' lang='lat' dir='ltr'>h</span> <span class='ocrx_word' id='word_1_826' title='bbox 1243 2826 1272 2844; x_wconf 80' lang='lat'>2.</span> <span class='ocrx_word' id='word_1_827' title='bbox 1291 2820 1447 2850; x_wconf 75' lang='lat' dir='ltr'>Improbomm</span> <span class='ocrx_word' id='word_1_828' title='bbox 1457 2818 1572 2853; x_wconf 64' lang='lat' dir='ltr'>civium]</span> <span class='ocrx_word' id='word_1_829' title='bbox 1593 2817 1660 2844; x_wconf 85' lang='lat' dir='ltr'>Pall.</span> <span class='ocrx_word' id='word_1_830' title='bbox 1672 2818 1750 2846; x_wconf 83' lang='lat' dir='ltr'>ambo</span> <span class='ocrx_word' id='word_1_831' title='bbox 1759 2818 1919 2854; x_wconf 83' lang='lat' dir='ltr'>adscriptum</span> <span class='ocrx_word' id='word_1_832' title='bbox 1928 2818 2024 2848; x_wconf 78' lang='lat' dir='ltr'>habent</span> <span class='ocrx_word' id='word_1_833' title='bbox 2036 2837 2045 2852; x_wconf 87' lang='lat'>,</span> <span class='ocrx_word' id='word_1_834' title='bbox 2056 2804 2171 2847; x_wconf 59' lang='lat' dir='ltr'>deiicere</span> 
     </span>
     <span class='ocr_line' id='line_1_106' title="bbox 1227 2863 1239 2881; baseline 0 0"><span class='ocrx_word' id='word_1_835' title='bbox 1227 2863 1239 2881; x_wconf 92' lang='lat' dir='ltr'>e</span> 
     </span>
    </p>
   </div>
   <div class='ocr_carea' id='block_1_31' title="bbox 207 2843 886 2890">
    <p class='ocr_par' dir='ltr' id='par_1_31' title="bbox 207 2843 886 2890">
     <span class='ocr_line' id='line_1_107' title="bbox 207 2843 886 2890; baseline 0.015 -19"><span class='ocrx_word' id='word_1_836' title='bbox 207 2843 279 2880; x_wconf 77' lang='lat' dir='ltr'>legat</span> <span class='ocrx_word' id='word_1_837' title='bbox 290 2846 347 2873; x_wconf 64' lang='lat' dir='ltr'>sane</span> <span class='ocrx_word' id='word_1_838' title='bbox 360 2866 367 2878; x_wconf 93' lang='lat'>‚</span> <span class='ocrx_word' id='word_1_839' title='bbox 378 2847 524 2876; x_wconf 69' lang='lat' dir='ltr'>dummodo</span> <span class='ocrx_word' id='word_1_840' title='bbox 535 2851 608 2877; x_wconf 82' lang='lat' dir='ltr'>nobis</span> <span class='ocrx_word' id='word_1_841' title='bbox 619 2853 751 2890; x_wconf 79' lang='lat' dir='ltr'>relinquat</span> <span class='ocrx_word' id='word_1_842' title='bbox 761 2855 886 2882; x_wconf 74' lang='lat' dir='ltr'>alterum.</span> 
     </span>
    </p>
   </div>
   <div class='ocr_carea' id='block_1_32' title="bbox 211 2923 1401 3025">
    <p class='ocr_par' dir='ltr' id='par_1_32' title="bbox 211 2923 1401 3025">
     <span class='ocr_line' id='line_1_108' title="bbox 211 2923 1401 2968; baseline 0.009 -23"><span class='ocrx_word' id='word_1_843' title='bbox 211 2928 236 2948; x_wconf 70' lang='grc' dir='ltr'>ι.</span> <span class='ocrx_word' id='word_1_844' title='bbox 344 2923 442 2962; x_wconf 59' lang='lat' dir='ltr'>[Iamdiu</span> <span class='ocrx_word' id='word_1_845' title='bbox 452 2925 596 2964; x_wconf 58' lang='lat' dir='ltr'>triamfuror</span> <span class='ocrx_word' id='word_1_846' title='bbox 605 2928 644 2957; x_wconf 70' lang='lat' dir='ltr'>iste</span> <span class='ocrx_word' id='word_1_847' title='bbox 654 2934 710 2953; x_wconf 83' lang='lat' dir='ltr'>mm</span> <span class='ocrx_word' id='word_1_848' title='bbox 720 2937 759 2954; x_wconf 81' lang='lat' dir='ltr'>nos</span> <span class='ocrx_word' id='word_1_849' title='bbox 771 2929 844 2954; x_wconf 76' lang='lat' dir='ltr'>eludet</span> <span class='ocrx_word' id='word_1_850' title='bbox 857 2929 880 2963; x_wconf 76' lang='lat'>?]</span> <span class='ocrx_word' id='word_1_851' title='bbox 893 2930 934 2955; x_wconf 76' lang='lat' dir='ltr'>Ita</span> <span class='ocrx_word' id='word_1_852' title='bbox 943 2928 1029 2956; x_wconf 75' lang='lat' dir='ltr'>istliaec</span> <span class='ocrx_word' id='word_1_853' title='bbox 1039 2928 1169 2955; x_wconf 80' lang='lat' dir='ltr'>collocant</span> <span class='ocrx_word' id='word_1_854' title='bbox 1184 2930 1188 2968; x_wconf 59' lang='grc'><strong>1</strong></span> <span class='ocrx_word' id='word_1_855' title='bbox 1210 2929 1292 2964; x_wconf 78' lang='lat' dir='ltr'>vulgo</span> <span class='ocrx_word' id='word_1_856' title='bbox 1303 2928 1401 2956; x_wconf 83' lang='lat' dir='ltr'>editur.</span> 
     </span>
     <span class='ocr_line' id='line_1_109' title="bbox 247 2923 1188 3025; baseline 0.011 -43"><span class='ocrx_word' id='word_1_857' title='bbox 247 2923 527 3025; x_wconf 72' lang='lat' dir='ltr'>QGiiliulminiii,</span> <span class='ocrx_word' id='word_1_858' title='bbox 540 2961 641 2988; x_wconf 50' lang='lat' dir='ltr'>rubrio.</span> <span class='ocrx_word' id='word_1_859' title='bbox 653 2963 751 2989; x_wconf 75' lang='lat' dir='ltr'>(Jolon.</span> <span class='ocrx_word' id='word_1_860' title='bbox 763 2966 788 2989; x_wconf 80' lang='lat' dir='ltr'>S.</span> <span class='ocrx_word' id='word_1_861' title='bbox 802 2964 874 2991; x_wconf 53' lang='lat' dir='ltr'>Viti.</span> <span class='ocrx_word' id='word_1_862' title='bbox 889 2965 953 2991; x_wconf 77' lang='lat' dir='ltr'>item</span> <span class='ocrx_word' id='word_1_863' title='bbox 965 2963 1025 2991; x_wconf 76' lang='lat' dir='ltr'>edd.</span> <span class='ocrx_word' id='word_1_864' title='bbox 1041 2972 1105 2991; x_wconf 81' lang='lat' dir='ltr'>vett.</span> <span class='ocrx_word' id='word_1_865' title='bbox 1127 2964 1169 2990; x_wconf 78' lang='lat' dir='ltr'>sed</span> <span class='ocrx_word' id='word_1_866' title='bbox 1187 2973 1188 2992; x_wconf 78' lang='grc'><strong>1</strong></span> 
     </span>
    </p>
   </div>
   <div class='ocr_carea' id='block_1_33' title="bbox 1242 2853 1879 2892">
    <p class='ocr_par' dir='ltr' id='par_1_33' title="bbox 1242 2853 1879 2892">
     <span class='ocr_line' id='line_1_110' title="bbox 1242 2853 1879 2892; baseline 0.002 -11"><span class='ocrx_word' id='word_1_867' title='bbox 1242 2855 1267 2881; x_wconf 74' lang='grc' dir='ltr'>ἰε</span> <span class='ocrx_word' id='word_1_868' title='bbox 1277 2855 1292 2881; x_wconf 70' lang='grc' dir='ltr'>ἐι</span> <span class='ocrx_word' id='word_1_869' title='bbox 1302 2853 1354 2882; x_wconf 86' lang='lat' dir='ltr'>fine</span> <span class='ocrx_word' id='word_1_870' title='bbox 1365 2855 1467 2882; x_wconf 76' lang='lat' dir='ltr'>chartas</span> <span class='ocrx_word' id='word_1_871' title='bbox 1477 2854 1553 2888; x_wconf 69' lang='lat' dir='ltr'>duas,</span> <span class='ocrx_word' id='word_1_872' title='bbox 1565 2857 1580 2882; x_wconf 66' lang='lat' dir='ltr'>a</span> <span class='ocrx_word' id='word_1_873' title='bbox 1592 2853 1678 2882; x_wconf 81' lang='lat' dir='ltr'>nescio</span> <span class='ocrx_word' id='word_1_874' title='bbox 1688 2864 1741 2892; x_wconf 88' lang='lat' dir='ltr'>quo</span> <span class='ocrx_word' id='word_1_875' title='bbox 1750 2854 1879 2883; x_wconf 56' lang='lat' dir='ltr'>exseihs.</span> 
     </span>
    </p>
   </div>
   <div class='ocr_carea' id='block_1_34' title="bbox 1779 2909 2163 2921">
    <p class='ocr_par' dir='ltr' id='par_1_34' title="bbox 1779 2909 2163 2921">
     <span class='ocr_line' id='line_1_111' title="bbox 1779 2909 2163 2921; baseline 0 479"><span class='ocrx_word' id='word_1_876' title='bbox 1779 2909 2163 2921; x_wconf 95' lang='lat' dir='ltr'> </span> 
     </span>
    </p>
   </div>
   <div class='ocr_carea' id='block_1_35' title="bbox 1246 2966 2169 3001">
    <p class='ocr_par' dir='ltr' id='par_1_35' title="bbox 1246 2966 2169 3001">
     <span class='ocr_line' id='line_1_112' title="bbox 1246 2966 2169 3001; baseline 0.004 -11"><span class='ocrx_word' id='word_1_877' title='bbox 1246 2974 1273 2990; x_wconf 85' lang='lat'>2.</span> <span class='ocrx_word' id='word_1_878' title='bbox 1294 2968 1373 3001; x_wconf 59' lang='lat' dir='ltr'>‘Kshil</span> <span class='ocrx_word' id='word_1_879' title='bbox 1381 2966 1504 3000; x_wconf 75' lang='lat' dir='ltr'>coneurfiu</span> <span class='ocrx_word' id='word_1_880' title='bbox 1513 2967 1620 2992; x_wconf 77' lang='lat' dir='ltr'>bonorum</span> <span class='ocrx_word' id='word_1_881' title='bbox 1629 2966 1754 3000; x_wconf 63' lang='lat' dir='ltr'>omnium]</span> <span class='ocrx_word' id='word_1_882' title='bbox 1768 2966 1929 2994; x_wconf 83' lang='lat' dir='ltr'>Gulielmius</span> <span class='ocrx_word' id='word_1_883' title='bbox 1940 2966 2079 2994; x_wconf 76' lang='lat' dir='ltr'>admiserat</span> <span class='ocrx_word' id='word_1_884' title='bbox 2089 2966 2169 3000; x_wconf 84' lang='lat' dir='ltr'>istud,</span> 
     </span>
    </p>
   </div>
   <div class='ocr_carea' id='block_1_36' title="bbox 343 2996 2168 3033">
    <p class='ocr_par' dir='ltr' id='par_1_36' title="bbox 343 2996 2168 3033">
     <span class='ocr_line' id='line_1_113' title="bbox 343 2996 2168 3033; baseline 0.005 -13"><span class='ocrx_word' id='word_1_885' title='bbox 343 3000 429 3020; x_wconf 77' lang='lat' dir='ltr'>tamen</span> <span class='ocrx_word' id='word_1_886' title='bbox 443 3015 450 3026; x_wconf 90' lang='lat'>‚</span> <span class='ocrx_word' id='word_1_887' title='bbox 471 2996 486 3021; x_wconf 82' lang='lat' dir='ltr'>li</span> <span class='ocrx_word' id='word_1_888' title='bbox 498 2996 657 3024; x_wconf 76' lang='lat' dir='ltr'>credendum</span> <span class='ocrx_word' id='word_1_889' title='bbox 668 2998 735 3025; x_wconf 80' lang='lat' dir='ltr'>binis</span> <span class='ocrx_word' id='word_1_890' title='bbox 748 3001 873 3027; x_wconf 59' lang='lat' dir='ltr'>Palatinis</span> <span class='ocrx_word' id='word_1_891' title='bbox 886 3021 894 3033; x_wconf 90' lang='lat'><strong>‚</strong></span> <span class='ocrx_word' id='word_1_892' title='bbox 914 3000 1025 3028; x_wconf 86' lang='lat' dir='ltr'>secundo</span> <span class='ocrx_word' id='word_1_893' title='bbox 1035 3010 1064 3027; x_wconf 78' lang='lat' dir='ltr'>ac</span> <span class='ocrx_word' id='word_1_894' title='bbox 1074 3001 1150 3027; x_wconf 79' lang='lat' dir='ltr'>sexto</span> <span class='ocrx_word' id='word_1_895' title='bbox 1162 3019 1170 3032; x_wconf 87' lang='lat'>,</span> <span class='ocrx_word' id='word_1_896' title='bbox 1188 3003 1189 3019; x_wconf 70' lang='grc'><strong>1</strong></span> <span class='ocrx_word' id='word_1_897' title='bbox 1211 3000 1312 3027; x_wconf 83' lang='lat' dir='ltr'>secutus</span> <span class='ocrx_word' id='word_1_898' title='bbox 1332 3001 1484 3028; x_wconf 81' lang='lat' dir='ltr'>consensum</span> <span class='ocrx_word' id='word_1_899' title='bbox 1505 3002 1634 3028; x_wconf 84' lang='lat' dir='ltr'>librorum</span> <span class='ocrx_word' id='word_1_900' title='bbox 1654 3002 1756 3028; x_wconf 78' lang='lat' dir='ltr'>Fabric.</span> <span class='ocrx_word' id='word_1_901' title='bbox 1777 3003 1876 3030; x_wconf 89' lang='lat' dir='ltr'>Colon.</span> <span class='ocrx_word' id='word_1_902' title='bbox 1895 3003 2038 3030; x_wconf 68' lang='lat' dir='ltr'>s.ViStoi-.</span> <span class='ocrx_word' id='word_1_903' title='bbox 2058 3003 2168 3030; x_wconf 82' lang='lat' dir='ltr'>Erfurd.</span> 
     </span>
    </p>
   </div>
   <div class='ocr_carea' id='block_1_37' title="bbox 210 3026 1190 3070">
    <p class='ocr_par' dir='ltr' id='par_1_37' title="bbox 210 3026 1190 3070">
     <span class='ocr_line' id='line_1_114' title="bbox 210 3026 1190 3070; baseline 0.005 -14"><span class='ocrx_word' id='word_1_904' title='bbox 210 3026 351 3063; x_wconf 67' lang='lat' dir='ltr'>abjicietur</span> <span class='ocrx_word' id='word_1_905' title='bbox 360 3033 431 3055; x_wconf 79' lang='lat' dir='ltr'>eriam</span> <span class='ocrx_word' id='word_1_906' title='bbox 443 3050 450 3061; x_wconf 83' lang='lat'><strong>‚</strong></span> <span class='ocrx_word' id='word_1_907' title='bbox 464 3031 673 3068; x_wconf 77' lang='lat' dir='ltr'>rescribeturque</span> <span class='ocrx_word' id='word_1_908' title='bbox 686 3055 694 3066; x_wconf 83' lang='lat'>,</span> <span class='ocrx_word' id='word_1_909' title='bbox 714 3037 901 3070; x_wconf 74' lang='lat' dir='ltr'>quamrlmfitror</span> <span class='ocrx_word' id='word_1_910' title='bbox 910 3040 949 3070; x_wconf 66' lang='lat' dir='ltr'>rste</span> <span class='ocrx_word' id='word_1_911' title='bbox 959 3044 1015 3062; x_wconf 76' lang='lat' dir='ltr'>tum</span> <span class='ocrx_word' id='word_1_912' title='bbox 1025 3046 1065 3063; x_wconf 78' lang='lat' dir='ltr'>nos</span> <span class='ocrx_word' id='word_1_913' title='bbox 1076 3037 1149 3062; x_wconf 71' lang='lat' dir='ltr'>elna&#39;tr</span> <span class='ocrx_word' id='word_1_914' title='bbox 1160 3041 1170 3062; x_wconf 58' lang='grc' dir='ltr'><strong><em>ἓ</em></strong></span> <span class='ocrx_word' id='word_1_915' title='bbox 1189 3047 1190 3056; x_wconf 60' lang='lat' dir='ltr'>i</span> 
     </span>
    </p>
   </div>
   <div class='ocr_carea' id='block_1_38' title="bbox 206 3065 1170 3181">
    <p class='ocr_par' dir='ltr' id='par_1_38' title="bbox 206 3065 1170 3181">
     <span class='ocr_line' id='line_1_115' title="bbox 213 3065 1169 3107; baseline 0.012 -18"><span class='ocrx_word' id='word_1_916' title='bbox 213 3073 273 3105; x_wconf 65' lang='lat' dir='ltr'>nam</span> <span class='ocrx_word' id='word_1_917' title='bbox 285 3065 403 3092; x_wconf 72' lang='lat' dir='ltr'>voculam</span> <span class='ocrx_word' id='word_1_918' title='bbox 423 3067 495 3093; x_wconf 74' lang='lat' dir='ltr'>illam</span> <span class='ocrx_word' id='word_1_919' title='bbox 509 3067 558 3094; x_wconf 79' lang='lat' dir='ltr'>csse</span> <span class='ocrx_word' id='word_1_920' title='bbox 570 3079 584 3095; x_wconf 78' lang='lat' dir='ltr'>a</span> <span class='ocrx_word' id='word_1_921' title='bbox 597 3070 665 3096; x_wconf 76' lang='lat' dir='ltr'>mala</span> <span class='ocrx_word' id='word_1_922' title='bbox 676 3080 752 3098; x_wconf 77' lang='lat' dir='ltr'>manu</span> <span class='ocrx_word' id='word_1_923' title='bbox 765 3092 773 3103; x_wconf 93' lang='lat'>,</span> <span class='ocrx_word' id='word_1_924' title='bbox 792 3074 880 3104; x_wconf 58' lang='lat' dir='ltr'>arguit</span> <span class='ocrx_word' id='word_1_925' title='bbox 894 3073 949 3099; x_wconf 69' lang='lat' dir='ltr'>Pal.</span> <span class='ocrx_word' id='word_1_926' title='bbox 970 3082 1053 3099; x_wconf 79' lang='lat' dir='ltr'>nonus</span> <span class='ocrx_word' id='word_1_927' title='bbox 1071 3073 1097 3099; x_wconf 81' lang='lat' dir='ltr'>iu</span> <span class='ocrx_word' id='word_1_928' title='bbox 1117 3081 1169 3107; x_wconf 78' lang='lat' dir='ltr'>quo</span> 
     </span>
     <span class='ocr_line' id='line_1_116' title="bbox 209 3100 1170 3142; baseline 0.009 -17"><span class='ocrx_word' id='word_1_929' title='bbox 209 3100 288 3139; x_wconf 71' lang='lat' dir='ltr'>aliter</span> <span class='ocrx_word' id='word_1_930' title='bbox 299 3102 446 3136; x_wconf 69' lang='lat' dir='ltr'>collocatur</span> <span class='ocrx_word' id='word_1_931' title='bbox 459 3123 466 3134; x_wconf 90' lang='lat'>,</span> <span class='ocrx_word' id='word_1_932' title='bbox 479 3103 510 3129; x_wconf 68' lang='lat' dir='ltr'>sn:</span> <span class='ocrx_word' id='word_1_933' title='bbox 521 3109 613 3141; x_wconf 69' lang='lat' dir='ltr'>nempe</span> <span class='ocrx_word' id='word_1_934' title='bbox 627 3117 631 3131; x_wconf 83' lang='lat' dir='ltr'>z</span> <span class='ocrx_word' id='word_1_935' title='bbox 654 3106 726 3140; x_wconf 67' lang='lat' dir='ltr'>qmim</span> <span class='ocrx_word' id='word_1_936' title='bbox 735 3111 805 3133; x_wconf 78' lang='lat' dir='ltr'>ctiam</span> <span class='ocrx_word' id='word_1_937' title='bbox 816 3109 929 3142; x_wconf 55' lang='lat' dir='ltr'>‘suffia-07·</span> <span class='ocrx_word' id='word_1_938' title='bbox 938 3111 976 3142; x_wconf 69' lang='lat' dir='ltr'>istc</span> <span class='ocrx_word' id='word_1_939' title='bbox 987 3117 1043 3134; x_wconf 82' lang='lat' dir='ltr'>mm·</span> <span class='ocrx_word' id='word_1_940' title='bbox 1051 3118 1101 3134; x_wconf 79' lang='lat'><em>1:⁰5.</em></span> <span class='ocrx_word' id='word_1_941' title='bbox 1123 3109 1170 3134; x_wconf 79' lang='lat' dir='ltr'>de-</span> 
     </span>
     <span class='ocr_line' id='line_1_117' title="bbox 206 3137 1170 3181; baseline 0.009 -17"><span class='ocrx_word' id='word_1_942' title='bbox 206 3143 292 3165; x_wconf 80' lang='lat' dir='ltr'>cimus</span> <span class='ocrx_word' id='word_1_943' title='bbox 303 3137 399 3173; x_wconf 84' lang='lat' dir='ltr'>solum,</span> <span class='ocrx_word' id='word_1_944' title='bbox 412 3139 484 3176; x_wconf 78' lang='lat' dir='ltr'>qmim</span> <span class='ocrx_word' id='word_1_945' title='bbox 495 3140 535 3168; x_wconf 78' lang='lat' dir='ltr'>dm</span> <span class='ocrx_word' id='word_1_946' title='bbox 545 3150 585 3174; x_wconf 58' lang='grc' dir='ltr'>πω</span> <span class='ocrx_word' id='word_1_947' title='bbox 596 3144 742 3178; x_wconf 73' lang='lat' dir='ltr'>ctiamfuror</span> <span class='ocrx_word' id='word_1_948' title='bbox 750 3145 789 3180; x_wconf 74' lang='lat' dir='ltr'>istc</span> <span class='ocrx_word' id='word_1_949' title='bbox 798 3152 855 3172; x_wconf 76' lang='lat' dir='ltr'>rum</span> <span class='ocrx_word' id='word_1_950' title='bbox 864 3145 949 3174; x_wconf 53' lang='lat' dir='ltr'>nudi-t.</span> <span class='ocrx_word' id='word_1_951' title='bbox 971 3144 1106 3181; x_wconf 66' lang='lat' dir='ltr'>quomodo</span> <span class='ocrx_word' id='word_1_952' title='bbox 1114 3144 1170 3174; x_wconf 77' lang='lat' dir='ltr'>sere</span> 
     </span>
    </p>
   </div>
   <div class='ocr_carea' id='block_1_39' title="bbox 1211 3037 2169 3114">
    <p class='ocr_par' dir='ltr' id='par_1_39' title="bbox 1211 3037 2169 3114">
     <span class='ocr_line' id='line_1_118' title="bbox 1211 3037 2169 3099; baseline 0.002 -37"><span class='ocrx_word' id='word_1_953' title='bbox 1211 3037 1306 3099; x_wconf 75' lang='lat' dir='ltr'>quibus</span> <span class='ocrx_word' id='word_1_954' title='bbox 1317 3037 1444 3064; x_wconf 76' lang='lat' dir='ltr'>accedunt</span> <span class='ocrx_word' id='word_1_955' title='bbox 1454 3048 1505 3065; x_wconf 87' lang='lat' dir='ltr'>non</span> <span class='ocrx_word' id='word_1_956' title='bbox 1516 3038 1599 3064; x_wconf 85' lang='lat' dir='ltr'>solum</span> <span class='ocrx_word' id='word_1_957' title='bbox 1611 3037 1679 3064; x_wconf 88' lang='lat' dir='ltr'>Pall.</span> <span class='ocrx_word' id='word_1_958' title='bbox 1689 3045 1802 3074; x_wconf 89' lang='lat' dir='ltr'>quatuor</span> <span class='ocrx_word' id='word_1_959' title='bbox 1813 3058 1822 3071; x_wconf 83' lang='lat'>,</span> <span class='ocrx_word' id='word_1_960' title='bbox 1841 3037 1884 3066; x_wconf 87' lang='lat' dir='ltr'>sed</span> <span class='ocrx_word' id='word_1_961' title='bbox 1903 3040 1988 3066; x_wconf 86' lang='lat' dir='ltr'>omnis</span> <span class='ocrx_word' id='word_1_962' title='bbox 1998 3039 2082 3072; x_wconf 78' lang='lat' dir='ltr'>editio</span> <span class='ocrx_word' id='word_1_963' title='bbox 2092 3047 2169 3070; x_wconf 73' lang='lat' dir='ltr'>yetu-</span> 
     </span>
     <span class='ocr_line' id='line_1_119' title="bbox 1212 3073 2169 3114; baseline 0.002 -16"><span class='ocrx_word' id='word_1_964' title='bbox 1212 3076 1218 3098; x_wconf 81' lang='lat' dir='ltr'>s</span> <span class='ocrx_word' id='word_1_965' title='bbox 1235 3073 1284 3099; x_wconf 78' lang='lat' dir='ltr'>ior.</span> <span class='ocrx_word' id='word_1_966' title='bbox 1305 3073 1462 3114; x_wconf 74' lang='lat' dir='ltr'>suppositum</span> <span class='ocrx_word' id='word_1_967' title='bbox 1474 3074 1509 3101; x_wconf 83' lang='lat' dir='ltr'>cst</span> <span class='ocrx_word' id='word_1_968' title='bbox 1520 3093 1529 3106; x_wconf 88' lang='lat'>,</span> <span class='ocrx_word' id='word_1_969' title='bbox 1548 3075 1666 3108; x_wconf 70' lang='lat' dir='ltr'>consensm·</span> <span class='ocrx_word' id='word_1_970' title='bbox 1677 3093 1685 3105; x_wconf 95' lang='lat'>,</span> <span class='ocrx_word' id='word_1_971' title='bbox 1704 3083 1756 3101; x_wconf 85' lang='lat' dir='ltr'>non</span> <span class='ocrx_word' id='word_1_972' title='bbox 1768 3077 1782 3100; x_wconf 78' lang='grc' dir='ltr'>ὲ</span> <span class='ocrx_word' id='word_1_973' title='bbox 1794 3074 1868 3102; x_wconf 78' lang='lat' dir='ltr'>libi-is</span> <span class='ocrx_word' id='word_1_974' title='bbox 1880 3095 1888 3106; x_wconf 90' lang='lat'>‚</span> <span class='ocrx_word' id='word_1_975' title='bbox 1910 3084 2000 3102; x_wconf 86' lang='lat' dir='ltr'>verum</span> <span class='ocrx_word' id='word_1_976' title='bbox 2011 3085 2043 3102; x_wconf 89' lang='lat' dir='ltr'>ex</span> <span class='ocrx_word' id='word_1_977' title='bbox 2056 3075 2169 3112; x_wconf 82' lang='lat' dir='ltr'>Qinti-</span> 
     </span>
    </p>
   </div>
   <div class='ocr_carea' id='block_1_40' title="bbox 1189 3109 2169 3182">
    <p class='ocr_par' dir='ltr' id='par_1_40' title="bbox 1189 3109 2169 3182">
     <span class='ocr_line' id='line_1_120' title="bbox 1189 3109 2169 3151; baseline 0.002 -17"><span class='ocrx_word' id='word_1_978' title='bbox 1189 3115 1190 3139; x_wconf 56' lang='grc' dir='ltr'>ζ</span> <span class='ocrx_word' id='word_1_979' title='bbox 1213 3109 1283 3135; x_wconf 79' lang='lat' dir='ltr'>liano</span> <span class='ocrx_word' id='word_1_980' title='bbox 1295 3119 1300 3134; x_wconf 79' lang='lat' dir='ltr'>z</span> <span class='ocrx_word' id='word_1_981' title='bbox 1324 3119 1368 3149; x_wconf 69' lang='lat' dir='ltr'>qui</span> <span class='ocrx_word' id='word_1_982' title='bbox 1380 3110 1460 3145; x_wconf 64' lang='lat' dir='ltr'>quiim</span> <span class='ocrx_word' id='word_1_983' title='bbox 1472 3110 1533 3145; x_wconf 69' lang='lat' dir='ltr'>ssepe</span> <span class='ocrx_word' id='word_1_984' title='bbox 1544 3109 1644 3151; x_wconf 81' lang='lat' dir='ltr'>aliquid</span> <span class='ocrx_word' id='word_1_985' title='bbox 1658 3110 1723 3138; x_wconf 86' lang='lat' dir='ltr'>citet</span> <span class='ocrx_word' id='word_1_986' title='bbox 1732 3119 1825 3148; x_wconf 75' lang='lat' dir='ltr'>parum</span> <span class='ocrx_word' id='word_1_987' title='bbox 1835 3111 1970 3148; x_wconf 79' lang='lat' dir='ltr'>religiose,</span> <span class='ocrx_word' id='word_1_988' title='bbox 1980 3120 2074 3140; x_wconf 84' lang='lat' dir='ltr'>notum</span> <span class='ocrx_word' id='word_1_989' title='bbox 2085 3112 2120 3138; x_wconf 84' lang='lat' dir='ltr'>est</span> <span class='ocrx_word' id='word_1_990' title='bbox 2130 3110 2169 3137; x_wconf 79' lang='lat' dir='ltr'>cis</span> 
     </span>
     <span class='ocr_line' id='line_1_121' title="bbox 1189 3145 1661 3182; baseline 0.006 -11"><span class='ocrx_word' id='word_1_991' title='bbox 1189 3155 1193 3182; x_wconf 58' lang='lat'>2</span> <span class='ocrx_word' id='word_1_992' title='bbox 1215 3146 1260 3181; x_wconf 68' lang='lat' dir='ltr'>qru&#39;</span> <span class='ocrx_word' id='word_1_993' title='bbox 1271 3146 1364 3174; x_wconf 75' lang='lat' dir='ltr'>vers-iti</span> <span class='ocrx_word' id='word_1_994' title='bbox 1375 3146 1488 3175; x_wconf 73' lang='lat' dir='ltr'>inbonis</span> <span class='ocrx_word' id='word_1_995' title='bbox 1497 3145 1661 3176; x_wconf 61' lang='lat' dir='ltr'>auctoribus.</span> 
     </span>
    </p>
   </div>
   <div class='ocr_carea' id='block_1_41' title="bbox 2049 3183 2170 3210">
    <p class='ocr_par' dir='ltr' id='par_1_41' title="bbox 2049 3183 2170 3210">
     <span class='ocr_line' id='line_1_122' title="bbox 2049 3183 2170 3210; baseline 0.008 0"><span class='ocrx_word' id='word_1_996' title='bbox 2049 3190 2060 3210; x_wconf 82' lang='lat'>1</span> <span class='ocrx_word' id='word_1_997' title='bbox 2067 3202 2073 3210; x_wconf 84' lang='lat'><em>.</em></span> <span class='ocrx_word' id='word_1_998' title='bbox 2091 3183 2170 3210; x_wconf 58' lang='lat' dir='ltr'>l‘ss‘vif?</span> 
     </span>
    </p>
   </div>
   <div class='ocr_carea' id='block_1_42' title="bbox 2279 2459 2295 3400">
    <p class='ocr_par' dir='ltr' id='par_1_42' title="bbox 2279 2459 2295 3400">
     <span class='ocr_line' id='line_1_123' title="bbox 2279 2459 2295 3400; baseline 0 0"><span class='ocrx_word' id='word_1_999' title='bbox 2279 2459 2295 3400; x_wconf 95' lang='lat' dir='ltr'> </span> 
     </span>
    </p>
   </div>
  </div>
 </body>
</html>
