2316 3395
245 129 336 176 162
656 121 1155 174 M.Tur.nir

243 210 288 243 est
304 210 374 252 (qua
384 216 440 240 nos
459 207 498 240 ita
507 206 644 239 dolenter
653 207 698 238 uti
709 205 841 237 solemus
859 212 890 235 ut
909 213 1039 244 puerum
1057 201 1207 234 infantem

242 256 277 284 in
288 252 428 283 manibus
438 259 608 292 perorantes
618 249 804 280 tenuerimus
815 257 820 275 τ
842 255 874 276 ut
883 247 939 276 alia
949 247 982 276 in
995 245 1081 276 causa
1091 265 1100 278 .
1121 246 1204 275 exci-

233 304 303 326 *tato
314 305 365 324 reo
376 293 474 324 nobili
487 314 494 326 ,
515 292 630 323 sublato
640 292 732 320 etiam
743 288 808 319 filio
826 298 916 328 parvo
928 308 937 322 ,
958 288 1100 328 plangore
1119 287 1152 317 δε
1163 287 1204 317 la-

242 338 430 367 mentatione
440 336 661 374 compleremus
671 331 786 371 forum)
805 330 952 361 sedetiam
962 328 1006 360 est
1015 328 1202 361 faciendum,

246 389 279 409 nt
291 379 429 418 irascatur
438 377 539 412 iudex,
552 376 706 415 mitigetur
716 393 723 407 ,
737 372 886 405 invideat,
898 371 1011 405 faveat,
1022 380 1207 404 contemnat,

242 421 418 452 admiretur,
434 414 530 448 'ode-sit
539 438 547 450 ,
561 416 663 457 diligat
675 437 682 449 ,
695 416 810 455 cupiat,
824 414 955 444 fiitietate
963 412 1108 444 afficiatur
1119 434 1128 446 ,
1140 413 1205 453 spe-

242 471 287 493 ret
299 482 306 495 ‚
322 469 432 490 metuat
441 480 449 493 ,
462 460 576 490 laetetur
588 479 595 491 ‚
607 458 722 488 doleat:
743 467 801 499 qua
811 458 844 486 in
854 458 992 486 varietate
1003 477 1011 489 ‚
1033 455 1204 489 duriorum,

241 505 388 534 accus-:rio
411 501 607 541 suppeditabit
618 499 757 539 exempla
778 509 784 527 ε
807 500 968 529 mitiorum
979 518 988 532 ,
1012 495 1204 527 defensiones

244 555 328 575 meae.
355 545 452 573 Nullo
462 545 545 573 enim
559 542 654 572 modo
664 543 785 572 animus
794 540 941 571 audientis
952 548 1001 570 aut
1011 541 1124 570 incitari
1138 559 1147 572 ,
1156 547 1206 569 aut

243 588 332 616 leniri
351 585 462 625 potest,
488 587 540 626 qui
552 583 662 614 modus
681 582 697 614 a
714 593 764 613 rne
779 593 843 613 non
863 591 990 612 tentatus
1009 581 1054 611 sit.
1074 581 1205 611 dicerem

242 627 411 669 peifeffcum
423 649 431 660 ,
453 625 472 656 fi
492 629 530 656 ita
545 626 710 666 judicarem
723 646 733 659 ‚
753 627 851 655 necin
862 626 982 654 veritate
1001 626 1118 654 crimen
1127 632 1209 653 arro-

243 672 350 711 gantiae
362 669 599 699 extimescerem.
620 668 676 698 Sed
689 668 730 706 (ut
740 666 824 707 supra
834 666 911 706 dixi)
926 666 1008 695 nulla
1018 676 1068 695 me
1078 666 1206 706 ingenii,

243 711 294 742 sed
315 721 423 752 magna
433 713 478 741 vis
497 711 593 741 animi
604 709 791 743 inflammat,
813 717 845 739 ut
857 718 904 738 me
924 708 984 748 ipse
995 717 1060 738 non
1072 716 1200 737 teneam.

224 754 231 759 '
243 756 321 784 Nnc
343 762 501 791 UMQAM
525 754 549 782 is
560 772 569 786 ‚
579 753 631 793 qui
642 751 757 781 audiret
769 771 778 784 ‚
792 750 1001 781 incenderetur
1012 769 1020 783 ,
1035 747 1091 779 nisi
1103 748 1209 779 ardens

180 1260 223 1293 39

178 2725 228 2759 40

241 795 278 825 ad
298 805 367 824 eum
378 797 560 834 perverniret
569 813 577 827 ,
599 795 702 823 oratio.
726 796 833 823 Uterer
851 792 1000 830 exemplis
1019 789 1206 823 domesticis,

242 835 299 867 nifi
309 847 342 867 ea
352 835 466 877 legisses
478 847 483 865 :
501 845 597 866 uterer
605 836 711 866 alienis
721 835 768 864 vel
778 836 893 864 Latinis
906 853 913 867 ‚
935 832 955 862 si
967 833 1026 863 ulla
1036 833 1208 872 reperirem:

242 879 292 909 vel
304 880 414 908 Graecis
426 899 434 911 ,
452 876 474 907 sl
484 877 608 908 deceret.
631 876 686 908 Sed
697 875 784 907 Craffi
795 885 936 915 perpauca
946 875 1013 904 sunt
1023 893 1032 907 ‚
1051 884 1107 903 nec
1118 874 1207 913 eaju-

243 920 405 950 diciorum.
431 920 507 949 nihil
519 921 667 952 Antonii,
688 918 767 948 nihil
778 920 871 948 Cottae
883 937 892 949 ,
913 917 991 946 nihil
1001 915 1134 955 Sulpicii.
1160 914 1209 945 di-

241 962 325 992 cebat
337 959 449 992 melius
460 982 468 995 ‚
487 961 578 1002 quaim
599 959 708 1000 scripsit
720 957 898 989 Hortensius
931 956 1047 987 Verum
1068 958 1129 987 haec
1147 958 1204 990 vis,

242 1014 335 1045 quam
346 1005 509 1045 quaerimus
518 1023 526 1036 ‚
546 1012 653 1044 quanta
664 1000 695 1031 sit
707 1023 714 1034 ‚
728 1002 913 1041 suspicemur
923 1020 930 1034 ‚
943 1001 1091 1041 quoniam
1100 1008 1207 1029 exem-

242 1046 331 1086 plum
341 1056 406 1076 non
418 1046 562 1075 habemus
575 1055 580 1073 :
601 1053 668 1077 aut,
688 1042 708 1073 si
718 1043 859 1084 exempla
867 1043 1022 1083 sequimur
1034 1061 1043 1075 ‚
1063 1039 1209 1072 aDenio-

244 1087 349 1118 sthene
361 1088 512 1117 sumamus
521 1106 529 1120 ‚
549 1086 580 1115 &
590 1085 713 1126 quidem
724 1093 869 1125 perpetuae
880 1083 1027 1114 diffionis
1037 1103 1046 1117 ‚
1066 1092 1105 1113 ex
1114 1092 1151 1113 eo
1162 1082 1209 1113 lo-

246 1139 284 1160 co
295 1149 303 1163 ,
316 1129 395 1159 unde
408 1149 416 1162 ,
430 1131 462 1158 in
472 1126 675 1167 Ctesiphontis
686 1127 798 1163 iudicio
809 1146 818 1160 ‚
830 1126 865 1156 de
877 1126 934 1156 suis
945 1124 1032 1156 faffis
1043 1146 1051 1158 ‚
1063 1123 1205 1158 consiliis,

243 1172 360 1201 meritis
371 1173 403 1200 in
415 1180 508 1210 remp.
519 1167 664 1211 aggressus
676 1168 718 1199 est
727 1168 836 1198 dicere.
860 1171 901 1198 Ea
916 1165 1055 1207 profesto
1066 1168 1162 1197 oratio
1173 1167 1206 1196 in

245 1222 312 1242 eam
328 1211 461 1242 formam
473 1232 481 1245 ‚
501 1221 567 1252 quae
578 1210 620 1241 est
629 1209 713 1241 infita
731 1212 763 1239 in
775 1209 931 1240 mentibus
942 1207 1050 1239 nostris
1061 1228 1069 1242 ‚
1089 1207 1207 1238 includi

247 1253 285 1284 sic
304 1253 419 1294 potest,
439 1263 470 1283 ut
487 1253 585 1293 major
602 1253 775 1293 eloquentia
792 1262 856 1282 non
874 1253 1049 1292 requiratur.
1073 1249 1130 1282 Sed
1144 1250 1208 1288 jam

246 1295 346 1326 forma
364 1295 518 1337 ipsa-restat
530 1315 537 1328 ,
561 1295 593 1325 δε
613 1293 752 1323 ιίμιναίὲεν
771 1294 822 1323 ille
834 1295 886 1334 qui
903 1293 1031 1323 dicitur:
1051 1291 1208 1333 quiqualis

244 1336 304 1368 esse
315 1337 420 1368 debeat
429 1357 438 1371 ,
450 1347 488 1367 ex
499 1335 566 1376 ipsis
577 1356 584 1370 ‚
596 1346 662 1377 quae
673 1335 844 1376 supradiEla
853 1336 922 1365 sunt
932 1355 940 1368 ,
958 1334 1087 1375 intelligi
1102 1332 1207 1374 potest.

246 1381 330 1410 Nam
349 1379 382 1409 ὃς
400 1377 587 1421 singulorum
606 1378 788 1411 verborum,
813 1377 1075 1408 &collocatorum
1093 1376 1209 1405 lumina

245 1422 400 1463 attigimus
421 1431 427 1450 z
449 1420 559 1461 quibus
578 1419 616 1450 fic
624 1419 789 1450 abundabit
799 1438 807 1453 ,
828 1418 997 1450 utverbum
1008 1428 1047 1450 ex
1067 1427 1118 1448 ore
1137 1416 1207 1447 nul-

244 1463 310 1493 lum
323 1482 331 1496 ,
345 1461 402 1493 nisi
411 1471 461 1493 aut
469 1463 588 1502 elegans
599 1482 607 1496 ,
620 1470 670 1493 aut
678 1471 764 1503 grave
775 1469 876 1492 exeat:
895 1469 934 1490 ex
944 1461 1090 1501 omnique
1119 1468 1206 1490 enere

243 1502 491 1545 frequentiffimae
501 1504 693 1540 translationes
703 1512 791 1534 erunt
800 1523 808 1537 ‚
829 1501 912 1544 quod
922 1512 963 1533 eae
972 1510 1092 1542 propter
1111 1500 1208 1533 imili-

246 1546 385 1577 tudinem
396 1545 578 1576 transferunt
588 1547 708 1576 animos
719 1565 727 1579 ,
745 1543 919 1575 &referunt
929 1565 938 1578 ,
958 1553 990 1574 ac
1001 1552 1128 1574 movent
1137 1544 1206 1576 huc,

247 1588 283 1619 &
293 1588 366 1618 illuc
381 1598 387 1617 :
407 1589 460 1628 qui
470 1597 572 1619 motus
581 1588 772 1628 cogitationis
782 1607 792 1620 ,
812 1586 946 1617 celeriter
955 1587 1077 1626 agitatus
1087 1605 1096 1619 ‚
1116 1594 1168 1625 per
1179 1584 1208 1615 se

246 1631 307 1671 ipse
320 1629 454 1660 dele-Stat.
482 1633 519 1661 Et
537 1629 650 1670 reliqua
661 1650 670 1662 ,
691 1639 729 1659 ex
740 1628 942 1659 collocatione
960 1627 1122 1658 verborum
1141 1636 1207 1667 quae

245 1673 409 1703 sumuntur
425 1670 504 1713 quafi
523 1672 660 1705 lumina,
682 1680 827 1712 magnum
845 1668 974 1700 afferunt
982 1678 1124 1700 ornatum
1142 1678 1208 1698 ora-

249 1715 336 1745 tioni.
360 1717 437 1745 Sunt
447 1715 531 1744 enim
542 1712 652 1743 similia
662 1713 723 1743 illis
734 1733 743 1746 ,
754 1722 819 1754 quae
830 1714 862 1742 in
871 1712 974 1751 amplo
985 1720 1090 1741 ornatu
1101 1711 1206 1744 scenae,

248 1764 300 1786 aut
317 1755 375 1786 fori
388 1756 574 1795 appellantur
591 1755 712 1796 msignia
729 1766 740 1782 :
763 1764 828 1784 non
847 1753 929 1795 quod
941 1754 1002 1784 sola
1016 1762 1143 1786 ornent,
1166 1752 1214 1783 sed

249 1796 334 1839 quod
349 1798 508 1828 excellant.
532 1796 645 1827 Eadem
657 1798 731 1827 ratio
741 1795 784 1826 est
794 1797 902 1825 horum
919 1817 929 1829 ‚
948 1805 1014 1836 quae
1024 1796 1092 1825 sunt
1101 1796 1211 1824 oratio-

251 1841 302 1870 nis
313 1840 431 1870 lumina
441 1860 449 1872 ‚
471 1837 742 1880 &quodammodo
753 1835 895 1878 insignia:
915 1836 987 1868 cum
998 1845 1047 1868 aut
1057 1836 1212 1877 duplican-

245 1889 296 1916 tur
310 1902 318 1915 ‚
337 1883 539 1922 iteranturque
556 1880 665 1914 verba,
688 1889 738 1910 aut
747 1879 876 1913 breviter
890 1887 1074 1911 commutata
1090 1888 1213 1918 ponun-

250 1931 315 1957 tur,
328 1932 377 1954 aut
387 1923 424 1954 ab
433 1923 541 1953 eodem
551 1922 645 1952 verbo
655 1921 774 1952 ducitur
787 1922 891 1961 saepius
902 1923 998 1951 oratio
1008 1941 1016 1955 ,
1028 1923 1118 1951 autin
1128 1920 1210 1950 idem

249 1966 422 2004 conjicitur,
435 1967 527 1995 autin
537 1972 711 2005 utrumque,
723 1972 773 1993 aut
782 1962 954 2003 adjungitur
964 1962 1046 1992 idem
1058 1965 1210 1995 iteratum,

245 2016 296 2036 aut
314 2007 396 2037 idern
416 2006 451 2036 ad
471 2016 643 2036 extremum
662 2004 787 2035 refertur
803 2023 813 2038 ‚
837 2013 888 2035 aut
905 2007 1098 2035 continenter
1111 2013 1210 2034 unum

246 2048 374 2079 verbum
384 2058 449 2078 non
462 2049 494 2078 in
505 2048 608 2078 eadem
619 2048 764 2078 sententia
773 2048 915 2087 ponitur:
936 2044 1066 2077 aureum
1077 2044 1213 2076 similiter

246 2090 295 2120 vel
306 2090 417 2121 cadunt
426 2090 514 2120 verba
524 2110 532 2122 ‚
552 2090 600 2120 vel
610 2088 749 2120 desinunt
759 2109 767 2121 ,
791 2097 840 2119 aut
858 2089 963 2119 multis
982 2088 1082 2118 modis
1091 2097 1210 2118 contra-

244 2133 299 2162 :iis
309 2132 399 2162 relata
407 2133 555 2162 contraria
574 2141 582 2160 ·.
605 2134 616 2150 ¹
629 2140 677 2161 aut
688 2129 759 2160 cum
770 2130 913 2171 gradatim
930 2131 1043 2160 sursum
1054 2131 1154 2160 versus
1164 2140 1211 2159 re-

250 2173 331 2204 ditur
349 2183 355 2202 :
378 2182 428 2203 aut
437 2171 508 2204 cum
519 2193 529 2207 ,
545 2172 658 2203 demtis
666 2171 937 2209 conjuncstionibus
949 2192 958 2204 ,
978 2169 1119 2201 dissolute
1129 2171 1213 2210 plura

252 2215 395 2245 dicuntur
416 2225 422 2243 t
442 2213 571 2246 autcum
583 2214 697 2255 aliquid
705 2222 914 2254 praetereuntes
926 2233 934 2246 ,
954 2212 1046 2243 curid
1055 2211 1210 2245 faciamus,

251 2255 441 2287 ostendimus
452 2276 460 2291 ,
480 2265 530 2286 aut
549 2255 621 2286 cum
641 2257 821 2297 corrigimus
837 2254 1056 2294 nosmetipsos,
1077 2252 1156 2294 quasi
1166 2264 1212 2283 re-

246 2298 468 2339 prehendentes
480 2309 484 2327 t
496 2307 544 2328 aut
555 2296 575 2327 si
585 2297 627 2328 est
639 2299 736 2338 aliqua
745 2297 924 2327 exclamatio
933 2297 981 2325 vel
991 2295 1210 2328 admirationis,

246 2341 296 2371 vel
306 2339 531 2381 conquestionis
545 2350 549 2368 :
566 2348 614 2369 aut
627 2338 697 2369 cum
710 2338 845 2378 ejusdem
858 2339 1006 2370 nominis,
1017 2337 1098 2367 casus
1108 2337 1212 2376 saepius

247 2391 462 2414 commutatur.
485 2381 542 2412 Sed
557 2382 766 2420 sententiarum
783 2389 961 2410 ornamenta
973 2399 981 2412 ,
1002 2379 1116 2419 majora
1134 2379 1211 2413 sunt:

246 2424 357 2465 quibus
373 2425 443 2465 quia
462 2421 698 2464 frequentissime
710 2421 935 2454 Demosthenes
945 2423 1059 2454 utitur,
1078 2421 1147 2450 sunt
1158 2422 1210 2461 qui

246 2474 372 2506 putent,
383 2465 534 2504 idcircoiej
538 2475 575 2495 us
582 2465 786 2505 eloquentiam
799 2463 933 2494 maxime
945 2461 1002 2493 esse
1012 2461 1206 2492 laudabilem.

246 2510 286 2541 Et
303 2507 487 2538 vero'nullus
504 2506 567 2537 fere
585 2506 621 2536 ab
640 2516 677 2536 co
695 2506 780 2536 locus
801 2509 815 2525 ²
828 2504 888 2535 sine
897 2505 1025 2546 quadam
1035 2503 1209 2534 conforma-

247 2551 332 2580 tione
344 2549 498 2580 sententiae
508 2548 634 2579 edicitur
653 2551 660 2576 :⁴
683 2558 739 2579 nec
749 2547 829 2578 aliud
841 2547 1005 2588 quidquam
1016 2545 1058 2576 est
1069 2566 1077 2579 ,
1100 2545 1208 2579 dicere,

247 2589 304 2621 nisi
322 2593 442 2621 omneis
453 2611 463 2624 ‚
485 2598 535 2621 aut
552 2590 630 2620 certe
649 2590 800 2630 plerasque
813 2590 911 2630 aliqua
926 2589 1020 2628 specie
1036 2588 1210 2617 illuminare

245 2632 408 2663 sententias
420 2643 425 2661 :
445 2641 517 2673 quas
527 2630 599 2661 cum
611 2638 642 2662 tu
653 2633 770 2671 optime
782 2651 790 2665 ,
804 2633 894 2661 Brute
905 2651 913 2664 ‚
927 2639 1026 2660 teneas
1038 2650 1046 2664 ‚
1058 2628 1132 2670 quid
1143 2631 1210 2659 atti-

247 2682 300 2704 net
316 2674 498 2705 nominibus
509 2675 573 2707 uti,
592 2682 641 2704 aut
651 2674 798 2714 exemplis
819 2675 830 2702 ?
852 2671 971 2703 tantum
983 2671 1203 2702 noteturlocus.

248 2717 296 2746 Sic
306 2717 396 2757 igitur
405 2715 484 2746 dicet
493 2715 544 2745 ille
553 2735 562 2749 ,
574 2725 665 2755 quem
676 2717 859 2755 expetimus,
877 2718 889 2742 ³
901 2722 933 2744 ut
942 2714 1037 2744 verset
1044 2713 1116 2753 saepe
1128 2713 1210 2743 mul-

250 2759 287 2789 tis
295 2757 395 2788 modis
407 2757 545 2790 eandem,
558 2757 590 2787 &
600 2767 692 2787 unam
704 2766 780 2791 rem;
792 2757 824 2787 δε
834 2757 940 2786 haereat
950 2758 983 2786 in
994 2755 1109 2788 eadem,
1121 2764 1208 2785 com*

249 2808 442 2841 moreturque
450 2799 615 2830 sententia:
630 2800 704 2839 saepe
714 2801 806 2829 etiarn
817 2807 849 2829 ut
857 2806 998 2829 extenuet
1007 2797 1140 2839 aliquid:
1152 2797 1206 2827 sae-

1234 118 1770 168 thizizouts

1246 213 1283 244 pe
1292 210 1325 234 ut
1335 202 1465 236 irrideat:
1491 211 1524 236 ut
1533 203 1664 236 declinet
1673 202 1689 233 *a
1699 201 1852 244 proposito
1862 200 2077 246 ,deflee'latque
2088 204 2214 239 senten-

1248 247 1322 277 tiam
1334 256 1341 276 :
1361 255 1394 278 ut
1403 255 1551 287 proponat
1561 266 1569 279 ‚
1586 245 1659 287 quid
1671 245 1806 276 dicturus
1817 243 1868 276 fit:
1887 254 1920 276 ut
1931 266 1939 280 ,
1955 245 2029 277 curn
2038 248 2213 290 transegerit

1248 288 1308 326 jam
1319 288 1433 329 aliquid
1441 309 1449 321 »
1465 286 1589 320 definiat
1600 298 1605 316 :
1617 296 1649 318 ut
1659 287 1687 318 se
1697 287 1757 327 ipse
1768 296 1887 318 revocet
1897 308 1905 321 ,
1917 297 1965 322 ut,
1976 288 2058 330 quod
2066 289 2144 320 dixit
2154 292 2216 321 ite«.

1249 338 1309 360 ret:
1331 339 1509 371 utargutum
1527 331 1641 361 ratione
1652 328 1822 362 concludat,
1835 337 1867 359 ut
1877 332 1988 361 interro
2026 331 2088 361 ndo
2099 340 2214 373 urgeat,

1250 380 1283 402 ut
1302 372 1398 403 rursus
1409 370 1488 413 quasi
1498 371 1536 402 ad
1555 373 1732 412 interrogata
1741 369 1798 411 fibi
1808 371 1863 411 ipse
1879 341 2071 412 respondam
2096 382 2129 404 ut
2136 383 2214 404 con-

1250 413 1315 446 tra,
1331 424 1363 445 ac
1373 414 1470 447 dicat,
1491 414 1602 453 accipi,
1624 413 1656 442 δε
1669 413 1770 443 sentiri
1779 413 1852 444 velit
1873 434 1880 446 ‚
1902 423 1935 444 ut
1945 413 2118 449 addubitet,
2138 415 2216 456 quid,

1249 455 1350 496 potius
1362 476 1371 489 ‚
1391 464 1441 487 aut
1460 454 1618 496 quomodo
1638 453 1731 485 dicat:
1751 462 1784 485 ut
1793 453 1906 485 dividat
1925 457 1957 486 in
1975 459 2100 495 parteis:
2117 457 2214 487 utali-

1249 497 1321 539 quid
1335 498 1483 538 relinquat
1500 516 1509 530 ,
1523 507 1555 527 ac
1565 496 1694 537 negIIgat
1713 506 1718 525 :
1741 504 1774 526 ut
1783 495 1852 527 ante
1863 499 2043 536 praemuniat
2064 508 2070 527 z
2092 507 2125 529 ut
2135 502 2167 528 in
2176 508 2220 529 eo

1250 539 1315 579 ipso
1325 559 1333 573 ,
1347 541 1380 569 in
1390 549 1451 580 quo
1462 537 1692 579 reprehendatur
1700 557 1708 571 ,
1729 537 1849 578 culpam
1861 541 1892 568 in
1901 538 2099 572 adversarium
2107 539 2215 571 confe-

1251 590 1293 612 rat
1304 594 1310 610 :
1323 591 1355 612 ut
1365 581 1436 621 saepe
1447 591 1518 611 curn
1530 582 1577 614 iis,
1586 582 1639 620 qui
1648 580 1784 615 audiunt,
1795 590 2030 622 nonnumquam
2041 583 2131 612 etiam
2141 592 2214 614 cum

1251 623 1418 654 adversario
1428 621 1506 664 quasi
1515 620 1644 652 deliberet
1654 631 1666 649 .·
1686 630 1718 652 ut
1728 622 1893 652 hominum
1906 623 2059 654 sermones
2070 644 2079 658 ,
2099 624 2216 655 morel:-

1251 675 1309 706 que
1320 665 1464 696 describat
1484 675 1491 694 ε
1514 674 1549 694 ut
1559 672 1641 694 muta
1650 663 1787 704 quaedam
1799 664 1954 705 loquentia
1963 664 2086 696 inducat
2104 676 2110 696 :
2135 674 2166 696 ut
2176 664 2215 697 ab

1253 718 1289 738 eo
1301 728 1309 740 ‚
1330 707 1412 748 quod
1422 708 1536 748 agitur,
1557 714 1666 737 avertat
1679 709 1798 736 animos
1819 716 1824 735 :
1848 714 1881 736 ut
1899 707 1971 747 saepe
1981 708 2013 736 in
2022 707 2216 742 hilaritatem,

1253 750 1385 781 risumve
1396 756 1551 779 convertat
1563 759 1568 777 z
1580 757 1613 778 ut
1621 748 1690 778 ante
1700 756 1826 787 occupet
1834 748 1916 788 quod
1927 748 2025 779 videat
2034 751 2148 790 opponi
2160 761 2166 779 z
2181 758 2217 781 ut

1251 800 1405 830 comparet
1414 789 1626 821 fimilitudines
1646 800 1651 818 t
1676 799 1707 820 ut
1719 798 1814 820 utatur
1823 791 1971 830 exemplis
1993 801 1998 819 :
2022 799 2056 821 ut
2069 791 2151 822 aliud
2163 792 2217 823 alii

1253 832 1386 863 tribuens
1397 832 1548 872 dispertiat
1557 852 1566 866 ,
1585 840 1617 862 ut
1626 832 1881 872 interpellatorem
1891 833 2022 864 co'e'rceat
2031 852 2040 866 ,
2058 842 2092 864 ut
2100 833 2216 875 aliquid

1254 875 1375 904 reticere
1395 874 1422 904 se
1442 873 1536 904 dicat:
1558 883 1592 903 ut
1602 873 1779 907 denuntiet,
1798 874 1870 914 quid
1880 882 2019 904 caveant:
2040 883 2071 905 ut
2088 874 2216 906 liberius
2247 906 2252 909 Δ

1254 915 1327 956 quid
1338 915 1441 946 audeat
1453 925 1458 944 :
1477 924 1510 946 ut
1518 916 1655 946 irascatur
1665 917 1754 945 etiam
1766 935 1775 948 ‚
1795 925 1827 946 ur
1836 916 1973 956 objurget
1981 916 2141 957 aliquando
2152 937 2161 952 ,
2181 925 2216 949 ut

1253 957 1425 998 deprecetur
1437 977 1446 991 ‚
1467 966 1500 987 ut
1518 957 1663 997 supplicet
1674 977 1682 991 ,
1699 966 1731 988 ut
1742 957 1913 991 medeatur,
1934 958 2216 999 utapropositode-

1252 999 1346 1031 clinet
1362 999 1584 1041 aliquantulum
1596 1019 1606 1033 ,
1626 1008 1660 1029 ut
1668 1008 1769 1039 optet,
1790 1008 1823 1029 ut
1839 1000 2022 1030 exsecretur:
2047 1010 2079 1031 ut
2096 999 2146 1031 fiat
2163 1003 2218 1035 iis,

1252 1040 1329 1081 apud
1339 1051 1415 1082 quos
1424 1041 1503 1072 dicet
1512 1061 1522 1075 ,
1531 1040 1698 1072 familiaris.
1721 1044 1759 1071 At
1781 1051 1817 1071 ue
1827 1041 1895 1071 alias
1906 1043 1995 1072 etiarn
2007 1041 2127 1073 dicendi
2135 1041 2216 1084 quali

1254 1085 1377 1113 virtutes
1388 1083 1416 1113 se
1439 1091 1524 1114 uatur
1534 1094 1541 1113 ι
1551 1083 1729 1113 brevitatem
1742 1104 1751 1116 ‚
1795 1093 1839 1113 res
1850 1092 1946 1122 petet:
1965 1084 2037 1123 saepe
2048 1086 2138 1114 etiam
2148 1093 2216 1115 rem

1252 1124 1384 1155 dicendo
1396 1094 1535 1162 silbjiciet
1543 1125 1640 1155 oculis
1652 1135 1657 1153 :
1670 1125 1741 1165 saepe
1752 1125 1835 1164 supra
1845 1125 1931 1159 feret,
1941 1125 2032 1166 quam
2045 1124 2106 1156 fieri
2114 1124 2214 1165 poffit:

1247 1166 1421 1207 significatio
1440 1167 1516 1206 faepe
1525 1168 1580 1196 erit
1597 1167 1710 1205 major,
1732 1167 1824 1206 quam
1841 1169 1936 1196 oratio
1956 1178 1961 1195 1
1984 1167 2059 1207 saepe
2069 1168 2214 1202 hilaritas,

1254 1208 1328 1248 saepe
1345 1209 1414 1238 vitae
1425 1227 1434 1242 .
1454 1217 1686 1248 naturarumque
1703 1209 1843 1238 imitatio.
1868 1211 1936 1238 Hoc
1951 1211 1985 1238 in
2003 1219 2109 1250 genere
2127 1208 2212 1248 (nam
2230 1217 2274 1252 41

1252 1248 1333 1291 quasi
1350 1247 1455 1279 filvam
1464 1248 1561 1290 vides)
1577 1251 1680 1279 omnis
1701 1249 1813 1279 eluceat
1830 1259 1949 1289 oportet
1957 1250 2137 1291 eloquentia:
2147 1261 2214 1282 ma-

1252 1291 1393 1334 gnitudo.
1425 1291 1481 1322 Sed
1491 1292 1553 1321 haec
1564 1311 1573 1325 ‚
1583 1289 1638 1321 nisi
1649 1291 1792 1322 collocata
1801 1311 1810 1325 ‚
1821 1292 1853 1322 &
1863 1291 1941 1332 quasi
1951 1292 2058 1323 struSta
2067 1313 2076 1326 ,
2091 1293 2123 1324 &
2134 1302 2215 1326 nexa

1252 1333 1351 1364 verbis
1363 1353 1372 1366 ,
1383 1333 1420 1364 ad
1430 1343 1496 1364 eam
1508 1333 1627 1364 laudem
1639 1354 1646 1366 ‚
1659 1343 1749 1374 quarn
1759 1333 1902 1363 volumus
1913 1333 2056 1374 adspirare
2066 1344 2132 1365 non
2141 1337 2213 1376 pos-

1252 1375 1330 1406 sunt.
1354 1378 1401 1405 De
1411 1385 1472 1416 quo
1482 1374 1554 1405 cum
1573 1376 1651 1405 mihi
1669 1375 1809 1415 deinceps
1821 1375 1954 1406 viderem
1966 1375 2023 1406 esse
2034 1376 2212 1411 dicendum,

1254 1416 1305 1448 etsi
1317 1417 1482 1448 movebant
1487 1418 1552 1457 jam
1564 1427 1613 1447 me
1622 1417 1673 1447 illa
1683 1437 1691 1451 ‚
1712 1427 1778 1458 quae
1788 1416 1871 1457 supra
1880 1417 2017 1448 dixeram
2026 1438 2034 1451 ‚
2048 1427 2152 1449 tamen
2161 1421 2213 1454 iis,

1252 1469 1318 1500 quae
1330 1459 1493 1501 sequuntur
1502 1479 1510 1492 ,
1522 1459 1711 1498 perturbabar
1719 1461 1826 1501 magis.
1839 1460 2019 1490 Occurrebat
2026 1463 2110 1491 enim
2122 1481 2129 1495 ‚
2141 1461 2214 1501 pos-

1255 1502 1281 1532 se
1293 1503 1414 1541 reperiri
1424 1511 1488 1531 non
1505 1501 1626 1531 invidos
1636 1500 1736 1531 solum
1748 1521 1756 1534 ‚
1776 1501 1886 1542 quibus
1907 1501 2008 1541 referta
2019 1502 2089 1542 funt
2104 1503 2213 1538 omnia,

1253 1543 1303 1573 sed
1313 1542 1443 1573 fautores
1452 1545 1542 1573 etiam
1552 1552 1688 1573 mearum
1698 1542 1821 1573 laudum
1830 1563 1838 1576 ‚
1850 1544 1902 1583 qui
1913 1553 1977 1573 non
1985 1544 2138 1574 censerent
2148 1545 2214 1585 ejus

1253 1586 1313 1615 viri
1322 1583 1391 1619 effe,
1402 1584 1440 1615 de
1449 1585 1534 1624 cujus
1545 1586 1659 1614 meritis
1667 1593 1747 1614 tanta
1755 1586 1870 1615 senatus
1881 1584 1989 1622 judicia
1997 1584 2213 1620 feciflet,com·

1254 1626 1400 1667 probante
1410 1626 1523 1666 populo
1533 1628 1627 1657 Rom.
1637 1635 1749 1668 quanta
1756 1626 1792 1656 de
1802 1627 1889 1656 nullo
1901 1646 1910 1660 ,
1922 1626 1958 1656 de
1970 1626 2097 1658 artificio
2107 1627 2212 1659 dicen-

1254 1669 1288 1699 di
1306 1668 1413 1699 litteris
1431 1677 1492 1698 tam
1511 1667 1606 1699 multa
1617 1668 1765 1698 mandare.
1788 1669 1906 1710 Qibus
1925 1667 1946 1697 si
1965 1670 2044 1698 nihil
2062 1668 2143 1699 aliud
2163 1679 2214 1700 re-

1256 1711 1435 1751 sponderem
1446 1731 1455 1744 ,
1467 1708 1524 1740 nisi
1534 1731 1542 1744 ,
1556 1721 1605 1740 me
1616 1712 1754 1741 M.Bruto
1765 1721 1864 1750 negare
1872 1711 1984 1750 roganti
1993 1710 2106 1749 nolmff}
2117 1731 2127 1745 ,
2137 1710 2213 1749 justa

1255 1751 1326 1783 ess'et
1338 1753 1490 1782 excusatio
1503 1773 1511 1785 ,
1533 1751 1605 1782 esim
1617 1752 1649 1782 &
1659 1751 1837 1783 amiclffimo
1850 1772 1858 1786 ‚
1880 1753 1912 1783 &
1921 1752 2157 1793 praestantiffiino
2165 1755 2213 1783 vi-

1255 1805 1300 1828 ro,
1311 1794 1344 1824 &
1353 1793 1431 1825 reSta
1440 1793 1604 1824 &honesta
1612 1796 1725 1834 petenti
1737 1815 1746 1827 ,
1757 1793 1921 1825 satisfacere
1930 1793 2102 1825 voluiss'em.
2122 1795 2178 1826 Sed
2190 1793 2214 1826 fi

1255 1835 1393 1877 profitear
1403 1836 1497 1877 (quod
1506 1839 1621 1866 utinam
1633 1833 1761 1876 poffem)
1776 1846 1826 1866 me
1837 1834 1972 1866 studiosis
1980 1836 2120 1870 dicendi,
2137 1846 2215 1877 prae-

1254 1888 1337 1919 cepta
1347 1899 1356 1912 ,
1376 1879 1409 1908 ὃς
1419 1876 1498 1919 quasi
1510 1880 1571 1908 vias
1580 1899 1589 1912 ,
1609 1888 1675 1920 quae
1683 1877 1719 1908 ad
1728 1878 1933 1919 eloquentiam
1948 1877 2060 1908 ferrent
2069 1898 2078 1912 ,
2090 1879 2215 1909 traditu-

1255 1930 1332 1951 rum:
1343 1922 1411 1961 quis
1418 1920 1539 1950 tandem
1548 1920 1580 1950 id
1590 1919 1685 1958 justus
1692 1930 1791 1950 rerum
1801 1919 1965 1950 aestimator
1971 1920 2215 1960 reprehenderet?

1257 1965 1338 1993 Nam
1349 1964 1415 2003 quis
1426 1972 1572 2003 umquam
1589 1962 1736 1993 dubitavit
1747 1982 1755 1995 ‚
1775 1964 1850 2003 quin
1867 1964 1901 1991 in
1918 1972 1977 2002 rep.
1990 1961 2088 1992 nostra
2103 1963 2212 2003 primas

1254 2005 1426 2046 eloquentia
1434 2006 1563 2034 tenuerit
1572 2004 1688 2044 semper
1699 2024 1707 2038 ‚
1720 2003 1840 2034 urbanis
1854 2025 1863 2036 ,
1872 2004 2037 2044 pacatisque
2045 2004 2132 2034 rebus
2144 2015 2150 2034 z
2168 2004 2215 2035 se-

1255 2047 1366 2077 cundas
1376 2066 1384 2080 ,
1395 2048 1468 2085 juris
1480 2047 1619 2077 scientia?
1630 2045 1701 2076 cum
1712 2047 1745 2075 in
1755 2046 1843 2076 altera
1853 2066 1862 2079 ,
1875 2055 1976 2086 gratiae
1985 2065 1995 2079 ‚
2005 2046 2107 2087 gloriae
2118 2066 2127 2080 ,
2137 2056 2215 2086 prae·

1255 2088 1321 2119 sidii
1339 2089 1506 2128 plurimum
1518 2086 1589 2118 esset
1608 2099 1614 2116 z
1637 2090 1670 2118 in
1685 2088 1774 2117 altera
1783 2107 1792 2120 ,
1812 2088 2057 2126 persecutionum
2068 2107 2079 2121 ‚
2097 2090 2215 2118 cautio-

1254 2140 1389 2170 numque
1398 2132 1556 2169 praeceptio
1565 2149 1574 2162 ,
1585 2139 1650 2170 quae
1659 2128 1783 2170 quidem
1794 2129 1854 2168 ipsa
1862 2129 2011 2158 auxilium
2020 2128 2056 2157 ab
2065 2129 2214 2170 eloquen-

1254 2173 1294 2201 tia
1305 2172 1378 2210 saepe
1388 2180 1498 2210 peteret
1507 2190 1516 2204 ,
1537 2181 1571 2200 ea
1579 2169 1652 2201 vero
1662 2178 1841 2212 repugnante
1851 2172 1903 2199 vix
1915 2169 1978 2199 suas
1998 2172 2135 2211 regiones
2145 2190 2155 2205 ,
2177 2169 2215 2201 fi-

1255 2213 1374 2252 neisque
1384 2211 1567 2242 defenderet.
1589 2213 1649 2242 Cur
1657 2213 1746 2252 igitur
1750 2220 1800 2251 jus
1810 2211 1894 2240 civile
1904 2210 2011 2241 docere
2021 2213 2135 2252 semper
2144 2212 2215 2252 pul-

1253 2264 1339 2283 crum
1350 2253 1409 2283 fuit
1419 2274 1427 2286 ,
1449 2253 1673 2294 hominumque
1682 2251 1912 2283 clariffimorum
1931 2253 2084 2293 discipulis
2102 2253 2214 2284 florue-

1255 2304 1324 2325 runt
1334 2295 1445 2325 domus
1461 2305 1466 2323 :
1489 2295 1526 2325 ad
1535 2294 1698 2325 dicendum
1713 2293 1733 2324 fi
1744 2296 1811 2335 quis
1821 2303 1922 2328 acuat,
1943 2304 1994 2325 aut
2002 2294 2122 2333 adjuvet
2131 2298 2165 2326 in
2174 2305 2215 2327 eo

1249 2337 1442 2376 juventutem
1456 2357 1464 2369 ‚
1483 2338 1666 2376 vituperetur
1686 2339 1696 2366 ?
1718 2339 1799 2367 Nam
1810 2335 1986 2367 sivitiosum
1997 2336 2039 2367 est
2050 2337 2146 2368 dicere
2162 2347 2214 2368 or-

1255 2379 1321 2408 nate
1333 2398 1341 2412 ,
1352 2379 1477 2418 pellatur
1486 2380 1617 2408 omnino
1627 2378 1643 2408 ὲ
1654 2380 1772 2409 civitate
1780 2379 1960 2419 eloquentia.
1973 2377 2016 2408 fin
2025 2389 2059 2410 ea
2068 2389 2133 2410 non
2144 2389 2215 2410 rno-

1254 2419 1295 2450 do
1315 2430 1366 2450 eos
1377 2429 1463 2450 ornat
1472 2440 1479 2453 ‚
1498 2430 1589 2460 penes
1599 2430 1675 2461 quos
1685 2419 1727 2450 est
1737 2440 1745 2454 ,
1766 2420 1816 2450 sed
1826 2422 1918 2451 etiam
1928 2421 2103 2451 universam⁴
2116 2431 2214 2462 remp.

1256 2465 1328 2493 Cur<
1345 2472 1412 2492 Αυτ
1432 2462 1540 2492 discere
1555 2471 1636 2502 tuipe
1647 2461 1689 2492 est
1701 2482 1710 2495 ‚
1728 2462 1810 2503 quod
1820 2462 1890 2492 scire
1901 2461 2062 2493 honestum
2074 2462 2134 2497 est,
2153 2471 2218 2497 aut,

1254 2504 1335 2545 quod
1355 2501 1438 2533 nosse
1455 2504 1671 2543 pulcerrimum
1689 2503 1732 2535 est
1741 2525 1750 2538 ,
1769 2504 1802 2534 id
1819 2514 1883 2534 non
1900 2504 2067 2544 gloriosum
2083 2504 2189 2535 docere
2200 2507 2214 2534 ?

1256 2549 1295 2575 At
1312 2546 1438 2576 alterum
1454 2545 1622 2576 fafititatum
1641 2545 1683 2577 est
1692 2567 1701 2580 ,
1722 2546 1849 2576 alterum
1867 2555 1994 2576 novum.
2019 2549 2137 2577 Fateor:
2158 2545 2209 2578 sed

1255 2588 1405 2629 utriusque
1423 2589 1464 2617 rei
1474 2588 1557 2617 causa
1574 2587 1625 2618 est.
1649 2589 1768 2618 Alteros
1777 2589 1862 2617 enim
1873 2587 2097 2627 respondenteis
2107 2587 2212 2619 audire
2226 2601 2295 2635 ῃ,

1255 2629 1296 2659 sat
1304 2639 1374 2663 erat,
1388 2638 1419 2659 ut
1429 2631 1461 2663 ii,
1473 2631 1524 2670 qui
1536 2629 1690 2664 docerent,
1702 2629 1822 2660 nullum
1834 2628 1886 2659 fibi
1896 2629 1932 2659 ad
1942 2639 2008 2660 eam
2019 2640 2082 2660 rem
2093 2639 2213 2672 tempus

1254 2669 1307 2711 ipsi
1320 2671 1511 2712 seponerent'.
1534 2671 1582 2701 sed
1593 2672 1700 2702 eodem
1712 2681 1846 2711 tempore
1858 2671 1892 2701 &
1901 2670 2084 2702 discentibus
2102 2670 2215 2702 satisfa-

1254 2723 1353 2743 cerent
1364 2734 1373 2747 ,
1394 2714 1427 2743 δε
1446 2713 1682 2744 consulentibus.
1704 2714 1806 2746 alteri,
1826 2711 1899 2743 cum
1917 2712 2120 2744 domesticum
2135 2723 2218 2745 tem-

1255 2765 1310 2794 pus
1330 2757 1361 2785 in
1371 2755 1584 2797 cognoscendis
1596 2776 1604 2789 ,
1624 2753 1905 2796 componendisque
1921 2753 2033 2789 caufis,
2050 2754 2169 2786 forense
2180 2756 2216 2786 in.

1256 2797 1388 2838 agendis,
1398 2798 1548 2838 reliquum
1559 2799 1592 2827 in
1600 2796 1700 2838 seipsis
1708 2795 1879 2829 reficiendis
1889 2806 1983 2828 omne
1990 2797 2215 2828 consumerent:

2121 2847 2218 2880 quem

291 2988 315 3006 1.
334 2983 385 3006 Aut
394 2980 572 3013 eumgradatim
586 2981 681 3016 fitrsum
697 2981 782 3014 verstri·
801 2981 918 3015 reditum]
943 2980 1000 3007 Pal.
1011 2979 1092 3006 iidem
1103 2980 1130 3006 S<
1143 2979 1213 3006 Pith.

251 3016 360 3043 redditur
371 3035 380 3048 ,
390 3015 459 3042 unde
470 3016 579 3043 faciebat
592 3017 707 3042 receditur
717 3016 889 3043 Gulielmius.
903 3017 989 3053 postea
999 3024 1085 3043 tamen
1098 3015 1215 3043 maluiss'e

252 3050 360 3078 videtui-
372 3071 379 3084 ,
392 3053 477 3085 finfm·
495 3054 580 3085 versit!
598 3052 672 3077 cedo-e
684 3071 691 3083 ‚
713 3060 742 3078 ut
761 3052 790 3079 fit
801 3062 833 3079 ex
851 3053 899 3079 illo
911 3053 998 3080 Plauti
1011 3053 1138 3089 Epidico:
1161 3060 1216 3086 taepe

251 3097 296 3114 rur
307 3097 345 3112 um
356 3098 399 3114 ver
410 3097 449 3112 um
459 3088 492 3113 ad
499 3090 551 3114 illas
556 3091 709 3121 pauxillatim
721 3089 835 3114 accedcre.

289 3133 317 3149 2.
337 3126 390 3149 Si-ne
409 3125 583 3156 confirmatione
594 3125 716 3157 sentcnriae
732 3124 856 3158 ediciam]
869 3123 1077 3152 Retinentistud
1087 3124 1214 3160 Pall.po-

253 3158 375 3199 statiores
387 3169 395 3192 3
416 3160 517 3196 priores
528 3160 598 3188 enim
610 3179 618 3195 ‚
631 3161 731 3188 dicitur.
750 3159 812 3189 alias
823 3160 876 3197 legi
886 3162 1009 3189 inducitur
1017 3159 1118 3189 dudum
1129 3170 1212 3193 auno-

1259 2987 1341 3007 tatum
1353 2981 1419 3007 aliis.
1442 2981 1485 3007 sed
1497 2981 1560 3016 quid
1573 2980 1589 3007 fi
1599 2987 1657 3007 tota
1667 2979 1713 3007 illa
1724 2989 1776 3008 vox
1785 2979 1944 3014 abjiceretur
1952 2980 1966 3008 ?
2086 2988 2094 2996 ·

1276 3052 1281 3057 ·
1294 3025 1320 3051 3.
1341 3021 1369 3042 Ut
1378 3018 1514 3051 veJfitJiaepe
1523 3018 1602 3044 „mltis
1610 3017 1680 3043 modis
1689 3017 1767 3043 eadem
1778 3036 1787 3050 ,
1796 3016 1865 3050 ὅγε]
1894 3017 1937 3043 Est
1948 3016 1964 3042 :i
1974 3014 2058 3043 Rivio
2066 3015 2097 3042 ὅτ
2107 3012 2218 3042 ῘΛῐτῶῗο

1257 3053 1349 3080 muuis.
1363 3063 1420 3079 nam
1432 3054 1486 3080 Pall
1494 3074 1499 3079 .
1509 3053 1797 3090 posteriores‚eadem‚ut
1805 3061 1879 3078 unam
1886 3055 1911 3078 In
1920 3061 1971 3077 rem
1976 3053 2076 3083 hierem,
2086 3052 2115 3083 &¹
2123 3053 2149 3078 In
2158 3059 2217 3077 can&

1256 3089 1304 3114 dem
1323 3097 1470 3115 commoretur
1481 3091 1634 3123 sententiam.
1654 3089 1754 3125 priores
1763 3090 1792 3115 &
1804 3088 1876 3114 Pith.
1887 3088 1964 3114 eadem
1973 3088 2002 3118 &
2010 3097 2086 3114 unam
2101 3096 2149 3113 rem
2159 3106 2167 3118 ,
2185 3086 2217 3118 ὁ·

1254 3127 1339 3151 hereat
1348 3129 1373 3150 in
1384 3126 1461 3150 eadem
1471 3133 1663 3162 commoreturque
1665 3126 1829 3163 fimentiam5
1840 3123 1976 3161 quomodo
1986 3123 2068 3162 vulgo
2081 3122 2159 3158 editi,
2168 3120 2218 3150 nist

1255 3160 1354 3198 quotlii
1367 3181 1376 3196 ,
1385 3161 1492 3191 eandem.

2143 3201 2169 3224 ι.
2177 3192 2222 3233 A]
