2360 3400
473 149 788 195 EPIST.'AD
826 145 927 192 CN.
965 145 1420 203 PLAncumm
1456 150 1679 204 Amos,
1716 152 1845 198 [ΑΒ.
1869 151 1922 199 Χ.

219 229 363 267 produxit
373 225 385 259 i
398 227 431 260 δε
439 227 500 259 fine
508 228 592 258 mox-a
601 227 761 257 concurrit.
784 225 888 257 Primo
897 228 935 256 ita
943 234 1109 267 pugnatum
1120 224 1173 259 est,

219 268 253 304 iit
271 272 366 304 acrius
384 280 445 301 non
460 268 556 310 posset
563 278 601 299 ex
610 277 732 310 utraque
743 277 821 308 parte
830 271 954 310 pugnari
970 278 975 297 :
994 267 1027 297 δε
1037 266 1057 297 fi
1068 267 1172 298 dexte-

218 318 280 346 rius
297 323 410 347 cornu,
429 314 463 342 in
478 321 538 352 quo
555 320 635 341 eram
657 312 851 341 cumMartiae
862 310 988 352 legionis
997 309 1171 338 cohortibus
1192 325 1193 336 l

217 356 288 387 οᾶο
301 375 309 389 ,
329 357 443 394 impetu
457 355 558 393 primo
571 351 720 394 fugaverat
736 353 890 392 legionem
904 349 1172 390 tricefimamquin-

215 406 277 428 tam
288 398 416 427 Antonii
428 415 437 428 ,
459 404 492 424 ut
510 395 639 434 amplius
657 393 755 434 passus
776 393 875 423 ³‘ultra
888 395 983 424 aciem
995 411 1004 425 ‚
1021 401 1083 432 quo
1103 392 1171 421 loco

215 438 348 471 steterat,
367 435 549 477 processerit.
579 439 680 476 Itaque
698 435 770 466 curn
789 436 903 476 equites
922 433 1057 464 nostrum
1075 442 1170 463 cornu

212 481 336 511 circuite
353 478 488 512 vellent,
506 480 635 517 recipere
651 487 701 507 me
716 478 793 517 coepi
806 497 815 510 ,
835 476 977 506 &levem
991 483 1169 504 armaturam

214 531 366 562 opponere
379 523 554 550 Maurorum
568 519 718 560 equitibus
730 539 738 551 ‚
758 529 797 548 ne
809 518 927 548 aversos
940 515 1057 547 nostros
1070 525 1169 556 aggre-

213 563 364 593 derentur.
387 564 512 592 Interim
523 561 614 591 video
623 571 672 591 me
685 559 742 591 esse
756 562 833 590 inter
841 560 1032 590 Antonianos
1043 577 1051 590 ‚
1070 560 1170 587 Anto-

214 606 362 645 niumque
372 603 438 644 post
449 614 498 633 rne
509 601 565 633 effe
576 601 739 643 aliquanto.
757 601 876 641 repente
889 610 1000 640 equum
1010 597 1124 646 immisi
1133 598 1168 628 ad

213 655 280 676 earn
293 647 443 687 legionem
455 647 588 675 tironum
602 665 610 678 ,
630 654 696 685 quae
706 643 844 674 veniebat
855 652 893 672 ex
901 640 1000 672 castris
1009 661 1018 674 ,
1029 644 1112 671 scuto
1122 650 1168 670 re—

215 687 305 725 ᾑεᾶὶο.
328 688 494 718 Antoniani
513 697 563 716 me
581 687 713 726 insequi:
735 684 827 715 nostri
842 684 902 723 pila
914 683 1063 732 conjicere
1077 681 1165 728 velle.

213 733 257 760 lta
267 730 367 760 nescio
376 739 437 770 quo
447 728 508 759 fato
519 729 585 758 sum
594 728 740 758 servatus:
758 725 840 766 quod
858 725 923 754 sum
942 723 1003 753 cito
1021 734 1037 753 a
1055 722 1167 770 nostris

211 773 361 813 cognitus.
386 774 420 801 In
431 771 491 811 ipsa
501 770 636 802 AEmilia,
646 769 697 798 ubi
707 768 813 797 cohors
823 766 942 796 Caesaris
950 774 1006 804 prae
1012 773 1086 794 toria
1096 772 1167 798 erat,

210 812 264 843 diu
273 821 436 855 pugnaturn
448 811 498 842 est.
522 814 623 842 Cornu
640 808 818 840 sinisterius,
838 806 919 847 quod
931 804 1164 838 emtinfirmius‚

211 855 265 885 ubi
276 857 390 885 Martiae
410 854 537 894 legionis
550 851 615 881 duae
629 851 765 881 cohortes
777 857 878 882 erant,
899 847 932 878 δε
942 848 1049 877 cohors
1060 856 1167 887 praeto-

210 899 252 927 ria
260 916 269 930 ,
289 896 396 937 pedem
407 895 514 925 referre
523 900 678 932 coeperunt
688 911 696 924 ‚
717 890 798 932 quod
813 890 848 920 ab
858 891 990 930 equitatu
1001 889 1167 919 circuiban-

210 948 259 969 tur
270 959 277 972 ,
290 948 350 977 quo
359 938 405 967 vel
415 934 583 975 plurimum
597 934 674 964 valet
683 934 848 963 Antonius.
872 930 950 976 Cum
963 941 1072 961 omnes
1083 932 1112 961 se
1122 940 1167 960 re-

207 979 351 1020 cepissent
362 977 456 1008 nostri
469 976 589 1006 ordines
601 996 611 1008 ,
630 976 758 1014 recipere
775 984 825 1004 me
839 972 1024 1003 novistimus
1040 974 1117 1013 coepi
1131 971 1166 1002 ad

205 1021 306 1053 castra.
329 1021 500 1052 Antonius,
520 1026 672 1058 tamquam
681 1015 798 1049 νιέὶοῑ,
818 1014 907 1046 castra
919 1016 1034 1055 putavit
1047 1015 1075 1044 se
1085 1012 1166 1054 poffe

205 1071 318 1102 capere.
341 1059 411 1102 Qo
428 1059 500 1091 cum
516 1061 620 1092 venit,
638 1059 821 1098 complureis
836 1057 880 1087 ibi
897 1055 1016 1089 amisit,
1036 1066 1091 1086 nec
1107 1057 1167 1095 egit

203 1104 383 1145 quidquam.
407 1102 517 1132 Audita
527 1111 557 1131 re
569 1121 577 1134 ,
599 1102 716 1130 Hirtius
727 1109 798 1130 cum
810 1099 985 1129 cohortibus
994 1099 1103 1139 viginti
1115 1108 1166 1128 ve-

206 1148 316 1176 teranis
329 1144 463 1174 redeunti
475 1144 613 1173 Antonio
627 1144 661 1171 in
675 1142 722 1172 sua
736 1140 824 1171 castra
837 1142 966 1170 occurrit
976 1160 985 1173 ‚
1005 1140 1164 1180 copiasque

203 1188 269 1228 ejus
278 1188 399 1216 omneis
409 1186 542 1218 delevit,
561 1185 674 1224 fugavit
687 1183 854 1223 eodemque
868 1183 937 1212 loco
948 1201 957 1215 ‚
976 1181 1028 1211 ubi
1040 1190 1098 1211 erat
1109 1191 1163 1221 pu-

203 1238 329 1270 gnatum
340 1227 374 1258 ad
384 1230 497 1257 Forum
507 1227 674 1256 Gallorum.
685 1227 839 1255 Antonius
850 1234 920 1254 cum
930 1223 1082 1264 equitibus
1094 1224 1164 1253 hora

203 1270 304 1301 noffis
313 1278 412 1310 quarta
422 1289 430 1302 ‚
452 1269 523 1299 sein
535 1267 625 1298 castra
635 1267 683 1297 sua
692 1267 727 1297 ad
738 1268 890 1296 Mutinam
903 1266 1022 1305 recepit.
1045 1267 1162 1295 Hirtius

203 1314 238 1344 in
257 1322 290 1342 ea
305 1311 395 1342 castra
408 1310 496 1340 rediit
506 1330 514 1344 ‚
536 1310 615 1340 unde
626 1309 715 1339 Pansa
730 1311 861 1341 exierat,
882 1308 935 1337 ubi
946 1307 1017 1337 duas
1029 1307 1161 1348 legiones

202 1355 378 1394 reliquerat,
399 1362 466 1393 quaa
483 1352 522 1382 ab
538 1352 676 1381 Antonio
686 1358 966 1390 erantoppugnatae.
989 1350 1037 1379 Sic
1046 1357 1159 1389 partem

203 1396 352 1435 majorem
371 1395 489 1424 suarum
507 1394 661 1432 copiarum
674 1393 826 1421 Antonius
837 1389 1158 1421 amisitveteranarum.

203 1440 270 1468 Nec
283 1436 312 1466 id
327 1444 427 1466 tamen
439 1433 499 1464 sine
509 1435 566 1474 aliq
572 1444 606 1463 ua
616 1432 724 1470 jaecura
731 1433 904 1463 cohortium
915 1434 1159 1472 praetorianarum

200 1478 370 1510 nostrarum
381 1496 389 1510 ‚
416 1477 449 1507 ὃς
466 1477 595 1517 legionis
612 1476 728 1504 Martiae
743 1473 807 1504 fieri
823 1475 931 1514 potuit.
955 1475 1071 1514 Aquilae
1081 1474 1157 1508 duae,

200 1519 280 1562 figna
290 1519 440 1559 sexaginta
450 1518 467 1548 s
464 1527 518 1547 unt
526 1517 614 1548 relata
623 1517 761 1547 Antonii.
785 1518 847 1547 Res
857 1516 935 1547 bene
947 1515 1026 1557 gesta
1036 1515 1087 1548 esti
1110 1516 1158 1547 Ad

198 1571 239 1594 xi
247 1571 272 1591 1.
282 1559 431 1591 Kalendas
442 1560 502 1600 Maj
506 1560 516 1589 i
527 1579 535 1594 ,
547 1569 586 1589 ex
596 1557 705 1589 castris.

323 1621 528 1651 C.A81N1US
551 1620 709 1650 POLLIO.
733 1621 933 1651 CICERONI
953 1621 980 1650 S.
994 1621 1034 1650 D.

143 1648 180 1682 3¹
313 1670 422 1698 luunt
440 1669 555 1698 mirum
570 1667 626 1698 tibi
638 1667 725 1698 debet
739 1667 853 1702 videri,
872 1668 949 1698 nihil
961 1677 1010 1698 me
1021 1665 1158 1707 sci-ipfiffe

201 1668 351 1746 Mde
369 1719 429 1750 rep.
443 1707 545 1750 postea
556 1709 647 1751 quam
661 1711 739 1740 itum
754 1708 796 1740 est
809 1708 845 1740 ad
859 1719 947 1740 arma.
972 1711 1053 1740 Nam
1070 1709 1158 1740 saltus

170 1750 181 1764 ⁶
198 1750 419 1782 Castulonenfis
430 1771 439 1785 ,
462 1753 519 1792 qui
527 1752 644 1792 semper
655 1753 752 1782 tenuit
765 1751 882 1782 nostros
896 1751 1064 1782 tabellarios
1074 1772 1082 1786 ,
1105 1750 1157 1781 etfi

197 1802 281 1823 nunc
289 1792 544 1834 frequentioribus
553 1794 720 1823 latrociniis
730 1792 867 1824 infestior
875 1792 971 1823 fastus
981 1792 1038 1823 est:
1055 1801 1157 1823 tamen

196 1842 386 1875 nequaquam
401 1843 479 1865 tanta
491 1836 524 1864 in
538 1845 623 1865 mora
634 1834 676 1865 est
686 1855 697 1868 ‚
718 1844 826 1876 quanta
837 1855 845 1869 ,
865 1835 916 1875 qui
928 1835 1003 1864 locis
1013 1834 1157 1865 omnibus

194 1875 329 1916 dispositi
340 1876 376 1906 ab
389 1885 510 1917 utraque
518 1885 598 1916 parte
608 1876 771 1907 scrutantur
782 1876 960 1910 tabellarios,
972 1876 1005 1906 &
1014 1878 1155 1906 retinent.

195 1919 298 1958 Itaque
313 1916 368 1948 nisi
381 1928 456 1948 nave
469 1919 585 1958 perlatae
600 1918 705 1948 littera:
719 1916 828 1952 essent,
851 1919 984 1947 omnino
997 1918 1155 1950 nescirem,

195 1959 270 2000 quid
289 1958 354 1990 istic
376 1958 466 1990 fieret.
490 1962 582 1990 Nunc
600 1958 673 1989 vero
693 1959 797 1990 nasi-us
815 1957 1021 1993 occasionem,
1040 1958 1156 1999 postca-

193 2001 286 2042 quam
296 2003 427 2043 navigari
439 2010 571 2041 coeprum
583 2000 626 2031 est
634 2021 642 2035 ,
655 2000 855 2042 cupidiffime,
868 2001 901 2031 δε
910 2000 1002 2042 quam
1012 2001 1156 2031 creberri-

196 2047 247 2073 me
258 2052 363 2083 potero
374 2064 383 2077 ‚
404 2043 528 2073 scribam
543 2044 578 2074 ad
592 2052 628 2073 te.
654 2045 702 2073 Ne
717 2053 857 2073 moveare
871 2043 935 2080 ejus
951 2043 1152 2076 sermonibus,

194 2094 287 2125 quem
304 2083 417 2115 tametsi
435 2095 529 2115 nemo
546 2084 607 2119 est,
627 2086 680 2125 qui
698 2085 800 2115 videre
816 2085 889 2115 velit
900 2105 908 2118 ,
928 2093 1029 2115 tamen
1044 2094 1156 2125 nequa-

192 2136 284 2167 quam
295 2127 441 2166 proinde,
460 2136 492 2157 ac
510 2126 616 2168 dignus
636 2125 698 2160 est,
719 2126 1017 2160 oderunrhomines,
1038 2136 1155 2166 pericu-

192 2168 261 2198 lum
277 2178 341 2198 non
359 2167 410 2199 est.
433 2167 520 2199 Adeo
538 2168 580 2199 est
595 2170 681 2199 enim
696 2168 812 2199 invisus
832 2169 910 2198 mihi
922 2189 930 2202 ‚
952 2177 985 2199 ut
998 2168 1076 2198 nihil
1090 2178 1154 2199 non

192 2210 332 2240 acerbum
348 2219 451 2250 putem
463 2230 472 2244 ,
492 2211 572 2251 quod
586 2219 752 2241 commune
761 2220 831 2241 cum
843 2211 898 2240 illo
909 2209 951 2241 sit.
977 2213 1090 2241 Natura
1103 2220 1154 2241 au-

193 2260 257 2282 tem
267 2261 335 2282 mea
344 2272 352 2285 ,
369 2252 401 2282 &
412 2251 507 2282 studia
517 2254 637 2282 trahunt
647 2262 697 2282 me
707 2252 742 2283 ad
751 2254 832 2293 pacis
841 2273 849 2286 ,
873 2252 1059 2283 &libertatis
1069 2254 1153 2292 cupi-

193 2292 328 2324 ditatem.
339 2296 441 2334 ltaque
451 2294 527 2324 illud
536 2296 661 2324 initium
671 2295 770 2325 civilis
781 2295 853 2324 belli
866 2296 939 2335 saepe
949 2294 1153 2325 deflevicum

192 2334 271 2365 vero
286 2345 352 2366 non
369 2336 471 2366 liceret
489 2337 567 2366 mihi
585 2337 699 2366 nullius
716 2339 805 2377 partis
819 2335 892 2366 effe:
911 2338 981 2377 quia
993 2336 1153 2377 utrobique

194 2379 474 2418 magnosinimicos
483 2378 628 2408 habebam
643 2389 648 2407 τ
668 2388 699 2408 ea
706 2377 795 2408 castra
803 2376 866 2420 fugi
878 2398 887 2412 ,
899 2380 932 2408 in
944 2378 1053 2419 quibus
1063 2378 1152 2418 plane

193 2427 294 2449 tutum
310 2429 360 2449 me
373 2419 409 2449 ab
421 2418 536 2449 insidiis
552 2420 671 2450 inimici
684 2420 812 2450 sciebam
824 2430 887 2450 non
896 2418 1044 2450 futurum⁴
1066 2430 1154 2450 com-

193 2460 296 2500 pulsus
306 2459 343 2490 eo
354 2480 364 2494 ,
382 2459 443 2501 quo
453 2463 585 2492 minime
596 2462 736 2493 volebam
749 2482 761 2496 ,
779 2472 818 2492 ne
832 2463 864 2492 in
885 2464 1027 2492 extremis
1047 2460 1152 2495 essem,

190 2503 282 2543 plane
299 2504 429 2542 pericula
444 2513 508 2533 non
520 2503 692 2535 dubitanter
703 2504 774 2535 adii.
797 2504 941 2534 Caesarem
956 2503 1028 2533 vero
1038 2524 1047 2537 ‚
1068 2503 1153 2545 quod

193 2553 245 2573 me
267 2546 301 2573 in
319 2552 396 2574 tanta
414 2543 553 2579 fortuna,
571 2545 670 2576 modo
684 2547 841 2587 cognitum
853 2565 861 2579 ,
884 2544 1152 2576 vetustiffirnorum

191 2585 391 2616 familiarium
401 2585 469 2616 loco
479 2586 594 2622 habuit,
603 2587 697 2618 dilexi
708 2588 826 2617 summa
835 2596 908 2616 curn
914 2587 1070 2626 pietate,&
1081 2586 1150 2618 fide.

191 2629 268 2665 Quae
279 2637 346 2658 mea
357 2627 498 2658 sententia
507 2638 606 2668 gerere
616 2630 695 2659 mihi
705 2630 790 2660 licuit
801 2649 810 2661 ‚
828 2631 867 2658 ita
875 2627 934 2658 feci
946 2648 955 2662 ,
974 2637 1008 2659 ut
1017 2631 1152 2668 optimus

192 2669 319 2710 quisque
333 2670 469 2699 maxime
482 2669 736 2712 probarit.⁴Qiod
751 2668 845 2710 juss'us
865 2669 929 2700 sum
948 2680 986 2700 eo
1003 2678 1150 2710 tempore,

192 2719 278 2751 atque
299 2713 339 2741 ita
355 2711 413 2741 feci
426 2731 434 2744 2
455 2721 487 2741 ut
500 2721 648 2751 appareret
661 2714 762 2742 invito
774 2714 954 2752 imperatum
968 2710 1035 2742 effe.
1059 2714 1152 2753 Cujus

192 2751 265 2782 ἱαᾶὶ
274 2751 464 2786 iniustissima
475 2754 590 2784 invidia
600 2753 716 2784 erudire
727 2763 778 2783 me
787 2755 887 2794 potuit
897 2773 906 2787 ,
921 2763 1010 2794 quam
1019 2754 1152 2793 jucunda

193 2792 312 2825 libertas
322 2814 336 2828 ,-
353 2794 386 2825 &2
399 2794 491 2836 quam
504 2795 612 2826 misera
626 2795 679 2826 sub
693 2795 904 2826 dominatione
918 2798 978 2826 vita
991 2794 1071 2826 effet.
1094 2799 1150 2830 Ita,

196 2832 258 2864 fiid
266 2837 378 2876 agitur,
399 2845 431 2867 ut
448 2837 546 2867 rursus
556 2839 590 2867 in
606 2837 748 2877 potestate
767 2839 872 2867 omnia
889 2839 978 2867 unius
989 2835 1063 2868 fint:
1084 2840 1153 2878 qui-

195 2885 324 2916 cumque
334 2879 358 2907 is
369 2877 411 2909 est
423 2898 432 2912 ‚
452 2880 480 2908 ei
491 2888 541 2909 me
549 2878 696 2919 profiteor
704 2881 878 2910 inimicum.
903 2882 969 2910 Nec
978 2880 1150 2920 periculum

197 2915 242 2946 est
258 2917 356 2948 ullum
366 2938 375 2953 ‚
390 2919 471 2960 quod
484 2930 539 2960 pro
554 2921 689 2951 libertate
710 2930 758 2952 aut
774 2920 920 2963 refugiam
934 2931 984 2952 aut
1000 2921 1148 2962 deprecer.

194 2956 253 2988 Sed
262 2959 399 2990 consules
410 2970 507 3002 neque
522 2963 776 2994 senatusconsulto
789 2984 798 2997 ‚
817 2974 913 3004 neque
925 2964 1031 2994 litteris
1041 2973 1151 3003 praece—

194 3007 298 3039 Pesant
311 3001 389 3031 mihi
398 3020 408 3036 2
426 3003 498 3044 quid
511 3003 648 3036 facerem-
672 3007 757 3037 Unas
769 3008 854 3036 enirn
867 3004 936 3048 post
947 3005 1015 3036 idus
1029 3007 1150 3036 Martias

234 3120 243 3137 ι
252 3133 258 3137 .
276 3114 444 3152 Circulqtorem
451 3117 568 3148 quendam
577 3121 735 3155 trumentum]
757 3121 882 3147 Ita-Pau.
892 3122 919 3147 Sc
933 3121 1045 3156 vulgatae
1054 3120 1153 3147 editio-

193 3156 251 3174 nes.
272 3147 406 3175 §fustor-ius
416 3149 500 3177 edidit
510 3154 627 3180 allianum
638 3174 646 3186 ,
665 3165 712 3182 nec
728 3155 804 3183 video
813 3157 852 3183 abv
864 3167 897 3183 eo
917 3157 991 3183 reddi
1011 3158 1153 3183 rationem.

194 3183 236 3212 At
245 3184 355 3212 Ursinus
366 3184 441 3214 nobis
450 3195 484 3214 ex
494 3187 584 3225 aliquo
594 3189 663 3219 libro
673 3191 809 3228 protrudit
817 3196 995 3223 §Aventronum
1005 3213 1014 3228 ,
1034 3193 1155 3222 videtin·-

2075 168 2174 215 723·

1214 225 1339 257 demum
1351 225 1368 258 a
1377 228 1466 259 Pansa
1476 229 1585 260 litteras
1597 231 1704 270 accepi,
1716 231 1748 261 in
1757 231 1867 273 quibus
1876 232 2008 264 hortatur
2017 240 2113 267 me‚ut
2124 233 2168 263 se»

1211 271 1294 298 natui
1305 269 1429 300 scribam
1441 290 1449 304 ‚
1468 280 1516 301 me
1525 272 1559 302 διε
1568 276 1734 303 exercitum
1744 275 1776 304 in
1785 273 1928 314 potestate
1940 275 2006 315 ejus
2014 274 2148 306 futurum
2156 297 2164 304 .

1212 310 1299 351 Qod
1310 330 1318 343 ‚
1329 310 1399 341 cum
1412 312 1542 352 Lepidus
1552 316 1797 350 concionaretur,
1807 325 1895 357 atque
1903 317 2048 347 omnibus
2059 317 2166 348 scribe-

1209 360 1252 380 ret
1261 370 1270 383 ‚
1287 352 1315 381 se
1324 353 1492 384 consentire
1502 365 1573 385 cum
1582 358 1720 387 Antonio
1730 377 1738 391 ,
1753 358 1888 389 maxime
1899 360 2086 390 contrarium
2096 357 2164 390 fuit.

1211 393 1293 438 Nam
1305 394 1413 433 quibus
1423 398 1644 427 commeatibus
1654 418 1663 431 ‚
1682 400 1780 429 invito
1793 400 1848 429 illo
1859 419 1868 433 ,
1885 401 2029 440 perillius
2037 402 2167 441 provin-

1207 443 1286 463 ciam
1297 434 1430 476 legiones
1441 436 1581 468 ducerem
1594 441 1604 467 ?
1621 449 1687 473 aut,
1703 439 1722 470 si
1732 449 1826 472 cetera
1836 441 1995 472 tranfissem
2008 462 2017 476 ,
2031 452 2108 473 num
2119 451 2164 473 et-

1209 476 1268 504 iam
1280 476 1316 505 Al
1320 478 1383 514 peis
1391 487 1525 516 poteram
1535 480 1713 511 transvolare
1723 502 1731 516 ,
1749 492 1814 523 quae
1823 482 1957 523 praefidio
1966 485 2047 514 illius
2057 493 2164 516 tenen<-

1207 518 1275 545 tur?
1298 517 1383 547 Adde
1398 520 1456 549 hue
1466 538 1474 552 ‚
1493 520 1575 560 quod
1586 522 1708 561 perferri
1718 524 1821 555 litterae
1833 525 2098 556 nullaconditione
2108 535 2165 566 po-

1208 566 1337 587 tuerunt,
1361 561 1514 590 Sexcentis
1532 563 1616 592 enim
1634 564 1708 594 locis
1721 568 1932 597 excutiuntur:
1951 567 2061 598 deinde
2070 570 2163 599 etiam

1207 600 1372 629 retinentur
1381 599 1523 645 atLepido
1536 603 1689 634 tabellarii.
1712 607 1790 636 Illud
1802 619 1850 638 me
1861 608 2008 640 Cordubae
2021 619 2074 649 pro
2087 619 2164 639 con-

1206 641 1295 670 cione
1306 641 1413 671 dixisse
1423 662 1432 675 ‚
1449 652 1486 671 ne
1495 644 1615 674 vocabit
1628 647 1659 675 in
1669 646 1794 677 dubium
1807 669 1815 682 ,
1836 653 2023 689 provinciam
2034 661 2084 681 me
2094 651 2165 680 nul-

1205 681 1247 715 li,
1259 681 1314 711 nisi
1323 684 1375 723 qui
1385 683 1421 713 ab
1431 684 1531 714 senatu
1545 684 1650 715 miss'us
1661 687 1786 719 veniss'et
1798 710 1806 723 ,
1825 692 2010 723 traditurum.
2034 695 2114 723 Nam
2125 692 2164 722 de

1207 722 1325 764 legione
1347 724 1494 766 trigesima
1517 727 1656 758 tradenda
1674 738 1795 769 quantas
1814 733 1967 764 habuerim
1987 736 2165 768 conciones,

1205 764 1278 804 quid
1291 775 1347 806 ego
1359 766 1507 796 scribam?
1529 770 1595 806 Qua
1609 769 1728 803 tradita,
1750 781 1861 811 quanto
1875 784 1928 814 pro
1942 786 2001 815 rep
2013 774 2165 806 infirmior

1206 807 1324 837 futurus
1341 806 1470 842 fuerim,
1491 811 1559 849 quis
1579 811 1695 850 ignorat
1712 814 1723 841 ?
1752 815 1816 843 Hac
1834 824 1916 844 enim
1937 818 2076 858 legione,
2098 818 2165 848 noli

1206 850 1320 882 acrius,
1341 858 1391 879 aut
1412 853 1575 921 pugnacius
1590 852 1755 893 quidquam
1773 864 1873 894 putare
1892 856 1959 887 effe.
1983 862 2079 898 Qare
2092 869 2164 889 eum

1210 900 1259 919 me
1279 890 1419 921 existima
1434 902 1448 921 e
1474 892 1491 922 'e
1514 912 1524 925 ‚
1546 895 1598 934 qui
1615 896 1750 934 primum
1767 899 1845 936 pacis
1864 899 2070 938 cupidissimus
2090 899 2162 930 sim:

1209 932 1343 969 (omneis
1361 935 1445 963 enim
1457 936 1549 964 civeis
1562 935 1651 975 plane
1663 936 1767 967 studeo
1777 937 1834 969 effe
1843 939 1950 981 salvos)
1960 941 2068 972 deinde
2078 963 2087 976 ‚
2109 946 2164 983 qui

1209 973 1242 1003 &
1257 984 1306 1005 me
1317 993 1325 1008 ,
1346 975 1379 1005 &
1394 984 1487 1015 temp.
1498 977 1649 1007 vindicare
1663 989 1697 1008 in
1709 979 1843 1011 libertate
1855 991 1970 1021 paratus
1986 982 2049 1013 sim,
2072 985 2164 1026 Qod

1206 1014 1386 1046 familiarem
1401 1026 1504 1047 meum
1517 1019 1547 1048 in
1559 1027 1682 1050 tuorum
1691 1031 1819 1052 numero
1829 1023 1917 1054 habes
1928 1045 1937 1058 ‚
1958 1027 2104 1065 opinione
2114 1035 2164 1056 tua

1207 1058 1403 1099 mihigratius
1414 1058 1464 1088 est.
1487 1060 1616 1091 Invideo
1630 1062 1675 1091 illi
1691 1071 1802 1098 tamen,
1813 1063 1894 1105 quod
1905 1066 2037 1097 ambulat
2052 1087 2060 1101 ,
2074 1067 2165 1106 &jo-

1205 1107 1287 1129 catur
1298 1108 1408 1130 tecum.
1431 1102 1506 1142 Qae
1516 1111 1561 1131 res
1572 1122 1581 1136 ,
1596 1106 1698 1144 quanti
1706 1105 1852 1137 aestiinem
1866 1127 1873 1140 ‚
1885 1105 1905 1137 fi
1915 1118 2058 1149 umquam
2072 1109 2166 1139 licue-

1201 1142 1239 1170 rit
1262 1142 1363 1171 vivere
1380 1143 1416 1172 in
1434 1152 1498 1173 otio
1510 1163 1519 1176 ‚
1539 1147 1708 1184 experieris.
1745 1148 1879 1178 Nullum
1894 1151 1979 1180 enim
1997 1149 2159 1192 vestigium

1205 1182 1256 1212 abs
1274 1191 1301 1212 te
1320 1182 1481 1228 recessurus
1501 1186 1577 1215 sum.
1600 1187 1680 1217 Illud
1699 1189 1896 1220 vehementer
1911 1191 2043 1222 admiror
2063 1212 2072 1225 ‚
2094 1202 2163 1223 non

1204 1223 1343 1264 scripfifle
1352 1234 1380 1255 te
1392 1227 1485 1260 mihi,
1495 1228 1647 1258 manendo
1658 1230 1691 1259 in
1700 1233 1867 1269 provincia,
1878 1243 1916 1263 an
1927 1233 2065 1264 ducendo
2076 1244 2164 1264 exer-

1202 1267 1298 1296 citum
1310 1269 1340 1297 in
1350 1268 1467 1298 Italiam
1479 1288 1489 1302 ‚
1508 1270 1581 1309 reip.
1593 1273 1687 1312 magis
1702 1272 1867 1304 satisfacere
1878 1274 1996 1314 possim.
2020 1279 2084 1318 Ego
2094 1278 2164 1316 qui·-

1201 1307 1271 1338 dem
1283 1327 1292 1341 ,
1313 1307 1364 1338 etfi
1374 1310 1451 1340 mihi
1463 1312 1555 1341 tutius
1566 1331 1577 1345 ,
1594 1322 1627 1343 ac
1636 1313 1740 1343 minus
1751 1315 1938 1347 laboriosum
1947 1316 1990 1347 est
2001 1338 2012 1350 ,
2029 1328 2162 1352 manere,

1203 1358 1303 1380 tamen
1325 1352 1395 1398 quia
1416 1351 1506 1383 video
1528 1354 1578 1384 tali
1601 1362 1737 1395 tempore
1759 1356 1858 1387 multo
1878 1361 1973 1400 magis
1990 1359 2162 1400 legionibus

1202 1401 1277 1433 opus
1286 1391 1342 1423 esse
1350 1412 1358 1428 ‚
1374 1393 1464 1435 quam
1474 1397 1638 1435 provinciis
1649 1416 1658 1430 ,
1669 1407 1734 1438 quae
1744 1399 1906 1438 praesertim
1916 1403 2080 1441 recuperari
2092 1402 2162 1431 nul-

1202 1434 1232 1464 lo
1246 1437 1366 1477 negotio
1380 1435 1500 1476 possunt
1511 1458 1520 1471 ‚
1539 1437 1682 1469 constitui
1695 1460 1702 1473 ,
1724 1449 1757 1470 ut
1770 1450 1850 1472 nuuc
1865 1440 1906 1472 est
1917 1462 1925 1474 ,
1946 1452 2017 1472 cum
2028 1444 2161 1474 exercitu

1198 1475 1355 1516 proficisci.
1380 1479 1501 1509 Deinde
1510 1489 1549 1509 ex
1561 1480 1667 1511 litteris
1679 1500 1687 1515 ‚
1705 1491 1776 1521 quas
1786 1483 1886 1514 Pansae
1896 1481 1964 1513 mifi
1975 1503 1983 1517 ,
1999 1484 2163 1524 cognostes

1200 1521 1323 1592 omqial.)
1339 1529 1410 1550 nam
1425 1520 1481 1592 tlibi
1495 1531 1598 1553 earum
1613 1523 1766 1564 exemplar
1776 1522 1856 1555 misi.
1880 1534 1974 1556 xvxi.
1985 1527 2161 1567 Kal-April¹

1199 1563 1259 1592 Cor
1284 1571 1301 1591 u
1325 1571 1358 1592 ae.
1382 1565 1427 1593 Va
1441 1572 1468 1594 e⁰

1280 1623 1313 1651 C.
1340 1624 1555 1654 ASINIUS
1577 1626 1787 1661 POLLIO,
1811 1627 2076 1658 CICERONI.

1274 1672 1385 1702 Annus
1406 1671 1534 1712 quaestor
1547 1693 1561 1707 ,ν
1580 1683 1688 1716 magna
1705 1684 1862 1706 numerata
1878 1679 2003 1716 pecunia
2016 1697 2025 1711 ,
2048 1686 2162 1719 magno

1271 1711 1405 1752 pondere
1414 1716 1475 1744 auri
1489 1735 1498 1748 ,
1520 1715 1634 1755 majore
1652 1720 1764 1758 argenti
1781 1717 1886 1748 coa&o
1902 1718 1939 1749 de
1956 1719 2087 1758 publicis
2106 1729 2162 1749 ex-

1198 1753 1370 1785 affionibus
1381 1774 1389 1789 ‚
1405 1765 1443 1785 ne
1455 1755 1606 1797 stipendio
1618 1760 1742 1799 quidem
1756 1760 1906 1790 militibus
1920 1761 2033 1791 reddito
2043 1780 2053 1794 ‚
2072 1761 2164 1792 duxit

1198 1796 1227 1826 se
1242 1796 1257 1826 ὲ
1271 1796 1405 1827 Gadibus
1417 1817 1425 1830 ,
1447 1797 1480 1828 δε
1498 1799 1632 1829 trid-uum
1650 1800 1823 1840 tempestate
1840 1810 1970 1831 retentus
1989 1802 2025 1832 ad
2035 1803 2165 1843 Calpen,

1198 1838 1376 1878 Kal.Juniis
1385 1840 1497 1877 trajecit
1506 1840 1566 1870 sese
1577 1843 1610 1871 in
1622 1851 1749 1882 regnum
1763 1842 1894 1883 Bogudis
1902 1863 1909 1876 ‚
1922 1843 2010 1883 plane
2021 1844 2097 1874 bene
2107 1854 2161 1884 pe—

1195 1879 1333 1909 culiatus.
1358 1882 1416 1909 His
1435 1882 1609 1912 rumoribus
1626 1882 1727 1912 utrum
1740 1884 1848 1913 Gadeis
1866 1884 2023 1919 referatur,
2045 1895 2082 1916 an
2093 1888 2164 1916 Ro·

1197 1930 1280 1950 marn
1292 1940 1305 1953 ,.
1315 1920 1364 1958 (ad
1375 1919 1505 1962 singulos
1517 1924 1600 1953 enirn
1611 1927 1735 1954 nuntios
1745 1924 1910 1965 turpiffime
1920 1925 2042 1957 consilia
2053 1928 2161 1968 mutat)

1197 1962 1337 1991 nondum
1349 1962 1420 1992 scio.
1445 1963 1494 1993 sed
1506 1973 1609 2003 praeter
1619 1964 1694 1995 furta
1706 1985 1714 1999 ,
1730 1966 1763 1996 &
1772 1968 1888 2007 rapinas
1898 1988 1911 2000 ‚-
1926 1968 1958 1998 &
1967 1971 2059 2009 virgis
2069 1970 2163 2000 caesos

1198 2004 1317 2036 socios,
1336 2005 1399 2034 haec
1411 2013 1531 2045 quoque
1544 2005 1633 2040 fecit,
1657 2016 1689 2037 ut
1707 2009 1768 2047 ipse
1787 2009 1909 2049 gloriari·
1925 2010 2020 2045 solet,
2039 2011 2156 2045 eadem,

1196 2055 1262 2086 qua:
1273 2046 1410 2076 GCaesar.
1427 2047 1521 2077 Ludis
1534 2068 1543 2080 ‚
1554 2057 1629 2089 quos
1640 2049 1773 2080 Gadibus
1782 2050 1854 2081 fecit
1863 2070 1871 2085 ,
1884 2053 2075 2084 Herennium
2087 2054 2161 2084 Gal-

1198 2089 1264 2117 lum
1278 2107 1287 2122 ,
1303 2087 1480 2119 histrionem
1493 2109 1501 2123 ,
1518 2090 1639 2121 summo
1649 2091 1791 2123 ludorum
1802 2093 1851 2123 die
1863 2093 1954 2124 anulo
1963 2104 2051 2125 aureo
2062 2095 2158 2125 dona-

1197 2138 1262 2160 tum
1273 2149 1282 2163 ,
1304 2131 1336 2161 in
1347 2140 1386 2160 xr
1396 2141 1407 2160 1
1416 2141 1427 2160 1
1438 2141 1461 2160 1.
1475 2129 1583 2162 sessum
1597 2132 1732 2164 deduxit.
1757 2143 1800 2164 tot
1817 2137 1900 2165 enim
1914 2134 2021 2167 fecerat
2035 2137 2158 2168 ordines

1195 2171 1337 2212 equestris
1356 2173 1426 2202 loci.
1451 2175 1730 2213 Qattuorviratum
1750 2175 1803 2206 sibi
1819 2180 2008 2218 prorogavit:
2029 2180 2158 2209 comitia

1197 2214 1313 2244 biennii
1324 2213 1419 2244 biduo
1432 2216 1533 2246 habuit
1544 2235 1552 2250 ,
1566 2217 1623 2247 hoc
1635 2217 1677 2247 est
1688 2237 1697 2251 2
1711 2220 1914 2253 renuntiavit,
1928 2230 2004 2261 quos
2015 2223 2043 2250 ei
2055 2221 2153 2251 visum

1196 2255 1255 2286 est:
1273 2256 1390 2286 exsules
1401 2257 1539 2291 reduxit,
1556 2268 1621 2288 non
1632 2261 1740 2289 horum
1752 2269 1924 2300 temporum
1934 2282 1943 2296 ‚
1958 2261 2006 2292 sed
2017 2263 2155 2296 illorum,

1194 2297 1305 2338 quibus
1324 2297 1341 2328 a
1359 2297 1506 2328 seditiosis
1523 2300 1640 2330 senatus
1662 2302 1822 2332 trucidatus
1841 2323 1860 2336 ,A
1874 2312 1924 2333 aut
1941 2305 2080 2344 expulsus
2099 2303 2159 2338 cst,-

1194 2343 1262 2370 Sex.
1276 2342 1356 2370 Varo
1373 2341 1562 2380 proconsule.
1598 2343 1654 2372 Illa
1669 2342 1743 2373 vero
1760 2345 1821 2382 jam
1842 2354 1881 2374 ne
1894 2346 2012 2376 caesans
2030 2345 2154 2386 quidem

1195 2381 1354 2421 exemplo:
1375 2381 1457 2422 quod
1469 2383 1549 2413 ludis
1564 2393 1737 2424 praeteXtam
1750 2386 1786 2415 de
1797 2386 1850 2416 suo
1861 2388 1968 2417 itinere
1978 2387 2013 2417 ad
2023 2389 2059 2416 L.
2070 2389 2156 2417 Len-

1194 2424 1291 2453 tulum
1303 2424 1514 2464 proconsulem
1527 2426 1750 2457 sollicitandum
1762 2428 1870 2467 posuit.
1894 2431 1932 2458 Et
1942 2428 2064 2469 quIdem
2079 2428 2153 2459 cum

1191 2474 1322 2506 ageretur
1341 2486 1350 2499 ,
1373 2464 1485 2500 flevit,
1510 2470 1658 2499 memoria
1676 2478 1775 2499 rerum
1798 2469 1944 2509 gestarum
1967 2480 2154 2501 commotus.

1195 2507 1418 2537 Gladiator‘bus
1434 2518 1534 2538 autem
1546 2509 1669 2539 Fadium
1687 2510 1837 2550 quendam
1849 2530 1857 2544 ,
1879 2512 2010 2541 militem
2022 2515 2154 2552 Pompe-

1191 2559 1297 2589 Janum
1308 2569 1317 2582 ,
1332 2519 1416 2589 olma,
1431 2549 1504 2580 cum
1514 2549 1664 2590 depressus
1674 2553 1707 2581 in
1717 2552 1824 2581 ludum
1837 2552 1881 2581 bis
1890 2555 1977 2594 gratis
1986 2553 2153 2595 depugnas-

1193 2591 1256 2624 set,
1278 2590 1397 2620 au&ore
1408 2591 1467 2621 sese
1478 2592 1617 2625 nolebat,
1637 2592 1713 2622 &ad
1723 2593 1871 2633 populum
1880 2594 2067 2636 confugerat:
2088 2598 2153 2636 pri-

1194 2633 1282 2661 mum
1293 2632 1397 2662 Gallos
1412 2634 1527 2672 equites
1544 2633 1670 2664 immisit
1685 2636 1719 2664 in
1737 2635 1884 2674 populum
1897 2646 1902 2665 z
1922 2635 2053 2675 (collcdti
2065 2641 2155 2669 enim<

1190 2673 1303 2714 lapides
1312 2674 1423 2704 suntin
1444 2684 1531 2708 eum,
1553 2675 1624 2705 cum
1635 2675 1816 2716 abriperetur
1825 2677 1932 2707 Fadius
1960 2678 2070 2710 deinde
2080 2681 2149 2710 abs-

1191 2715 1321 2746 tra&um
1339 2713 1457 2745 defodit
1473 2716 1609 2747 inludo:
1636 2717 1669 2747 δε
1681 2720 1787 2748 vivum
1809 2719 1910 2750 conbu
1935 2729 1978 2750 it:
1999 2721 2070 2752 cum
2081 2724 2151 2763 qui-

1192 2757 1261 2788 dem
1273 2758 1395 2797 pransus
1406 2777 1414 2790 ,
1435 2757 1526 2787 nudis
1544 2758 1670 2798 pedibus
1683 2779 1691 2793 ,
1711 2763 1811 2790 tunica
1828 2761 1921 2793 soluta
1932 2782 1941 2797 2
1963 2763 2104 2794 manibus
2113 2765 2152 2795 ad

1193 2807 1309 2840 tergum
1329 2798 1446 2838 rejeffis
1464 2819 1473 2833 ‚
1497 2800 1714 2835 inambularet,
1736 2802 1769 2832 &
1788 2802 1835 2832 illi
1852 2804 1965 2835 misero
1980 2807 2148 2846 quiritansi,

1192 2850 1267 2871 σαι.
1290 2850 1399 2871 uaros
1417 2851 1503 2872 suat:
1522 2842 1728 2882 responderet,
1750 2843 1828 2878 Abi,
1848 2855 1929 2877 nunc
1938 2848 2043 2887 populi
2056 2846 2150 2879 fidem

1191 2884 1329 2923 implora.
1354 2882 1458 2913 Bestiis
1469 2883 1542 2914 vero
1552 2886 1644 2914 civeis
1654 2887 1814 2917 Romanos
1823 2907 1832 2920 ,
1854 2890 1945 2918 etiam
1957 2890 1989 2919 in
2000 2890 2048 2920 his
2068 2893 2077 2909 ¹
2090 2893 2151 2920 cir-

1189 2925 1353 2955 culatorem
1373 2925 1523 2965 quendam
1542 2925 1718 2958 austronum
1741 2948 1757 2961 2.
1778 2928 1968 2960 notiffimum
1986 2932 2156 2962 hominem.

1194 2967 1332 3006 Hispali,
1353 2969 1421 3007 quia
1439 2966 1586 2998 deformis
1600 2977 1677 3003 erat,
1696 2969 1817 3008 objecit.
1841 2973 1919 3001 Cum
1938 2973 2150 3012 hujuscemodi

1191 3017 1332 3048 portento
1350 3018 1395 3038 res
1415 3009 1493 3039 mihi
1511 3007 1580 3040 fuit.
1608 3010 1665 3042 Sed
1682 3011 1719 3042 de
1735 3012 1790 3042 illo
1806 3013 1889 3054 plura
1907 3024 2018 3046 coram,
2041 3018 2155 3049 Nunc,

2063 3057 2152 3098 quod.

1192 3131 1241 3158 que
1256 3123 1279 3162 ei
1291 3132 1385 3162 nornen
1397 3125 1533 3160 proprium
1544 3125 1619 3153 suissi:
1630 3126 1685 3162 ejus
1697 3146 1705 3161 ‚
1715 3126 1748 3155 de
1759 3137 1812 3164 quo
1823 3128 1952 3165 loquitur.
1973 3131 2074 3159 utinam
2084 3130 2146 3158 libri

1193 3159 1273 3187 nostri
1283 3158 1490 3189 adleilutentur.

1564 3234 1671 3272 Yyyy
1693 3244 1707 3273 3
2066 3239 2151 3264 aasz..
