<?xml version="1.0" encoding="UTF-8"?>
<!DOCTYPE html PUBLIC "-//W3C//DTD XHTML 1.0 Transitional//EN"
    "http://www.w3.org/TR/xhtml1/DTD/xhtml1-transitional.dtd">
<html xmlns="http://www.w3.org/1999/xhtml" xml:lang="en" lang="en">
 <head>
  <title>
</title>
<meta http-equiv="Content-Type" content="text/html;charset=utf-8" />
  <meta name='ocr-system' content='tesseract 3.04.00' />
  <meta name='ocr-capabilities' content='ocr_page ocr_carea ocr_par ocr_line ocrx_word'/>
</head>
<body>
  <div class='ocr_page' id='page_1' title='image "./mtuliiciceroniso00cice_0687.png"; bbox 0 0 2339 3379; ppageno 0'>
   <div class='ocr_carea' id='block_1_1' title="bbox 0 0 56 3379">
    <p class='ocr_par' dir='ltr' id='par_1_1' title="bbox 0 0 56 3379">
     <span class='ocr_line' id='line_1_1' title="bbox 0 0 56 3379; baseline 0 0"><span class='ocrx_word' id='word_1_1' title='bbox 0 0 56 3379; x_wconf 95' lang='lat' dir='ltr'> </span> 
     </span>
    </p>
   </div>
   <div class='ocr_carea' id='block_1_2' title="bbox 647 170 1162 216">
    <p class='ocr_par' dir='ltr' id='par_1_2' title="bbox 647 170 1162 216">
     <span class='ocr_line' id='line_1_2' title="bbox 647 170 1162 216; baseline 0 0"><span class='ocrx_word' id='word_1_2' title='bbox 647 170 1162 216; x_wconf 83' lang='lat' dir='ltr'>PH1L1PP1c</span> 
     </span>
    </p>
   </div>
   <div class='ocr_carea' id='block_1_3' title="bbox 201 247 1165 292">
    <p class='ocr_par' dir='ltr' id='par_1_3' title="bbox 201 247 1165 292">
     <span class='ocr_line' id='line_1_3' title="bbox 201 247 1165 292; baseline -0.003 -13"><span class='ocrx_word' id='word_1_3' title='bbox 201 247 410 292; x_wconf 79' lang='lat' dir='ltr'>diuturnoque</span> <span class='ocrx_word' id='word_1_4' title='bbox 420 247 528 280; x_wconf 83' lang='lat' dir='ltr'>morbo</span> <span class='ocrx_word' id='word_1_5' title='bbox 539 268 547 283; x_wconf 92' lang='lat'>,</span> <span class='ocrx_word' id='word_1_6' title='bbox 567 248 682 279; x_wconf 84' lang='lat' dir='ltr'>nullam</span> <span class='ocrx_word' id='word_1_7' title='bbox 695 247 748 278; x_wconf 84' lang='lat' dir='ltr'>sibi</span> <span class='ocrx_word' id='word_1_8' title='bbox 759 249 872 288; x_wconf 83' lang='lat' dir='ltr'>putavit</span> <span class='ocrx_word' id='word_1_9' title='bbox 882 248 1105 278; x_wconf 82' lang='lat' dir='ltr'>excusationem</span> <span class='ocrx_word' id='word_1_10' title='bbox 1120 247 1165 277; x_wconf 83' lang='lat' dir='ltr'>es—</span> 
     </span>
    </p>
   </div>
   <div class='ocr_carea' id='block_1_4' title="bbox 1188 243 1298 273">
    <p class='ocr_par' dir='ltr' id='par_1_4' title="bbox 1188 243 1298 273">
     <span class='ocr_line' id='line_1_4' title="bbox 1188 243 1298 273; baseline 0.009 -1"><span class='ocrx_word' id='word_1_11' title='bbox 1188 257 1190 272; x_wconf 56' lang='lat' dir='ltr'>i</span> <span class='ocrx_word' id='word_1_12' title='bbox 1211 243 1298 273; x_wconf 88' lang='lat' dir='ltr'>mihi.</span> 
     </span>
    </p>
   </div>
   <div class='ocr_carea' id='block_1_5' title="bbox 2075 168 2167 238">
    <p class='ocr_par' dir='ltr' id='par_1_5' title="bbox 2075 168 2167 238">
     <span class='ocr_line' id='line_1_5' title="bbox 2075 168 2167 238; baseline 0 -15"><span class='ocrx_word' id='word_1_13' title='bbox 2075 168 2167 238; x_wconf 63' lang='lat'>‘607</span> 
     </span>
    </p>
   </div>
   <div class='ocr_carea' id='block_1_6' title="bbox 1323 247 2167 290">
    <p class='ocr_par' dir='ltr' id='par_1_6' title="bbox 1323 247 2167 290">
     <span class='ocr_line' id='line_1_6' title="bbox 1323 247 2167 290; baseline 0.007 -15"><span class='ocrx_word' id='word_1_14' title='bbox 1323 247 1421 287; x_wconf 83' lang='lat' dir='ltr'>Qcm</span> <span class='ocrx_word' id='word_1_15' title='bbox 1434 249 1517 277; x_wconf 82' lang='lat' dir='ltr'>enirn</span> <span class='ocrx_word' id='word_1_16' title='bbox 1536 250 1653 280; x_wconf 87' lang='lat' dir='ltr'>cursum</span> <span class='ocrx_word' id='word_1_17' title='bbox 1665 249 1809 281; x_wconf 82' lang='lat' dir='ltr'>industria</span> <span class='ocrx_word' id='word_1_18' title='bbox 1828 260 1894 281; x_wconf 87' lang='lat' dir='ltr'>mea</span> <span class='ocrx_word' id='word_1_19' title='bbox 1904 258 2004 281; x_wconf 84' lang='lat' dir='ltr'>tenere</span> <span class='ocrx_word' id='word_1_20' title='bbox 2014 251 2167 290; x_wconf 71' lang='lat' dir='ltr'>potuisset,</span> 
     </span>
    </p>
   </div>
   <div class='ocr_carea' id='block_1_7' title="bbox 1201 169 1714 220">
    <p class='ocr_par' dir='ltr' id='par_1_7' title="bbox 1201 169 1714 220">
     <span class='ocr_line' id='line_1_7' title="bbox 1201 169 1714 220; baseline 0.014 -7"><span class='ocrx_word' id='word_1_21' title='bbox 1201 184 1230 213; x_wconf 85' lang='lat' dir='ltr'>A</span> <span class='ocrx_word' id='word_1_22' title='bbox 1313 169 1714 220; x_wconf 80' lang='lat' dir='ltr'>OCTAVA.</span> 
     </span>
    </p>
   </div>
   <div class='ocr_carea' id='block_1_8' title="bbox 199 281 2162 375">
    <p class='ocr_par' dir='ltr' id='par_1_8' title="bbox 199 281 2162 375">
     <span class='ocr_line' id='line_1_8' title="bbox 200 281 2162 334; baseline 0.001 -12"><span class='ocrx_word' id='word_1_23' title='bbox 200 291 230 321; x_wconf 82' lang='lat' dir='ltr'>se</span> <span class='ocrx_word' id='word_1_24' title='bbox 245 301 398 332; x_wconf 82' lang='lat' dir='ltr'>oportere,</span> <span class='ocrx_word' id='word_1_25' title='bbox 410 290 481 321; x_wconf 74' lang='lat' dir='ltr'>cum</span> <span class='ocrx_word' id='word_1_26' title='bbox 491 291 524 320; x_wconf 91' lang='lat' dir='ltr'>ad</span> <span class='ocrx_word' id='word_1_27' title='bbox 535 293 608 330; x_wconf 87' lang='lat' dir='ltr'>reip.</span> <span class='ocrx_word' id='word_1_28' title='bbox 621 289 789 330; x_wconf 81' lang='lat' dir='ltr'>praesidiiim</span> <span class='ocrx_word' id='word_1_29' title='bbox 799 299 963 320; x_wconf 82' lang='lat' dir='ltr'>vocaretur.</span> <span class='ocrx_word' id='word_1_30' title='bbox 988 291 1024 319; x_wconf 86' lang='lat' dir='ltr'>C.</span> <span class='ocrx_word' id='word_1_31' title='bbox 1034 288 1157 328; x_wconf 83' lang='lat' dir='ltr'>quidem</span> <span class='ocrx_word' id='word_1_32' title='bbox 1185 281 1188 299; x_wconf 69' lang='lat'><em>¹</em></span> <span class='ocrx_word' id='word_1_33' title='bbox 1205 283 1264 314; x_wconf 60' lang='lat' dir='ltr'>sm?</span> <span class='ocrx_word' id='word_1_34' title='bbox 1274 285 1441 331; x_wconf 55' lang='lat' dir='ltr'>forefflllbus</span> <span class='ocrx_word' id='word_1_35' title='bbox 1449 289 1539 320; x_wconf 69' lang='lat' dir='ltr'>caufis</span> <span class='ocrx_word' id='word_1_36' title='bbox 1551 311 1560 324; x_wconf 83' lang='lat'>‚</span> <span class='ocrx_word' id='word_1_37' title='bbox 1571 290 1631 321; x_wconf 88' lang='lat' dir='ltr'>sine</span> <span class='ocrx_word' id='word_1_38' title='bbox 1641 293 1756 333; x_wconf 87' lang='lat' dir='ltr'>legibus</span> <span class='ocrx_word' id='word_1_39' title='bbox 1766 313 1773 326; x_wconf 92' lang='lat'>,</span> <span class='ocrx_word' id='word_1_40' title='bbox 1787 291 1975 332; x_wconf 78' lang='lat' dir='ltr'>sinejudiciis</span> <span class='ocrx_word' id='word_1_41' title='bbox 1992 296 2002 322; x_wconf 90' lang='lat'>?</span> <span class='ocrx_word' id='word_1_42' title='bbox 2023 302 2090 334; x_wconf 84' lang='lat' dir='ltr'>quae</span> <span class='ocrx_word' id='word_1_43' title='bbox 2102 293 2162 324; x_wconf 80' lang='lat' dir='ltr'>eise</span> 
     </span>
     <span class='ocr_line' id='line_1_9' title="bbox 199 327 2161 375; baseline 0.001 -12"><span class='ocrx_word' id='word_1_44' title='bbox 199 334 247 363; x_wconf 81' lang='lat' dir='ltr'>Cae</span> <span class='ocrx_word' id='word_1_45' title='bbox 258 335 302 364; x_wconf 75' lang='lat' dir='ltr'>sar</span> <span class='ocrx_word' id='word_1_46' title='bbox 310 343 372 364; x_wconf 89' lang='lat' dir='ltr'>non</span> <span class='ocrx_word' id='word_1_47' title='bbox 385 331 567 372; x_wconf 66' lang='lat' dir='ltr'>exspeetavit</span> <span class='ocrx_word' id='word_1_48' title='bbox 578 331 675 362; x_wconf 85' lang='lat' dir='ltr'>nostra</span> <span class='ocrx_word' id='word_1_49' title='bbox 685 331 798 362; x_wconf 83' lang='lat' dir='ltr'>decreta</span> <span class='ocrx_word' id='word_1_50' title='bbox 808 352 816 365; x_wconf 87' lang='lat'>,</span> <span class='ocrx_word' id='word_1_51' title='bbox 830 332 993 371; x_wconf 81' lang='lat' dir='ltr'>praesertim</span> <span class='ocrx_word' id='word_1_52' title='bbox 1003 328 1074 360; x_wconf 74' lang='lat' dir='ltr'>cum</span> <span class='ocrx_word' id='word_1_53' title='bbox 1089 328 1161 359; x_wconf 77' lang='lat' dir='ltr'>ess‘et</span> <span class='ocrx_word' id='word_1_54' title='bbox 1183 341 1185 362; x_wconf 71' lang='lat' dir='ltr'>i</span> <span class='ocrx_word' id='word_1_55' title='bbox 1205 335 1266 355; x_wconf 75' lang='lat' dir='ltr'>non</span> <span class='ocrx_word' id='word_1_56' title='bbox 1279 327 1410 366; x_wconf 55' lang='lat' dir='ltr'>posinna</span> <span class='ocrx_word' id='word_1_57' title='bbox 1423 332 1506 360; x_wconf 74' lang='lat' dir='ltr'>civili</span> <span class='ocrx_word' id='word_1_58' title='bbox 1519 342 1589 371; x_wconf 87' lang='lat' dir='ltr'>pace</span> <span class='ocrx_word' id='word_1_59' title='bbox 1600 333 1720 364; x_wconf 85' lang='lat' dir='ltr'>sublata.</span> <span class='ocrx_word' id='word_1_60' title='bbox 1743 334 1799 365; x_wconf 87' lang='lat' dir='ltr'>Sed</span> <span class='ocrx_word' id='word_1_61' title='bbox 1810 335 1919 375; x_wconf 58' lang='grc' dir='ltr'>(ιιι-εἷο,</span> <span class='ocrx_word' id='word_1_62' title='bbox 1932 335 2051 367; x_wconf 81' lang='lat' dir='ltr'>Calene,</span> <span class='ocrx_word' id='word_1_63' title='bbox 2064 336 2136 375; x_wconf 84' lang='lat' dir='ltr'>quid</span> <span class='ocrx_word' id='word_1_64' title='bbox 2148 339 2161 365; x_wconf 69' lang='grc' dir='ltr'><strong><em>ἓ</em></strong></span> 
     </span>
    </p>
   </div>
   <div class='ocr_carea' id='block_1_9' title="bbox 198 363 2162 457">
    <p class='ocr_par' dir='ltr' id='par_1_9' title="bbox 198 363 2162 457">
     <span class='ocr_line' id='line_1_10' title="bbox 198 363 2160 417; baseline 0.002 -14"><span class='ocrx_word' id='word_1_65' title='bbox 198 374 403 405; x_wconf 83' lang='lat' dir='ltr'>illiusaetatis:</span> <span class='ocrx_word' id='word_1_66' title='bbox 428 373 541 403; x_wconf 86' lang='lat' dir='ltr'>bellum</span> <span class='ocrx_word' id='word_1_67' title='bbox 553 382 657 404; x_wconf 73' lang='lat' dir='ltr'>conti-a</span> <span class='ocrx_word' id='word_1_68' title='bbox 667 376 837 403; x_wconf 86' lang='lat' dir='ltr'>Antonium</span> <span class='ocrx_word' id='word_1_69' title='bbox 853 374 900 403; x_wconf 89' lang='lat' dir='ltr'>sua</span> <span class='ocrx_word' id='word_1_70' title='bbox 909 373 1014 412; x_wconf 87' lang='lat' dir='ltr'>sponte</span> <span class='ocrx_word' id='word_1_71' title='bbox 1024 371 1156 410; x_wconf 83' lang='lat' dir='ltr'>suscepit.</span> <span class='ocrx_word' id='word_1_72' title='bbox 1181 363 1184 401; x_wconf 69' lang='lat' dir='ltr'>l</span> <span class='ocrx_word' id='word_1_73' title='bbox 1204 368 1429 405; x_wconf 61' lang='lat' dir='ltr'>tufirw&#39;ttttem‚</span> <span class='ocrx_word' id='word_1_74' title='bbox 1451 381 1553 411; x_wconf 86' lang='lat' dir='ltr'>pacem</span> <span class='ocrx_word' id='word_1_75' title='bbox 1566 379 1675 405; x_wconf 77' lang='lat' dir='ltr'>vocas?</span> <span class='ocrx_word' id='word_1_76' title='bbox 1696 378 1827 415; x_wconf 70' lang='lat' dir='ltr'>Maiores</span> <span class='ocrx_word' id='word_1_77' title='bbox 1837 376 1961 417; x_wconf 85' lang='lat' dir='ltr'>quidem</span> <span class='ocrx_word' id='word_1_78' title='bbox 1982 375 2074 406; x_wconf 82' lang='lat' dir='ltr'>nostri</span> <span class='ocrx_word' id='word_1_79' title='bbox 2094 387 2160 407; x_wconf 89' lang='lat' dir='ltr'>non</span> 
     </span>
     <span class='ocr_line' id='line_1_11' title="bbox 199 409 2162 457; baseline 0.004 -12"><span class='ocrx_word' id='word_1_80' title='bbox 199 414 382 445; x_wconf 89' lang='lat' dir='ltr'>decernendi</span> <span class='ocrx_word' id='word_1_81' title='bbox 402 416 486 444; x_wconf 88' lang='lat' dir='ltr'>enirn</span> <span class='ocrx_word' id='word_1_82' title='bbox 503 424 623 456; x_wconf 89' lang='lat' dir='ltr'>tempus</span> <span class='ocrx_word' id='word_1_83' title='bbox 640 416 779 445; x_wconf 88' lang='lat' dir='ltr'>nondum</span> <span class='ocrx_word' id='word_1_84' title='bbox 798 423 919 446; x_wconf 83' lang='lat' dir='ltr'>venerat</span> <span class='ocrx_word' id='word_1_85' title='bbox 939 424 945 443; x_wconf 80' lang='lat'>2</span> <span class='ocrx_word' id='word_1_86' title='bbox 969 413 1041 443; x_wconf 87' lang='lat' dir='ltr'>belli</span> <span class='ocrx_word' id='word_1_87' title='bbox 1056 421 1157 442; x_wconf 85' lang='lat' dir='ltr'>autem</span> <span class='ocrx_word' id='word_1_88' title='bbox 1180 411 1182 442; x_wconf 64' lang='grc' dir='ltr'>ἐ</span> <span class='ocrx_word' id='word_1_89' title='bbox 1202 409 1298 438; x_wconf 72' lang='lat' dir='ltr'>modo</span> <span class='ocrx_word' id='word_1_90' title='bbox 1310 429 1318 442; x_wconf 68' lang='lat' dir='ltr'>s</span> <span class='ocrx_word' id='word_1_91' title='bbox 1331 420 1361 440; x_wconf 76' lang='lat' dir='ltr'>ut</span> <span class='ocrx_word' id='word_1_92' title='bbox 1373 412 1459 442; x_wconf 71' lang='lat' dir='ltr'>llbt’n</span> <span class='ocrx_word' id='word_1_93' title='bbox 1470 412 1572 448; x_wconf 63' lang='lat' dir='ltr'>ess‘cnt,</span> <span class='ocrx_word' id='word_1_94' title='bbox 1583 417 1728 447; x_wconf 78' lang='lat' dir='ltr'>sedetiam</span> <span class='ocrx_word' id='word_1_95' title='bbox 1744 437 1752 451; x_wconf 80' lang='lat'><strong>&gt;</strong></span> <span class='ocrx_word' id='word_1_96' title='bbox 1766 427 1797 447; x_wconf 84' lang='lat' dir='ltr'>ut</span> <span class='ocrx_word' id='word_1_97' title='bbox 1808 420 2006 457; x_wconf 58' lang='lat' dir='ltr'>impefflre-”ats</span> <span class='ocrx_word' id='word_1_98' title='bbox 2021 428 2101 448; x_wconf 72' lang='lat' dir='ltr'>arma</span> <span class='ocrx_word' id='word_1_99' title='bbox 2111 429 2162 448; x_wconf 69' lang='lat' dir='ltr'>cti·</span> 
     </span>
    </p>
   </div>
   <div class='ocr_carea' id='block_1_10' title="bbox 199 450 2047 498">
    <p class='ocr_par' dir='ltr' id='par_1_10' title="bbox 199 450 2047 498">
     <span class='ocr_line' id='line_1_12' title="bbox 199 450 2047 498; baseline 0.006 -23"><span class='ocrx_word' id='word_1_100' title='bbox 199 457 321 497; x_wconf 67' lang='lat' dir='ltr'>gerendj</span> <span class='ocrx_word' id='word_1_101' title='bbox 334 463 441 498; x_wconf 58' lang='lat' dir='ltr'>tempus</span> <span class='ocrx_word' id='word_1_102' title='bbox 453 454 472 486; x_wconf 84' lang='lat' dir='ltr'>fi</span> <span class='ocrx_word' id='word_1_103' title='bbox 482 456 727 496; x_wconf 78' lang='lat' dir='ltr'>praetermififfet:</span> <span class='ocrx_word' id='word_1_104' title='bbox 740 457 941 495; x_wconf 59' lang='lat' dir='ltr'>videbat‚1-ep,</span> <span class='ocrx_word' id='word_1_105' title='bbox 951 451 1092 494; x_wconf 66' lang='lat' dir='ltr'>oppressa,</span> <span class='ocrx_word' id='word_1_106' title='bbox 1105 455 1153 483; x_wconf 67' lang='lat' dir='ltr'>ni-</span> <span class='ocrx_word' id='word_1_107' title='bbox 1179 464 1181 495; x_wconf 43' lang='grc' dir='ltr'><em>ζ</em></span> <span class='ocrx_word' id='word_1_108' title='bbox 1200 450 1336 488; x_wconf 82' lang='lat' dir='ltr'>piebant.</span> <span class='ocrx_word' id='word_1_109' title='bbox 1359 462 1386 481; x_wconf 77' lang='lat' dir='ltr'>at</span> <span class='ocrx_word' id='word_1_110' title='bbox 1397 462 1426 482; x_wconf 84' lang='lat' dir='ltr'>tu</span> <span class='ocrx_word' id='word_1_111' title='bbox 1438 464 1517 484; x_wconf 80' lang='lat' dir='ltr'>arma</span> <span class='ocrx_word' id='word_1_112' title='bbox 1527 456 1692 495; x_wconf 72' lang='lat' dir='ltr'>abjicienda</span> <span class='ocrx_word' id='word_1_113' title='bbox 1707 460 1821 492; x_wconf 82' lang='lat' dir='ltr'>censes,</span> <span class='ocrx_word' id='word_1_114' title='bbox 1835 469 1866 489; x_wconf 75' lang='lat' dir='ltr'>tit</span> <span class='ocrx_word' id='word_1_115' title='bbox 1879 460 2047 488; x_wconf 70' lang='lat' dir='ltr'>serviamus.</span> 
     </span>
    </p>
   </div>
   <div class='ocr_carea' id='block_1_11' title="bbox 193 496 1157 994">
    <p class='ocr_par' dir='ltr' id='par_1_11' title="bbox 193 496 1157 994">
     <span class='ocr_line' id='line_1_13' title="bbox 197 496 1156 539; baseline -0.004 -12"><span class='ocrx_word' id='word_1_116' title='bbox 197 498 242 527; x_wconf 82' lang='lat' dir='ltr'>hil</span> <span class='ocrx_word' id='word_1_117' title='bbox 253 496 334 538; x_wconf 76' lang='lat' dir='ltr'>poss‘e</span> <span class='ocrx_word' id='word_1_118' title='bbox 345 498 474 528; x_wconf 88' lang='lat' dir='ltr'>decerni.</span> <span class='ocrx_word' id='word_1_119' title='bbox 499 501 578 539; x_wconf 87' lang='lat' dir='ltr'>Ergo</span> <span class='ocrx_word' id='word_1_120' title='bbox 589 500 636 528; x_wconf 86' lang='lat' dir='ltr'>illi</span> <span class='ocrx_word' id='word_1_121' title='bbox 657 509 757 532; x_wconf 87' lang='lat' dir='ltr'>nunc,</span> <span class='ocrx_word' id='word_1_122' title='bbox 782 498 815 527; x_wconf 87' lang='lat'>&amp;</span> <span class='ocrx_word' id='word_1_123' title='bbox 835 507 940 527; x_wconf 83' lang='lat' dir='ltr'>eorum</span> <span class='ocrx_word' id='word_1_124' title='bbox 959 497 1105 526; x_wconf 81' lang='lat' dir='ltr'>exercitus</span> <span class='ocrx_word' id='word_1_125' title='bbox 1124 497 1156 524; x_wconf 87' lang='lat' dir='ltr'>in</span> 
     </span>
     <span class='ocr_line' id='line_1_14' title="bbox 196 537 1154 579; baseline -0.003 -11"><span class='ocrx_word' id='word_1_126' title='bbox 196 548 268 578; x_wconf 89' lang='lat' dir='ltr'>pace</span> <span class='ocrx_word' id='word_1_127' title='bbox 282 539 442 569; x_wconf 71' lang='lat' dir='ltr'>vei-santur.</span> <span class='ocrx_word' id='word_1_128' title='bbox 463 549 526 570; x_wconf 89' lang='lat' dir='ltr'>non</span> <span class='ocrx_word' id='word_1_129' title='bbox 538 539 580 571; x_wconf 93' lang='lat' dir='ltr'>est</span> <span class='ocrx_word' id='word_1_130' title='bbox 589 539 682 570; x_wconf 86' lang='lat' dir='ltr'>hostis</span> <span class='ocrx_word' id='word_1_131' title='bbox 697 543 733 574; x_wconf 88' lang='lat' dir='ltr'>is,</span> <span class='ocrx_word' id='word_1_132' title='bbox 746 537 1008 579; x_wconf 83' lang='lat' dir='ltr'>cujuspraesidium</span> <span class='ocrx_word' id='word_1_133' title='bbox 1019 537 1154 567; x_wconf 74' lang='lat' dir='ltr'>Claterna</span> 
     </span>
     <span class='ocr_line' id='line_1_15' title="bbox 197 576 1157 623; baseline -0.002 -14"><span class='ocrx_word' id='word_1_134' title='bbox 197 580 307 619; x_wconf 81' lang='lat' dir='ltr'>dejecit</span> <span class='ocrx_word' id='word_1_135' title='bbox 319 582 435 611; x_wconf 84' lang='lat' dir='ltr'>Hirtius</span> <span class='ocrx_word' id='word_1_136' title='bbox 450 592 455 611; x_wconf 89' lang='lat'>:</span> <span class='ocrx_word' id='word_1_137' title='bbox 476 592 539 611; x_wconf 89' lang='lat' dir='ltr'>non</span> <span class='ocrx_word' id='word_1_138' title='bbox 560 581 602 612; x_wconf 88' lang='lat' dir='ltr'>cst</span> <span class='ocrx_word' id='word_1_139' title='bbox 617 582 709 612; x_wconf 82' lang='lat' dir='ltr'>hostis</span> <span class='ocrx_word' id='word_1_140' title='bbox 720 602 728 616; x_wconf 93' lang='lat'>‚</span> <span class='ocrx_word' id='word_1_141' title='bbox 748 584 799 623; x_wconf 87' lang='lat' dir='ltr'>qui</span> <span class='ocrx_word' id='word_1_142' title='bbox 814 580 932 612; x_wconf 88' lang='lat' dir='ltr'>consuli</span> <span class='ocrx_word' id='word_1_143' title='bbox 941 587 1070 609; x_wconf 84' lang='lat' dir='ltr'>armatus</span> <span class='ocrx_word' id='word_1_144' title='bbox 1080 576 1157 607; x_wconf 86' lang='lat' dir='ltr'>obfi-</span> 
     </span>
     <span class='ocr_line' id='line_1_16' title="bbox 199 619 1155 666; baseline -0.002 -16"><span class='ocrx_word' id='word_1_145' title='bbox 199 620 265 651; x_wconf 86' lang='lat' dir='ltr'>stit:</span> <span class='ocrx_word' id='word_1_146' title='bbox 280 620 464 663; x_wconf 83' lang='lat' dir='ltr'>designatum</span> <span class='ocrx_word' id='word_1_147' title='bbox 477 624 633 653; x_wconf 86' lang='lat' dir='ltr'>consulem</span> <span class='ocrx_word' id='word_1_148' title='bbox 646 633 810 665; x_wconf 84' lang='lat' dir='ltr'>oppugnat:</span> <span class='ocrx_word' id='word_1_149' title='bbox 832 632 886 652; x_wconf 86' lang='lat' dir='ltr'>nec</span> <span class='ocrx_word' id='word_1_150' title='bbox 897 621 948 651; x_wconf 84' lang='lat' dir='ltr'>illa</span> <span class='ocrx_word' id='word_1_151' title='bbox 961 619 1079 666; x_wconf 81' lang='lat' dir='ltr'>hostilia</span> <span class='ocrx_word' id='word_1_152' title='bbox 1089 629 1155 648; x_wconf 85' lang='lat' dir='ltr'>ver-</span> 
     </span>
     <span class='ocr_line' id='line_1_17' title="bbox 197 661 1156 706; baseline -0.004 -14"><span class='ocrx_word' id='word_1_153' title='bbox 197 662 251 696; x_wconf 80' lang='lat' dir='ltr'>ba,</span> <span class='ocrx_word' id='word_1_154' title='bbox 272 673 328 693; x_wconf 87' lang='lat' dir='ltr'>nec</span> <span class='ocrx_word' id='word_1_155' title='bbox 338 665 443 694; x_wconf 88' lang='lat' dir='ltr'>bellica</span> <span class='ocrx_word' id='word_1_156' title='bbox 454 685 462 698; x_wconf 96' lang='lat'>,</span> <span class='ocrx_word' id='word_1_157' title='bbox 483 675 548 706; x_wconf 82' lang='lat' dir='ltr'>quae</span> <span class='ocrx_word' id='word_1_158' title='bbox 561 666 662 705; x_wconf 80' lang='lat' dir='ltr'>paullo</span> <span class='ocrx_word' id='word_1_159' title='bbox 681 669 748 696; x_wconf 78' lang='lat' dir='ltr'>ante</span> <span class='ocrx_word' id='word_1_160' title='bbox 764 674 801 694; x_wconf 87' lang='lat' dir='ltr'>ex</span> <span class='ocrx_word' id='word_1_161' title='bbox 818 664 939 702; x_wconf 80' lang='lat' dir='ltr'>collegae</span> <span class='ocrx_word' id='word_1_162' title='bbox 950 662 1053 690; x_wconf 87' lang='lat' dir='ltr'>litteris</span> <span class='ocrx_word' id='word_1_163' title='bbox 1067 661 1156 705; x_wconf 82' lang='lat' dir='ltr'>Pansa</span> 
     </span>
     <span class='ocr_line' id='line_1_18' title="bbox 195 702 1153 748; baseline -0.003 -14"><span class='ocrx_word' id='word_1_164' title='bbox 195 705 329 735; x_wconf 77' lang='lat' dir='ltr'>recitavit</span> <span class='ocrx_word' id='word_1_165' title='bbox 349 716 355 734; x_wconf 79' lang='lat'>2</span> <span class='ocrx_word' id='word_1_166' title='bbox 380 707 477 745; x_wconf 59' lang='lat' dir='ltr'>Dejeci</span> <span class='ocrx_word' id='word_1_167' title='bbox 488 707 664 748; x_wconf 71' lang='lat' dir='ltr'>prasidium:</span> <span class='ocrx_word' id='word_1_168' title='bbox 687 707 815 736; x_wconf 79' lang='lat' dir='ltr'><em>Claterna</em></span> <span class='ocrx_word' id='word_1_169' title='bbox 829 703 1037 745; x_wconf 66' lang='lat' dir='ltr'>potitiusum:</span> <span class='ocrx_word' id='word_1_170' title='bbox 1049 702 1153 740; x_wconf 65' lang='lat' dir='ltr'>fugam</span> 
     </span>
     <span class='ocr_line' id='line_1_19' title="bbox 197 746 1134 789; baseline 0.01 -14"><span class='ocrx_word' id='word_1_171' title='bbox 197 747 304 787; x_wconf 73' lang='lat' dir='ltr'>equites</span> <span class='ocrx_word' id='word_1_172' title='bbox 312 758 323 774; x_wconf 94' lang='lat'><em>:</em></span> <span class='ocrx_word' id='word_1_173' title='bbox 333 748 465 788; x_wconf 73' lang='lat' dir='ltr'>proelium</span> <span class='ocrx_word' id='word_1_174' title='bbox 476 748 648 786; x_wconf 77' lang='lat' dir='ltr'>commtff&#39;um</span> <span class='ocrx_word' id='word_1_175' title='bbox 656 759 667 774; x_wconf 87' lang='grc'>-·</span> <span class='ocrx_word' id='word_1_176' title='bbox 676 747 756 787; x_wconf 73' lang='lat' dir='ltr'>occist</span> <span class='ocrx_word' id='word_1_177' title='bbox 763 746 883 787; x_wconf 76' lang='lat' dir='ltr'>aliquot.</span> <span class='ocrx_word' id='word_1_178' title='bbox 907 746 980 784; x_wconf 78' lang='lat' dir='ltr'>Qae</span> <span class='ocrx_word' id='word_1_179' title='bbox 991 752 1047 782; x_wconf 56' lang='lat' dir='ltr'>Fax</span> <span class='ocrx_word' id='word_1_180' title='bbox 1056 751 1134 789; x_wconf 57' lang='lat' dir='ltr'>Eme,</span> 
     </span>
     <span class='ocr_line' id='line_1_20' title="bbox 197 785 1153 830; baseline -0.004 -14"><span class='ocrx_word' id='word_1_181' title='bbox 197 786 256 817; x_wconf 82' lang='lat' dir='ltr'>effe</span> <span class='ocrx_word' id='word_1_182' title='bbox 266 789 361 827; x_wconf 83' lang='lat' dir='ltr'>major</span> <span class='ocrx_word' id='word_1_183' title='bbox 374 792 382 818; x_wconf 86' lang='lat'>?</span> <span class='ocrx_word' id='word_1_184' title='bbox 396 789 540 820; x_wconf 70' lang='lat' dir='ltr'>Dele&amp;us</span> <span class='ocrx_word' id='word_1_185' title='bbox 553 799 612 820; x_wconf 90' lang='lat' dir='ltr'>tota</span> <span class='ocrx_word' id='word_1_186' title='bbox 622 790 706 819; x_wconf 88' lang='lat' dir='ltr'>Italia</span> <span class='ocrx_word' id='word_1_187' title='bbox 719 789 848 819; x_wconf 87' lang='lat' dir='ltr'>decreti,</span> <span class='ocrx_word' id='word_1_188' title='bbox 861 785 980 814; x_wconf 76' lang='lat' dir='ltr'>sublatis</span> <span class='ocrx_word' id='word_1_189' title='bbox 990 793 1153 830; x_wconf 71' lang='lat' dir='ltr'>vacationi-</span> 
     </span>
     <span class='ocr_line' id='line_1_21' title="bbox 195 824 1152 870; baseline -0.004 -12"><span class='ocrx_word' id='word_1_190' title='bbox 195 828 252 859; x_wconf 88' lang='lat' dir='ltr'>bus</span> <span class='ocrx_word' id='word_1_191' title='bbox 266 840 271 858; x_wconf 86' lang='lat'><strong>:</strong></span> <span class='ocrx_word' id='word_1_192' title='bbox 286 830 348 870; x_wconf 76' lang='lat' dir='ltr'>saga</span> <span class='ocrx_word' id='word_1_193' title='bbox 357 840 416 860; x_wconf 90' lang='lat' dir='ltr'>cras</span> <span class='ocrx_word' id='word_1_194' title='bbox 428 832 600 861; x_wconf 85' lang='lat' dir='ltr'>sumentur:</span> <span class='ocrx_word' id='word_1_195' title='bbox 619 829 723 859; x_wconf 88' lang='lat' dir='ltr'>consul</span> <span class='ocrx_word' id='word_1_196' title='bbox 735 828 762 857; x_wconf 86' lang='lat' dir='ltr'>se</span> <span class='ocrx_word' id='word_1_197' title='bbox 771 837 841 857; x_wconf 91' lang='lat' dir='ltr'>cum</span> <span class='ocrx_word' id='word_1_198' title='bbox 851 824 984 866; x_wconf 82' lang='lat' dir='ltr'>praesidio</span> <span class='ocrx_word' id='word_1_199' title='bbox 995 825 1152 855; x_wconf 86' lang='lat' dir='ltr'>delccnsu-</span> 
     </span>
     <span class='ocr_line' id='line_1_22' title="bbox 195 866 1151 902; baseline -0.004 -3"><span class='ocrx_word' id='word_1_200' title='bbox 195 879 264 900; x_wconf 86' lang='lat' dir='ltr'>rum</span> <span class='ocrx_word' id='word_1_201' title='bbox 279 870 337 901; x_wconf 75' lang='lat' dir='ltr'>css&#39;e</span> <span class='ocrx_word' id='word_1_202' title='bbox 348 871 434 902; x_wconf 80' lang='lat' dir='ltr'>dixit.</span> <span class='ocrx_word' id='word_1_203' title='bbox 459 871 570 902; x_wconf 70' lang='lat' dir='ltr'>Utrum</span> <span class='ocrx_word' id='word_1_204' title='bbox 583 872 641 900; x_wconf 87' lang='lat' dir='ltr'>hoc</span> <span class='ocrx_word' id='word_1_205' title='bbox 651 870 766 900; x_wconf 89' lang='lat' dir='ltr'>bellum</span> <span class='ocrx_word' id='word_1_206' title='bbox 779 878 841 898; x_wconf 91' lang='lat' dir='ltr'>non</span> <span class='ocrx_word' id='word_1_207' title='bbox 852 866 915 897; x_wconf 89' lang='lat' dir='ltr'>est?</span> <span class='ocrx_word' id='word_1_208' title='bbox 933 877 970 897; x_wconf 88' lang='lat' dir='ltr'>an</span> <span class='ocrx_word' id='word_1_209' title='bbox 981 869 1071 897; x_wconf 84' lang='lat' dir='ltr'>etiam</span> <span class='ocrx_word' id='word_1_210' title='bbox 1087 876 1151 896; x_wconf 88' lang='lat' dir='ltr'>tan-</span> 
     </span>
     <span class='ocr_line' id='line_1_23' title="bbox 195 908 1149 953; baseline -0.004 -12"><span class='ocrx_word' id='word_1_211' title='bbox 195 919 260 941; x_wconf 88' lang='lat' dir='ltr'>tum</span> <span class='ocrx_word' id='word_1_212' title='bbox 274 912 553 953; x_wconf 65' lang='lat' dir='ltr'>bellum‚quantum</span> <span class='ocrx_word' id='word_1_213' title='bbox 563 921 732 952; x_wconf 87' lang='lat' dir='ltr'><strong>numquam</strong></span> <span class='ocrx_word' id='word_1_214' title='bbox 746 910 823 940; x_wconf 84' lang='lat' dir='ltr'>fuit?</span> <span class='ocrx_word' id='word_1_215' title='bbox 834 911 946 939; x_wconf 85' lang='lat' dir='ltr'>Ceteris</span> <span class='ocrx_word' id='word_1_216' title='bbox 957 911 1040 938; x_wconf 88' lang='lat' dir='ltr'>enirn</span> <span class='ocrx_word' id='word_1_217' title='bbox 1051 908 1149 942; x_wconf 89' lang='lat' dir='ltr'>bellis,</span> 
     </span>
     <span class='ocr_line' id='line_1_24' title="bbox 193 949 1150 994; baseline -0.003 -12"><span class='ocrx_word' id='word_1_218' title='bbox 193 954 555 994; x_wconf 82' lang='lat' dir='ltr'>maximequecivilibus,</span> <span class='ocrx_word' id='word_1_219' title='bbox 575 956 805 983; x_wconf 80' lang='lat' dir='ltr'>contentionem</span> <span class='ocrx_word' id='word_1_220' title='bbox 819 971 827 985; x_wconf 93' lang='lat'>,</span> <span class='ocrx_word' id='word_1_221' title='bbox 848 949 951 991; x_wconf 72' lang='lat' dir='ltr'>reipub.</span> <span class='ocrx_word' id='word_1_222' title='bbox 964 951 1048 989; x_wconf 72' lang='lat' dir='ltr'>causa</span> <span class='ocrx_word' id='word_1_223' title='bbox 1061 949 1150 979; x_wconf 87' lang='lat' dir='ltr'>facie-</span> 
     </span>
    </p>
   </div>
   <div class='ocr_carea' id='block_1_12' title="bbox 193 992 1170 1034">
    <p class='ocr_par' dir='ltr' id='par_1_12' title="bbox 193 992 1170 1034">
     <span class='ocr_line' id='line_1_25' title="bbox 193 992 1170 1034; baseline -0.001 -10"><span class='ocrx_word' id='word_1_224' title='bbox 193 993 250 1024; x_wconf 86' lang='lat' dir='ltr'>bat.</span> <span class='ocrx_word' id='word_1_225' title='bbox 274 996 354 1025; x_wconf 86' lang='lat' dir='ltr'>Sulla</span> <span class='ocrx_word' id='word_1_226' title='bbox 365 1004 434 1024; x_wconf 89' lang='lat' dir='ltr'>cum</span> <span class='ocrx_word' id='word_1_227' title='bbox 445 995 578 1034; x_wconf 89' lang='lat' dir='ltr'>Sulpicio</span> <span class='ocrx_word' id='word_1_228' title='bbox 589 995 626 1024; x_wconf 89' lang='lat' dir='ltr'>de</span> <span class='ocrx_word' id='word_1_229' title='bbox 639 996 701 1032; x_wconf 82' lang='lat' dir='ltr'>jure</span> <span class='ocrx_word' id='word_1_230' title='bbox 712 994 813 1034; x_wconf 84' lang='lat' dir='ltr'>legum</span> <span class='ocrx_word' id='word_1_231' title='bbox 826 1012 834 1027; x_wconf 89' lang='lat'>,</span> <span class='ocrx_word' id='word_1_232' title='bbox 851 1002 922 1033; x_wconf 81' lang='lat' dir='ltr'>quas</span> <span class='ocrx_word' id='word_1_233' title='bbox 940 1001 1067 1032; x_wconf 85' lang='lat' dir='ltr'>pervim</span> <span class='ocrx_word' id='word_1_234' title='bbox 1081 992 1149 1021; x_wconf 82' lang='lat' dir='ltr'>latas</span> <span class='ocrx_word' id='word_1_235' title='bbox 1169 1016 1170 1023; x_wconf 64' lang='lat'>.</span> 
     </span>
    </p>
   </div>
   <div class='ocr_carea' id='block_1_13' title="bbox 130 1032 1149 2947">
    <p class='ocr_par' dir='ltr' id='par_1_13' title="bbox 130 1032 1149 2947">
     <span class='ocr_line' id='line_1_26' title="bbox 191 1032 1149 1066; baseline -0.004 0"><span class='ocrx_word' id='word_1_236' title='bbox 191 1036 272 1066; x_wconf 84' lang='lat' dir='ltr'>Sulla</span> <span class='ocrx_word' id='word_1_237' title='bbox 281 1035 412 1066; x_wconf 86' lang='lat' dir='ltr'>dicebat:</span> <span class='ocrx_word' id='word_1_238' title='bbox 425 1039 522 1066; x_wconf 87' lang='lat' dir='ltr'>Cinna</span> <span class='ocrx_word' id='word_1_239' title='bbox 531 1046 601 1066; x_wconf 88' lang='lat' dir='ltr'>cum</span> <span class='ocrx_word' id='word_1_240' title='bbox 613 1036 740 1066; x_wconf 55' lang='lat' dir='ltr'>Obtavio</span> <span class='ocrx_word' id='word_1_241' title='bbox 754 1035 790 1065; x_wconf 88' lang='lat' dir='ltr'>de</span> <span class='ocrx_word' id='word_1_242' title='bbox 801 1044 951 1064; x_wconf 83' lang='lat' dir='ltr'>novorum</span> <span class='ocrx_word' id='word_1_243' title='bbox 962 1035 1076 1064; x_wconf 75' lang='lat' dir='ltr'>civium</span> <span class='ocrx_word' id='word_1_244' title='bbox 1087 1032 1149 1063; x_wconf 82' lang='lat' dir='ltr'>suf-</span> 
     </span>
     <span class='ocr_line' id='line_1_27' title="bbox 190 1075 1148 1118; baseline -0.003 -11"><span class='ocrx_word' id='word_1_245' title='bbox 190 1076 306 1118; x_wconf 82' lang='lat' dir='ltr'>fragiis:</span> <span class='ocrx_word' id='word_1_246' title='bbox 329 1077 426 1107; x_wconf 64' lang='lat' dir='ltr'>rui‘sus</span> <span class='ocrx_word' id='word_1_247' title='bbox 436 1087 505 1108; x_wconf 90' lang='lat' dir='ltr'>cum</span> <span class='ocrx_word' id='word_1_248' title='bbox 519 1079 616 1108; x_wconf 87' lang='lat' dir='ltr'>Mario</span> <span class='ocrx_word' id='word_1_249' title='bbox 626 1098 634 1111; x_wconf 87' lang='lat'>‚</span> <span class='ocrx_word' id='word_1_250' title='bbox 648 1078 681 1108; x_wconf 73' lang='grc' dir='ltr'>δε</span> <span class='ocrx_word' id='word_1_251' title='bbox 691 1077 826 1107; x_wconf 79' lang='lat' dir='ltr'>Carbone</span> <span class='ocrx_word' id='word_1_252' title='bbox 836 1076 916 1106; x_wconf 88' lang='lat' dir='ltr'>Sulla</span> <span class='ocrx_word' id='word_1_253' title='bbox 928 1096 935 1109; x_wconf 83' lang='lat'>,</span> <span class='ocrx_word' id='word_1_254' title='bbox 957 1085 996 1105; x_wconf 83' lang='lat' dir='ltr'>ne</span> <span class='ocrx_word' id='word_1_255' title='bbox 1006 1075 1148 1105; x_wconf 77' lang='lat' dir='ltr'>domina-</span> 
     </span>
     <span class='ocr_line' id='line_1_28' title="bbox 189 1115 1149 1159; baseline -0.003 -11"><span class='ocrx_word' id='word_1_256' title='bbox 189 1127 291 1148; x_wconf 86' lang='lat' dir='ltr'>rentur</span> <span class='ocrx_word' id='word_1_257' title='bbox 301 1118 419 1159; x_wconf 81' lang='lat' dir='ltr'>indigni</span> <span class='ocrx_word' id='word_1_258' title='bbox 431 1139 439 1152; x_wconf 89' lang='lat'>,</span> <span class='ocrx_word' id='word_1_259' title='bbox 461 1120 539 1149; x_wconf 89' lang='lat' dir='ltr'>&amp;ut</span> <span class='ocrx_word' id='word_1_260' title='bbox 554 1117 781 1149; x_wconf 76' lang='lat' dir='ltr'>clarissimorum</span> <span class='ocrx_word' id='word_1_261' title='bbox 802 1119 965 1147; x_wconf 84' lang='lat' dir='ltr'>hominum</span> <span class='ocrx_word' id='word_1_262' title='bbox 984 1115 1149 1146; x_wconf 78' lang='lat' dir='ltr'>crudelissi-</span> 
     </span>
     <span class='ocr_line' id='line_1_29' title="bbox 189 1158 1147 1199; baseline -0.001 -11"><span class='ocrx_word' id='word_1_263' title='bbox 189 1167 273 1189; x_wconf 84' lang='lat' dir='ltr'>mam</span> <span class='ocrx_word' id='word_1_264' title='bbox 291 1163 447 1199; x_wconf 85' lang='lat' dir='ltr'>puniretur</span> <span class='ocrx_word' id='word_1_265' title='bbox 456 1171 571 1191; x_wconf 88' lang='lat' dir='ltr'>necem.</span> <span class='ocrx_word' id='word_1_266' title='bbox 597 1163 717 1190; x_wconf 80' lang='lat' dir='ltr'>Horum</span> <span class='ocrx_word' id='word_1_267' title='bbox 729 1161 871 1189; x_wconf 87' lang='lat' dir='ltr'>omnium</span> <span class='ocrx_word' id='word_1_268' title='bbox 889 1159 1040 1188; x_wconf 84' lang='lat' dir='ltr'>bellorum</span> <span class='ocrx_word' id='word_1_269' title='bbox 1055 1158 1147 1188; x_wconf 73' lang='lat' dir='ltr'>causae</span> 
     </span>
     <span class='ocr_line' id='line_1_30' title="bbox 188 1199 1146 1241; baseline -0.001 -11"><span class='ocrx_word' id='word_1_270' title='bbox 188 1209 227 1230; x_wconf 84' lang='lat' dir='ltr'>ex</span> <span class='ocrx_word' id='word_1_271' title='bbox 237 1201 351 1241; x_wconf 88' lang='lat' dir='ltr'>reipub.</span> <span class='ocrx_word' id='word_1_272' title='bbox 367 1205 565 1233; x_wconf 77' lang='lat' dir='ltr'>contentione</span> <span class='ocrx_word' id='word_1_273' title='bbox 576 1212 650 1232; x_wconf 84' lang='lat' dir='ltr'>natae</span> <span class='ocrx_word' id='word_1_274' title='bbox 662 1202 737 1232; x_wconf 87' lang='lat' dir='ltr'>sunt.</span> <span class='ocrx_word' id='word_1_275' title='bbox 762 1201 797 1230; x_wconf 88' lang='lat' dir='ltr'>de</span> <span class='ocrx_word' id='word_1_276' title='bbox 815 1202 959 1240; x_wconf 81' lang='lat' dir='ltr'>proximo</span> <span class='ocrx_word' id='word_1_277' title='bbox 969 1199 1050 1229; x_wconf 86' lang='lat' dir='ltr'>bello</span> <span class='ocrx_word' id='word_1_278' title='bbox 1064 1200 1146 1230; x_wconf 87' lang='lat' dir='ltr'>civili</span> 
     </span>
     <span class='ocr_line' id='line_1_31' title="bbox 153 1242 1147 1285; baseline 0 -14"><span class='ocrx_word' id='word_1_279' title='bbox 153 1247 167 1280; x_wconf 80' lang='lat'><em>3</em></span> <span class='ocrx_word' id='word_1_280' title='bbox 188 1251 252 1271; x_wconf 90' lang='lat' dir='ltr'>non</span> <span class='ocrx_word' id='word_1_281' title='bbox 272 1243 345 1272; x_wconf 89' lang='lat' dir='ltr'>libet</span> <span class='ocrx_word' id='word_1_282' title='bbox 363 1243 477 1273; x_wconf 82' lang='lat' dir='ltr'>dicere:</span> <span class='ocrx_word' id='word_1_283' title='bbox 500 1245 609 1285; x_wconf 90' lang='lat' dir='ltr'>ignoro</span> <span class='ocrx_word' id='word_1_284' title='bbox 622 1244 755 1273; x_wconf 78' lang='lat' dir='ltr'>causam:</span> <span class='ocrx_word' id='word_1_285' title='bbox 779 1242 906 1272; x_wconf 82' lang='lat' dir='ltr'>detestor</span> <span class='ocrx_word' id='word_1_286' title='bbox 926 1243 1054 1271; x_wconf 83' lang='lat' dir='ltr'>exitum.</span> <span class='ocrx_word' id='word_1_287' title='bbox 1078 1244 1147 1271; x_wconf 89' lang='lat' dir='ltr'>Hoc</span> 
     </span>
     <span class='ocr_line' id='line_1_32' title="bbox 188 1282 1145 1326; baseline 0 -14"><span class='ocrx_word' id='word_1_288' title='bbox 188 1282 300 1313; x_wconf 86' lang='lat' dir='ltr'>bellurn</span> <span class='ocrx_word' id='word_1_289' title='bbox 325 1287 467 1324; x_wconf 87' lang='lat' dir='ltr'>quintum</span> <span class='ocrx_word' id='word_1_290' title='bbox 485 1287 576 1315; x_wconf 89' lang='lat' dir='ltr'>civile</span> <span class='ocrx_word' id='word_1_291' title='bbox 593 1287 720 1326; x_wconf 78' lang='lat' dir='ltr'>geritur:</span> <span class='ocrx_word' id='word_1_292' title='bbox 745 1292 831 1324; x_wconf 88' lang='lat' dir='ltr'>atque</span> <span class='ocrx_word' id='word_1_293' title='bbox 842 1285 947 1313; x_wconf 90' lang='lat' dir='ltr'>omnia</span> <span class='ocrx_word' id='word_1_294' title='bbox 965 1285 997 1312; x_wconf 85' lang='lat' dir='ltr'>in</span> <span class='ocrx_word' id='word_1_295' title='bbox 1016 1282 1145 1312; x_wconf 82' lang='lat' dir='ltr'>nostram</span> 
     </span>
     <span class='ocr_line' id='line_1_33' title="bbox 188 1322 1145 1366; baseline -0.001 -12"><span class='ocrx_word' id='word_1_296' title='bbox 188 1333 306 1354; x_wconf 82' lang='lat' dir='ltr'>aetatem</span> <span class='ocrx_word' id='word_1_297' title='bbox 318 1325 505 1361; x_wconf 87' lang='lat' dir='ltr'>inciderunt,</span> <span class='ocrx_word' id='word_1_298' title='bbox 527 1327 661 1366; x_wconf 77' lang='lat' dir='ltr'>primum</span> <span class='ocrx_word' id='word_1_299' title='bbox 675 1336 738 1355; x_wconf 91' lang='lat' dir='ltr'>non</span> <span class='ocrx_word' id='word_1_300' title='bbox 749 1324 843 1354; x_wconf 79' lang='lat' dir='ltr'>modo</span> <span class='ocrx_word' id='word_1_301' title='bbox 853 1327 886 1354; x_wconf 87' lang='lat' dir='ltr'>in</span> <span class='ocrx_word' id='word_1_302' title='bbox 896 1322 1072 1354; x_wconf 73' lang='lat' dir='ltr'>dissensione</span> <span class='ocrx_word' id='word_1_303' title='bbox 1084 1344 1092 1356; x_wconf 94' lang='lat'>,</span> <span class='ocrx_word' id='word_1_304' title='bbox 1113 1325 1145 1354; x_wconf 74' lang='grc' dir='ltr'>δε</span> 
     </span>
     <span class='ocr_line' id='line_1_34' title="bbox 187 1365 1144 1401; baseline -0.001 -6"><span class='ocrx_word' id='word_1_305' title='bbox 187 1365 332 1396; x_wconf 84' lang='lat' dir='ltr'>discordia</span> <span class='ocrx_word' id='word_1_306' title='bbox 349 1369 464 1397; x_wconf 88' lang='lat' dir='ltr'>civium</span> <span class='ocrx_word' id='word_1_307' title='bbox 476 1388 484 1401; x_wconf 97' lang='lat'>,</span> <span class='ocrx_word' id='word_1_308' title='bbox 506 1368 597 1397; x_wconf 87' lang='lat' dir='ltr'>sedin</span> <span class='ocrx_word' id='word_1_309' title='bbox 608 1369 741 1397; x_wconf 86' lang='lat' dir='ltr'>maxima</span> <span class='ocrx_word' id='word_1_310' title='bbox 750 1365 946 1396; x_wconf 78' lang='lat' dir='ltr'>consensione</span> <span class='ocrx_word' id='word_1_311' title='bbox 958 1385 966 1399; x_wconf 87' lang='grc'>,</span> <span class='ocrx_word' id='word_1_312' title='bbox 982 1365 1144 1395; x_wconf 81' lang='lat' dir='ltr'>incredibi-</span> 
     </span>
     <span class='ocr_line' id='line_1_35' title="bbox 188 1406 1141 1447; baseline 0 -11"><span class='ocrx_word' id='word_1_313' title='bbox 188 1407 271 1447; x_wconf 85' lang='lat' dir='ltr'>lique</span> <span class='ocrx_word' id='word_1_314' title='bbox 286 1409 457 1439; x_wconf 87' lang='lat' dir='ltr'>concordia.</span> <span class='ocrx_word' id='word_1_315' title='bbox 482 1419 591 1438; x_wconf 88' lang='lat' dir='ltr'>omnes</span> <span class='ocrx_word' id='word_1_316' title='bbox 610 1409 690 1438; x_wconf 82' lang='lat' dir='ltr'>idem</span> <span class='ocrx_word' id='word_1_317' title='bbox 711 1408 839 1441; x_wconf 90' lang='lat' dir='ltr'>volunt,</span> <span class='ocrx_word' id='word_1_318' title='bbox 860 1407 944 1437; x_wconf 90' lang='lat' dir='ltr'>idem</span> <span class='ocrx_word' id='word_1_319' title='bbox 963 1406 1141 1440; x_wconf 86' lang='lat' dir='ltr'>defendunt,</span> 
     </span>
     <span class='ocr_line' id='line_1_36' title="bbox 186 1448 1141 1490; baseline 0 -12"><span class='ocrx_word' id='word_1_320' title='bbox 186 1448 268 1483; x_wconf 83' lang='lat' dir='ltr'>idem</span> <span class='ocrx_word' id='word_1_321' title='bbox 280 1450 420 1479; x_wconf 88' lang='lat' dir='ltr'>sentiunt.</span> <span class='ocrx_word' id='word_1_322' title='bbox 444 1449 523 1480; x_wconf 74' lang='lat' dir='ltr'>Cum</span> <span class='ocrx_word' id='word_1_323' title='bbox 536 1452 655 1480; x_wconf 84' lang='lat' dir='ltr'>omneis</span> <span class='ocrx_word' id='word_1_324' title='bbox 666 1450 745 1483; x_wconf 88' lang='lat' dir='ltr'>dico,</span> <span class='ocrx_word' id='word_1_325' title='bbox 756 1459 807 1479; x_wconf 90' lang='lat' dir='ltr'>eos</span> <span class='ocrx_word' id='word_1_326' title='bbox 818 1451 948 1489; x_wconf 81' lang='lat' dir='ltr'>excipio,</span> <span class='ocrx_word' id='word_1_327' title='bbox 959 1458 1035 1490; x_wconf 85' lang='lat' dir='ltr'>quos</span> <span class='ocrx_word' id='word_1_328' title='bbox 1048 1458 1141 1478; x_wconf 88' lang='lat' dir='ltr'>nemo</span> 
     </span>
     <span class='ocr_line' id='line_1_37' title="bbox 186 1490 1143 1533; baseline 0.002 -14"><span class='ocrx_word' id='word_1_329' title='bbox 186 1491 306 1520; x_wconf 87' lang='lat' dir='ltr'>civitate</span> <span class='ocrx_word' id='word_1_330' title='bbox 316 1490 423 1530; x_wconf 86' lang='lat' dir='ltr'>dignos</span> <span class='ocrx_word' id='word_1_331' title='bbox 435 1500 526 1531; x_wconf 84' lang='lat' dir='ltr'>putat.</span> <span class='ocrx_word' id='word_1_332' title='bbox 551 1494 625 1533; x_wconf 77' lang='lat' dir='ltr'>Qiae</span> <span class='ocrx_word' id='word_1_333' title='bbox 637 1491 679 1521; x_wconf 90' lang='lat' dir='ltr'>est</span> <span class='ocrx_word' id='word_1_334' title='bbox 689 1493 779 1533; x_wconf 85' lang='lat' dir='ltr'>igitur</span> <span class='ocrx_word' id='word_1_335' title='bbox 788 1492 934 1521; x_wconf 49' lang='lat' dir='ltr'>in‘med‘io</span> <span class='ocrx_word' id='word_1_336' title='bbox 945 1510 954 1524; x_wconf 91' lang='lat'>,</span> <span class='ocrx_word' id='word_1_337' title='bbox 976 1490 1047 1520; x_wconf 88' lang='lat' dir='ltr'>belli</span> <span class='ocrx_word' id='word_1_338' title='bbox 1061 1491 1143 1521; x_wconf 86' lang='lat' dir='ltr'>causa</span> 
     </span>
     <span class='ocr_line' id='line_1_38' title="bbox 185 1529 1143 1572; baseline 0.002 -12"><span class='ocrx_word' id='word_1_339' title='bbox 185 1529 297 1571; x_wconf 73' lang='lat' dir='ltr'>posita?</span> <span class='ocrx_word' id='word_1_340' title='bbox 319 1542 375 1562; x_wconf 92' lang='lat' dir='ltr'>nos</span> <span class='ocrx_word' id='word_1_341' title='bbox 386 1532 513 1563; x_wconf 87' lang='lat' dir='ltr'>deorum</span> <span class='ocrx_word' id='word_1_342' title='bbox 528 1534 748 1563; x_wconf 83' lang='lat' dir='ltr'>immortalium</span> <span class='ocrx_word' id='word_1_343' title='bbox 759 1534 878 1572; x_wconf 85' lang='lat' dir='ltr'>templa,</span> <span class='ocrx_word' id='word_1_344' title='bbox 892 1542 947 1563; x_wconf 89' lang='lat' dir='ltr'>nos</span> <span class='ocrx_word' id='word_1_345' title='bbox 959 1542 1073 1566; x_wconf 75' lang='lat' dir='ltr'>mut-03,</span> <span class='ocrx_word' id='word_1_346' title='bbox 1086 1542 1143 1562; x_wconf 90' lang='lat' dir='ltr'>nos</span> 
     </span>
     <span class='ocr_line' id='line_1_39' title="bbox 187 1572 1139 1616; baseline 0.002 -15"><span class='ocrx_word' id='word_1_347' title='bbox 187 1572 355 1607; x_wconf 88' lang='lat' dir='ltr'>domicilia,</span> <span class='ocrx_word' id='word_1_348' title='bbox 368 1574 505 1615; x_wconf 78' lang='lat' dir='ltr'>sedesque</span> <span class='ocrx_word' id='word_1_349' title='bbox 513 1576 618 1616; x_wconf 88' lang='lat' dir='ltr'>populi</span> <span class='ocrx_word' id='word_1_350' title='bbox 629 1577 762 1605; x_wconf 89' lang='lat' dir='ltr'>Romani</span> <span class='ocrx_word' id='word_1_351' title='bbox 774 1595 782 1607; x_wconf 88' lang='lat'>,</span> <span class='ocrx_word' id='word_1_352' title='bbox 795 1583 915 1614; x_wconf 83' lang='lat' dir='ltr'>penates</span> <span class='ocrx_word' id='word_1_353' title='bbox 926 1594 933 1608; x_wconf 90' lang='lat'>‚</span> <span class='ocrx_word' id='word_1_354' title='bbox 945 1583 1005 1604; x_wconf 83' lang='lat' dir='ltr'>aras</span> <span class='ocrx_word' id='word_1_355' title='bbox 1015 1594 1023 1607; x_wconf 94' lang='lat'>,</span> <span class='ocrx_word' id='word_1_356' title='bbox 1043 1573 1139 1607; x_wconf 84' lang='lat' dir='ltr'>focos,</span> 
     </span>
     <span class='ocr_line' id='line_1_40' title="bbox 185 1614 1140 1658; baseline 0.002 -15"><span class='ocrx_word' id='word_1_357' title='bbox 185 1614 316 1654; x_wconf 82' lang='lat' dir='ltr'>sepulcra</span> <span class='ocrx_word' id='word_1_358' title='bbox 330 1616 481 1655; x_wconf 86' lang='lat' dir='ltr'>majorum</span> <span class='ocrx_word' id='word_1_359' title='bbox 495 1627 501 1646; x_wconf 87' lang='lat'>:</span> <span class='ocrx_word' id='word_1_360' title='bbox 524 1627 579 1647; x_wconf 89' lang='lat' dir='ltr'>nos</span> <span class='ocrx_word' id='word_1_361' title='bbox 588 1618 666 1658; x_wconf 83' lang='lat' dir='ltr'>leges</span> <span class='ocrx_word' id='word_1_362' title='bbox 677 1636 685 1650; x_wconf 93' lang='lat'>‚</span> <span class='ocrx_word' id='word_1_363' title='bbox 694 1616 806 1657; x_wconf 87' lang='lat' dir='ltr'>judicia</span> <span class='ocrx_word' id='word_1_364' title='bbox 816 1636 824 1649; x_wconf 94' lang='lat'>,</span> <span class='ocrx_word' id='word_1_365' title='bbox 836 1616 1002 1646; x_wconf 88' lang='lat' dir='ltr'>libertatem</span> <span class='ocrx_word' id='word_1_366' title='bbox 1014 1635 1022 1649; x_wconf 91' lang='lat'><em>‚</em></span> <span class='ocrx_word' id='word_1_367' title='bbox 1034 1626 1090 1645; x_wconf 91' lang='lat' dir='ltr'>con</span> <span class='ocrx_word' id='word_1_368' title='bbox 1091 1617 1140 1655; x_wconf 78' lang='lat' dir='ltr'>ju-</span> 
     </span>
     <span class='ocr_line' id='line_1_41' title="bbox 185 1656 1139 1697; baseline 0.003 -13"><span class='ocrx_word' id='word_1_369' title='bbox 185 1665 248 1696; x_wconf 84' lang='lat' dir='ltr'>ges,</span> <span class='ocrx_word' id='word_1_370' title='bbox 260 1656 389 1691; x_wconf 69' lang='lat' dir='ltr'>liberm,</span> <span class='ocrx_word' id='word_1_371' title='bbox 401 1661 526 1697; x_wconf 87' lang='lat' dir='ltr'>patriam</span> <span class='ocrx_word' id='word_1_372' title='bbox 542 1658 735 1688; x_wconf 86' lang='lat' dir='ltr'>defendimus</span> <span class='ocrx_word' id='word_1_373' title='bbox 747 1669 753 1686; x_wconf 90' lang='lat'>:</span> <span class='ocrx_word' id='word_1_374' title='bbox 778 1667 882 1688; x_wconf 85' lang='lat' dir='ltr'>contra</span> <span class='ocrx_word' id='word_1_375' title='bbox 892 1660 935 1687; x_wconf 90' lang='lat' dir='ltr'>M.</span> <span class='ocrx_word' id='word_1_376' title='bbox 946 1659 1098 1688; x_wconf 89' lang='lat' dir='ltr'>Antonius</span> <span class='ocrx_word' id='word_1_377' title='bbox 1109 1657 1139 1687; x_wconf 91' lang='lat' dir='ltr'>id</span> 
     </span>
     <span class='ocr_line' id='line_1_42' title="bbox 185 1698 1137 1740; baseline 0.003 -14"><span class='ocrx_word' id='word_1_378' title='bbox 185 1698 324 1732; x_wconf 84' lang='lat' dir='ltr'>molitur,</span> <span class='ocrx_word' id='word_1_379' title='bbox 335 1698 365 1728; x_wconf 91' lang='lat' dir='ltr'>id</span> <span class='ocrx_word' id='word_1_380' title='bbox 379 1709 500 1739; x_wconf 83' lang='lat' dir='ltr'>pugnat,</span> <span class='ocrx_word' id='word_1_381' title='bbox 513 1709 545 1730; x_wconf 90' lang='lat' dir='ltr'>ut</span> <span class='ocrx_word' id='word_1_382' title='bbox 556 1702 616 1731; x_wconf 81' lang='lat' dir='ltr'>haec</span> <span class='ocrx_word' id='word_1_383' title='bbox 628 1702 733 1730; x_wconf 89' lang='lat' dir='ltr'>omnia</span> <span class='ocrx_word' id='word_1_384' title='bbox 744 1699 894 1740; x_wconf 86' lang='lat' dir='ltr'>perturbet</span> <span class='ocrx_word' id='word_1_385' title='bbox 903 1719 911 1733; x_wconf 86' lang='lat'>,</span> <span class='ocrx_word' id='word_1_386' title='bbox 924 1708 1052 1732; x_wconf 87' lang='lat' dir='ltr'>evertat,</span> <span class='ocrx_word' id='word_1_387' title='bbox 1064 1709 1137 1739; x_wconf 87' lang='lat' dir='ltr'>prae-</span> 
     </span>
     <span class='ocr_line' id='line_1_43' title="bbox 186 1737 1138 1782; baseline 0.003 -14"><span class='ocrx_word' id='word_1_388' title='bbox 186 1737 254 1768; x_wconf 85' lang='lat' dir='ltr'>dam</span> <span class='ocrx_word' id='word_1_389' title='bbox 274 1740 389 1780; x_wconf 89' lang='lat' dir='ltr'>reipub.</span> <span class='ocrx_word' id='word_1_390' title='bbox 408 1742 523 1772; x_wconf 87' lang='lat' dir='ltr'>causam</span> <span class='ocrx_word' id='word_1_391' title='bbox 542 1742 612 1772; x_wconf 87' lang='lat' dir='ltr'>belli</span> <span class='ocrx_word' id='word_1_392' title='bbox 631 1750 732 1782; x_wconf 89' lang='lat' dir='ltr'>putet,</span> <span class='ocrx_word' id='word_1_393' title='bbox 751 1741 887 1771; x_wconf 75' lang='lat' dir='ltr'>fortunas</span> <span class='ocrx_word' id='word_1_394' title='bbox 904 1740 1016 1771; x_wconf 86' lang='lat' dir='ltr'>nostras</span> <span class='ocrx_word' id='word_1_395' title='bbox 1030 1743 1138 1781; x_wconf 88' lang='lat' dir='ltr'>partim</span> 
     </span>
     <span class='ocr_line' id='line_1_44' title="bbox 186 1778 1140 1824; baseline 0.003 -14"><span class='ocrx_word' id='word_1_396' title='bbox 186 1778 311 1820; x_wconf 81' lang='lat' dir='ltr'>diffipet,</span> <span class='ocrx_word' id='word_1_397' title='bbox 328 1784 435 1821; x_wconf 84' lang='lat' dir='ltr'>partim</span> <span class='ocrx_word' id='word_1_398' title='bbox 450 1783 598 1823; x_wconf 86' lang='lat' dir='ltr'>dispertiat</span> <span class='ocrx_word' id='word_1_399' title='bbox 611 1784 773 1824; x_wconf 86' lang='lat' dir='ltr'>parricidis.</span> <span class='ocrx_word' id='word_1_400' title='bbox 797 1786 833 1813; x_wconf 91' lang='lat' dir='ltr'>In</span> <span class='ocrx_word' id='word_1_401' title='bbox 844 1784 896 1813; x_wconf 91' lang='lat' dir='ltr'>hac</span> <span class='ocrx_word' id='word_1_402' title='bbox 905 1791 966 1812; x_wconf 89' lang='lat' dir='ltr'>tam</span> <span class='ocrx_word' id='word_1_403' title='bbox 976 1783 1082 1821; x_wconf 88' lang='lat' dir='ltr'>dispari</span> <span class='ocrx_word' id='word_1_404' title='bbox 1096 1793 1140 1813; x_wconf 85' lang='lat' dir='ltr'>ra-</span> 
     </span>
     <span class='ocr_line' id='line_1_45' title="bbox 185 1822 1141 1865; baseline 0.004 -16"><span class='ocrx_word' id='word_1_405' title='bbox 185 1822 270 1850; x_wconf 86' lang='lat' dir='ltr'>tione</span> <span class='ocrx_word' id='word_1_406' title='bbox 280 1822 352 1852; x_wconf 87' lang='lat' dir='ltr'>belli</span> <span class='ocrx_word' id='word_1_407' title='bbox 365 1824 571 1855; x_wconf 88' lang='lat' dir='ltr'>miserrimum</span> <span class='ocrx_word' id='word_1_408' title='bbox 583 1825 658 1855; x_wconf 88' lang='lat' dir='ltr'>illud</span> <span class='ocrx_word' id='word_1_409' title='bbox 668 1824 712 1855; x_wconf 86' lang='lat' dir='ltr'>est</span> <span class='ocrx_word' id='word_1_410' title='bbox 723 1845 731 1858; x_wconf 93' lang='lat'>,</span> <span class='ocrx_word' id='word_1_411' title='bbox 743 1825 824 1865; x_wconf 89' lang='lat' dir='ltr'>quod</span> <span class='ocrx_word' id='word_1_412' title='bbox 837 1824 888 1853; x_wconf 86' lang='lat' dir='ltr'>ille</span> <span class='ocrx_word' id='word_1_413' title='bbox 902 1824 1068 1854; x_wconf 87' lang='lat' dir='ltr'>latronibus</span> <span class='ocrx_word' id='word_1_414' title='bbox 1082 1824 1141 1853; x_wconf 91' lang='lat' dir='ltr'>suis</span> 
     </span>
     <span class='ocr_line' id='line_1_46' title="bbox 181 1863 1141 1904; baseline 0.004 -14"><span class='ocrx_word' id='word_1_415' title='bbox 181 1863 327 1904; x_wconf 83' lang='lat' dir='ltr'>poHicetur</span> <span class='ocrx_word' id='word_1_416' title='bbox 339 1866 473 1904; x_wconf 89' lang='lat' dir='ltr'>primurn</span> <span class='ocrx_word' id='word_1_417' title='bbox 483 1866 608 1896; x_wconf 87' lang='lat' dir='ltr'>domos:</span> <span class='ocrx_word' id='word_1_418' title='bbox 630 1867 737 1897; x_wconf 86' lang='lat' dir='ltr'>urbem</span> <span class='ocrx_word' id='word_1_419' title='bbox 747 1868 829 1896; x_wconf 89' lang='lat' dir='ltr'>enim</span> <span class='ocrx_word' id='word_1_420' title='bbox 841 1865 869 1895; x_wconf 87' lang='lat' dir='ltr'>se</span> <span class='ocrx_word' id='word_1_421' title='bbox 884 1865 1052 1895; x_wconf 88' lang='lat' dir='ltr'>divisurum</span> <span class='ocrx_word' id='word_1_422' title='bbox 1067 1875 1141 1894; x_wconf 77' lang='lat' dir='ltr'>con-</span> 
     </span>
     <span class='ocr_line' id='line_1_47' title="bbox 186 1902 1138 1948; baseline 0.002 -15"><span class='ocrx_word' id='word_1_423' title='bbox 186 1902 285 1934; x_wconf 82' lang='lat' dir='ltr'>firmat</span> <span class='ocrx_word' id='word_1_424' title='bbox 300 1915 305 1934; x_wconf 75' lang='grc' dir='ltr'><em>τ</em></span> <span class='ocrx_word' id='word_1_425' title='bbox 328 1906 436 1936; x_wconf 87' lang='lat' dir='ltr'>deinde</span> <span class='ocrx_word' id='word_1_426' title='bbox 446 1908 591 1938; x_wconf 86' lang='lat' dir='ltr'>omnibus</span> <span class='ocrx_word' id='word_1_427' title='bbox 604 1910 697 1948; x_wconf 84' lang='lat' dir='ltr'>poi-tis</span> <span class='ocrx_word' id='word_1_428' title='bbox 708 1928 717 1941; x_wconf 88' lang='lat'>,</span> <span class='ocrx_word' id='word_1_429' title='bbox 732 1906 793 1948; x_wconf 76' lang='lat' dir='ltr'>quo</span> <span class='ocrx_word' id='word_1_430' title='bbox 803 1907 917 1939; x_wconf 87' lang='lat' dir='ltr'>velint,</span> <span class='ocrx_word' id='word_1_431' title='bbox 929 1905 1138 1936; x_wconf 63' lang='lat' dir='ltr'>deduaurum.</span> 
     </span>
     <span class='ocr_line' id='line_1_48' title="bbox 185 1947 1137 1988; baseline 0.003 -13"><span class='ocrx_word' id='word_1_432' title='bbox 185 1954 294 1976; x_wconf 86' lang='lat' dir='ltr'>omnes</span> <span class='ocrx_word' id='word_1_433' title='bbox 304 1948 461 1988; x_wconf 87' lang='lat' dir='ltr'>Caphones</span> <span class='ocrx_word' id='word_1_434' title='bbox 471 1968 479 1982; x_wconf 90' lang='lat'>,</span> <span class='ocrx_word' id='word_1_435' title='bbox 499 1959 609 1979; x_wconf 88' lang='lat' dir='ltr'>omnes</span> <span class='ocrx_word' id='word_1_436' title='bbox 618 1952 698 1979; x_wconf 83' lang='lat' dir='ltr'>Saxae</span> <span class='ocrx_word' id='word_1_437' title='bbox 708 1969 716 1982; x_wconf 89' lang='lat'>,</span> <span class='ocrx_word' id='word_1_438' title='bbox 727 1958 889 1988; x_wconf 88' lang='lat' dir='ltr'>ceteraeque</span> <span class='ocrx_word' id='word_1_439' title='bbox 898 1947 1005 1987; x_wconf 82' lang='lat' dir='ltr'>pestes,</span> <span class='ocrx_word' id='word_1_440' title='bbox 1017 1957 1082 1988; x_wconf 80' lang='lat' dir='ltr'>quae</span> <span class='ocrx_word' id='word_1_441' title='bbox 1094 1948 1137 1978; x_wconf 80' lang='lat' dir='ltr'>se-</span> 
     </span>
     <span class='ocr_line' id='line_1_49' title="bbox 182 1989 1137 2030; baseline 0.003 -14"><span class='ocrx_word' id='word_1_442' title='bbox 182 1996 316 2027; x_wconf 87' lang='lat' dir='ltr'>quuntur</span> <span class='ocrx_word' id='word_1_443' title='bbox 325 1991 495 2019; x_wconf 86' lang='lat' dir='ltr'>Antonium</span> <span class='ocrx_word' id='word_1_444' title='bbox 509 2011 517 2023; x_wconf 90' lang='lat'>,</span> <span class='ocrx_word' id='word_1_445' title='bbox 537 1991 627 2020; x_wconf 69' lang='lat' dir='ltr'>aedeis</span> <span class='ocrx_word' id='word_1_446' title='bbox 641 1989 694 2020; x_wconf 86' lang='lat' dir='ltr'>sibi</span> <span class='ocrx_word' id='word_1_447' title='bbox 703 1992 833 2030; x_wconf 85' lang='lat' dir='ltr'>optimas</span> <span class='ocrx_word' id='word_1_448' title='bbox 844 2010 852 2023; x_wconf 88' lang='lat'>‚</span> <span class='ocrx_word' id='word_1_449' title='bbox 874 1991 977 2019; x_wconf 84' lang='lat' dir='ltr'>hortos</span> <span class='ocrx_word' id='word_1_450' title='bbox 990 2010 998 2023; x_wconf 84' lang='lat'>‚</span> <span class='ocrx_word' id='word_1_451' title='bbox 1022 1990 1137 2020; x_wconf 67' lang='lat' dir='ltr'>Tuscu-</span> 
     </span>
     <span class='ocr_line' id='line_1_50' title="bbox 183 2029 1135 2072; baseline 0.002 -14"><span class='ocrx_word' id='word_1_452' title='bbox 183 2029 260 2062; x_wconf 85' lang='lat' dir='ltr'>lana,</span> <span class='ocrx_word' id='word_1_453' title='bbox 271 2030 384 2061; x_wconf 86' lang='lat' dir='ltr'>Albana</span> <span class='ocrx_word' id='word_1_454' title='bbox 397 2029 555 2062; x_wconf 85' lang='lat' dir='ltr'>definiunt.</span> <span class='ocrx_word' id='word_1_455' title='bbox 579 2040 665 2072; x_wconf 89' lang='lat' dir='ltr'>atque</span> <span class='ocrx_word' id='word_1_456' title='bbox 676 2041 765 2062; x_wconf 87' lang='lat' dir='ltr'>etiam</span> <span class='ocrx_word' id='word_1_457' title='bbox 776 2032 919 2061; x_wconf 85' lang='lat' dir='ltr'>homines</span> <span class='ocrx_word' id='word_1_458' title='bbox 929 2030 1052 2072; x_wconf 86' lang='lat' dir='ltr'>agrestes</span> <span class='ocrx_word' id='word_1_459' title='bbox 1063 2051 1070 2065; x_wconf 91' lang='lat'>,</span> <span class='ocrx_word' id='word_1_460' title='bbox 1094 2035 1103 2050; x_wconf 91' lang='lat'><strong>¹</strong></span> <span class='ocrx_word' id='word_1_461' title='bbox 1116 2030 1135 2060; x_wconf 86' lang='lat' dir='ltr'>fi</span> 
     </span>
     <span class='ocr_line' id='line_1_51' title="bbox 183 2069 1136 2113; baseline 0.003 -14"><span class='ocrx_word' id='word_1_462' title='bbox 183 2069 325 2101; x_wconf 88' lang='lat' dir='ltr'>homines</span> <span class='ocrx_word' id='word_1_463' title='bbox 334 2072 379 2101; x_wconf 91' lang='lat' dir='ltr'>illi</span> <span class='ocrx_word' id='word_1_464' title='bbox 389 2092 397 2106; x_wconf 92' lang='lat'>‚</span> <span class='ocrx_word' id='word_1_465' title='bbox 408 2083 440 2103; x_wconf 90' lang='lat' dir='ltr'>ac</span> <span class='ocrx_word' id='word_1_466' title='bbox 451 2083 512 2102; x_wconf 87' lang='lat' dir='ltr'>non</span> <span class='ocrx_word' id='word_1_467' title='bbox 522 2074 651 2113; x_wconf 88' lang='lat' dir='ltr'>pecudes</span> <span class='ocrx_word' id='word_1_468' title='bbox 660 2075 762 2113; x_wconf 88' lang='lat' dir='ltr'>potius</span> <span class='ocrx_word' id='word_1_469' title='bbox 772 2094 780 2106; x_wconf 92' lang='lat'>,</span> <span class='ocrx_word' id='word_1_470' title='bbox 795 2075 878 2103; x_wconf 88' lang='lat' dir='ltr'>inani</span> <span class='ocrx_word' id='word_1_471' title='bbox 890 2073 937 2112; x_wconf 87' lang='lat' dir='ltr'>spe</span> <span class='ocrx_word' id='word_1_472' title='bbox 947 2073 982 2103; x_wconf 89' lang='lat' dir='ltr'>ad</span> <span class='ocrx_word' id='word_1_473' title='bbox 992 2083 1078 2113; x_wconf 86' lang='lat' dir='ltr'>aquas</span> <span class='ocrx_word' id='word_1_474' title='bbox 1089 2073 1136 2102; x_wconf 85' lang='lat' dir='ltr'>us-</span> 
     </span>
     <span class='ocr_line' id='line_1_52' title="bbox 181 2112 1136 2156; baseline 0.002 -14"><span class='ocrx_word' id='word_1_475' title='bbox 181 2121 239 2151; x_wconf 86' lang='lat' dir='ltr'>que</span> <span class='ocrx_word' id='word_1_476' title='bbox 248 2112 281 2142; x_wconf 66' lang='grc' dir='ltr'>ὃς</span> <span class='ocrx_word' id='word_1_477' title='bbox 292 2114 433 2143; x_wconf 79' lang='lat' dir='ltr'>Puteolos</span> <span class='ocrx_word' id='word_1_478' title='bbox 441 2117 655 2154; x_wconf 86' lang='lat' dir='ltr'>provehuntur.</span> <span class='ocrx_word' id='word_1_479' title='bbox 681 2118 758 2156; x_wconf 87' lang='lat' dir='ltr'>Ergo</span> <span class='ocrx_word' id='word_1_480' title='bbox 769 2115 855 2145; x_wconf 90' lang='lat' dir='ltr'>habet</span> <span class='ocrx_word' id='word_1_481' title='bbox 865 2115 1018 2145; x_wconf 87' lang='lat' dir='ltr'>Antonius</span> <span class='ocrx_word' id='word_1_482' title='bbox 1028 2135 1036 2148; x_wconf 92' lang='lat'>,</span> <span class='ocrx_word' id='word_1_483' title='bbox 1054 2114 1136 2155; x_wconf 89' lang='lat' dir='ltr'>quod</span> 
     </span>
     <span class='ocr_line' id='line_1_53' title="bbox 180 2153 1136 2198; baseline 0.003 -16"><span class='ocrx_word' id='word_1_484' title='bbox 180 2153 241 2183; x_wconf 84' lang='lat' dir='ltr'>suis</span> <span class='ocrx_word' id='word_1_485' title='bbox 250 2154 433 2193; x_wconf 88' lang='lat' dir='ltr'>polliceatur.</span> <span class='ocrx_word' id='word_1_486' title='bbox 458 2157 539 2196; x_wconf 76' lang='lat' dir='ltr'>Qd</span> <span class='ocrx_word' id='word_1_487' title='bbox 558 2167 613 2187; x_wconf 89' lang='lat' dir='ltr'>nos</span> <span class='ocrx_word' id='word_1_488' title='bbox 629 2160 640 2186; x_wconf 85' lang='lat'>?</span> <span class='ocrx_word' id='word_1_489' title='bbox 664 2156 813 2198; x_wconf 89' lang='lat' dir='ltr'>numquid</span> <span class='ocrx_word' id='word_1_490' title='bbox 830 2157 885 2186; x_wconf 89' lang='lat' dir='ltr'>tale</span> <span class='ocrx_word' id='word_1_491' title='bbox 896 2156 1063 2186; x_wconf 76' lang='lat' dir='ltr'>habemus?</span> <span class='ocrx_word' id='word_1_492' title='bbox 1081 2157 1136 2186; x_wconf 90' lang='lat' dir='ltr'>Dii</span> 
     </span>
     <span class='ocr_line' id='line_1_54' title="bbox 179 2194 1134 2240; baseline 0.003 -16"><span class='ocrx_word' id='word_1_493' title='bbox 179 2194 316 2225; x_wconf 84' lang='lat' dir='ltr'>meliora.</span> <span class='ocrx_word' id='word_1_494' title='bbox 340 2197 371 2226; x_wconf 91' lang='lat' dir='ltr'>id</span> <span class='ocrx_word' id='word_1_495' title='bbox 386 2199 469 2227; x_wconf 86' lang='lat' dir='ltr'>enim</span> <span class='ocrx_word' id='word_1_496' title='bbox 482 2199 581 2238; x_wconf 86' lang='lat' dir='ltr'>ipsum</span> <span class='ocrx_word' id='word_1_497' title='bbox 593 2201 720 2240; x_wconf 81' lang='lat' dir='ltr'>agimus,</span> <span class='ocrx_word' id='word_1_498' title='bbox 734 2209 771 2228; x_wconf 87' lang='lat' dir='ltr'>ne</span> <span class='ocrx_word' id='word_1_499' title='bbox 780 2197 846 2239; x_wconf 78' lang='lat' dir='ltr'>q‘uis</span> <span class='ocrx_word' id='word_1_500' title='bbox 855 2197 975 2238; x_wconf 85' lang='lat' dir='ltr'>posthac</span> <span class='ocrx_word' id='word_1_501' title='bbox 985 2198 1134 2238; x_wconf 86' lang='lat' dir='ltr'>ejusmodi</span> 
     </span>
     <span class='ocr_line' id='line_1_55' title="bbox 177 2235 1132 2279; baseline 0.002 -14"><span class='ocrx_word' id='word_1_502' title='bbox 177 2235 342 2277; x_wconf 87' lang='lat' dir='ltr'>quidquam</span> <span class='ocrx_word' id='word_1_503' title='bbox 353 2237 594 2279; x_wconf 77' lang='lat' dir='ltr'>poss&#39;itpolliceri.</span> <span class='ocrx_word' id='word_1_504' title='bbox 616 2242 734 2271; x_wconf 87' lang='lat' dir='ltr'>Invitus</span> <span class='ocrx_word' id='word_1_505' title='bbox 745 2241 813 2270; x_wconf 86' lang='lat' dir='ltr'>dico</span> <span class='ocrx_word' id='word_1_506' title='bbox 825 2260 833 2273; x_wconf 92' lang='lat'>‚</span> <span class='ocrx_word' id='word_1_507' title='bbox 846 2240 893 2270; x_wconf 89' lang='lat' dir='ltr'>sed</span> <span class='ocrx_word' id='word_1_508' title='bbox 906 2240 1069 2270; x_wconf 87' lang='lat' dir='ltr'>dicendum</span> <span class='ocrx_word' id='word_1_509' title='bbox 1080 2239 1132 2269; x_wconf 86' lang='lat' dir='ltr'>est.</span> 
     </span>
     <span class='ocr_line' id='line_1_56' title="bbox 177 2276 1132 2322; baseline 0.005 -16"><span class='ocrx_word' id='word_1_510' title='bbox 177 2276 267 2314; x_wconf 81' lang='lat' dir='ltr'>Hasta</span> <span class='ocrx_word' id='word_1_511' title='bbox 282 2280 385 2319; x_wconf 70' lang='lat' dir='ltr'>Caefhris</span> <span class='ocrx_word' id='word_1_512' title='bbox 396 2301 404 2313; x_wconf 90' lang='lat'>‚</span> <span class='ocrx_word' id='word_1_513' title='bbox 429 2290 523 2320; x_wconf 87' lang='lat' dir='ltr'>patres</span> <span class='ocrx_word' id='word_1_514' title='bbox 533 2282 710 2322; x_wconf 83' lang='lat' dir='ltr'>conscripti,</span> <span class='ocrx_word' id='word_1_515' title='bbox 731 2281 836 2312; x_wconf 86' lang='lat' dir='ltr'>multis</span> <span class='ocrx_word' id='word_1_516' title='bbox 850 2281 996 2321; x_wconf 85' lang='lat' dir='ltr'>improbis</span> <span class='ocrx_word' id='word_1_517' title='bbox 1009 2282 1040 2311; x_wconf 74' lang='grc' dir='ltr'>δε</span> <span class='ocrx_word' id='word_1_518' title='bbox 1052 2282 1132 2321; x_wconf 84' lang='lat' dir='ltr'>spem</span> 
     </span>
     <span class='ocr_line' id='line_1_57' title="bbox 175 2317 1134 2357; baseline 0.003 -8"><span class='ocrx_word' id='word_1_519' title='bbox 175 2317 269 2353; x_wconf 81' lang='lat' dir='ltr'>affert,</span> <span class='ocrx_word' id='word_1_520' title='bbox 282 2320 314 2350; x_wconf 92' lang='lat'>&amp;</span> <span class='ocrx_word' id='word_1_521' title='bbox 323 2321 488 2352; x_wconf 79' lang='lat' dir='ltr'>audaciam.</span> <span class='ocrx_word' id='word_1_522' title='bbox 511 2322 652 2353; x_wconf 86' lang='lat' dir='ltr'>viderunt</span> <span class='ocrx_word' id='word_1_523' title='bbox 668 2323 751 2353; x_wconf 86' lang='lat' dir='ltr'>enim</span> <span class='ocrx_word' id='word_1_524' title='bbox 764 2344 773 2357; x_wconf 96' lang='lat'><em>‚</em></span> <span class='ocrx_word' id='word_1_525' title='bbox 797 2333 835 2353; x_wconf 86' lang='lat' dir='ltr'>ex</span> <span class='ocrx_word' id='word_1_526' title='bbox 846 2323 993 2353; x_wconf 85' lang='lat' dir='ltr'>mendicis</span> <span class='ocrx_word' id='word_1_527' title='bbox 1003 2322 1068 2352; x_wconf 88' lang='lat' dir='ltr'>fieri</span> <span class='ocrx_word' id='word_1_528' title='bbox 1087 2333 1134 2352; x_wconf 89' lang='lat' dir='ltr'>re-</span> 
     </span>
     <span class='ocr_line' id='line_1_58' title="bbox 175 2361 1132 2405; baseline 0.004 -15"><span class='ocrx_word' id='word_1_529' title='bbox 175 2362 265 2401; x_wconf 75' lang='lat' dir='ltr'>pente</span> <span class='ocrx_word' id='word_1_530' title='bbox 276 2361 395 2393; x_wconf 86' lang='lat' dir='ltr'>divites.</span> <span class='ocrx_word' id='word_1_531' title='bbox 419 2365 518 2405; x_wconf 88' lang='lat' dir='ltr'>itaque</span> <span class='ocrx_word' id='word_1_532' title='bbox 528 2363 638 2394; x_wconf 86' lang='lat' dir='ltr'>hastam</span> <span class='ocrx_word' id='word_1_533' title='bbox 649 2366 764 2405; x_wconf 87' lang='lat' dir='ltr'>semper</span> <span class='ocrx_word' id='word_1_534' title='bbox 775 2365 877 2394; x_wconf 87' lang='lat' dir='ltr'>videre</span> <span class='ocrx_word' id='word_1_535' title='bbox 886 2366 1012 2404; x_wconf 80' lang='lat' dir='ltr'>cupiunt</span> <span class='ocrx_word' id='word_1_536' title='bbox 1022 2366 1043 2394; x_wconf 92' lang='lat' dir='ltr'>ii</span> <span class='ocrx_word' id='word_1_537' title='bbox 1055 2384 1063 2397; x_wconf 85' lang='lat'>‚</span> <span class='ocrx_word' id='word_1_538' title='bbox 1079 2366 1132 2405; x_wconf 90' lang='lat' dir='ltr'>qui</span> 
     </span>
     <span class='ocr_line' id='line_1_59' title="bbox 175 2401 1132 2448; baseline 0.003 -16"><span class='ocrx_word' id='word_1_539' title='bbox 175 2401 285 2433; x_wconf 83' lang='lat' dir='ltr'>nostris</span> <span class='ocrx_word' id='word_1_540' title='bbox 304 2403 393 2435; x_wconf 88' lang='lat' dir='ltr'>bonis</span> <span class='ocrx_word' id='word_1_541' title='bbox 413 2406 594 2436; x_wconf 86' lang='lat' dir='ltr'>imminent:</span> <span class='ocrx_word' id='word_1_542' title='bbox 619 2407 727 2448; x_wconf 86' lang='lat' dir='ltr'>quibus</span> <span class='ocrx_word' id='word_1_543' title='bbox 739 2408 845 2436; x_wconf 81' lang='lat' dir='ltr'>omnia</span> <span class='ocrx_word' id='word_1_544' title='bbox 862 2406 1020 2446; x_wconf 87' lang='lat' dir='ltr'>pollicetur</span> <span class='ocrx_word' id='word_1_545' title='bbox 1035 2409 1132 2435; x_wconf 84' lang='lat' dir='ltr'>Anto-</span> 
     </span>
     <span class='ocr_line' id='line_1_60' title="bbox 178 2444 1130 2488; baseline 0.004 -15"><span class='ocrx_word' id='word_1_546' title='bbox 178 2444 257 2474; x_wconf 89' lang='lat' dir='ltr'>nius.</span> <span class='ocrx_word' id='word_1_547' title='bbox 290 2445 370 2484; x_wconf 91' lang='lat' dir='ltr'>Quid</span> <span class='ocrx_word' id='word_1_548' title='bbox 390 2457 446 2477; x_wconf 87' lang='lat' dir='ltr'>nos</span> <span class='ocrx_word' id='word_1_549' title='bbox 464 2452 475 2478; x_wconf 87' lang='lat'>?</span> <span class='ocrx_word' id='word_1_550' title='bbox 505 2447 614 2478; x_wconf 87' lang='lat' dir='ltr'>nostris</span> <span class='ocrx_word' id='word_1_551' title='bbox 639 2448 821 2478; x_wconf 85' lang='lat' dir='ltr'>exercitibus</span> <span class='ocrx_word' id='word_1_552' title='bbox 837 2447 910 2488; x_wconf 74' lang='lat' dir='ltr'>quid</span> <span class='ocrx_word' id='word_1_553' title='bbox 928 2448 1130 2488; x_wconf 80' lang='lat' dir='ltr'>pollicemur?</span> 
     </span>
     <span class='ocr_line' id='line_1_61' title="bbox 175 2486 1131 2530; baseline 0.005 -16"><span class='ocrx_word' id='word_1_554' title='bbox 175 2486 276 2516; x_wconf 88' lang='lat' dir='ltr'>multo</span> <span class='ocrx_word' id='word_1_555' title='bbox 285 2488 412 2519; x_wconf 86' lang='lat' dir='ltr'>meliora</span> <span class='ocrx_word' id='word_1_556' title='bbox 421 2509 429 2522; x_wconf 94' lang='lat'>,</span> <span class='ocrx_word' id='word_1_557' title='bbox 450 2497 535 2530; x_wconf 87' lang='lat' dir='ltr'>atque</span> <span class='ocrx_word' id='word_1_558' title='bbox 547 2491 669 2530; x_wconf 83' lang='lat' dir='ltr'>majora.</span> <span class='ocrx_word' id='word_1_559' title='bbox 693 2493 878 2520; x_wconf 68' lang='lat' dir='ltr'>Sei-:LaimM</span> <span class='ocrx_word' id='word_1_560' title='bbox 898 2491 982 2519; x_wconf 90' lang='lat' dir='ltr'>enim</span> <span class='ocrx_word' id='word_1_561' title='bbox 1001 2490 1131 2529; x_wconf 88' lang='lat' dir='ltr'>promis-</span> 
     </span>
     <span class='ocr_line' id='line_1_62' title="bbox 173 2525 1129 2572; baseline 0.004 -16"><span class='ocrx_word' id='word_1_562' title='bbox 173 2525 226 2561; x_wconf 82' lang='lat' dir='ltr'>fio,</span> <span class='ocrx_word' id='word_1_563' title='bbox 239 2527 271 2557; x_wconf 69' lang='grc' dir='ltr'>δι’.</span> <span class='ocrx_word' id='word_1_564' title='bbox 282 2529 319 2557; x_wconf 86' lang='lat' dir='ltr'>iis</span> <span class='ocrx_word' id='word_1_565' title='bbox 329 2548 338 2563; x_wconf 87' lang='lat'><em>‚</em></span> <span class='ocrx_word' id='word_1_566' title='bbox 350 2531 401 2569; x_wconf 90' lang='lat' dir='ltr'>qui</span> <span class='ocrx_word' id='word_1_567' title='bbox 412 2530 583 2570; x_wconf 62' lang='lat' dir='ltr'>exspefilant</span> <span class='ocrx_word' id='word_1_568' title='bbox 593 2551 601 2565; x_wconf 92' lang='lat'>,</span> <span class='ocrx_word' id='word_1_569' title='bbox 612 2532 778 2571; x_wconf 85' lang='lat' dir='ltr'>perniciosa</span> <span class='ocrx_word' id='word_1_570' title='bbox 788 2530 844 2561; x_wconf 85' lang='lat' dir='ltr'>est:</span> <span class='ocrx_word' id='word_1_571' title='bbox 869 2531 950 2561; x_wconf 88' lang='lat' dir='ltr'>&amp;iis</span> <span class='ocrx_word' id='word_1_572' title='bbox 960 2550 968 2564; x_wconf 87' lang='lat'>,</span> <span class='ocrx_word' id='word_1_573' title='bbox 991 2532 1042 2572; x_wconf 87' lang='lat' dir='ltr'>qui</span> <span class='ocrx_word' id='word_1_574' title='bbox 1059 2540 1129 2571; x_wconf 79' lang='lat' dir='ltr'>pro-</span> 
     </span>
     <span class='ocr_line' id='line_1_63' title="bbox 175 2570 1129 2614; baseline 0.005 -17"><span class='ocrx_word' id='word_1_575' title='bbox 175 2570 313 2599; x_wconf 87' lang='lat' dir='ltr'>mittunt.</span> <span class='ocrx_word' id='word_1_576' title='bbox 338 2572 404 2601; x_wconf 87' lang='lat' dir='ltr'>Nos</span> <span class='ocrx_word' id='word_1_577' title='bbox 414 2573 523 2602; x_wconf 86' lang='lat' dir='ltr'>nostris</span> <span class='ocrx_word' id='word_1_578' title='bbox 533 2573 686 2603; x_wconf 81' lang='lat' dir='ltr'>militibus</span> <span class='ocrx_word' id='word_1_579' title='bbox 695 2573 864 2602; x_wconf 86' lang='lat' dir='ltr'>libertatem</span> <span class='ocrx_word' id='word_1_580' title='bbox 875 2592 884 2606; x_wconf 87' lang='lat'>,</span> <span class='ocrx_word' id='word_1_581' title='bbox 893 2573 968 2612; x_wconf 82' lang='lat' dir='ltr'>jura,</span> <span class='ocrx_word' id='word_1_582' title='bbox 981 2573 1070 2614; x_wconf 85' lang='lat' dir='ltr'>leges,</span> <span class='ocrx_word' id='word_1_583' title='bbox 1079 2574 1129 2611; x_wconf 82' lang='lat' dir='ltr'>ju-</span> 
     </span>
     <span class='ocr_line' id='line_1_64' title="bbox 172 2609 1127 2655; baseline 0.004 -15"><span class='ocrx_word' id='word_1_584' title='bbox 172 2609 250 2640; x_wconf 88' lang='lat' dir='ltr'>dicia</span> <span class='ocrx_word' id='word_1_585' title='bbox 260 2631 268 2644; x_wconf 89' lang='lat'>,</span> <span class='ocrx_word' id='word_1_586' title='bbox 289 2613 452 2651; x_wconf 81' lang='lat' dir='ltr'>imperium</span> <span class='ocrx_word' id='word_1_587' title='bbox 464 2614 546 2644; x_wconf 85' lang='lat' dir='ltr'>orbis</span> <span class='ocrx_word' id='word_1_588' title='bbox 557 2624 637 2645; x_wconf 71' lang='lat' dir='ltr'>terrae</span> <span class='ocrx_word' id='word_1_589' title='bbox 650 2635 659 2648; x_wconf 92' lang='lat'>,</span> <span class='ocrx_word' id='word_1_590' title='bbox 680 2615 855 2655; x_wconf 85' lang='lat' dir='ltr'>dignitatem</span> <span class='ocrx_word' id='word_1_591' title='bbox 869 2634 877 2647; x_wconf 93' lang='lat'>,</span> <span class='ocrx_word' id='word_1_592' title='bbox 893 2623 995 2654; x_wconf 83' lang='lat' dir='ltr'>pacem</span> <span class='ocrx_word' id='word_1_593' title='bbox 1008 2633 1016 2647; x_wconf 89' lang='lat'>‚</span> <span class='ocrx_word' id='word_1_594' title='bbox 1030 2617 1127 2644; x_wconf 88' lang='lat' dir='ltr'>otium</span> 
     </span>
     <span class='ocr_line' id='line_1_65' title="bbox 172 2652 1129 2696; baseline 0.004 -15"><span class='ocrx_word' id='word_1_595' title='bbox 172 2652 362 2692; x_wconf 84' lang='lat' dir='ltr'>pollicemur.</span> <span class='ocrx_word' id='word_1_596' title='bbox 386 2657 514 2685; x_wconf 81' lang='lat' dir='ltr'>Antonii</span> <span class='ocrx_word' id='word_1_597' title='bbox 527 2659 614 2696; x_wconf 86' lang='lat' dir='ltr'>igitur</span> <span class='ocrx_word' id='word_1_598' title='bbox 623 2653 774 2696; x_wconf 80' lang='lat' dir='ltr'>protnifla,</span> <span class='ocrx_word' id='word_1_599' title='bbox 785 2664 905 2685; x_wconf 87' lang='lat' dir='ltr'>cruenta</span> <span class='ocrx_word' id='word_1_600' title='bbox 915 2675 924 2689; x_wconf 85' lang='lat'>,</span> <span class='ocrx_word' id='word_1_601' title='bbox 936 2663 1027 2688; x_wconf 84' lang='lat' dir='ltr'>taetra,</span> <span class='ocrx_word' id='word_1_602' title='bbox 1040 2656 1129 2685; x_wconf 87' lang='lat' dir='ltr'>scele-</span> 
     </span>
     <span class='ocr_line' id='line_1_66' title="bbox 170 2693 1128 2738; baseline 0.003 -15"><span class='ocrx_word' id='word_1_603' title='bbox 170 2702 239 2727; x_wconf 88' lang='lat' dir='ltr'>rata,</span> <span class='ocrx_word' id='word_1_604' title='bbox 253 2693 323 2728; x_wconf 88' lang='lat' dir='ltr'>diis,</span> <span class='ocrx_word' id='word_1_605' title='bbox 338 2696 572 2738; x_wconf 85' lang='lat' dir='ltr'>hominibusque</span> <span class='ocrx_word' id='word_1_606' title='bbox 590 2698 684 2728; x_wconf 88' lang='lat' dir='ltr'>invisa</span> <span class='ocrx_word' id='word_1_607' title='bbox 695 2717 702 2730; x_wconf 92' lang='lat'>,</span> <span class='ocrx_word' id='word_1_608' title='bbox 718 2707 775 2726; x_wconf 85' lang='lat' dir='ltr'>nec</span> <span class='ocrx_word' id='word_1_609' title='bbox 785 2697 942 2730; x_wconf 84' lang='lat' dir='ltr'>diuturna,</span> <span class='ocrx_word' id='word_1_610' title='bbox 955 2706 1010 2726; x_wconf 87' lang='lat' dir='ltr'>nec</span> <span class='ocrx_word' id='word_1_611' title='bbox 1023 2697 1128 2727; x_wconf 83' lang='lat' dir='ltr'>saluta—</span> 
     </span>
     <span class='ocr_line' id='line_1_67' title="bbox 168 2735 1125 2780; baseline 0.003 -15"><span class='ocrx_word' id='word_1_612' title='bbox 168 2736 226 2766; x_wconf 77' lang='lat' dir='ltr'>ria:</span> <span class='ocrx_word' id='word_1_613' title='bbox 249 2735 347 2767; x_wconf 84' lang='lat' dir='ltr'>nostra</span> <span class='ocrx_word' id='word_1_614' title='bbox 357 2747 468 2772; x_wconf 88' lang='lat' dir='ltr'>contra,</span> <span class='ocrx_word' id='word_1_615' title='bbox 481 2738 613 2773; x_wconf 86' lang='lat' dir='ltr'>honesta,</span> <span class='ocrx_word' id='word_1_616' title='bbox 626 2742 747 2780; x_wconf 87' lang='lat' dir='ltr'>integra,</span> <span class='ocrx_word' id='word_1_617' title='bbox 757 2738 896 2778; x_wconf 86' lang='lat' dir='ltr'>gloriosa,</span> <span class='ocrx_word' id='word_1_618' title='bbox 908 2739 995 2778; x_wconf 87' lang='lat' dir='ltr'>plena</span> <span class='ocrx_word' id='word_1_619' title='bbox 1007 2739 1125 2772; x_wconf 85' lang='lat' dir='ltr'>laetiti&#39;ae,</span> 
     </span>
     <span class='ocr_line' id='line_1_68' title="bbox 130 2777 1126 2820; baseline 0.003 -14"><span class='ocrx_word' id='word_1_620' title='bbox 130 2785 155 2817; x_wconf 83' lang='lat'>4</span> <span class='ocrx_word' id='word_1_621' title='bbox 167 2777 255 2816; x_wconf 89' lang='lat' dir='ltr'>plena</span> <span class='ocrx_word' id='word_1_622' title='bbox 263 2780 386 2818; x_wconf 86' lang='lat' dir='ltr'>pietatis.</span> <span class='ocrx_word' id='word_1_623' title='bbox 413 2779 472 2810; x_wconf 80' lang='lat' dir='ltr'>Hic</span> <span class='ocrx_word' id='word_1_624' title='bbox 484 2781 560 2810; x_wconf 90' lang='lat' dir='ltr'>mihi</span> <span class='ocrx_word' id='word_1_625' title='bbox 572 2783 661 2811; x_wconf 89' lang='lat' dir='ltr'>etiam</span> <span class='ocrx_word' id='word_1_626' title='bbox 677 2783 767 2820; x_wconf 75' lang='lat' dir='ltr'>QFu</span> <span class='ocrx_word' id='word_1_627' title='bbox 775 2779 840 2814; x_wconf 81' lang='lat' dir='ltr'>fius,</span> <span class='ocrx_word' id='word_1_628' title='bbox 851 2782 897 2810; x_wconf 87' lang='lat' dir='ltr'>vir</span> <span class='ocrx_word' id='word_1_629' title='bbox 906 2780 1004 2814; x_wconf 77' lang='lat' dir='ltr'>fortis,</span> <span class='ocrx_word' id='word_1_630' title='bbox 1014 2790 1046 2809; x_wconf 88' lang='lat' dir='ltr'>ac</span> <span class='ocrx_word' id='word_1_631' title='bbox 1054 2779 1126 2810; x_wconf 89' lang='lat' dir='ltr'>stre-</span> 
     </span>
     <span class='ocr_line' id='line_1_69' title="bbox 168 2820 1125 2863; baseline 0.004 -16"><span class='ocrx_word' id='word_1_632' title='bbox 168 2826 264 2853; x_wconf 88' lang='lat' dir='ltr'>nuus,</span> <span class='ocrx_word' id='word_1_633' title='bbox 289 2823 403 2850; x_wconf 88' lang='lat' dir='ltr'>amicus</span> <span class='ocrx_word' id='word_1_634' title='bbox 423 2832 509 2852; x_wconf 89' lang='lat' dir='ltr'>meus</span> <span class='ocrx_word' id='word_1_635' title='bbox 520 2842 528 2856; x_wconf 91' lang='lat'>‚</span> <span class='ocrx_word' id='word_1_636' title='bbox 545 2830 619 2863; x_wconf 78' lang='lat' dir='ltr'>pacu</span> <span class='ocrx_word' id='word_1_637' title='bbox 634 2823 774 2851; x_wconf 79' lang='lat' dir='ltr'>commoda</span> <span class='ocrx_word' id='word_1_638' title='bbox 792 2830 1022 2852; x_wconf 83' lang='lat' dir='ltr'>commemorat.</span> <span class='ocrx_word' id='word_1_639' title='bbox 1046 2820 1125 2862; x_wconf 85' lang='lat' dir='ltr'>quasi</span> 
     </span>
     <span class='ocr_line' id='line_1_70' title="bbox 165 2859 1123 2906; baseline 0.003 -17"><span class='ocrx_word' id='word_1_640' title='bbox 165 2859 237 2889; x_wconf 73' lang='lat' dir='ltr'>verb</span> <span class='ocrx_word' id='word_1_641' title='bbox 247 2880 256 2894; x_wconf 72' lang='lat'><em>2</em></span> <span class='ocrx_word' id='word_1_642' title='bbox 269 2860 289 2890; x_wconf 89' lang='lat' dir='ltr'>si</span> <span class='ocrx_word' id='word_1_643' title='bbox 299 2862 441 2893; x_wconf 84' lang='lat' dir='ltr'>laudanda</span> <span class='ocrx_word' id='word_1_644' title='bbox 459 2873 516 2903; x_wconf 85' lang='lat' dir='ltr'>pax</span> <span class='ocrx_word' id='word_1_645' title='bbox 530 2863 618 2899; x_wconf 72' lang='lat' dir='ltr'>esset,</span> <span class='ocrx_word' id='word_1_646' title='bbox 639 2874 693 2906; x_wconf 85' lang='lat' dir='ltr'>ego</span> <span class='ocrx_word' id='word_1_647' title='bbox 707 2863 738 2894; x_wconf 91' lang='lat' dir='ltr'>id</span> <span class='ocrx_word' id='word_1_648' title='bbox 758 2867 840 2905; x_wconf 79' lang='lat' dir='ltr'>aeque.</span> <span class='ocrx_word' id='word_1_649' title='bbox 854 2863 1019 2893; x_wconf 71' lang='lat' dir='ltr'>commode</span> <span class='ocrx_word' id='word_1_650' title='bbox 1029 2862 1123 2894; x_wconf 86' lang='lat' dir='ltr'>facere</span> 
     </span>
     <span class='ocr_line' id='line_1_71' title="bbox 166 2901 1120 2947; baseline 0.004 -17"><span class='ocrx_word' id='word_1_651' title='bbox 166 2909 232 2930; x_wconf 84' lang='lat' dir='ltr'>non</span> <span class='ocrx_word' id='word_1_652' title='bbox 240 2901 364 2941; x_wconf 80' lang='lat' dir='ltr'>poss&#39;em.</span> <span class='ocrx_word' id='word_1_653' title='bbox 389 2905 479 2934; x_wconf 85' lang='lat' dir='ltr'>semel</span> <span class='ocrx_word' id='word_1_654' title='bbox 490 2908 573 2936; x_wconf 89' lang='lat' dir='ltr'>enim</span> <span class='ocrx_word' id='word_1_655' title='bbox 585 2916 688 2947; x_wconf 84' lang='lat' dir='ltr'>pacem</span> <span class='ocrx_word' id='word_1_656' title='bbox 700 2905 821 2936; x_wconf 81' lang='lat' dir='ltr'>defendi</span> <span class='ocrx_word' id='word_1_657' title='bbox 835 2915 914 2935; x_wconf 87' lang='lat' dir='ltr'>:non</span> <span class='ocrx_word' id='word_1_658' title='bbox 928 2906 1044 2944; x_wconf 80' lang='lat' dir='ltr'>semper</span> <span class='ocrx_word' id='word_1_659' title='bbox 1055 2906 1120 2934; x_wconf 88' lang='lat' dir='ltr'>otio</span> 
     </span>
    </p>
   </div>
   <div class='ocr_carea' id='block_1_14' title="bbox 167 2939 1141 2987">
    <p class='ocr_par' dir='ltr' id='par_1_14' title="bbox 167 2939 1141 2987">
     <span class='ocr_line' id='line_1_72' title="bbox 167 2939 1141 2987; baseline 0.014 -17"><span class='ocrx_word' id='word_1_660' title='bbox 167 2939 282 2972; x_wconf 79' lang='lat' dir='ltr'>studui:</span> <span class='ocrx_word' id='word_1_661' title='bbox 305 2945 385 2985; x_wconf 88' lang='lat' dir='ltr'>quod</span> <span class='ocrx_word' id='word_1_662' title='bbox 395 2956 465 2977; x_wconf 86' lang='lat' dir='ltr'>cum</span> <span class='ocrx_word' id='word_1_663' title='bbox 478 2948 622 2978; x_wconf 87' lang='lat' dir='ltr'>omnibus</span> <span class='ocrx_word' id='word_1_664' title='bbox 632 2948 721 2979; x_wconf 85' lang='lat' dir='ltr'>bonis</span> <span class='ocrx_word' id='word_1_665' title='bbox 735 2949 807 2978; x_wconf 82' lang='lat' dir='ltr'>utile</span> <span class='ocrx_word' id='word_1_666' title='bbox 817 2947 859 2978; x_wconf 89' lang='lat' dir='ltr'>cst</span> <span class='ocrx_word' id='word_1_667' title='bbox 869 2967 877 2982; x_wconf 93' lang='lat'>,</span> <span class='ocrx_word' id='word_1_668' title='bbox 896 2956 960 2977; x_wconf 88' lang='lat' dir='ltr'>tum</span> <span class='ocrx_word' id='word_1_669' title='bbox 971 2947 1120 2987; x_wconf 54' lang='lat' dir='ltr'>praeciput‘t</span> <span class='ocrx_word' id='word_1_670' title='bbox 1138 2969 1141 2984; x_wconf 81' lang='lat' dir='ltr'>i</span> 
     </span>
    </p>
   </div>
   <div class='ocr_carea' id='block_1_15' title="bbox 1160 495 1180 1725">
    <p class='ocr_par' dir='ltr' id='par_1_15' title="bbox 1160 495 1180 1725">
     <span class='ocr_line' id='line_1_73' title="bbox 1160 495 1180 1725; baseline 0 0"><span class='ocrx_word' id='word_1_671' title='bbox 1160 495 1180 1725; x_wconf 95' lang='lat' dir='ltr'> </span> 
     </span>
    </p>
   </div>
   <div class='ocr_carea' id='block_1_16' title="bbox 1147 1907 1162 2894">
    <p class='ocr_par' dir='ltr' id='par_1_16' title="bbox 1147 1907 1162 2894">
     <span class='ocr_line' id='line_1_74' title="bbox 1147 1907 1162 2894; baseline 0 0"><span class='ocrx_word' id='word_1_672' title='bbox 1147 1907 1162 2894; x_wconf 95' lang='lat' dir='ltr'> </span> 
     </span>
    </p>
   </div>
   <div class='ocr_carea' id='block_1_17' title="bbox 1197 462 2160 748">
    <p class='ocr_par' dir='ltr' id='par_1_17' title="bbox 1197 462 2160 748">
     <span class='ocr_line' id='line_1_75' title="bbox 2103 469 2160 489; baseline 0 0"><span class='ocrx_word' id='word_1_673' title='bbox 2103 469 2160 489; x_wconf 56' lang='grc' dir='ltr'>σε</span> 
     </span>
     <span class='ocr_line' id='line_1_76' title="bbox 1203 462 2159 540; baseline 0.014 -22"><span class='ocrx_word' id='word_1_674' title='bbox 1203 492 1428 536; x_wconf 76' lang='lat' dir='ltr'>cAtJSAjustior</span> <span class='ocrx_word' id='word_1_675' title='bbox 1441 496 1482 524; x_wconf 81' lang='lat' dir='ltr'>est</span> <span class='ocrx_word' id='word_1_676' title='bbox 1494 496 1563 526; x_wconf 71' lang='lat' dir='ltr'>belli</span> <span class='ocrx_word' id='word_1_677' title='bbox 1574 500 1694 537; x_wconf 82' lang='lat' dir='ltr'>gerendi</span> <span class='ocrx_word' id='word_1_678' title='bbox 1706 519 1714 533; x_wconf 86' lang='lat'>‚</span> <span class='ocrx_word' id='word_1_679' title='bbox 1729 501 1820 540; x_wconf 66' lang='lat' dir='ltr'>quam</span> <span class='ocrx_word' id='word_1_680' title='bbox 1832 501 1982 530; x_wconf 75' lang='lat' dir='ltr'>servituris</span> <span class='ocrx_word' id='word_1_681' title='bbox 2000 462 2159 540; x_wconf 39' lang='lat' dir='ltr'>deptslffi‘o?</span> 
     </span>
     <span class='ocr_line' id='line_1_77' title="bbox 1203 533 2158 572; baseline 0.014 -13"><span class='ocrx_word' id='word_1_682' title='bbox 1203 541 1234 560; x_wconf 87' lang='lat' dir='ltr'>iri</span> <span class='ocrx_word' id='word_1_683' title='bbox 1246 542 1303 572; x_wconf 84' lang='lat' dir='ltr'>qua</span> <span class='ocrx_word' id='word_1_684' title='bbox 1316 535 1405 563; x_wconf 86' lang='lat' dir='ltr'>etiam</span> <span class='ocrx_word' id='word_1_685' title='bbox 1420 533 1439 563; x_wconf 83' lang='lat' dir='ltr'>fi</span> <span class='ocrx_word' id='word_1_686' title='bbox 1451 545 1512 565; x_wconf 86' lang='lat' dir='ltr'>nou</span> <span class='ocrx_word' id='word_1_687' title='bbox 1524 536 1557 567; x_wconf 88' lang='lat' dir='ltr'>sit</span> <span class='ocrx_word' id='word_1_688' title='bbox 1576 540 1719 570; x_wconf 73' lang='lat' dir='ltr'>molestiis</span> <span class='ocrx_word' id='word_1_689' title='bbox 1731 544 1891 571; x_wconf 84' lang='lat' dir='ltr'>dominus:</span> <span class='ocrx_word' id='word_1_690' title='bbox 1916 551 2015 572; x_wconf 85' lang='lat' dir='ltr'>tamen</span> <span class='ocrx_word' id='word_1_691' title='bbox 2035 542 2076 572; x_wconf 83' lang='lat' dir='ltr'>est</span> <span class='ocrx_word' id='word_1_692' title='bbox 2095 544 2158 572; x_wconf 86' lang='lat' dir='ltr'>mi-</span> 
     </span>
     <span class='ocr_line' id='line_1_78' title="bbox 1199 572 2158 621; baseline 0.013 -20"><span class='ocrx_word' id='word_1_693' title='bbox 1199 572 1356 618; x_wconf 77' lang='lat' dir='ltr'>serrimum</span> <span class='ocrx_word' id='word_1_694' title='bbox 1370 593 1377 607; x_wconf 81' lang='lat'>‚</span> <span class='ocrx_word' id='word_1_695' title='bbox 1387 576 1465 614; x_wconf 77' lang='lat' dir='ltr'>poff:‚</span> <span class='ocrx_word' id='word_1_696' title='bbox 1478 576 1498 620; x_wconf 77' lang='lat' dir='ltr'>si</span> <span class='ocrx_word' id='word_1_697' title='bbox 1513 580 1592 608; x_wconf 81' lang='lat' dir='ltr'>velit.</span> <span class='ocrx_word' id='word_1_698' title='bbox 1619 581 1722 611; x_wconf 76' lang='lat' dir='ltr'>Immo</span> <span class='ocrx_word' id='word_1_699' title='bbox 1733 583 1796 612; x_wconf 75' lang='lat' dir='ltr'>aliae</span> <span class='ocrx_word' id='word_1_700' title='bbox 1806 582 2007 621; x_wconf 72' lang='lat' dir='ltr'>causaejustae3</span> <span class='ocrx_word' id='word_1_701' title='bbox 2032 585 2093 613; x_wconf 81' lang='lat' dir='ltr'>haec</span> <span class='ocrx_word' id='word_1_702' title='bbox 2104 594 2158 613; x_wconf 85' lang='lat' dir='ltr'>ne-</span> 
     </span>
     <span class='ocr_line' id='line_1_79' title="bbox 1200 613 2157 665; baseline 0.015 -23"><span class='ocrx_word' id='word_1_703' title='bbox 1200 613 1315 644; x_wconf 77' lang='lat' dir='ltr'>ccssaria</span> <span class='ocrx_word' id='word_1_704' title='bbox 1327 614 1377 645; x_wconf 81' lang='lat' dir='ltr'>est.</span> <span class='ocrx_word' id='word_1_705' title='bbox 1402 616 1456 646; x_wconf 85' lang='lat' dir='ltr'>nisi</span> <span class='ocrx_word' id='word_1_706' title='bbox 1473 619 1550 648; x_wconf 71' lang='lat' dir='ltr'>rorte</span> <span class='ocrx_word' id='word_1_707' title='bbox 1562 620 1594 649; x_wconf 78' lang='lat' dir='ltr'>ad</span> <span class='ocrx_word' id='word_1_708' title='bbox 1608 630 1634 650; x_wconf 81' lang='lat' dir='ltr'>te</span> <span class='ocrx_word' id='word_1_709' title='bbox 1648 623 1704 652; x_wconf 89' lang='lat' dir='ltr'>hoc</span> <span class='ocrx_word' id='word_1_710' title='bbox 1714 633 1777 653; x_wconf 86' lang='lat' dir='ltr'>non</span> <span class='ocrx_word' id='word_1_711' title='bbox 1794 633 1876 663; x_wconf 83' lang='lat' dir='ltr'>putas</span> <span class='ocrx_word' id='word_1_712' title='bbox 1889 627 2036 664; x_wconf 75' lang='lat' dir='ltr'>pertinere</span> <span class='ocrx_word' id='word_1_713' title='bbox 2047 645 2055 659; x_wconf 87' lang='lat'>,</span> <span class='ocrx_word' id='word_1_714' title='bbox 2076 625 2157 665; x_wconf 75' lang='lat' dir='ltr'>quod</span> 
     </span>
     <span class='ocr_line' id='line_1_80' title="bbox 1199 656 2157 707; baseline 0.013 -23"><span class='ocrx_word' id='word_1_715' title='bbox 1199 664 1227 684; x_wconf 88' lang='lat' dir='ltr'>te</span> <span class='ocrx_word' id='word_1_716' title='bbox 1242 656 1355 702; x_wconf 80' lang='lat' dir='ltr'>socium</span> <span class='ocrx_word' id='word_1_717' title='bbox 1380 656 1444 687; x_wconf 83' lang='lat' dir='ltr'>fore</span> <span class='ocrx_word' id='word_1_718' title='bbox 1464 659 1558 698; x_wconf 79' lang='lat' dir='ltr'>speras</span> <span class='ocrx_word' id='word_1_719' title='bbox 1577 662 1795 694; x_wconf 82' lang='lat' dir='ltr'>dominationis</span> <span class='ocrx_word' id='word_1_720' title='bbox 1814 668 1953 695; x_wconf 83' lang='lat' dir='ltr'>Antonii.</span> <span class='ocrx_word' id='word_1_721' title='bbox 1977 669 2010 695; x_wconf 85' lang='lat' dir='ltr'>in</span> <span class='ocrx_word' id='word_1_722' title='bbox 2031 676 2093 707; x_wconf 89' lang='lat' dir='ltr'>quo</span> <span class='ocrx_word' id='word_1_723' title='bbox 2112 667 2157 696; x_wconf 84' lang='lat' dir='ltr'>bis</span> 
     </span>
     <span class='ocr_line' id='line_1_81' title="bbox 1197 695 2156 748; baseline 0.016 -24"><span class='ocrx_word' id='word_1_724' title='bbox 1197 695 1326 726; x_wconf 73' lang='lat' dir='ltr'>falleris:</span> <span class='ocrx_word' id='word_1_725' title='bbox 1347 701 1482 737; x_wconf 86' lang='lat' dir='ltr'>primum</span> <span class='ocrx_word' id='word_1_726' title='bbox 1494 701 1575 740; x_wconf 77' lang='lat' dir='ltr'>quod</span> <span class='ocrx_word' id='word_1_727' title='bbox 1585 711 1649 732; x_wconf 82' lang='lat' dir='ltr'>tuas</span> <span class='ocrx_word' id='word_1_728' title='bbox 1663 707 1791 734; x_wconf 82' lang='lat' dir='ltr'>rationes</span> <span class='ocrx_word' id='word_1_729' title='bbox 1800 707 2017 737; x_wconf 71' lang='lat' dir='ltr'>communibus</span> <span class='ocrx_word' id='word_1_730' title='bbox 2032 718 2156 748; x_wconf 83' lang='lat' dir='ltr'>antepo-</span> 
     </span>
    </p>
   </div>
   <div class='ocr_carea' id='block_1_18' title="bbox 1130 738 2157 789">
    <p class='ocr_par' dir='ltr' id='par_1_18' title="bbox 1130 738 2157 789">
     <span class='ocr_line' id='line_1_82' title="bbox 1130 738 2157 789; baseline 0.015 -24"><span class='ocrx_word' id='word_1_731' title='bbox 1130 741 1154 772; x_wconf 89' lang='lat' dir='ltr'>st</span> <span class='ocrx_word' id='word_1_732' title='bbox 1174 768 1175 772; x_wconf 47' lang='lat'>,</span> <span class='ocrx_word' id='word_1_733' title='bbox 1197 739 1262 767; x_wconf 91' lang='lat' dir='ltr'>nis:</span> <span class='ocrx_word' id='word_1_734' title='bbox 1285 738 1395 769; x_wconf 82' lang='lat' dir='ltr'>deinde</span> <span class='ocrx_word' id='word_1_735' title='bbox 1407 761 1415 773; x_wconf 95' lang='lat'><em>‚</em></span> <span class='ocrx_word' id='word_1_736' title='bbox 1427 741 1508 781; x_wconf 75' lang='lat' dir='ltr'>quod</span> <span class='ocrx_word' id='word_1_737' title='bbox 1521 743 1684 786; x_wconf 72' lang='lat' dir='ltr'>quidquam</span> <span class='ocrx_word' id='word_1_738' title='bbox 1695 744 1796 780; x_wconf 62' lang='lat' dir='ltr'>stabile</span> <span class='ocrx_word' id='word_1_739' title='bbox 1806 750 1837 776; x_wconf 86' lang='lat' dir='ltr'>in</span> <span class='ocrx_word' id='word_1_740' title='bbox 1852 758 1943 788; x_wconf 79' lang='lat' dir='ltr'>regno</span> <span class='ocrx_word' id='word_1_741' title='bbox 1954 769 1962 782; x_wconf 87' lang='lat'>‚</span> <span class='ocrx_word' id='word_1_742' title='bbox 1982 751 2157 789; x_wconf 75' lang='lat' dir='ltr'>autj&#39;ucun·</span> 
     </span>
    </p>
   </div>
   <div class='ocr_carea' id='block_1_19' title="bbox 1190 778 2153 1077">
    <p class='ocr_par' dir='ltr' id='par_1_19' title="bbox 1190 778 2153 1077">
     <span class='ocr_line' id='line_1_83' title="bbox 1197 778 2153 830; baseline 0.012 -22"><span class='ocrx_word' id='word_1_743' title='bbox 1197 778 1270 808; x_wconf 85' lang='lat' dir='ltr'>dum</span> <span class='ocrx_word' id='word_1_744' title='bbox 1289 790 1381 820; x_wconf 86' lang='lat' dir='ltr'>putas.</span> <span class='ocrx_word' id='word_1_745' title='bbox 1407 792 1490 816; x_wconf 83' lang='lat' dir='ltr'>non,</span> <span class='ocrx_word' id='word_1_746' title='bbox 1512 785 1531 813; x_wconf 80' lang='lat'>11</span> <span class='ocrx_word' id='word_1_747' title='bbox 1550 785 1604 814; x_wconf 87' lang='lat' dir='ltr'>tibi</span> <span class='ocrx_word' id='word_1_748' title='bbox 1624 795 1706 816; x_wconf 85' lang='lat' dir='ltr'>antca</span> <span class='ocrx_word' id='word_1_749' title='bbox 1726 787 1858 826; x_wconf 76' lang='lat' dir='ltr'>profuit,</span> <span class='ocrx_word' id='word_1_750' title='bbox 1877 791 1990 829; x_wconf 85' lang='lat' dir='ltr'>semper</span> <span class='ocrx_word' id='word_1_751' title='bbox 2009 791 2153 830; x_wconf 79' lang='lat' dir='ltr'>proderit.</span> 
     </span>
     <span class='ocr_line' id='line_1_84' title="bbox 1197 823 2148 873; baseline 0.014 -24"><span class='ocrx_word' id='word_1_752' title='bbox 1197 823 1390 861; x_wconf 82' lang='lat' dir='ltr'>Qiiuetiam‚</span> <span class='ocrx_word' id='word_1_753' title='bbox 1405 827 1553 859; x_wconf 83' lang='lat' dir='ltr'>memini,</span> <span class='ocrx_word' id='word_1_754' title='bbox 1572 827 1672 857; x_wconf 87' lang='lat' dir='ltr'>deillo</span> <span class='ocrx_word' id='word_1_755' title='bbox 1684 829 1812 858; x_wconf 85' lang='lat' dir='ltr'>homine</span> <span class='ocrx_word' id='word_1_756' title='bbox 1829 833 1911 869; x_wconf 90' lang='lat' dir='ltr'>queri</span> <span class='ocrx_word' id='word_1_757' title='bbox 1928 831 2058 861; x_wconf 79' lang='lat' dir='ltr'>solebas:</span> <span class='ocrx_word' id='word_1_758' title='bbox 2075 832 2148 873; x_wconf 84' lang='lat' dir='ltr'>quid</span> 
     </span>
     <span class='ocr_line' id='line_1_85' title="bbox 1195 862 2153 913; baseline 0.014 -22"><span class='ocrx_word' id='word_1_759' title='bbox 1195 870 1222 891; x_wconf 84' lang='lat' dir='ltr'>te</span> <span class='ocrx_word' id='word_1_760' title='bbox 1233 862 1384 894; x_wconf 63' lang='lat' dir='ltr'>laetarum</span> <span class='ocrx_word' id='word_1_761' title='bbox 1394 864 1430 894; x_wconf 88' lang='lat' dir='ltr'>de</span> <span class='ocrx_word' id='word_1_762' title='bbox 1442 866 1540 897; x_wconf 76' lang='lat' dir='ltr'>bellua</span> <span class='ocrx_word' id='word_1_763' title='bbox 1550 872 1654 907; x_wconf 80' lang='lat' dir='ltr'>putas?</span> <span class='ocrx_word' id='word_1_764' title='bbox 1676 873 1690 888; x_wconf 81' lang='lat'>²</span> <span class='ocrx_word' id='word_1_765' title='bbox 1708 872 1799 910; x_wconf 83' lang='lat' dir='ltr'>Atqui</span> <span class='ocrx_word' id='word_1_766' title='bbox 1812 873 1835 899; x_wconf 85' lang='lat' dir='ltr'>is</span> <span class='ocrx_word' id='word_1_767' title='bbox 1849 881 1878 900; x_wconf 87' lang='lat' dir='ltr'>es</span> <span class='ocrx_word' id='word_1_768' title='bbox 1890 891 1898 903; x_wconf 90' lang='lat'>,</span> <span class='ocrx_word' id='word_1_769' title='bbox 1913 875 1965 912; x_wconf 87' lang='lat' dir='ltr'>qui</span> <span class='ocrx_word' id='word_1_770' title='bbox 1976 873 2089 912; x_wconf 82' lang='lat' dir='ltr'>semper</span> <span class='ocrx_word' id='word_1_771' title='bbox 2099 883 2153 913; x_wconf 80' lang='lat' dir='ltr'>pa-</span> 
     </span>
     <span class='ocr_line' id='line_1_86' title="bbox 1192 907 2152 947; baseline 0.014 -15"><span class='ocrx_word' id='word_1_772' title='bbox 1192 914 1258 933; x_wconf 81' lang='lat' dir='ltr'>cem</span> <span class='ocrx_word' id='word_1_773' title='bbox 1273 907 1382 944; x_wconf 80' lang='lat' dir='ltr'>optatis</span> <span class='ocrx_word' id='word_1_774' title='bbox 1392 926 1399 939; x_wconf 88' lang='lat'>,</span> <span class='ocrx_word' id='word_1_775' title='bbox 1420 907 1536 947; x_wconf 82' lang='lat' dir='ltr'>semper</span> <span class='ocrx_word' id='word_1_776' title='bbox 1559 912 1678 940; x_wconf 84' lang='lat' dir='ltr'>omneis</span> <span class='ocrx_word' id='word_1_777' title='bbox 1688 913 1782 941; x_wconf 77' lang='lat' dir='ltr'>civeis</span> <span class='ocrx_word' id='word_1_778' title='bbox 1804 912 1897 942; x_wconf 88' lang='lat' dir='ltr'>salvos</span> <span class='ocrx_word' id='word_1_779' title='bbox 1918 914 2060 944; x_wconf 70' lang='lat' dir='ltr'>volueris.</span> <span class='ocrx_word' id='word_1_780' title='bbox 2084 918 2152 945; x_wconf 85' lang='lat' dir='ltr'>Ho-</span> 
     </span>
     <span class='ocr_line' id='line_1_87' title="bbox 1194 945 2151 993; baseline 0.013 -19"><span class='ocrx_word' id='word_1_781' title='bbox 1194 945 1274 975; x_wconf 78' lang='lat' dir='ltr'>nesta</span> <span class='ocrx_word' id='word_1_782' title='bbox 1284 949 1391 977; x_wconf 77' lang='lat' dir='ltr'>oratio:</span> <span class='ocrx_word' id='word_1_783' title='bbox 1407 949 1507 979; x_wconf 82' lang='lat' dir='ltr'>sedita</span> <span class='ocrx_word' id='word_1_784' title='bbox 1518 970 1525 982; x_wconf 83' lang='lat'>‚</span> <span class='ocrx_word' id='word_1_785' title='bbox 1538 949 1555 979; x_wconf 86' lang='lat' dir='ltr'>si</span> <span class='ocrx_word' id='word_1_786' title='bbox 1569 952 1667 981; x_wconf 83' lang='lat' dir='ltr'>bonos</span> <span class='ocrx_word' id='word_1_787' title='bbox 1681 973 1689 985; x_wconf 93' lang='lat'>,</span> <span class='ocrx_word' id='word_1_788' title='bbox 1703 953 1735 982; x_wconf 65' lang='grc' dir='ltr'>ὃ(</span> <span class='ocrx_word' id='word_1_789' title='bbox 1745 954 1845 982; x_wconf 81' lang='lat' dir='ltr'>titileis</span> <span class='ocrx_word' id='word_1_790' title='bbox 1855 954 1968 993; x_wconf 84' lang='lat' dir='ltr'>reipub.</span> <span class='ocrx_word' id='word_1_791' title='bbox 1979 957 2087 985; x_wconf 69' lang='lat' dir='ltr'>civeis:</span> <span class='ocrx_word' id='word_1_792' title='bbox 2108 956 2151 986; x_wconf 79' lang='lat' dir='ltr'>sin</span> 
     </span>
     <span class='ocr_line' id='line_1_88' title="bbox 1192 990 2151 1033; baseline 0.013 -18"><span class='ocrx_word' id='word_1_793' title='bbox 1192 996 1262 1033; x_wconf 80' lang='lat' dir='ltr'>eos,</span> <span class='ocrx_word' id='word_1_794' title='bbox 1273 990 1326 1028; x_wconf 86' lang='lat' dir='ltr'>qui</span> <span class='ocrx_word' id='word_1_795' title='bbox 1338 999 1438 1020; x_wconf 78' lang='lat' dir='ltr'>natura</span> <span class='ocrx_word' id='word_1_796' title='bbox 1449 992 1529 1021; x_wconf 86' lang='lat' dir='ltr'>cives</span> <span class='ocrx_word' id='word_1_797' title='bbox 1540 993 1605 1022; x_wconf 84' lang='lat' dir='ltr'>sunt</span> <span class='ocrx_word' id='word_1_798' title='bbox 1617 1014 1624 1027; x_wconf 92' lang='lat'>,</span> <span class='ocrx_word' id='word_1_799' title='bbox 1645 995 1798 1024; x_wconf 82' lang='lat' dir='ltr'>voluntate</span> <span class='ocrx_word' id='word_1_800' title='bbox 1807 993 1919 1024; x_wconf 89' lang='lat' dir='ltr'>hosteis</span> <span class='ocrx_word' id='word_1_801' title='bbox 1932 1015 1939 1028; x_wconf 89' lang='lat'>‚</span> <span class='ocrx_word' id='word_1_802' title='bbox 1952 996 2046 1025; x_wconf 76' lang='lat' dir='ltr'>salvos</span> <span class='ocrx_word' id='word_1_803' title='bbox 2057 998 2151 1027; x_wconf 79' lang='lat' dir='ltr'>velis:</span> 
     </span>
     <span class='ocr_line' id='line_1_89' title="bbox 1190 1029 2149 1077; baseline 0.011 -20"><span class='ocrx_word' id='word_1_804' title='bbox 1190 1029 1262 1067; x_wconf 87' lang='lat' dir='ltr'>quid</span> <span class='ocrx_word' id='word_1_805' title='bbox 1274 1030 1394 1060; x_wconf 83' lang='lat' dir='ltr'>tandem</span> <span class='ocrx_word' id='word_1_806' title='bbox 1408 1032 1529 1063; x_wconf 82' lang='lat' dir='ltr'>interest</span> <span class='ocrx_word' id='word_1_807' title='bbox 1539 1036 1615 1064; x_wconf 88' lang='lat' dir='ltr'>inter</span> <span class='ocrx_word' id='word_1_808' title='bbox 1625 1044 1665 1068; x_wconf 88' lang='lat' dir='ltr'>te,</span> <span class='ocrx_word' id='word_1_809' title='bbox 1678 1035 1709 1066; x_wconf 87' lang='lat'>&amp;</span> <span class='ocrx_word' id='word_1_810' title='bbox 1725 1037 1820 1065; x_wconf 84' lang='lat' dir='ltr'>illos?</span> <span class='ocrx_word' id='word_1_811' title='bbox 1844 1039 1926 1066; x_wconf 87' lang='lat' dir='ltr'>Pater</span> <span class='ocrx_word' id='word_1_812' title='bbox 1935 1037 2058 1077; x_wconf 85' lang='lat' dir='ltr'>quidem</span> <span class='ocrx_word' id='word_1_813' title='bbox 2070 1047 2149 1073; x_wconf 81' lang='lat' dir='ltr'>tuus,</span> 
     </span>
    </p>
   </div>
   <div class='ocr_carea' id='block_1_20' title="bbox 1168 1072 2149 1118">
    <p class='ocr_par' dir='ltr' id='par_1_20' title="bbox 1168 1072 2149 1118">
     <span class='ocr_line' id='line_1_90' title="bbox 1168 1072 2149 1118; baseline 0.011 -20"><span class='ocrx_word' id='word_1_814' title='bbox 1168 1081 1169 1085; x_wconf 53' lang='lat'>¹</span> <span class='ocrx_word' id='word_1_815' title='bbox 1194 1073 1206 1096; x_wconf 80' lang='lat'>3</span> <span class='ocrx_word' id='word_1_816' title='bbox 1219 1080 1280 1110; x_wconf 86' lang='lat' dir='ltr'>quo</span> <span class='ocrx_word' id='word_1_817' title='bbox 1291 1072 1393 1101; x_wconf 86' lang='lat' dir='ltr'>utebar</span> <span class='ocrx_word' id='word_1_818' title='bbox 1405 1074 1472 1103; x_wconf 83' lang='lat' dir='ltr'>sene</span> <span class='ocrx_word' id='word_1_819' title='bbox 1481 1074 1652 1106; x_wconf 78' lang='lat' dir='ltr'>adolescens</span> <span class='ocrx_word' id='word_1_820' title='bbox 1663 1097 1670 1110; x_wconf 91' lang='lat'>,</span> <span class='ocrx_word' id='word_1_821' title='bbox 1692 1079 1788 1107; x_wconf 81' lang='lat' dir='ltr'>homo</span> <span class='ocrx_word' id='word_1_822' title='bbox 1799 1079 1915 1108; x_wconf 83' lang='lat' dir='ltr'>severus</span> <span class='ocrx_word' id='word_1_823' title='bbox 1926 1097 1934 1111; x_wconf 69' lang='lat'>2</span> <span class='ocrx_word' id='word_1_824' title='bbox 1953 1080 1986 1108; x_wconf 60' lang='grc' dir='ltr'>δέ</span> <span class='ocrx_word' id='word_1_825' title='bbox 2006 1079 2149 1118; x_wconf 78' lang='lat' dir='ltr'>prudens,</span> 
     </span>
    </p>
   </div>
   <div class='ocr_carea' id='block_1_21' title="bbox 1165 1117 2178 2944">
    <p class='ocr_par' dir='ltr' id='par_1_21' title="bbox 1165 1117 2178 2944">
     <span class='ocr_line' id='line_1_91' title="bbox 1187 1117 2150 1159; baseline 0.011 -20"><span class='ocrx_word' id='word_1_826' title='bbox 1187 1119 1293 1156; x_wconf 42' lang='lat' dir='ltr'>pris-nm</span> <span class='ocrx_word' id='word_1_827' title='bbox 1311 1117 1454 1144; x_wconf 87' lang='lat' dir='ltr'>omnium</span> <span class='ocrx_word' id='word_1_828' title='bbox 1464 1118 1579 1146; x_wconf 82' lang='lat' dir='ltr'>civium</span> <span class='ocrx_word' id='word_1_829' title='bbox 1591 1121 1624 1148; x_wconf 86' lang='lat' dir='ltr'>P.</span> <span class='ocrx_word' id='word_1_830' title='bbox 1636 1117 1746 1148; x_wconf 67' lang='lat' dir='ltr'>Nasicae</span> <span class='ocrx_word' id='word_1_831' title='bbox 1758 1139 1765 1152; x_wconf 88' lang='lat'>‚</span> <span class='ocrx_word' id='word_1_832' title='bbox 1787 1122 1838 1159; x_wconf 89' lang='lat' dir='ltr'>qui</span> <span class='ocrx_word' id='word_1_833' title='bbox 1849 1121 1900 1149; x_wconf 85' lang='lat' dir='ltr'>Ti.</span> <span class='ocrx_word' id='word_1_834' title='bbox 1914 1121 2082 1150; x_wconf 84' lang='lat' dir='ltr'>Gracchum</span> <span class='ocrx_word' id='word_1_835' title='bbox 2100 1123 2150 1150; x_wconf 87' lang='lat' dir='ltr'>in-</span> 
     </span>
     <span class='ocr_line' id='line_1_92' title="bbox 1189 1155 2148 1202; baseline 0.009 -20"><span class='ocrx_word' id='word_1_836' title='bbox 1189 1156 1313 1188; x_wconf 78' lang='lat' dir='ltr'>teriecit,</span> <span class='ocrx_word' id='word_1_837' title='bbox 1326 1155 1392 1186; x_wconf 86' lang='lat' dir='ltr'>dare</span> <span class='ocrx_word' id='word_1_838' title='bbox 1403 1157 1524 1188; x_wconf 69' lang='lat' dir='ltr'>solebat.</span> <span class='ocrx_word' id='word_1_839' title='bbox 1547 1160 1611 1199; x_wconf 82' lang='lat' dir='ltr'>ejus</span> <span class='ocrx_word' id='word_1_840' title='bbox 1626 1163 1708 1190; x_wconf 87' lang='lat' dir='ltr'>enim</span> <span class='ocrx_word' id='word_1_841' title='bbox 1723 1163 1832 1190; x_wconf 77' lang='lat' dir='ltr'>virtute</span> <span class='ocrx_word' id='word_1_842' title='bbox 1843 1181 1850 1194; x_wconf 83' lang='lat'>,</span> <span class='ocrx_word' id='word_1_843' title='bbox 1864 1160 1989 1191; x_wconf 73' lang='lat' dir='ltr'>consilio</span> <span class='ocrx_word' id='word_1_844' title='bbox 2002 1181 2011 1195; x_wconf 87' lang='lat'>,</span> <span class='ocrx_word' id='word_1_845' title='bbox 2030 1165 2148 1202; x_wconf 60' lang='lat' dir='ltr'>magniu</span> 
     </span>
     <span class='ocr_line' id='line_1_93' title="bbox 1190 1195 2146 1242; baseline 0.007 -18"><span class='ocrx_word' id='word_1_846' title='bbox 1190 1195 1294 1225; x_wconf 87' lang='lat' dir='ltr'>tudine</span> <span class='ocrx_word' id='word_1_847' title='bbox 1304 1199 1410 1231; x_wconf 77' lang='lat' dir='ltr'>animi,</span> <span class='ocrx_word' id='word_1_848' title='bbox 1422 1198 1575 1230; x_wconf 81' lang='lat' dir='ltr'>liberatam</span> <span class='ocrx_word' id='word_1_849' title='bbox 1591 1203 1807 1242; x_wconf 80' lang='lat' dir='ltr'>rempublicam</span> <span class='ocrx_word' id='word_1_850' title='bbox 1818 1202 2017 1232; x_wconf 83' lang='lat' dir='ltr'>arbitrabatur.</span> <span class='ocrx_word' id='word_1_851' title='bbox 2041 1203 2122 1241; x_wconf 79' lang='lat' dir='ltr'>Quid</span> <span class='ocrx_word' id='word_1_852' title='bbox 2135 1207 2146 1231; x_wconf 69' lang='grc' dir='ltr'><em>ἲ</em></span> 
     </span>
     <span class='ocr_line' id='line_1_94' title="bbox 1189 1237 2147 1284; baseline 0.008 -18"><span class='ocrx_word' id='word_1_853' title='bbox 1189 1237 1412 1277; x_wconf 74' lang='lat' dir='ltr'>nosapatribus</span> <span class='ocrx_word' id='word_1_854' title='bbox 1421 1250 1497 1270; x_wconf 88' lang='lat' dir='ltr'>num</span> <span class='ocrx_word' id='word_1_855' title='bbox 1514 1242 1599 1272; x_wconf 84' lang='lat' dir='ltr'>aliter</span> <span class='ocrx_word' id='word_1_856' title='bbox 1615 1246 1803 1283; x_wconf 76' lang='lat' dir='ltr'>accepimus?</span> <span class='ocrx_word' id='word_1_857' title='bbox 1825 1247 1902 1284; x_wconf 87' lang='lat' dir='ltr'>Ergo</span> <span class='ocrx_word' id='word_1_858' title='bbox 1913 1246 1937 1273; x_wconf 87' lang='lat' dir='ltr'>is</span> <span class='ocrx_word' id='word_1_859' title='bbox 1953 1244 2006 1274; x_wconf 90' lang='lat' dir='ltr'>tibi</span> <span class='ocrx_word' id='word_1_860' title='bbox 2018 1247 2093 1274; x_wconf 92' lang='lat' dir='ltr'>civis</span> <span class='ocrx_word' id='word_1_861' title='bbox 2105 1265 2112 1277; x_wconf 89' lang='lat'>‚</span> <span class='ocrx_word' id='word_1_862' title='bbox 2125 1244 2147 1274; x_wconf 74' lang='lat' dir='ltr'>si</span> 
     </span>
     <span class='ocr_line' id='line_1_95' title="bbox 1191 1280 2147 1326; baseline 0.008 -19"><span class='ocrx_word' id='word_1_863' title='bbox 1191 1280 1379 1318; x_wconf 82' lang='lat' dir='ltr'>temporibus</span> <span class='ocrx_word' id='word_1_864' title='bbox 1389 1281 1450 1310; x_wconf 88' lang='lat' dir='ltr'>illis</span> <span class='ocrx_word' id='word_1_865' title='bbox 1467 1281 1579 1317; x_wconf 83' lang='lat' dir='ltr'>fuisses,</span> <span class='ocrx_word' id='word_1_866' title='bbox 1593 1295 1655 1314; x_wconf 89' lang='lat' dir='ltr'>non</span> <span class='ocrx_word' id='word_1_867' title='bbox 1667 1285 1838 1325; x_wconf 73' lang='lat' dir='ltr'>probaretur</span> <span class='ocrx_word' id='word_1_868' title='bbox 1848 1306 1855 1318; x_wconf 90' lang='lat'>‚</span> <span class='ocrx_word' id='word_1_869' title='bbox 1866 1288 1935 1326; x_wconf 86' lang='lat' dir='ltr'>quia</span> <span class='ocrx_word' id='word_1_870' title='bbox 1945 1296 2009 1315; x_wconf 90' lang='lat' dir='ltr'>non</span> <span class='ocrx_word' id='word_1_871' title='bbox 2026 1289 2147 1316; x_wconf 83' lang='lat' dir='ltr'>omneis</span> 
     </span>
     <span class='ocr_line' id='line_1_96' title="bbox 1187 1319 2147 1368; baseline 0.008 -20"><span class='ocrx_word' id='word_1_872' title='bbox 1187 1319 1283 1349; x_wconf 71' lang='lat' dir='ltr'>salvos</span> <span class='ocrx_word' id='word_1_873' title='bbox 1295 1319 1351 1351; x_wconf 78' lang='lat' dir='ltr'>effe</span> <span class='ocrx_word' id='word_1_874' title='bbox 1360 1322 1510 1354; x_wconf 78' lang='lat' dir='ltr'>voluisset.</span> <span class='ocrx_word' id='word_1_875' title='bbox 1543 1325 1629 1366; x_wconf 75' lang='lat' dir='ltr'>Qiid</span> <span class='ocrx_word' id='word_1_876' title='bbox 1644 1329 1679 1355; x_wconf 92' lang='lat' dir='ltr'>L.</span> <span class='ocrx_word' id='word_1_877' title='bbox 1699 1327 1828 1368; x_wconf 78' lang='lat' dir='ltr'>Opimius</span> <span class='ocrx_word' id='word_1_878' title='bbox 1839 1327 1930 1366; x_wconf 69' lang='lat' dir='ltr'>confiael</span> <span class='ocrx_word' id='word_1_879' title='bbox 1941 1326 2103 1366; x_wconf 67' lang='lat' dir='ltr'>verbafecit</span> <span class='ocrx_word' id='word_1_880' title='bbox 2114 1328 2147 1356; x_wconf 78' lang='lat' dir='ltr'>de</span> 
     </span>
     <span class='ocr_line' id='line_1_97' title="bbox 1187 1360 2142 1407; baseline 0.012 -19"><span class='ocrx_word' id='word_1_881' title='bbox 1187 1360 1342 1402; x_wconf 70' lang='lat' dir='ltr'>republica,</span> <span class='ocrx_word' id='word_1_882' title='bbox 1359 1364 1393 1393; x_wconf 82' lang='lat' dir='ltr'>dc</span> <span class='ocrx_word' id='word_1_883' title='bbox 1411 1375 1441 1393; x_wconf 82' lang='lat' dir='ltr'>ea</span> <span class='ocrx_word' id='word_1_884' title='bbox 1459 1376 1484 1395; x_wconf 80' lang='lat' dir='ltr'>re</span> <span class='ocrx_word' id='word_1_885' title='bbox 1504 1362 1546 1395; x_wconf 67' lang='grc' dir='ltr'>ιἰὲ</span> <span class='ocrx_word' id='word_1_886' title='bbox 1565 1368 1744 1407; x_wconf 70' lang='lat' dir='ltr'>censimum,</span> <span class='ocrx_word' id='word_1_887' title='bbox 1762 1372 1828 1398; x_wconf 65' lang='lat' dir='ltr'>U‘ri</span> <span class='ocrx_word' id='word_1_888' title='bbox 1842 1371 1993 1398; x_wconf 79' lang='lat' dir='ltr'>OPiMlUs</span> <span class='ocrx_word' id='word_1_889' title='bbox 2012 1378 2142 1400; x_wconf 69' lang='lat' dir='ltr'>CONSUL</span> 
     </span>
     <span class='ocr_line' id='line_1_98' title="bbox 1189 1410 2145 1450; baseline 0.008 -19"><span class='ocrx_word' id='word_1_890' title='bbox 1189 1412 1290 1432; x_wconf 65' lang='lat' dir='ltr'>Remi).</span> <span class='ocrx_word' id='word_1_891' title='bbox 1310 1415 1538 1438; x_wconf 75' lang='lat' dir='ltr'>DEFENDERET.</span> <span class='ocrx_word' id='word_1_892' title='bbox 1562 1412 1685 1440; x_wconf 86' lang='lat' dir='ltr'>Senatus</span> <span class='ocrx_word' id='word_1_893' title='bbox 1696 1411 1757 1440; x_wconf 80' lang='lat' dir='ltr'>haec</span> <span class='ocrx_word' id='word_1_894' title='bbox 1771 1410 1879 1443; x_wconf 85' lang='lat' dir='ltr'>verbis,</span> <span class='ocrx_word' id='word_1_895' title='bbox 1894 1412 2032 1450; x_wconf 87' lang='lat' dir='ltr'>Opimius</span> <span class='ocrx_word' id='word_1_896' title='bbox 2043 1412 2145 1439; x_wconf 73' lang='lat' dir='ltr'>armis.</span> 
     </span>
     <span class='ocr_line' id='line_1_99' title="bbox 1188 1446 2146 1487; baseline 0.008 -14"><span class='ocrx_word' id='word_1_897' title='bbox 1188 1446 1273 1474; x_wconf 87' lang='lat' dir='ltr'>Num</span> <span class='ocrx_word' id='word_1_898' title='bbox 1284 1447 1375 1487; x_wconf 85' lang='lat' dir='ltr'>igitur</span> <span class='ocrx_word' id='word_1_899' title='bbox 1385 1457 1465 1481; x_wconf 86' lang='lat' dir='ltr'>eum,</span> <span class='ocrx_word' id='word_1_900' title='bbox 1479 1448 1498 1478; x_wconf 90' lang='lat' dir='ltr'>si</span> <span class='ocrx_word' id='word_1_901' title='bbox 1509 1459 1573 1480; x_wconf 89' lang='lat' dir='ltr'>tum</span> <span class='ocrx_word' id='word_1_902' title='bbox 1586 1449 1674 1485; x_wconf 66' lang='lat' dir='ltr'>effes,</span> <span class='ocrx_word' id='word_1_903' title='bbox 1689 1454 1881 1482; x_wconf 68' lang='lat' dir='ltr'>temerarium</span> <span class='ocrx_word' id='word_1_904' title='bbox 1894 1454 2005 1484; x_wconf 86' lang='lat' dir='ltr'>civem,</span> <span class='ocrx_word' id='word_1_905' title='bbox 2020 1460 2146 1481; x_wconf 89' lang='lat' dir='ltr'>autcru·</span> 
     </span>
     <span class='ocr_line' id='line_1_100' title="bbox 1186 1486 2142 1534; baseline 0.009 -20"><span class='ocrx_word' id='word_1_906' title='bbox 1186 1486 1284 1516; x_wconf 73' lang='lat' dir='ltr'>delen]</span> <span class='ocrx_word' id='word_1_907' title='bbox 1296 1497 1412 1527; x_wconf 83' lang='lat' dir='ltr'>putares</span> <span class='ocrx_word' id='word_1_908' title='bbox 1424 1493 1435 1519; x_wconf 75' lang='grc' dir='ltr'><em>ἓ</em></span> <span class='ocrx_word' id='word_1_909' title='bbox 1454 1500 1502 1520; x_wconf 89' lang='lat' dir='ltr'>aut</span> <span class='ocrx_word' id='word_1_910' title='bbox 1512 1494 1554 1530; x_wconf 77' lang='lat' dir='ltr'>Q</span> <span class='ocrx_word' id='word_1_911' title='bbox 1563 1494 1722 1523; x_wconf 83' lang='lat' dir='ltr'>Metellum</span> <span class='ocrx_word' id='word_1_912' title='bbox 1735 1514 1743 1527; x_wconf 87' lang='lat'>‚</span> <span class='ocrx_word' id='word_1_913' title='bbox 1758 1495 1842 1534; x_wconf 86' lang='lat' dir='ltr'>cujus</span> <span class='ocrx_word' id='word_1_914' title='bbox 1853 1502 1991 1533; x_wconf 84' lang='lat' dir='ltr'>quattuor</span> <span class='ocrx_word' id='word_1_915' title='bbox 2001 1492 2057 1522; x_wconf 79' lang='lat' dir='ltr'>filii</span> <span class='ocrx_word' id='word_1_916' title='bbox 2066 1503 2142 1522; x_wconf 86' lang='lat' dir='ltr'>con-</span> 
     </span>
     <span class='ocr_line' id='line_1_101' title="bbox 1185 1528 2145 1575; baseline 0.009 -19"><span class='ocrx_word' id='word_1_917' title='bbox 1185 1528 1315 1558; x_wconf 86' lang='lat' dir='ltr'>sulares?</span> <span class='ocrx_word' id='word_1_918' title='bbox 1333 1539 1382 1560; x_wconf 85' lang='lat' dir='ltr'>aut</span> <span class='ocrx_word' id='word_1_919' title='bbox 1400 1534 1432 1560; x_wconf 84' lang='lat' dir='ltr'>P.</span> <span class='ocrx_word' id='word_1_920' title='bbox 1452 1534 1618 1563; x_wconf 82' lang='lat' dir='ltr'>Lentulum</span> <span class='ocrx_word' id='word_1_921' title='bbox 1630 1554 1638 1568; x_wconf 85' lang='grc'>,</span> <span class='ocrx_word' id='word_1_922' title='bbox 1657 1537 1825 1575; x_wconf 85' lang='lat' dir='ltr'>principem</span> <span class='ocrx_word' id='word_1_923' title='bbox 1847 1536 2035 1565; x_wconf 82' lang='lat' dir='ltr'>senatorem?</span> <span class='ocrx_word' id='word_1_924' title='bbox 2057 1545 2145 1564; x_wconf 88' lang='lat' dir='ltr'>corn-</span> 
     </span>
     <span class='ocr_line' id='line_1_102' title="bbox 1183 1570 2143 1617; baseline 0.008 -19"><span class='ocrx_word' id='word_1_925' title='bbox 1183 1570 1294 1608; x_wconf 86' lang='lat' dir='ltr'>plureis</span> <span class='ocrx_word' id='word_1_926' title='bbox 1311 1572 1385 1601; x_wconf 86' lang='lat' dir='ltr'>alios</span> <span class='ocrx_word' id='word_1_927' title='bbox 1396 1573 1532 1603; x_wconf 85' lang='lat' dir='ltr'>summos</span> <span class='ocrx_word' id='word_1_928' title='bbox 1553 1577 1652 1609; x_wconf 78' lang='lat' dir='ltr'>viros,</span> <span class='ocrx_word' id='word_1_929' title='bbox 1673 1577 1725 1617; x_wconf 88' lang='lat' dir='ltr'>qui</span> <span class='ocrx_word' id='word_1_930' title='bbox 1744 1586 1813 1606; x_wconf 88' lang='lat' dir='ltr'>cum</span> <span class='ocrx_word' id='word_1_931' title='bbox 1828 1577 2001 1615; x_wconf 88' lang='lat' dir='ltr'>L.Opimio</span> <span class='ocrx_word' id='word_1_932' title='bbox 2019 1576 2143 1606; x_wconf 85' lang='lat' dir='ltr'>consule</span> 
     </span>
     <span class='ocr_line' id='line_1_103' title="bbox 1184 1614 2143 1658; baseline 0.007 -18"><span class='ocrx_word' id='word_1_933' title='bbox 1184 1614 1288 1641; x_wconf 89' lang='lat' dir='ltr'>armati</span> <span class='ocrx_word' id='word_1_934' title='bbox 1309 1614 1477 1644; x_wconf 82' lang='lat' dir='ltr'>Gracchum</span> <span class='ocrx_word' id='word_1_935' title='bbox 1497 1618 1529 1645; x_wconf 89' lang='lat' dir='ltr'>in</span> <span class='ocrx_word' id='word_1_936' title='bbox 1546 1620 1733 1647; x_wconf 83' lang='lat' dir='ltr'>Aventinum</span> <span class='ocrx_word' id='word_1_937' title='bbox 1753 1618 1896 1658; x_wconf 85' lang='lat' dir='ltr'>persecuti</span> <span class='ocrx_word' id='word_1_938' title='bbox 1922 1617 2009 1647; x_wconf 86' lang='lat' dir='ltr'>sunt?</span> <span class='ocrx_word' id='word_1_939' title='bbox 2028 1627 2090 1657; x_wconf 90' lang='lat' dir='ltr'>quo</span> <span class='ocrx_word' id='word_1_940' title='bbox 2110 1620 2143 1648; x_wconf 88' lang='lat' dir='ltr'>in</span> 
     </span>
     <span class='ocr_line' id='line_1_104' title="bbox 1183 1653 2143 1699; baseline 0.008 -18"><span class='ocrx_word' id='word_1_941' title='bbox 1183 1653 1292 1692; x_wconf 87' lang='lat' dir='ltr'>proelio</span> <span class='ocrx_word' id='word_1_942' title='bbox 1301 1656 1450 1685; x_wconf 86' lang='lat' dir='ltr'>Lentulus</span> <span class='ocrx_word' id='word_1_943' title='bbox 1460 1667 1546 1697; x_wconf 85' lang='lat' dir='ltr'>grave</span> <span class='ocrx_word' id='word_1_944' title='bbox 1557 1659 1670 1688; x_wconf 90' lang='lat' dir='ltr'>vulnus</span> <span class='ocrx_word' id='word_1_945' title='bbox 1680 1663 1804 1699; x_wconf 87' lang='lat' dir='ltr'>accepit.</span> <span class='ocrx_word' id='word_1_946' title='bbox 1818 1658 1991 1689; x_wconf 62' lang='lat' dir='ltr'>interfecitus</span> <span class='ocrx_word' id='word_1_947' title='bbox 2001 1659 2043 1689; x_wconf 90' lang='lat' dir='ltr'>est</span> <span class='ocrx_word' id='word_1_948' title='bbox 2051 1661 2143 1689; x_wconf 87' lang='lat' dir='ltr'>Grac·</span> 
     </span>
     <span class='ocr_line' id='line_1_105' title="bbox 1183 1695 2141 1741; baseline 0.006 -16"><span class='ocrx_word' id='word_1_949' title='bbox 1183 1695 1257 1725; x_wconf 81' lang='lat' dir='ltr'>clius</span> <span class='ocrx_word' id='word_1_950' title='bbox 1268 1715 1276 1729; x_wconf 94' lang='lat'>,</span> <span class='ocrx_word' id='word_1_951' title='bbox 1293 1696 1378 1726; x_wconf 72' lang='lat' dir='ltr'>&amp;M</span> <span class='ocrx_word' id='word_1_952' title='bbox 1389 1698 1513 1728; x_wconf 87' lang='lat' dir='ltr'>Fulvius</span> <span class='ocrx_word' id='word_1_953' title='bbox 1523 1701 1686 1730; x_wconf 83' lang='lat' dir='ltr'>consularis</span> <span class='ocrx_word' id='word_1_954' title='bbox 1698 1720 1705 1733; x_wconf 94' lang='lat'>,</span> <span class='ocrx_word' id='word_1_955' title='bbox 1718 1701 1840 1741; x_wconf 85' lang='lat' dir='ltr'>ejusque</span> <span class='ocrx_word' id='word_1_956' title='bbox 1853 1701 1914 1730; x_wconf 91' lang='lat' dir='ltr'>duo</span> <span class='ocrx_word' id='word_1_957' title='bbox 1927 1700 2141 1731; x_wconf 82' lang='lat' dir='ltr'>adolescentuli</span> 
     </span>
     <span class='ocr_line' id='line_1_106' title="bbox 1182 1735 2178 1781; baseline 0.007 -16"><span class='ocrx_word' id='word_1_958' title='bbox 1182 1735 1250 1766; x_wconf 90' lang='lat' dir='ltr'>filii.</span> <span class='ocrx_word' id='word_1_959' title='bbox 1272 1738 1321 1766; x_wconf 86' lang='lat' dir='ltr'>Illi</span> <span class='ocrx_word' id='word_1_960' title='bbox 1334 1739 1424 1778; x_wconf 83' lang='lat' dir='ltr'>igitur</span> <span class='ocrx_word' id='word_1_961' title='bbox 1442 1742 1500 1770; x_wconf 88' lang='lat' dir='ltr'>viri</span> <span class='ocrx_word' id='word_1_962' title='bbox 1517 1742 1712 1781; x_wconf 86' lang='lat' dir='ltr'>vituperandi.</span> <span class='ocrx_word' id='word_1_963' title='bbox 1736 1744 1894 1772; x_wconf 88' lang='lat' dir='ltr'>nonenim</span> <span class='ocrx_word' id='word_1_964' title='bbox 1912 1743 2005 1771; x_wconf 87' lang='lat' dir='ltr'>civeis</span> <span class='ocrx_word' id='word_1_965' title='bbox 2021 1744 2141 1772; x_wconf 85' lang='lat' dir='ltr'>omneis</span> <span class='ocrx_word' id='word_1_966' title='bbox 2157 1751 2178 1781; x_wconf 87' lang='lat'><em>5</em></span> 
     </span>
     <span class='ocr_line' id='line_1_107' title="bbox 1183 1777 2139 1824; baseline 0.005 -16"><span class='ocrx_word' id='word_1_967' title='bbox 1183 1779 1278 1808; x_wconf 85' lang='lat' dir='ltr'>salvos</span> <span class='ocrx_word' id='word_1_968' title='bbox 1289 1777 1347 1809; x_wconf 83' lang='lat' dir='ltr'>ess&#39;e</span> <span class='ocrx_word' id='word_1_969' title='bbox 1365 1781 1535 1812; x_wconf 86' lang='lat' dir='ltr'>voluerunt.</span> <span class='ocrx_word' id='word_1_970' title='bbox 1560 1783 1606 1813; x_wconf 87' lang='lat' dir='ltr'>Ad</span> <span class='ocrx_word' id='word_1_971' title='bbox 1623 1786 1763 1824; x_wconf 85' lang='lat' dir='ltr'>propiora</span> <span class='ocrx_word' id='word_1_972' title='bbox 1784 1786 1952 1814; x_wconf 86' lang='lat' dir='ltr'>veniamus.</span> <span class='ocrx_word' id='word_1_973' title='bbox 1976 1786 2009 1813; x_wconf 92' lang='lat' dir='ltr'>C.</span> <span class='ocrx_word' id='word_1_974' title='bbox 2027 1786 2139 1817; x_wconf 86' lang='lat' dir='ltr'>Mario,</span> 
     </span>
     <span class='ocr_line' id='line_1_108' title="bbox 1183 1822 2140 1865; baseline 0.006 -16"><span class='ocrx_word' id='word_1_975' title='bbox 1183 1822 1219 1849; x_wconf 91' lang='lat' dir='ltr'>L.</span> <span class='ocrx_word' id='word_1_976' title='bbox 1232 1822 1371 1855; x_wconf 85' lang='lat' dir='ltr'>Valerio,</span> <span class='ocrx_word' id='word_1_977' title='bbox 1395 1824 1589 1858; x_wconf 88' lang='lat' dir='ltr'>consulibus,</span> <span class='ocrx_word' id='word_1_978' title='bbox 1611 1826 1725 1856; x_wconf 81' lang='lat' dir='ltr'>senatus</span> <span class='ocrx_word' id='word_1_979' title='bbox 1739 1826 1955 1865; x_wconf 87' lang='lat' dir='ltr'>rempublicam</span> <span class='ocrx_word' id='word_1_980' title='bbox 1972 1823 2140 1855; x_wconf 86' lang='lat' dir='ltr'>defenden-</span> 
     </span>
     <span class='ocr_line' id='line_1_109' title="bbox 1183 1861 2139 1906; baseline 0.006 -15"><span class='ocrx_word' id='word_1_981' title='bbox 1183 1861 1252 1891; x_wconf 90' lang='lat' dir='ltr'>dam</span> <span class='ocrx_word' id='word_1_982' title='bbox 1263 1862 1361 1891; x_wconf 88' lang='lat' dir='ltr'>dedit:</span> <span class='ocrx_word' id='word_1_983' title='bbox 1384 1865 1419 1893; x_wconf 94' lang='lat' dir='ltr'>L.</span> <span class='ocrx_word' id='word_1_984' title='bbox 1432 1867 1609 1896; x_wconf 88' lang='lat' dir='ltr'>Saturninus</span> <span class='ocrx_word' id='word_1_985' title='bbox 1620 1867 1757 1897; x_wconf 84' lang='lat' dir='ltr'>tribunus</span> <span class='ocrx_word' id='word_1_986' title='bbox 1767 1867 1864 1906; x_wconf 88' lang='lat' dir='ltr'>plebis</span> <span class='ocrx_word' id='word_1_987' title='bbox 1875 1886 1883 1900; x_wconf 91' lang='lat'>,</span> <span class='ocrx_word' id='word_1_988' title='bbox 1898 1867 2019 1896; x_wconf 83' lang='lat' dir='ltr'>Glaucia</span> <span class='ocrx_word' id='word_1_989' title='bbox 2027 1876 2139 1906; x_wconf 87' lang='lat' dir='ltr'>praetor</span> 
     </span>
     <span class='ocr_line' id='line_1_110' title="bbox 1182 1902 2135 1942; baseline 0.006 -10"><span class='ocrx_word' id='word_1_990' title='bbox 1182 1902 1419 1934; x_wconf 72' lang='lat' dir='ltr'>estinterfe&amp;us.</span> <span class='ocrx_word' id='word_1_991' title='bbox 1442 1910 1563 1936; x_wconf 88' lang='lat' dir='ltr'>omneis</span> <span class='ocrx_word' id='word_1_992' title='bbox 1578 1909 1633 1938; x_wconf 88' lang='lat' dir='ltr'>illo</span> <span class='ocrx_word' id='word_1_993' title='bbox 1647 1909 1695 1938; x_wconf 89' lang='lat' dir='ltr'>die</span> <span class='ocrx_word' id='word_1_994' title='bbox 1712 1910 1828 1941; x_wconf 86' lang='lat' dir='ltr'>Scauri,</span> <span class='ocrx_word' id='word_1_995' title='bbox 1848 1907 1985 1941; x_wconf 86' lang='lat' dir='ltr'>Metelli,</span> <span class='ocrx_word' id='word_1_996' title='bbox 2006 1908 2135 1942; x_wconf 71' lang='lat' dir='ltr'>Claudii,</span> 
     </span>
     <span class='ocr_line' id='line_1_111' title="bbox 1181 1945 2139 1982; baseline 0.006 -9"><span class='ocrx_word' id='word_1_997' title='bbox 1181 1945 1289 1977; x_wconf 86' lang='lat' dir='ltr'>Catuli,</span> <span class='ocrx_word' id='word_1_998' title='bbox 1300 1947 1451 1980; x_wconf 83' lang='lat' dir='ltr'>Scaevolae,</span> <span class='ocrx_word' id='word_1_999' title='bbox 1464 1947 1573 1982; x_wconf 78' lang='lat' dir='ltr'>Crassi,</span> <span class='ocrx_word' id='word_1_1000' title='bbox 1584 1959 1664 1979; x_wconf 84' lang='lat' dir='ltr'>arma</span> <span class='ocrx_word' id='word_1_1001' title='bbox 1678 1950 1851 1979; x_wconf 86' lang='lat' dir='ltr'>sumserunt.</span> <span class='ocrx_word' id='word_1_1002' title='bbox 1875 1959 1950 1978; x_wconf 89' lang='lat' dir='ltr'>num</span> <span class='ocrx_word' id='word_1_1003' title='bbox 1961 1958 2010 1979; x_wconf 87' lang='lat' dir='ltr'>aut</span> <span class='ocrx_word' id='word_1_1004' title='bbox 2026 1950 2139 1979; x_wconf 87' lang='lat' dir='ltr'>consu-</span> 
     </span>
     <span class='ocr_line' id='line_1_112' title="bbox 1181 1986 2137 2030; baseline 0.006 -16"><span class='ocrx_word' id='word_1_1005' title='bbox 1181 1986 1224 2015; x_wconf 91' lang='lat' dir='ltr'>les</span> <span class='ocrx_word' id='word_1_1006' title='bbox 1234 1986 1316 2018; x_wconf 87' lang='lat' dir='ltr'>illos,</span> <span class='ocrx_word' id='word_1_1007' title='bbox 1327 1996 1377 2016; x_wconf 86' lang='lat' dir='ltr'>aut</span> <span class='ocrx_word' id='word_1_1008' title='bbox 1385 1987 1560 2019; x_wconf 81' lang='lat' dir='ltr'>clarissimos</span> <span class='ocrx_word' id='word_1_1009' title='bbox 1571 1992 1651 2020; x_wconf 89' lang='lat' dir='ltr'>viros</span> <span class='ocrx_word' id='word_1_1010' title='bbox 1661 1990 1870 2030; x_wconf 83' lang='lat' dir='ltr'>vituperandos</span> <span class='ocrx_word' id='word_1_1011' title='bbox 1880 1999 1961 2030; x_wconf 82' lang='lat' dir='ltr'>putas</span> <span class='ocrx_word' id='word_1_1012' title='bbox 1973 1992 1984 2019; x_wconf 91' lang='lat'>?</span> <span class='ocrx_word' id='word_1_1013' title='bbox 2007 1993 2070 2030; x_wconf 82' lang='lat' dir='ltr'>Ego</span> <span class='ocrx_word' id='word_1_1014' title='bbox 2081 1993 2137 2020; x_wconf 89' lang='lat' dir='ltr'>Ca—</span> 
     </span>
     <span class='ocr_line' id='line_1_113' title="bbox 1180 2027 2137 2073; baseline 0.006 -18"><span class='ocrx_word' id='word_1_1015' title='bbox 1180 2027 1300 2056; x_wconf 84' lang='lat' dir='ltr'>tilinam</span> <span class='ocrx_word' id='word_1_1016' title='bbox 1318 2029 1404 2064; x_wconf 80' lang='lat' dir='ltr'>perire</span> <span class='ocrx_word' id='word_1_1017' title='bbox 1417 2030 1504 2058; x_wconf 81' lang='lat' dir='ltr'>volui.</span> <span class='ocrx_word' id='word_1_1018' title='bbox 1527 2041 1603 2061; x_wconf 87' lang='lat' dir='ltr'>num</span> <span class='ocrx_word' id='word_1_1019' title='bbox 1619 2041 1649 2062; x_wconf 88' lang='lat' dir='ltr'>tu</span> <span class='ocrx_word' id='word_1_1020' title='bbox 1661 2052 1669 2066; x_wconf 84' lang='lat'>,</span> <span class='ocrx_word' id='word_1_1021' title='bbox 1682 2042 1733 2073; x_wconf 88' lang='lat' dir='ltr'>qui</span> <span class='ocrx_word' id='word_1_1022' title='bbox 1743 2033 1940 2072; x_wconf 67' lang='lat' dir='ltr'>omneisfiu&#39;vos</span> <span class='ocrx_word' id='word_1_1023' title='bbox 1949 2033 1994 2061; x_wconf 88' lang='lat' dir='ltr'>vis</span> <span class='ocrx_word' id='word_1_1024' title='bbox 2006 2052 2015 2065; x_wconf 87' lang='lat'>,</span> <span class='ocrx_word' id='word_1_1025' title='bbox 2033 2033 2137 2062; x_wconf 81' lang='lat' dir='ltr'>Catili—</span> 
     </span>
     <span class='ocr_line' id='line_1_114' title="bbox 1183 2069 2136 2107; baseline 0.006 -10"><span class='ocrx_word' id='word_1_1026' title='bbox 1183 2078 1254 2098; x_wconf 89' lang='lat' dir='ltr'>nam</span> <span class='ocrx_word' id='word_1_1027' title='bbox 1272 2069 1386 2099; x_wconf 89' lang='lat' dir='ltr'>salvum</span> <span class='ocrx_word' id='word_1_1028' title='bbox 1406 2069 1463 2101; x_wconf 80' lang='lat' dir='ltr'>effe</span> <span class='ocrx_word' id='word_1_1029' title='bbox 1482 2072 1607 2103; x_wconf 88' lang='lat' dir='ltr'>voluisti</span> <span class='ocrx_word' id='word_1_1030' title='bbox 1625 2075 1634 2101; x_wconf 91' lang='lat'>?</span> <span class='ocrx_word' id='word_1_1031' title='bbox 1665 2077 1733 2104; x_wconf 86' lang='lat' dir='ltr'>Hoc</span> <span class='ocrx_word' id='word_1_1032' title='bbox 1751 2073 1890 2107; x_wconf 86' lang='lat' dir='ltr'>interest,</span> <span class='ocrx_word' id='word_1_1033' title='bbox 1911 2074 2037 2107; x_wconf 84' lang='lat' dir='ltr'>Calene,</span> <span class='ocrx_word' id='word_1_1034' title='bbox 2058 2075 2136 2104; x_wconf 83' lang='lat' dir='ltr'>inter</span> 
     </span>
     <span class='ocr_line' id='line_1_115' title="bbox 1183 2111 2134 2156; baseline 0.006 -17"><span class='ocrx_word' id='word_1_1035' title='bbox 1183 2120 1282 2140; x_wconf 84' lang='lat' dir='ltr'>meam</span> <span class='ocrx_word' id='word_1_1036' title='bbox 1297 2111 1472 2142; x_wconf 84' lang='lat' dir='ltr'>sententiam</span> <span class='ocrx_word' id='word_1_1037' title='bbox 1485 2133 1493 2146; x_wconf 88' lang='lat'>‚</span> <span class='ocrx_word' id='word_1_1038' title='bbox 1511 2113 1543 2144; x_wconf 74' lang='grc' dir='ltr'>δε</span> <span class='ocrx_word' id='word_1_1039' title='bbox 1559 2123 1657 2145; x_wconf 86' lang='lat' dir='ltr'>tuam:</span> <span class='ocrx_word' id='word_1_1040' title='bbox 1676 2126 1730 2156; x_wconf 88' lang='lat' dir='ltr'>ego</span> <span class='ocrx_word' id='word_1_1041' title='bbox 1744 2116 1818 2145; x_wconf 91' lang='lat' dir='ltr'>nolo</span> <span class='ocrx_word' id='word_1_1042' title='bbox 1834 2125 2017 2156; x_wconf 86' lang='lat' dir='ltr'>quemquam</span> <span class='ocrx_word' id='word_1_1043' title='bbox 2033 2116 2134 2153; x_wconf 77' lang='lat' dir='ltr'>civem</span> 
     </span>
     <span class='ocr_line' id='line_1_116' title="bbox 1180 2154 2135 2191; baseline 0.004 -10"><span class='ocrx_word' id='word_1_1044' title='bbox 1180 2154 1381 2186; x_wconf 81' lang='lat' dir='ltr'>committere,</span> <span class='ocrx_word' id='word_1_1045' title='bbox 1396 2163 1428 2184; x_wconf 86' lang='lat' dir='ltr'>ut</span> <span class='ocrx_word' id='word_1_1046' title='bbox 1437 2164 1534 2185; x_wconf 86' lang='lat' dir='ltr'>morte</span> <span class='ocrx_word' id='word_1_1047' title='bbox 1545 2157 1718 2187; x_wconf 85' lang='lat' dir='ltr'>multandus</span> <span class='ocrx_word' id='word_1_1048' title='bbox 1728 2155 1776 2187; x_wconf 83' lang='lat' dir='ltr'>fit:</span> <span class='ocrx_word' id='word_1_1049' title='bbox 1796 2166 1826 2187; x_wconf 87' lang='lat' dir='ltr'>tu</span> <span class='ocrx_word' id='word_1_1050' title='bbox 1840 2178 1849 2191; x_wconf 90' lang='lat'><em>‚</em></span> <span class='ocrx_word' id='word_1_1051' title='bbox 1861 2159 1951 2186; x_wconf 86' lang='lat' dir='ltr'>etiam</span> <span class='ocrx_word' id='word_1_1052' title='bbox 1967 2155 1986 2185; x_wconf 86' lang='lat' dir='ltr'>si</span> <span class='ocrx_word' id='word_1_1053' title='bbox 2001 2159 2135 2186; x_wconf 83' lang='lat' dir='ltr'>commi·</span> 
     </span>
     <span class='ocr_line' id='line_1_117' title="bbox 1180 2194 2130 2241; baseline 0.005 -19"><span class='ocrx_word' id='word_1_1054' title='bbox 1180 2194 1249 2223; x_wconf 84' lang='lat' dir='ltr'>serit</span> <span class='ocrx_word' id='word_1_1055' title='bbox 1258 2213 1266 2227; x_wconf 93' lang='lat'>,</span> <span class='ocrx_word' id='word_1_1056' title='bbox 1278 2195 1513 2226; x_wconf 81' lang='lat' dir='ltr'>conservandum</span> <span class='ocrx_word' id='word_1_1057' title='bbox 1523 2206 1619 2237; x_wconf 84' lang='lat' dir='ltr'>putas.</span> <span class='ocrx_word' id='word_1_1058' title='bbox 1644 2201 1678 2227; x_wconf 77' lang='lat' dir='ltr'>In</span> <span class='ocrx_word' id='word_1_1059' title='bbox 1690 2207 1795 2241; x_wconf 76' lang='lat' dir='ltr'>corpore</span> <span class='ocrx_word' id='word_1_1060' title='bbox 1804 2197 1823 2228; x_wconf 90' lang='lat' dir='ltr'>si</span> <span class='ocrx_word' id='word_1_1061' title='bbox 1835 2198 1906 2240; x_wconf 85' lang='lat' dir='ltr'>quid</span> <span class='ocrx_word' id='word_1_1062' title='bbox 1917 2198 2067 2238; x_wconf 86' lang='lat' dir='ltr'>ejusmodi</span> <span class='ocrx_word' id='word_1_1063' title='bbox 2077 2197 2130 2232; x_wconf 81' lang='lat' dir='ltr'>cst,</span> 
     </span>
     <span class='ocr_line' id='line_1_118' title="bbox 1179 2235 2135 2281; baseline 0.006 -17"><span class='ocrx_word' id='word_1_1064' title='bbox 1179 2235 1262 2276; x_wconf 90' lang='lat' dir='ltr'>quod</span> <span class='ocrx_word' id='word_1_1065' title='bbox 1279 2237 1396 2277; x_wconf 86' lang='lat' dir='ltr'>reliquo</span> <span class='ocrx_word' id='word_1_1066' title='bbox 1407 2241 1525 2278; x_wconf 86' lang='lat' dir='ltr'>corpori</span> <span class='ocrx_word' id='word_1_1067' title='bbox 1546 2249 1667 2274; x_wconf 84' lang='lat' dir='ltr'>noceat,</span> <span class='ocrx_word' id='word_1_1068' title='bbox 1686 2250 1751 2274; x_wconf 87' lang='lat' dir='ltr'>uri,</span> <span class='ocrx_word' id='word_1_1069' title='bbox 1771 2241 1917 2281; x_wconf 83' lang='lat' dir='ltr'>secarique</span> <span class='ocrx_word' id='word_1_1070' title='bbox 1935 2242 2083 2280; x_wconf 69' lang='lat' dir='ltr'>patimur5</span> <span class='ocrx_word' id='word_1_1071' title='bbox 2103 2248 2135 2270; x_wconf 84' lang='lat' dir='ltr'>ut</span> 
     </span>
     <span class='ocr_line' id='line_1_119' title="bbox 1178 2277 2131 2323; baseline 0.004 -17"><span class='ocrx_word' id='word_1_1072' title='bbox 1178 2277 1388 2307; x_wconf 89' lang='lat' dir='ltr'>membrorum</span> <span class='ocrx_word' id='word_1_1073' title='bbox 1399 2279 1521 2320; x_wconf 89' lang='lat' dir='ltr'>aliquod</span> <span class='ocrx_word' id='word_1_1074' title='bbox 1531 2284 1631 2320; x_wconf 89' lang='lat' dir='ltr'>potius</span> <span class='ocrx_word' id='word_1_1075' title='bbox 1642 2302 1649 2316; x_wconf 87' lang='lat'>,</span> <span class='ocrx_word' id='word_1_1076' title='bbox 1661 2292 1749 2323; x_wconf 87' lang='lat' dir='ltr'>quam</span> <span class='ocrx_word' id='word_1_1077' title='bbox 1762 2291 1862 2312; x_wconf 87' lang='lat' dir='ltr'>totum</span> <span class='ocrx_word' id='word_1_1078' title='bbox 1873 2291 1980 2321; x_wconf 67' lang='lat' dir='ltr'>coi-pus</span> <span class='ocrx_word' id='word_1_1079' title='bbox 1989 2283 2112 2311; x_wconf 84' lang='lat' dir='ltr'>intereat</span> <span class='ocrx_word' id='word_1_1080' title='bbox 2125 2292 2131 2310; x_wconf 74' lang='grc' dir='ltr'>ε</span> 
     </span>
     <span class='ocr_line' id='line_1_120' title="bbox 1176 2317 2131 2364; baseline 0.004 -17"><span class='ocrx_word' id='word_1_1081' title='bbox 1176 2317 1213 2348; x_wconf 87' lang='lat' dir='ltr'>fic</span> <span class='ocrx_word' id='word_1_1082' title='bbox 1224 2321 1256 2348; x_wconf 86' lang='lat' dir='ltr'>in</span> <span class='ocrx_word' id='word_1_1083' title='bbox 1267 2320 1438 2359; x_wconf 83' lang='lat' dir='ltr'>reipublicae</span> <span class='ocrx_word' id='word_1_1084' title='bbox 1454 2331 1576 2361; x_wconf 90' lang='lat' dir='ltr'>corpore</span> <span class='ocrx_word' id='word_1_1085' title='bbox 1587 2342 1596 2356; x_wconf 85' lang='lat'>,</span> <span class='ocrx_word' id='word_1_1086' title='bbox 1616 2332 1648 2354; x_wconf 88' lang='lat' dir='ltr'>ut</span> <span class='ocrx_word' id='word_1_1087' title='bbox 1661 2333 1760 2354; x_wconf 88' lang='lat' dir='ltr'>totum</span> <span class='ocrx_word' id='word_1_1088' title='bbox 1779 2324 1895 2354; x_wconf 87' lang='lat' dir='ltr'>salvum</span> <span class='ocrx_word' id='word_1_1089' title='bbox 1909 2322 1942 2353; x_wconf 88' lang='lat' dir='ltr'>sit</span> <span class='ocrx_word' id='word_1_1090' title='bbox 1953 2343 1960 2357; x_wconf 90' lang='lat'>‚</span> <span class='ocrx_word' id='word_1_1091' title='bbox 1985 2322 2131 2364; x_wconf 87' lang='lat' dir='ltr'>quidquid</span> 
     </span>
     <span class='ocr_line' id='line_1_121' title="bbox 1177 2359 2131 2402; baseline 0.003 -13"><span class='ocrx_word' id='word_1_1092' title='bbox 1177 2359 1218 2390; x_wconf 91' lang='lat' dir='ltr'>est</span> <span class='ocrx_word' id='word_1_1093' title='bbox 1226 2360 1400 2399; x_wconf 80' lang='lat' dir='ltr'>pestiierum</span> <span class='ocrx_word' id='word_1_1094' title='bbox 1413 2382 1422 2395; x_wconf 75' lang='lat'>‚</span> <span class='ocrx_word' id='word_1_1095' title='bbox 1441 2373 1618 2402; x_wconf 88' lang='lat' dir='ltr'>amputetur.</span> <span class='ocrx_word' id='word_1_1096' title='bbox 1642 2367 1727 2395; x_wconf 87' lang='lat' dir='ltr'>Dura</span> <span class='ocrx_word' id='word_1_1097' title='bbox 1736 2374 1807 2395; x_wconf 86' lang='lat' dir='ltr'>vox.</span> <span class='ocrx_word' id='word_1_1098' title='bbox 1831 2363 1993 2395; x_wconf 75' lang='lat' dir='ltr'>Multoilla</span> <span class='ocrx_word' id='word_1_1099' title='bbox 2009 2365 2131 2394; x_wconf 85' lang='lat' dir='ltr'>durior:</span> 
     </span>
     <span class='ocr_line' id='line_1_122' title="bbox 1176 2402 2131 2447; baseline 0.004 -17"><span class='ocrx_word' id='word_1_1100' title='bbox 1176 2402 1260 2431; x_wconf 82' lang='lat' dir='ltr'>Salvi</span> <span class='ocrx_word' id='word_1_1101' title='bbox 1274 2402 1334 2442; x_wconf 80' lang='lat' dir='ltr'>fint</span> <span class='ocrx_word' id='word_1_1102' title='bbox 1344 2402 1462 2444; x_wconf 80' lang='lat' dir='ltr'>improbi</span> <span class='ocrx_word' id='word_1_1103' title='bbox 1472 2424 1480 2438; x_wconf 85' lang='lat'>,</span> <span class='ocrx_word' id='word_1_1104' title='bbox 1493 2405 1640 2440; x_wconf 81' lang='lat' dir='ltr'>scelerati,</span> <span class='ocrx_word' id='word_1_1105' title='bbox 1653 2409 1740 2447; x_wconf 85' lang='lat' dir='ltr'>impii</span> <span class='ocrx_word' id='word_1_1106' title='bbox 1753 2418 1758 2436; x_wconf 88' lang='grc'>;</span> <span class='ocrx_word' id='word_1_1107' title='bbox 1777 2406 1932 2437; x_wconf 85' lang='lat' dir='ltr'>deleantur</span> <span class='ocrx_word' id='word_1_1108' title='bbox 1941 2408 2131 2439; x_wconf 85' lang='lat' dir='ltr'>innocentes,</span> 
     </span>
     <span class='ocr_line' id='line_1_123' title="bbox 1175 2443 2124 2487; baseline 0.008 -15"><span class='ocrx_word' id='word_1_1109' title='bbox 1175 2443 1294 2473; x_wconf 86' lang='lat' dir='ltr'>honesti</span> <span class='ocrx_word' id='word_1_1110' title='bbox 1306 2464 1315 2477; x_wconf 93' lang='lat'>,</span> <span class='ocrx_word' id='word_1_1111' title='bbox 1337 2444 1428 2479; x_wconf 88' lang='lat' dir='ltr'>boni,</span> <span class='ocrx_word' id='word_1_1112' title='bbox 1442 2455 1502 2476; x_wconf 90' lang='lat' dir='ltr'>tota</span> <span class='ocrx_word' id='word_1_1113' title='bbox 1515 2448 1688 2487; x_wconf 86' lang='lat' dir='ltr'>respublica.</span> <span class='ocrx_word' id='word_1_1114' title='bbox 1712 2452 1784 2479; x_wconf 89' lang='lat' dir='ltr'>Uno</span> <span class='ocrx_word' id='word_1_1115' title='bbox 1796 2450 1827 2478; x_wconf 88' lang='lat' dir='ltr'>in</span> <span class='ocrx_word' id='word_1_1116' title='bbox 1840 2450 1964 2477; x_wconf 88' lang='lat' dir='ltr'>homine</span> <span class='ocrx_word' id='word_1_1117' title='bbox 1976 2467 1984 2478; x_wconf 83' lang='grc'><em>,</em></span> <span class='ocrx_word' id='word_1_1118' title='bbox 1997 2445 2124 2486; x_wconf 72' lang='lat' dir='ltr'>QFufi›</span> 
     </span>
     <span class='ocr_line' id='line_1_124' title="bbox 1174 2484 2129 2531; baseline 0.003 -17"><span class='ocrx_word' id='word_1_1119' title='bbox 1174 2484 1268 2515; x_wconf 72' lang='lat' dir='ltr'>fateor</span> <span class='ocrx_word' id='word_1_1120' title='bbox 1281 2495 1309 2515; x_wconf 88' lang='lat' dir='ltr'>te</span> <span class='ocrx_word' id='word_1_1121' title='bbox 1324 2486 1428 2516; x_wconf 75' lang='lat' dir='ltr'>vidifl&#39;e</span> <span class='ocrx_word' id='word_1_1122' title='bbox 1437 2488 1504 2527; x_wconf 87' lang='lat' dir='ltr'>plus</span> <span class='ocrx_word' id='word_1_1123' title='bbox 1514 2508 1522 2522; x_wconf 90' lang='lat'>,</span> <span class='ocrx_word' id='word_1_1124' title='bbox 1542 2489 1632 2529; x_wconf 77' lang='lat' dir='ltr'>quarn</span> <span class='ocrx_word' id='word_1_1125' title='bbox 1643 2500 1702 2519; x_wconf 89' lang='lat' dir='ltr'>me.</span> <span class='ocrx_word' id='word_1_1126' title='bbox 1728 2493 1790 2531; x_wconf 80' lang='lat' dir='ltr'>Ego</span> <span class='ocrx_word' id='word_1_1127' title='bbox 1804 2492 1833 2519; x_wconf 86' lang='lat' dir='ltr'>P.</span> <span class='ocrx_word' id='word_1_1128' title='bbox 1845 2489 1987 2518; x_wconf 86' lang='lat' dir='ltr'>Clodium</span> <span class='ocrx_word' id='word_1_1129' title='bbox 2006 2490 2129 2518; x_wconf 77' lang='lat' dir='ltr'>arbitra-</span> 
     </span>
     <span class='ocr_line' id='line_1_125' title="bbox 1175 2527 2125 2569; baseline 0.003 -13"><span class='ocrx_word' id='word_1_1130' title='bbox 1175 2527 1225 2556; x_wconf 88' lang='lat' dir='ltr'>bar</span> <span class='ocrx_word' id='word_1_1131' title='bbox 1233 2529 1434 2567; x_wconf 88' lang='lat' dir='ltr'>perniciosum</span> <span class='ocrx_word' id='word_1_1132' title='bbox 1445 2531 1553 2563; x_wconf 84' lang='lat' dir='ltr'>civem,</span> <span class='ocrx_word' id='word_1_1133' title='bbox 1565 2531 1748 2565; x_wconf 83' lang='lat' dir='ltr'>sceleratum,</span> <span class='ocrx_word' id='word_1_1134' title='bbox 1759 2530 1970 2562; x_wconf 85' lang='lat' dir='ltr'>libidinosum,</span> <span class='ocrx_word' id='word_1_1135' title='bbox 1981 2531 2125 2569; x_wconf 85' lang='lat' dir='ltr'>impium,</span> 
     </span>
     <span class='ocr_line' id='line_1_126' title="bbox 1172 2569 2125 2611; baseline 0.002 -13"><span class='ocrx_word' id='word_1_1136' title='bbox 1172 2569 1326 2602; x_wconf 87' lang='lat' dir='ltr'>audacem,</span> <span class='ocrx_word' id='word_1_1137' title='bbox 1337 2569 1557 2601; x_wconf 82' lang='lat' dir='ltr'>facinorosum:</span> <span class='ocrx_word' id='word_1_1138' title='bbox 1582 2581 1611 2601; x_wconf 92' lang='lat' dir='ltr'>tu</span> <span class='ocrx_word' id='word_1_1139' title='bbox 1624 2577 1725 2602; x_wconf 74' lang='lat' dir='ltr'>contra</span> <span class='ocrx_word' id='word_1_1140' title='bbox 1736 2571 1880 2605; x_wconf 56' lang='lat' dir='ltr'>sinerum,</span> <span class='ocrx_word' id='word_1_1141' title='bbox 1892 2579 2125 2611; x_wconf 86' lang='lat' dir='ltr'>temperantem,</span> 
     </span>
     <span class='ocr_line' id='line_1_127' title="bbox 1172 2612 2127 2652; baseline 0.003 -13"><span class='ocrx_word' id='word_1_1142' title='bbox 1172 2612 1367 2641; x_wconf 85' lang='lat' dir='ltr'>innocentem</span> <span class='ocrx_word' id='word_1_1143' title='bbox 1381 2632 1389 2644; x_wconf 91' lang='lat'>‚</span> <span class='ocrx_word' id='word_1_1144' title='bbox 1409 2612 1579 2642; x_wconf 84' lang='lat' dir='ltr'>modestum</span> <span class='ocrx_word' id='word_1_1145' title='bbox 1592 2633 1601 2647; x_wconf 91' lang='lat'>,</span> <span class='ocrx_word' id='word_1_1146' title='bbox 1617 2614 1807 2643; x_wconf 85' lang='lat' dir='ltr'>retinendum</span> <span class='ocrx_word' id='word_1_1147' title='bbox 1826 2614 1925 2642; x_wconf 87' lang='lat' dir='ltr'>civem</span> <span class='ocrx_word' id='word_1_1148' title='bbox 1938 2632 1946 2646; x_wconf 83' lang='lat'>‚</span> <span class='ocrx_word' id='word_1_1149' title='bbox 1968 2612 2000 2643; x_wconf 67' lang='grc' dir='ltr'>ὃ(</span> <span class='ocrx_word' id='word_1_1150' title='bbox 2018 2621 2127 2652; x_wconf 85' lang='lat' dir='ltr'>optan-</span> 
     </span>
     <span class='ocr_line' id='line_1_128' title="bbox 1173 2652 2125 2693; baseline 0.003 -12"><span class='ocrx_word' id='word_1_1151' title='bbox 1173 2652 1257 2681; x_wconf 90' lang='lat' dir='ltr'>dum.</span> <span class='ocrx_word' id='word_1_1152' title='bbox 1280 2654 1313 2681; x_wconf 88' lang='lat' dir='ltr'>in</span> <span class='ocrx_word' id='word_1_1153' title='bbox 1325 2654 1384 2682; x_wconf 87' lang='lat' dir='ltr'>hoc</span> <span class='ocrx_word' id='word_1_1154' title='bbox 1399 2662 1461 2682; x_wconf 87' lang='lat' dir='ltr'>uno</span> <span class='ocrx_word' id='word_1_1155' title='bbox 1473 2661 1500 2682; x_wconf 92' lang='lat' dir='ltr'>te</span> <span class='ocrx_word' id='word_1_1156' title='bbox 1519 2654 1686 2693; x_wconf 84' lang='lat' dir='ltr'>plui-imum</span> <span class='ocrx_word' id='word_1_1157' title='bbox 1704 2653 1809 2685; x_wconf 84' lang='lat' dir='ltr'>vidiffe</span> <span class='ocrx_word' id='word_1_1158' title='bbox 1820 2674 1829 2688; x_wconf 93' lang='lat'>,</span> <span class='ocrx_word' id='word_1_1159' title='bbox 1846 2658 1864 2681; x_wconf 80' lang='lat'>4</span> <span class='ocrx_word' id='word_1_1160' title='bbox 1875 2655 2006 2684; x_wconf 89' lang='lat' dir='ltr'>multum</span> <span class='ocrx_word' id='word_1_1161' title='bbox 2019 2663 2068 2684; x_wconf 84' lang='lat' dir='ltr'>me</span> <span class='ocrx_word' id='word_1_1162' title='bbox 2077 2664 2125 2684; x_wconf 86' lang='lat' dir='ltr'>ei·-</span> 
     </span>
     <span class='ocr_line' id='line_1_129' title="bbox 1171 2692 2151 2738; baseline 0.002 -16"><span class='ocrx_word' id='word_1_1163' title='bbox 1171 2692 1242 2723; x_wconf 81' lang='lat' dir='ltr'>rass&#39;e</span> <span class='ocrx_word' id='word_1_1164' title='bbox 1251 2694 1398 2723; x_wconf 85' lang='lat' dir='ltr'>concedo.</span> <span class='ocrx_word' id='word_1_1165' title='bbox 1422 2697 1502 2724; x_wconf 88' lang='lat' dir='ltr'>Nam</span> <span class='ocrx_word' id='word_1_1166' title='bbox 1515 2705 1563 2725; x_wconf 88' lang='lat' dir='ltr'>me</span> <span class='ocrx_word' id='word_1_1167' title='bbox 1582 2705 1680 2726; x_wconf 86' lang='lat' dir='ltr'>tecum</span> <span class='ocrx_word' id='word_1_1168' title='bbox 1700 2696 1840 2726; x_wconf 68' lang='lat' dir='ltr'>iracundi:</span> <span class='ocrx_word' id='word_1_1169' title='bbox 1858 2706 1940 2738; x_wconf 82' lang='lat' dir='ltr'>agere</span> <span class='ocrx_word' id='word_1_1170' title='bbox 1954 2695 2057 2726; x_wconf 88' lang='lat' dir='ltr'>dixisti</span> <span class='ocrx_word' id='word_1_1171' title='bbox 2076 2696 2124 2725; x_wconf 71' lang='lat' dir='ltr'>str-</span> <span class='ocrx_word' id='word_1_1172' title='bbox 2147 2697 2151 2700; x_wconf 66' lang='grc'><em>“</em></span> 
     </span>
     <span class='ocr_line' id='line_1_130' title="bbox 1170 2735 2123 2779; baseline 0.003 -16"><span class='ocrx_word' id='word_1_1173' title='bbox 1170 2735 1248 2764; x_wconf 87' lang='lat' dir='ltr'>lere:</span> <span class='ocrx_word' id='word_1_1174' title='bbox 1271 2744 1335 2764; x_wconf 89' lang='lat' dir='ltr'>non</span> <span class='ocrx_word' id='word_1_1175' title='bbox 1355 2735 1454 2766; x_wconf 86' lang='lat' dir='ltr'>estita.</span> <span class='ocrx_word' id='word_1_1176' title='bbox 1476 2738 1671 2767; x_wconf 83' lang='lat' dir='ltr'>vehementer</span> <span class='ocrx_word' id='word_1_1177' title='bbox 1684 2747 1733 2767; x_wconf 86' lang='lat' dir='ltr'>me</span> <span class='ocrx_word' id='word_1_1178' title='bbox 1750 2748 1834 2779; x_wconf 85' lang='lat' dir='ltr'>agere</span> <span class='ocrx_word' id='word_1_1179' title='bbox 1845 2736 1958 2771; x_wconf 77' lang='lat' dir='ltr'>fatcor,</span> <span class='ocrx_word' id='word_1_1180' title='bbox 1980 2737 2123 2767; x_wconf 60' lang='lat' dir='ltr'>iracunde</span> 
     </span>
     <span class='ocr_line' id='line_1_131' title="bbox 1169 2777 2121 2816; baseline 0.003 -11"><span class='ocrx_word' id='word_1_1181' title='bbox 1169 2786 1256 2816; x_wconf 87' lang='lat' dir='ltr'>nego.</span> <span class='ocrx_word' id='word_1_1182' title='bbox 1280 2779 1411 2807; x_wconf 86' lang='lat' dir='ltr'>omnino</span> <span class='ocrx_word' id='word_1_1183' title='bbox 1433 2787 1547 2808; x_wconf 57' lang='lat' dir='ltr'>inisset</span> <span class='ocrx_word' id='word_1_1184' title='bbox 1563 2781 1666 2809; x_wconf 87' lang='lat' dir='ltr'>amicis</span> <span class='ocrx_word' id='word_1_1185' title='bbox 1676 2789 1738 2809; x_wconf 92' lang='lat' dir='ltr'>non</span> <span class='ocrx_word' id='word_1_1186' title='bbox 1750 2788 1861 2809; x_wconf 79' lang='lat' dir='ltr'>temere</span> <span class='ocrx_word' id='word_1_1187' title='bbox 1873 2780 1964 2813; x_wconf 81' lang='lat' dir='ltr'>soleo,</span> <span class='ocrx_word' id='word_1_1188' title='bbox 1976 2788 2014 2808; x_wconf 89' lang='lat' dir='ltr'>ne</span> <span class='ocrx_word' id='word_1_1189' title='bbox 2025 2777 2044 2808; x_wconf 88' lang='lat' dir='ltr'>si</span> <span class='ocrx_word' id='word_1_1190' title='bbox 2055 2789 2121 2808; x_wconf 83' lang='lat' dir='ltr'>me-</span> 
     </span>
     <span class='ocr_line' id='line_1_132' title="bbox 1168 2818 2120 2860; baseline 0.005 -14"><span class='ocrx_word' id='word_1_1191' title='bbox 1168 2827 1270 2847; x_wconf 84' lang='lat' dir='ltr'>rentur</span> <span class='ocrx_word' id='word_1_1192' title='bbox 1278 2818 1412 2859; x_wconf 87' lang='lat' dir='ltr'>quidem.</span> <span class='ocrx_word' id='word_1_1193' title='bbox 1435 2822 1535 2860; x_wconf 84' lang='lat' dir='ltr'>Itaque</span> <span class='ocrx_word' id='word_1_1194' title='bbox 1546 2818 1603 2850; x_wconf 83' lang='lat' dir='ltr'>sine</span> <span class='ocrx_word' id='word_1_1195' title='bbox 1615 2820 1775 2850; x_wconf 88' lang='lat' dir='ltr'>verborum</span> <span class='ocrx_word' id='word_1_1196' title='bbox 1786 2821 1972 2851; x_wconf 81' lang='lat' dir='ltr'>contumelia</span> <span class='ocrx_word' id='word_1_1197' title='bbox 1989 2820 2004 2850; x_wconf 70' lang='lat' dir='ltr'>a</span> <span class='ocrx_word' id='word_1_1198' title='bbox 2021 2829 2049 2850; x_wconf 85' lang='lat' dir='ltr'>te</span> <span class='ocrx_word' id='word_1_1199' title='bbox 2057 2820 2120 2851; x_wconf 55' lang='lat' dir='ltr'>dis-2</span> 
     </span>
     <span class='ocr_line' id='line_1_133' title="bbox 1166 2859 2116 2901; baseline 0.003 -13"><span class='ocrx_word' id='word_1_1200' title='bbox 1166 2859 1273 2889; x_wconf 87' lang='lat' dir='ltr'>sentire</span> <span class='ocrx_word' id='word_1_1201' title='bbox 1287 2859 1406 2899; x_wconf 68' lang='lat' dir='ltr'>poss‘um</span> <span class='ocrx_word' id='word_1_1202' title='bbox 1419 2880 1427 2894; x_wconf 90' lang='lat'>,</span> <span class='ocrx_word' id='word_1_1203' title='bbox 1448 2859 1507 2891; x_wconf 88' lang='lat' dir='ltr'>sine</span> <span class='ocrx_word' id='word_1_1204' title='bbox 1528 2863 1622 2892; x_wconf 86' lang='lat' dir='ltr'>animi</span> <span class='ocrx_word' id='word_1_1205' title='bbox 1641 2863 1763 2900; x_wconf 83' lang='lat' dir='ltr'>summo</span> <span class='ocrx_word' id='word_1_1206' title='bbox 1777 2862 1880 2892; x_wconf 90' lang='lat' dir='ltr'>dolore</span> <span class='ocrx_word' id='word_1_1207' title='bbox 1904 2872 1967 2892; x_wconf 91' lang='lat' dir='ltr'>non</span> <span class='ocrx_word' id='word_1_1208' title='bbox 1985 2860 2116 2901; x_wconf 72' lang='lat' dir='ltr'>poss&#39;uni.</span> 
     </span>
     <span class='ocr_line' id='line_1_134' title="bbox 1165 2902 2116 2944; baseline 0.004 -14"><span class='ocrx_word' id='word_1_1209' title='bbox 1165 2909 1251 2939; x_wconf 84' lang='lat' dir='ltr'>parva</span> <span class='ocrx_word' id='word_1_1210' title='bbox 1260 2902 1303 2931; x_wconf 87' lang='lat' dir='ltr'>est</span> <span class='ocrx_word' id='word_1_1211' title='bbox 1312 2905 1395 2931; x_wconf 84' lang='lat' dir='ltr'>enirn</span> <span class='ocrx_word' id='word_1_1212' title='bbox 1406 2904 1483 2932; x_wconf 82' lang='lat' dir='ltr'>milii</span> <span class='ocrx_word' id='word_1_1213' title='bbox 1494 2911 1592 2933; x_wconf 85' lang='lat' dir='ltr'>tecum</span> <span class='ocrx_word' id='word_1_1214' title='bbox 1605 2923 1614 2937; x_wconf 89' lang='lat'>,</span> <span class='ocrx_word' id='word_1_1215' title='bbox 1632 2913 1680 2934; x_wconf 86' lang='lat' dir='ltr'>aut</span> <span class='ocrx_word' id='word_1_1216' title='bbox 1690 2914 1776 2944; x_wconf 80' lang='lat' dir='ltr'>parva</span> <span class='ocrx_word' id='word_1_1217' title='bbox 1784 2904 1820 2934; x_wconf 92' lang='lat' dir='ltr'>de</span> <span class='ocrx_word' id='word_1_1218' title='bbox 1839 2914 1868 2934; x_wconf 87' lang='lat' dir='ltr'>re</span> <span class='ocrx_word' id='word_1_1219' title='bbox 1882 2903 2043 2933; x_wconf 79' lang='lat' dir='ltr'>dissensio?</span> <span class='ocrx_word' id='word_1_1220' title='bbox 2061 2914 2116 2944; x_wconf 86' lang='lat' dir='ltr'>ego</span> 
     </span>
    </p>
   </div>
   <div class='ocr_carea' id='block_1_22' title="bbox 1167 2943 2117 3021">
    <p class='ocr_par' dir='ltr' id='par_1_22' title="bbox 1167 2943 2117 3021">
     <span class='ocr_line' id='line_1_135' title="bbox 1167 2943 2116 2987; baseline 0.004 -16"><span class='ocrx_word' id='word_1_1221' title='bbox 1167 2944 1237 2972; x_wconf 82' lang='lat' dir='ltr'>huic</span> <span class='ocrx_word' id='word_1_1222' title='bbox 1250 2943 1389 2974; x_wconf 85' lang='lat' dir='ltr'>videlicet</span> <span class='ocrx_word' id='word_1_1223' title='bbox 1400 2943 1488 2974; x_wconf 85' lang='lat' dir='ltr'>faveo</span> <span class='ocrx_word' id='word_1_1224' title='bbox 1500 2964 1509 2978; x_wconf 93' lang='lat'>,</span> <span class='ocrx_word' id='word_1_1225' title='bbox 1528 2953 1559 2975; x_wconf 89' lang='lat' dir='ltr'>tu</span> <span class='ocrx_word' id='word_1_1226' title='bbox 1570 2945 1614 2975; x_wconf 88' lang='lat' dir='ltr'>illi</span> <span class='ocrx_word' id='word_1_1227' title='bbox 1626 2951 1636 2973; x_wconf 83' lang='lat'><em>?</em></span> <span class='ocrx_word' id='word_1_1228' title='bbox 1657 2945 1760 2976; x_wconf 73' lang='lat' dir='ltr'>Immo</span> <span class='ocrx_word' id='word_1_1229' title='bbox 1771 2956 1842 2976; x_wconf 84' lang='lat' dir='ltr'>vero</span> <span class='ocrx_word' id='word_1_1230' title='bbox 1851 2956 1906 2987; x_wconf 78' lang='lat' dir='ltr'>ego</span> <span class='ocrx_word' id='word_1_1231' title='bbox 1916 2948 1958 2976; x_wconf 91' lang='lat' dir='ltr'>D.</span> <span class='ocrx_word' id='word_1_1232' title='bbox 1969 2948 2060 2975; x_wconf 82' lang='lat' dir='ltr'>Bruto</span> <span class='ocrx_word' id='word_1_1233' title='bbox 2073 2950 2116 2975; x_wconf 72' lang='lat' dir='ltr'>ta-</span> 
     </span>
     <span class='ocr_line' id='line_1_136' title="bbox 2046 2997 2117 3021; baseline 0.014 -5"><span class='ocrx_word' id='word_1_1234' title='bbox 2046 2997 2117 3021; x_wconf 81' lang='lat' dir='ltr'>veo,</span> 
     </span>
    </p>
   </div>
   <div class='ocr_carea' id='block_1_23' title="bbox 179 3030 2113 3044">
    <p class='ocr_par' dir='ltr' id='par_1_23' title="bbox 179 3030 2113 3044">
     <span class='ocr_line' id='line_1_137' title="bbox 179 3030 2113 3044; baseline 0 335"><span class='ocrx_word' id='word_1_1235' title='bbox 179 3030 2113 3044; x_wconf 95' lang='lat' dir='ltr'> </span> 
     </span>
    </p>
   </div>
   <div class='ocr_carea' id='block_1_24' title="bbox 202 3049 1138 3085">
    <p class='ocr_par' dir='ltr' id='par_1_24' title="bbox 202 3049 1138 3085">
     <span class='ocr_line' id='line_1_138' title="bbox 202 3049 1138 3085; baseline 0.003 -10"><span class='ocrx_word' id='word_1_1236' title='bbox 202 3055 225 3073; x_wconf 88' lang='lat'>1.</span> <span class='ocrx_word' id='word_1_1237' title='bbox 235 3049 260 3072; x_wconf 71' lang='lat' dir='ltr'>S!</span> <span class='ocrx_word' id='word_1_1238' title='bbox 269 3049 369 3072; x_wconf 75' lang='lat' dir='ltr'>homines</span> <span class='ocrx_word' id='word_1_1239' title='bbox 376 3049 451 3079; x_wconf 58' lang='lat' dir='ltr'>illim:</span> <span class='ocrx_word' id='word_1_1240' title='bbox 459 3052 530 3085; x_wconf 66' lang='lat' dir='ltr'>nom]</span> <span class='ocrx_word' id='word_1_1241' title='bbox 551 3055 659 3079; x_wconf 79' lang='lat' dir='ltr'>Secutus</span> <span class='ocrx_word' id='word_1_1242' title='bbox 669 3055 724 3079; x_wconf 82' lang='lat' dir='ltr'>ium</span> <span class='ocrx_word' id='word_1_1243' title='bbox 737 3054 918 3079; x_wconf 84' lang='lat' dir='ltr'>Maiiutianain</span> <span class='ocrx_word' id='word_1_1244' title='bbox 930 3062 958 3078; x_wconf 80' lang='lat' dir='ltr'>ac</span> <span class='ocrx_word' id='word_1_1245' title='bbox 970 3052 1063 3078; x_wconf 82' lang='lat' dir='ltr'>Lamb.</span> <span class='ocrx_word' id='word_1_1246' title='bbox 1075 3061 1116 3078; x_wconf 86' lang='lat' dir='ltr'>ra·</span> <span class='ocrx_word' id='word_1_1247' title='bbox 1136 3075 1138 3081; x_wconf 84' lang='lat'><em>.</em></span> 
     </span>
    </p>
   </div>
   <div class='ocr_carea' id='block_1_25' title="bbox 162 3083 1118 3159">
    <p class='ocr_par' dir='ltr' id='par_1_25' title="bbox 162 3083 1118 3159">
     <span class='ocr_line' id='line_1_139' title="bbox 162 3083 1116 3125; baseline 0.005 -16"><span class='ocrx_word' id='word_1_1248' title='bbox 162 3088 205 3111; x_wconf 74' lang='lat' dir='ltr'>tus</span> <span class='ocrx_word' id='word_1_1249' title='bbox 217 3083 269 3108; x_wconf 73' lang='lat' dir='ltr'>liaec</span> <span class='ocrx_word' id='word_1_1250' title='bbox 279 3091 337 3110; x_wconf 81' lang='lat' dir='ltr'>nata</span> <span class='ocrx_word' id='word_1_1251' title='bbox 347 3091 379 3109; x_wconf 83' lang='lat' dir='ltr'>ex</span> <span class='ocrx_word' id='word_1_1252' title='bbox 391 3084 534 3114; x_wconf 70' lang='lat' dir='ltr'>Fae&#39;rniana</span> <span class='ocrx_word' id='word_1_1253' title='bbox 544 3096 589 3114; x_wconf 86' lang='lat' dir='ltr'>aut</span> <span class='ocrx_word' id='word_1_1254' title='bbox 601 3089 749 3115; x_wconf 83' lang='lat' dir='ltr'>Muretana.</span> <span class='ocrx_word' id='word_1_1255' title='bbox 769 3093 840 3115; x_wconf 71' lang='lat' dir='ltr'>certe</span> <span class='ocrx_word' id='word_1_1256' title='bbox 852 3089 940 3125; x_wconf 82' lang='lat' dir='ltr'>potior</span> <span class='ocrx_word' id='word_1_1257' title='bbox 951 3088 986 3115; x_wconf 83' lang='lat' dir='ltr'>est</span> <span class='ocrx_word' id='word_1_1258' title='bbox 1000 3088 1116 3124; x_wconf 79' lang='lat' dir='ltr'>vulgata.</span> 
     </span>
     <span class='ocr_line' id='line_1_140' title="bbox 197 3121 1118 3159; baseline 0.011 -16"><span class='ocrx_word' id='word_1_1259' title='bbox 197 3127 225 3144; x_wconf 94' lang='lat'>2.</span> <span class='ocrx_word' id='word_1_1260' title='bbox 244 3121 348 3152; x_wconf 66' lang='lat' dir='ltr'>Atquiiae</span> <span class='ocrx_word' id='word_1_1261' title='bbox 360 3126 395 3159; x_wconf 47' lang='lat' dir='ltr'>cs?</span> <span class='ocrx_word' id='word_1_1262' title='bbox 406 3124 536 3156; x_wconf 64' lang='lat' dir='ltr'>quikapcr</span> <span class='ocrx_word' id='word_1_1263' title='bbox 549 3131 631 3156; x_wconf 72' lang='lat' dir='ltr'>pacem</span> <span class='ocrx_word' id='word_1_1264' title='bbox 649 3125 763 3159; x_wconf 62' lang='lat' dir='ltr'>optaris]</span> <span class='ocrx_word' id='word_1_1265' title='bbox 786 3126 841 3151; x_wconf 66' lang='lat' dir='ltr'>Pal.</span> <span class='ocrx_word' id='word_1_1266' title='bbox 852 3125 902 3152; x_wconf 84' lang='lat' dir='ltr'>sec.</span> <span class='ocrx_word' id='word_1_1267' title='bbox 914 3124 989 3151; x_wconf 77' lang='lat' dir='ltr'>habet</span> <span class='ocrx_word' id='word_1_1268' title='bbox 1004 3144 1011 3156; x_wconf 76' lang='lat'>,</span> <span class='ocrx_word' id='word_1_1269' title='bbox 1029 3127 1118 3158; x_wconf 54' lang='lat' dir='ltr'>§Atqui</span> 
     </span>
    </p>
   </div>
   <div class='ocr_carea' id='block_1_26' title="bbox 159 3155 1697 3233">
    <p class='ocr_par' dir='ltr' id='par_1_26' title="bbox 159 3155 1697 3233">
     <span class='ocr_line' id='line_1_141' title="bbox 160 3155 1140 3193; baseline 0.004 -12"><span class='ocrx_word' id='word_1_1270' title='bbox 160 3155 198 3181; x_wconf 65' lang='lat' dir='ltr'>etit</span> <span class='ocrx_word' id='word_1_1271' title='bbox 207 3165 257 3180; x_wconf 85' lang='lat' dir='ltr'>eum</span> <span class='ocrx_word' id='word_1_1272' title='bbox 267 3163 288 3180; x_wconf 80' lang='lat' dir='ltr'>re</span> <span class='ocrx_word' id='word_1_1273' title='bbox 298 3157 338 3187; x_wconf 60' lang='lat' dir='ltr'>effi</span> <span class='ocrx_word' id='word_1_1274' title='bbox 348 3158 450 3189; x_wconf 70' lang='lat' dir='ltr'>qu¹‚&amp;·c.</span> <span class='ocrx_word' id='word_1_1275' title='bbox 461 3159 595 3193; x_wconf 83' lang='lat' dir='ltr'>quomodo</span> <span class='ocrx_word' id='word_1_1276' title='bbox 606 3159 662 3186; x_wconf 75' lang='lat' dir='ltr'>fere</span> <span class='ocrx_word' id='word_1_1277' title='bbox 674 3164 687 3185; x_wconf 73' lang='grc' dir='ltr'>ὁ</span> <span class='ocrx_word' id='word_1_1278' title='bbox 699 3161 854 3187; x_wconf 69' lang='lat' dir='ltr'>Fa&#39;e‘rnianis</span> <span class='ocrx_word' id='word_1_1279' title='bbox 866 3162 971 3187; x_wconf 75' lang='lat' dir='ltr'>Maxmt.</span> <span class='ocrx_word' id='word_1_1280' title='bbox 981 3161 1007 3186; x_wconf 73' lang='grc' dir='ltr'>ὅ(</span> <span class='ocrx_word' id='word_1_1281' title='bbox 1021 3160 1116 3186; x_wconf 86' lang='lat' dir='ltr'>Lainb.</span> <span class='ocrx_word' id='word_1_1282' title='bbox 1138 3164 1140 3180; x_wconf 81' lang='grc'>1</span> 
     </span>
     <span class='ocr_line' id='line_1_142' title="bbox 159 3181 1697 3233; baseline 0.005 -16"><span class='ocrx_word' id='word_1_1283' title='bbox 159 3190 202 3218; x_wconf 61' lang='lat' dir='ltr'>led</span> <span class='ocrx_word' id='word_1_1284' title='bbox 212 3200 264 3218; x_wconf 86' lang='lat' dir='ltr'>non</span> <span class='ocrx_word' id='word_1_1285' title='bbox 274 3191 378 3227; x_wconf 85' lang='lat' dir='ltr'>sequor.</span> <span class='ocrx_word' id='word_1_1286' title='bbox 401 3193 504 3221; x_wconf 81' lang='lat' dir='ltr'>videtur</span> <span class='ocrx_word' id='word_1_1287' title='bbox 514 3194 584 3222; x_wconf 84' lang='lat' dir='ltr'>enim</span> <span class='ocrx_word' id='word_1_1288' title='bbox 596 3196 679 3231; x_wconf 79' lang='lat' dir='ltr'>magis</span> <span class='ocrx_word' id='word_1_1289' title='bbox 689 3196 876 3232; x_wconf 77' lang='lat' dir='ltr'>&#39;interpretatio</span> <span class='ocrx_word' id='word_1_1290' title='bbox 886 3197 995 3224; x_wconf 78' lang='lat' dir='ltr'>alterius</span> <span class='ocrx_word' id='word_1_1291' title='bbox 1007 3195 1117 3231; x_wconf 79' lang='lat' dir='ltr'>scriptu-</span> <span class='ocrx_word' id='word_1_1292' title='bbox 1137 3181 1140 3229; x_wconf 64' lang='lat' dir='ltr'>l</span> <span class='ocrx_word' id='word_1_1293' title='bbox 1162 3201 1204 3221; x_wconf 83' lang='lat' dir='ltr'>ter</span> <span class='ocrx_word' id='word_1_1294' title='bbox 1217 3194 1299 3221; x_wconf 84' lang='lat' dir='ltr'>libros</span> <span class='ocrx_word' id='word_1_1295' title='bbox 1311 3194 1422 3227; x_wconf 67' lang='lat' dir='ltr'>nostros,</span> <span class='ocrx_word' id='word_1_1296' title='bbox 1435 3195 1537 3223; x_wconf 55' lang='lat' dir='ltr'>&amp;solim</span> <span class='ocrx_word' id='word_1_1297' title='bbox 1549 3195 1697 3233; x_wconf 56' lang='lat' dir='ltr'>iinpreffw.</span> 
     </span>
    </p>
   </div>
   <div class='ocr_carea' id='block_1_27' title="bbox 1161 3049 1475 3086">
    <p class='ocr_par' dir='ltr' id='par_1_27' title="bbox 1161 3049 1475 3086">
     <span class='ocr_line' id='line_1_143' title="bbox 1161 3049 1475 3086; baseline 0.01 -11"><span class='ocrx_word' id='word_1_1298' title='bbox 1161 3060 1205 3082; x_wconf 82' lang='lat' dir='ltr'>rae,</span> <span class='ocrx_word' id='word_1_1299' title='bbox 1225 3059 1303 3086; x_wconf 86' lang='lat' dir='ltr'>quam</span> <span class='ocrx_word' id='word_1_1300' title='bbox 1313 3049 1475 3078; x_wconf 81' lang='lat' dir='ltr'>emendatio.</span> 
     </span>
    </p>
   </div>
   <div class='ocr_carea' id='block_1_28' title="bbox 1136 3085 1140 3153">
    <p class='ocr_par' dir='ltr' id='par_1_28' title="bbox 1136 3085 1140 3153">
     <span class='ocr_line' id='line_1_144' title="bbox 1136 3085 1140 3153; baseline 0 226"><span class='ocrx_word' id='word_1_1301' title='bbox 1136 3085 1140 3153; x_wconf 95' lang='lat' dir='ltr'> </span> 
     </span>
    </p>
   </div>
   <div class='ocr_carea' id='block_1_29' title="bbox 1651 3085 2118 3122">
    <p class='ocr_par' dir='ltr' id='par_1_29' title="bbox 1651 3085 2118 3122">
     <span class='ocr_line' id='line_1_145' title="bbox 1651 3085 2118 3122; baseline -0.006 -7"><span class='ocrx_word' id='word_1_1302' title='bbox 1651 3088 1694 3115; x_wconf 85' lang='lat' dir='ltr'>Sic</span> <span class='ocrx_word' id='word_1_1303' title='bbox 1705 3089 1760 3116; x_wconf 71' lang='lat' dir='ltr'>Pal.</span> <span class='ocrx_word' id='word_1_1304' title='bbox 1780 3087 1830 3115; x_wconf 79' lang='lat' dir='ltr'>sce.</span> <span class='ocrx_word' id='word_1_1305' title='bbox 1848 3089 1875 3115; x_wconf 68' lang='grc' dir='ltr'>δί</span> <span class='ocrx_word' id='word_1_1306' title='bbox 1887 3087 2002 3114; x_wconf 77' lang='lat' dir='ltr'>Ferrarii</span> <span class='ocrx_word' id='word_1_1307' title='bbox 2012 3085 2118 3122; x_wconf 83' lang='lat' dir='ltr'>aliquot</span> 
     </span>
    </p>
   </div>
   <div class='ocr_carea' id='block_1_30' title="bbox 1161 3088 1629 3157">
    <p class='ocr_par' dir='ltr' id='par_1_30' title="bbox 1161 3088 1629 3157">
     <span class='ocr_line' id='line_1_146' title="bbox 1198 3088 1629 3148; baseline 0.007 -37"><span class='ocrx_word' id='word_1_1308' title='bbox 1198 3095 1223 3148; x_wconf 54' lang='grc' dir='ltr'>ἴ.</span> <span class='ocrx_word' id='word_1_1309' title='bbox 1246 3090 1298 3119; x_wconf 60' lang='lat'>52⁸0</span> <span class='ocrx_word' id='word_1_1310' title='bbox 1316 3088 1401 3112; x_wconf 72' lang='lat' dir='ltr'>utebar</span> <span class='ocrx_word' id='word_1_1311' title='bbox 1414 3088 1468 3120; x_wconf 76' lang='lat' dir='ltr'>sene</span> <span class='ocrx_word' id='word_1_1312' title='bbox 1477 3088 1539 3113; x_wconf 72' lang='lat' dir='ltr'>adole</span> <span class='ocrx_word' id='word_1_1313' title='bbox 1551 3089 1629 3124; x_wconf 64' lang='lat' dir='ltr'>cens]</span> 
     </span>
     <span class='ocr_line' id='line_1_147' title="bbox 1161 3121 1600 3157; baseline 0 -8"><span class='ocrx_word' id='word_1_1314' title='bbox 1161 3132 1201 3149; x_wconf 66' lang='lat' dir='ltr'>co&lt;</span> <span class='ocrx_word' id='word_1_1315' title='bbox 1211 3121 1238 3148; x_wconf 85' lang='lat' dir='ltr'>d.</span> <span class='ocrx_word' id='word_1_1316' title='bbox 1252 3122 1370 3157; x_wconf 80' lang='lat' dir='ltr'>vulgata,</span> <span class='ocrx_word' id='word_1_1317' title='bbox 1382 3123 1437 3156; x_wconf 76' lang='lat' dir='ltr'>fine</span> <span class='ocrx_word' id='word_1_1318' title='bbox 1446 3126 1538 3149; x_wconf 65' lang='lat' dir='ltr'>auflorc</span> <span class='ocrx_word' id='word_1_1319' title='bbox 1547 3125 1600 3150; x_wconf 71' lang='lat' dir='ltr'>adol</span> 
     </span>
    </p>
   </div>
   <div class='ocr_carea' id='block_1_31' title="bbox 1198 3159 2118 3216">
    <p class='ocr_par' dir='ltr' id='par_1_31' title="bbox 1198 3159 2118 3216">
     <span class='ocr_line' id='line_1_148' title="bbox 1198 3159 2118 3196; baseline -0.001 -12"><span class='ocrx_word' id='word_1_1320' title='bbox 1198 3165 1225 3191; x_wconf 90' lang='lat'>4.</span> <span class='ocrx_word' id='word_1_1321' title='bbox 1247 3160 1351 3184; x_wconf 77' lang='lat' dir='ltr'>Multum</span> <span class='ocrx_word' id='word_1_1322' title='bbox 1361 3168 1394 3183; x_wconf 84' lang='lat' dir='ltr'>me</span> <span class='ocrx_word' id='word_1_1323' title='bbox 1403 3160 1514 3194; x_wconf 59' lang='lat' dir='ltr'>err-affe]</span> <span class='ocrx_word' id='word_1_1324' title='bbox 1537 3160 1712 3187; x_wconf 78' lang='lat' dir='ltr'>Lambini-ana</span> <span class='ocrx_word' id='word_1_1325' title='bbox 1724 3181 1732 3194; x_wconf 96' lang='lat'>,</span> <span class='ocrx_word' id='word_1_1326' title='bbox 1743 3162 1878 3196; x_wconf 80' lang='lat' dir='ltr'>meslulmm</span> <span class='ocrx_word' id='word_1_1327' title='bbox 1886 3160 1926 3194; x_wconf 77' lang='lat' dir='ltr'>effe</span> <span class='ocrx_word' id='word_1_1328' title='bbox 1935 3159 2031 3192; x_wconf 72' lang='lat' dir='ltr'>crraffi.</span> <span class='ocrx_word' id='word_1_1329' title='bbox 2048 3165 2118 3193; x_wconf 66' lang='lat' dir='ltr'>prae-</span> 
     </span>
     <span class='ocr_line' id='line_1_149' title="bbox 1927 3198 2118 3216; baseline 0.005 -10"><span class='ocrx_word' id='word_1_1330' title='bbox 1927 3202 1938 3216; x_wconf 44' lang='grc' dir='ltr'>ι</span> <span class='ocrx_word' id='word_1_1331' title='bbox 2078 3202 2082 3206; x_wconf 94' lang='grc'><em>.</em></span> <span class='ocrx_word' id='word_1_1332' title='bbox 2095 3198 2118 3207; x_wconf 52' lang='lat'>.-</span> 
     </span>
    </p>
   </div>
   <div class='ocr_carea' id='block_1_32' title="bbox 2012 3228 2105 3253">
    <p class='ocr_par' dir='ltr' id='par_1_32' title="bbox 2012 3228 2105 3253">
     <span class='ocr_line' id='line_1_150' title="bbox 2012 3228 2105 3253; baseline 0 0"><span class='ocrx_word' id='word_1_1333' title='bbox 2012 3228 2105 3253; x_wconf 61' lang='lat' dir='ltr'>ern</span> 
     </span>
    </p>
   </div>
  </div>
 </body>
</html>
