2360 3400
331 143 543 199 Eius-r.
580 146 656 196 'An
693 147 746 195 C.
787 148 1152 206 Memmium,

148 225 149 228 Ἰ
197 238 251 263 tua
261 231 345 265 fides,
356 231 390 262 sc
399 231 527 273 dignitas
534 229 859 271 postulat,edi&um,&
870 230 1039 261 institutum
1051 230 1150 263 tuum)

130 437 184 473 60

123 977 191 1012 61.

113 1482 164 1517 62

110 1942 156 1985 63

109 2736 160 2778 ⁶4

198 274 249 304 sed
260 281 291 304 ut
300 273 389 314 quam
398 272 561 303 facillimos
570 272 606 303 ad
617 282 645 303 te
654 273 751 303 aditus
762 273 873 303 habeat:
883 283 949 344 (¹1¹¹ae
959 281 1045 303 erunt
1053 282 1149 313 aequaa

197 314 313 346 libente
328 323 356 344 te
375 316 515 354 impetret
530 324 536 342 ι
556 323 590 345 ut
600 325 698 345 meam
708 317 872 345 amicitiam
896 314 960 347 ibi,
979 317 1068 344 etiarn
1079 313 1152 343 cum

200 357 306 396 procul
315 353 405 385 abfim
415 375 423 389 ,
437 354 572 395 prodesse
585 357 688 387 sentiat
698 377 706 391 ‚
718 357 879 397 praesertim
889 356 965 397 apud
977 365 1014 386 te.
1039 357 1108 385 Hoc
1123 363 1151 385 te

199 391 396 428 vehemen'ter
406 400 495 427 etiarn
504 406 594 438 atque
603 400 693 428 etiam
706 409 789 439 rogo.

360 440 500 469 M.T.C.
523 441 776 470 MUNATIO
790 459 798 474 ‚
817 441 981 470 C.F.S.D.

203 478 279 556 L
320 481 502 519 varNinus
520 483 646 521 Trypho
666 481 707 512 est
716 483 892 512 omnino—L.
907 479 1036 522 Reguli,
1055 478 1149 510 fami-

208 529 211 534 *
290 520 449 551 ‘liariffimi
470 524 548 557 mei,
566 524 803 564 libertus:cujus
819 523 970 553 calamitas
979 524 1067 552 etiam
1079 520 1148 571 oli-i-

195 560 353 593 ciosiorem
374 573 424 594 me
443 563 515 594 facit
532 567 565 595 in
583 566 683 595 ilium.
702 575 773 596 nam
794 564 1019 595 benivolentior
1029 582 1037 596 ‚
1057 572 1147 603 quam

194 604 313 644 semper
325 603 390 638 fui,
412 604 470 635 effe
478 616 542 636 non
551 606 683 647 possum.
705 607 760 637 Sed
768 617 823 647 ego
836 606 975 636 libertum
987 606 1051 645 ejus
1058 614 1110 644 per
1119 605 1149 634 se

194 645 295 685 ipsum
304 646 413 687 diligo.
434 648 552 678 summa
566 650 651 679 enim
664 650 728 688 ejus
736 659 802 689 erga
813 657 862 677 me
871 646 970 677 officia
983 648 1148 677 eittiterunt

174 687 241 727 *his
259 687 366 718 nostris
387 690 590 729 temporibus,
609 691 720 731 quibus
739 690 885 720 facillime
896 689 1008 718 bonam
1017 688 1148 734 benivo-

192 728 318 759 lentiam
329 731 543 765 hominum,&
553 730 645 762 fidem
655 732 816 772 perspicere
827 732 922 770 potui.
945 732 1025 759 Eum
1037 729 1092 776 tibi
1105 737 1145 759 ita

190 772 379 801 commendo
390 793 398 804 ,
419 781 451 802 ut
470 773 610 803 homines
618 775 691 814 grati
706 793 715 805 ‚
737 773 771 802 ὃς
780 780 931 801 memores
941 770 1143 817 benemeritos

191 812 228 842 de
239 812 267 842 se
279 813 491 844 commendare
498 814 616 844 debent.
639 817 808 853 Pergratum
817 813 896 841 mihi
905 810 1011 841 feceris
1024 830 1033 844 ‚
1055 809 1075 839 fi
1088 811 1141 840 ille

189 854 385 888 intellexerit,
401 856 440 888 se,
451 854 533 896 quod
539 865 594 895 pro
604 855 696 885 salute
705 864 771 884 mea
783 853 877 882 multa
886 852 1016 892 pericula
1024 851 1141 899 adierit,

188 895 265 934 fizpe
274 897 375 926 hieme
384 897 501 926 summa
510 898 665 938 navigarit,
679 905 734 936 pro
742 904 792 926 tua
801 904 867 936 erga
875 904 926 924 me
936 893 1142 925 benivolentia

187 945 304 976 gratum
312 939 400 967 etiam
412 936 582 968 tibifeciss'e.

327 981 373 1008 Μ.
389 981 471 1009 T.c.
488 981 688 1012 P.31L10‚
713 979 889 1009 PROPR.
914 980 996 1008 s.D.

306 1022 431 1050 Pmmo
445 1019 674 1051 familiarissime
684 1030 734 1050 me
745 1021 833 1051 usum
846 1018 904 1050 esse
915 1040 925 1052 ‚
943 1020 1014 1049 scire
1024 1027 1052 1050 te
1062 1019 1140 1050 arbi—

285 1061 472 1102 'trortquod
488 1062 613 1103 quidem
632 1062 686 1092 ille
702 1061 881 1092 testamento
896 1061 1072 1091 declaravit:
1086 1064 1139 1102 qui

185 1111 317 1133 mecum
327 1110 458 1133 tutorem
469 1123 477 1137 ‚
495 1113 559 1133 tum
571 1106 661 1134 etiam
672 1104 837 1134 secundum
850 1103 988 1133 heredem
1001 1103 1138 1134 institue-

182 1146 232 1174 rit.
255 1145 329 1184 Ejus
340 1143 403 1174 filio
414 1146 492 1175 mire
507 1145 641 1176 studioso
652 1166 660 1179 ‚
673 1146 707 1176 ὃς
717 1145 835 1175 erudito
847 1165 855 1179 ‚
868 1145 900 1175 &
911 1144 1050 1175 modesto
1062 1165 1072 1179 ,
1085 1155 1137 1185 pe-

179 1187 303 1216 cuniam
314 1187 484 1216 Nicaeenses
492 1188 633 1228 grandem
647 1187 758 1218 debent
769 1207 776 1219 ‚
795 1187 831 1217 ad
843 1196 905 1216 n-s.
923 1186 1057 1227 oistogies
1072 1197 1077 1216 z
1091 1188 1136 1221 &‚

180 1235 215 1256 ut
231 1227 339 1261 audio,
359 1230 391 1257 in
406 1228 518 1268 primis
533 1230 641 1260 volunt
661 1232 689 1259 ei
714 1229 836 1259 solvere.
859 1231 1029 1269 Pergratum
1047 1230 1139 1270 igitur

183 1269 263 1299 mihi
274 1268 391 1302 feceris,
400 1270 520 1310 quando
530 1281 594 1301 n-on
605 1270 701 1301 modo
710 1271 817 1311 reliqui
827 1279 949 1303 tutores,
964 1272 1016 1310 qui
1025 1271 1135 1304 sciunt,

181 1311 286 1352 quanti
301 1321 351 1340 me
360 1309 448 1341 facias
458 1332 466 1344 ‚
479 1313 528 1343 sed
543 1315 633 1343 etiam
645 1322 718 1352 puer
726 1313 786 1352 ipse
800 1311 852 1342 fibi
865 1311 1014 1352 persuasit,
1027 1321 1055 1342 te
1066 1322 1136 1342 orn-

182 1354 234 1382 nia
245 1362 310 1382 mea
319 1352 403 1383 causa
412 1352 629 1384 fa&urum'esse
640 1375 648 1388 ‚
663 1353 683 1384 si
697 1353 813 1384 dederis
823 1363 943 1393 operam
955 1373 964 1387 ,
975 1354 1072 1394 quoad
1087 1363 1135 1383 tua

182 1392 256 1423 fides
268 1413 277 1428 ‚
297 1393 482 1435 dignitasque
499 1397 642 1435 patietur,
662 1404 697 1426 ut
713 1395 803 1436 quam
820 1396 987 1436 plurimum
998 1397 1135 1436 pecuniae

181 1435 292 1466 Pindio
302 1436 432 1465 solvatur
443 1436 647 1467 Nicaeenfium
662 1438 798 1467 nomine.

327 1479 371 1507 M.
383 1479 421 1507 T.
433 1479 465 1508 C.
489 1480 689 1512 P.SIL10‚
710 1481 889 1509 PROPR.
913 1481 941 1509 S.
953 1481 992 1508 D.

178 1517 276 1595 Er
290 1528 330 1548 m
337 1519 422 1548 Atilii
432 1529 470 1548 ne
491 1521 556 1550 otio
566 1529 593 1550 te
602 1530 710 1551 amavr:
721 1519 791 1550 cum
802 1522 886 1550 enim
898 1521 963 1551 sero
973 1519 1133 1554 venissem,

256 1569 357 1591 tamen
377 1529 539 1592 honeiium
557 1564 689 1603 equitem
711 1564 887 1592 Romanum
908 1561 1059 1592 beneficio
1078 1572 1133 1593 tuo

176 1603 368 1632 conservavi:
381 1602 414 1632 &
424 1604 595 1634 mehercule
606 1605 721 1644 semper
729 1603 769 1634 fic
781 1606 812 1634 in
822 1607 928 1634 animo
939 1605 1046 1638 habui,
1060 1614 1087 1634 te
1099 1606 1133 1635 in

179 1653 251 1674 meo
272 1653 329 1674 aere
351 1642 409 1674 effe
425 1654 545 1685 propter
562 1648 677 1676 Lamiae
695 1645 788 1676 nostri
799 1646 1053 1686 conjunctionem
1072 1668 1081 1681 ‚
1099 1647 1133 1677 &

175 1684 353 1727 singularem
364 1685 621 1718 neceffitudinem.
633 1691 734 1729 Itaque
740 1687 875 1728 primum
887 1688 941 1718 tibi
951 1698 1005 1729 ago
1014 1690 1132 1730 gratias,

175 1727 259 1767 quod
283 1737 334 1757 me
346 1729 435 1758 omni
449 1729 588 1760 molestia
598 1730 706 1761 liberas
719 1741 724 1759 :
744 1730 852 1760 deinde
863 1731 1050 1769 impudentia
1060 1740 1132 1771 pro—

176 1770 301 1809 sequor:
319 1768 368 1800 sed
387 1769 469 1799 idem
483 1771 614 1802 sarciam.
638 1773 776 1802 Teenim
786 1771 949 1811 sempersic
958 1773 1055 1802 colam
1068 1792 1077 1806 ‚
1098 1773 1131 1802 &

176 1811 302 1843 tuebor,
316 1820 447 1851 utquem
458 1811 690 1853 diligentissime.
713 1815 865 1854 Qintum
880 1812 999 1843 fratrem
1013 1823 1129 1847 meum,

175 1850 198 1881 si
208 1861 258 1881 me
267 1851 370 1892 diligis
382 1873 391 1886 ‚
409 1862 447 1882 eo
458 1863 585 1885 numero
594 1865 662 1885 cura
676 1863 708 1884 ut
718 1856 823 1885 habeas
836 1874 844 1888 ,
857 1864 918 1895 quo
931 1864 989 1884 me.
1013 1857 1056 1885 [ta
1066 1864 1131 1886 ma—

175 1903 271 1935 gnum
281 1892 463 1924 beneficium
475 1905 562 1926 tuum
574 1906 685 1936 magno
696 1897 822 1926 cumulo
833 1898 960 1926 auxeris.

302 1937 397 1966 M.T.
409 1938 442 1966 C.
466 1939 660 1971 P.le10,
683 1940 855 1968 PROPR.
879 1940 1002 1968 S.P.D.

278 1979 327 2006 ΟΝ
345 1980 447 2016 putavi
459 1977 521 2008 fieri
539 1978 637 2019 posse,
657 1989 690 2009 ut
704 1980 782 2009 mihi
800 1979 889 2009 verba
907 1977 1057 2010 deessent:
1080 1979 1129 2010 sed

279 2028 378 2048 tamen
398 2021 430 2049 in
450 2023 481 2050 C.
503 2022 611 2051 Laenio
631 2021 877 2051 commendando
886 2020 1002 2051 desunt.
1027 2024 1128 2062 Itaque

172 2070 238 2091 rem
252 2060 306 2090 tibi
317 2070 466 2100 exponam
478 2065 577 2102 paucis
587 2063 685 2093 verbis
698 2074 702 2092 :
719 2063 767 2093 sed
779 2072 878 2093 tamen
891 2082 900 2096 ,
920 2072 953 2093 ut
962 2063 1048 2102 plane
1059 2073 1126 2103 per-

168 2103 283 2142 spicere
300 2102 389 2141 poffis
410 2103 597 2134 voluntatem
616 2115 726 2134 meam.
750 2104 930 2135 Incredibile
942 2104 1001 2138 est,
1023 2106 1127 2145 quanti

172 2144 318 2174 faciamus
334 2144 366 2173 &
377 2154 431 2185 ego
442 2165 450 2178 ‚
478 2145 607 2176 &frater
617 2157 702 2176 meus
714 2167 722 2181 ,
743 2148 794 2187 qui
808 2147 884 2176 mihi
898 2145 1059 2176 cariffimus
1069 2145 1122 2180 cst,

172 2188 217 2215 M.
231 2187 384 2215 Laenium.
404 2186 433 2215 id
445 2184 556 2217 fitcum
567 2189 706 2228 plurimis
715 2190 777 2228 ejus
788 2186 897 2218 officiis
910 2209 917 2221 ,
931 2198 995 2218 tum
1007 2189 1125 2218 summa

170 2227 335 2268 probitate,
358 2227 390 2257 ὃς
409 2226 547 2269 singulari
566 2229 720 2260 modestia.
741 2233 818 2260 Eum
837 2228 1123 2270 egoameinvitiffi-

172 2278 243 2299 mus
253 2268 351 2298 dimisi
362 2289 370 2302 ‚
383 2279 451 2299 curn
464 2280 584 2310 propter
591 2271 824 2302 familiaritatem
835 2292 843 2304 ‚
856 2273 887 2301 &
897 2271 1125 2303 consuetudinis

170 2310 345 2341 suavitatem
359 2322 363 2340 :
378 2320 444 2341 tum
455 2311 536 2352 quod
545 2312 670 2343 consilio
679 2315 744 2352 ejus
756 2313 849 2346 fideli,
863 2324 894 2344 ac
905 2313 1124 2344 bonolibenter

173 2352 284 2383 utebar.
307 2352 362 2382 Sed
385 2363 508 2387 vereor,
527 2364 565 2384 ne
578 2355 640 2394 jam
662 2356 738 2385 mihi
762 2354 905 2395 sapei-effe
925 2355 1013 2385 verba
1025 2364 1122 2395 putes,

174 2403 240 2434 quae
259 2394 392 2424 dixeram
408 2394 552 2426 defutura.
573 2397 771 2427 Commendo
779 2397 835 2427 tibi
846 2398 1006 2427 hominem
1018 2417 1027 2430 ‚
1053 2395 1125 2427 sicut

173 2435 318 2476 intelligis
329 2456 338 2469 ‚
363 2446 432 2470 me,
456 2437 493 2467 de
512 2448 573 2478 quo
582 2449 615 2468 ea
625 2439 708 2479 supra
718 2439 882 2479 scripserim
894 2459 902 2472 ,
920 2439 1026 2468 debere
1035 2449 1120 2469 com-

172 2477 326 2506 mendare.
350 2481 376 2507 A
385 2487 471 2519 teque
483 2481 677 2511 vehementer
685 2483 776 2511 etiam
787 2489 873 2521 atque
883 2483 973 2511 etiam
984 2490 1065 2521 peto,
1079 2489 1120 2514 ut,

172 2518 254 2558 quod
274 2519 360 2548 habet
377 2521 410 2549 in
430 2529 476 2551 tua
484 2524 639 2560 provincia
648 2524 780 2564 negotii,
801 2522 954 2562 expedias:
974 2522 1056 2563 quod
1068 2522 1123 2552 tibi

171 2560 323 2590 videbitur
342 2559 457 2591 redium
469 2561 527 2592 effe
537 2583 546 2596 ,
566 2562 618 2603 ipsi
632 2565 720 2594 dicas.
745 2567 916 2594 Hominem
926 2563 1120 2598 facillimum,

174 2600 474 2643 liberalissimumque
485 2606 652 2645 cognosces.
668 2609 770 2646 Itaque
785 2615 812 2635 te
822 2615 905 2646 rogo,
918 2613 950 2635 ut
960 2615 1031 2635 eum
1041 2606 1122 2636 solu-

172 2651 250 2677 tum,
261 2643 400 2678 liberum,
413 2645 558 2675 confectis
567 2647 630 2685 ejus
644 2649 772 2688 negotiis
782 2657 833 2686 per
842 2647 974 2686 te‚quam
985 2647 1121 2686 primum

173 2685 208 2715 ad
219 2695 268 2716 me
277 2687 420 2716 remittas.
429 2687 464 2716 Id
475 2687 705 2729 mihi,fratrique
715 2698 786 2717 meo
796 2687 992 2729 gratiffimum
1004 2688 1120 2719 feceris.

320 2729 458 2758 M.T.C.
482 2731 680 2764 P.SIL10,
702 2732 873 2760 PROPR.
897 2733 924 2760 S.
938 2732 978 2759 D.

179 2765 342 2843 NERO
361 2779 445 2800 meus
456 2770 596 2802 mirificas
607 2772 683 2812 apud
699 2782 747 2801 me
757 2772 812 2802 tibi
821 2774 926 2812 gratias
937 2773 997 2812 egit
1007 2792 1014 2804 ‚
1035 2782 1119 2812 pror-

275 2811 320 2841 sus
338 2811 541 2842 incredibileis
551 2834 560 2847 ‚
579 2823 611 2843 ut
629 2814 750 2843 nullum
774 2815 923 2843 honorem
943 2813 995 2843 sibi
1019 2814 1119 2843 haberi

172 2851 298 2891 potuiffe
323 2852 433 2884 diceret
453 2873 462 2888 ,
489 2856 541 2895 qui
557 2855 572 2885 a
592 2864 623 2884 te
641 2854 850 2895 praetermissus
869 2854 947 2884 esset.
971 2855 1118 2894 Magnum

173 2891 306 2924 fructum
325 2904 363 2924 ex
383 2895 447 2934 ipso
466 2899 573 2936 capies.
594 2897 673 2927 nihil
691 2896 734 2927 est
752 2898 836 2927 enim
860 2897 914 2926 illo
933 2896 1118 2926 adolescente

173 2935 292 2975 gratius.
313 2936 369 2966 Sed
388 2938 559 2968 mehercule
577 2940 657 2969 mihi
676 2949 795 2980 quoque
805 2937 999 2980 gratiffimum
1011 2936 1116 2968 fecisti.

172 2975 269 3007 Pluris
278 2978 359 3007 enim
371 2987 408 3007 ex
422 2983 509 3008 omni
520 2980 676 3011 nobilitate
687 2983 844 3011 neminem
855 2980 942 3010 facio.
966 2983 1066 3020 Itaque
1077 3000 1084 3012 ,
1098 2978 1118 3009 li

171 3027 205 3047 ea
224 3015 326 3047 feceris
337 3038 345 3051 ,
365 3028 429 3059 quae
439 3020 492 3049 illc
502 3030 554 3060 per
562 3032 611 3051 me
621 3030 718 3053 tecum
729 3026 773 3064 agi
784 3023 881 3052 voluit
895 3021 1116 3093 ‚(gratiffimum

171 3059 250 3088 mihi
267 3057 381 3089 feceris.
397 3060 531 3099 primum
542 3062 576 3092 de
587 3065 725 3095 Pausania
734 3065 906 3094 Alabandei]
922 3075 950 3097 i,
974 3063 1118 3094 sustentes

169 3110 234 3130 rem
247 3120 255 3133 ‚
275 3099 349 3130 dum
374 3103 456 3131 Nero
473 3105 582 3134 veniat.
606 3107 808 3136 Vehementer
826 3107 889 3146 ejus
911 3107 995 3136 causa
1012 3115 1118 3145 cupere

170 3151 242 3172 eum
263 3143 409 3185 intellexi.
432 3145 532 3184 Itaque
542 3145 600 3175 hoc
610 3147 694 3177 valde
704 3157 730 3177 te
742 3157 824 3188 rogo.
848 3148 970 3178 Deinde
980 3147 1116 3187 Nysaeos,

163 3193 243 3225 quos
261 3185 345 3215 Nero
364 3186 396 3214 in
406 3186 513 3226 primis
521 3186 609 3219 habet
618 3187 791 3221 necesstirios
804 3209 825 3233 ³.
834 3187 1118 3231 diligentissimeque

1182 162 1262 195 ἘΤ
1309 146 1640 205 CETEROS,
1674 156 1800 203 Lm.
1828 157 1972 205 XIII.

1203 237 1300 260 tuetur
1309 250 1317 264 ,
1335 240 1367 260 ac
1376 230 1531 267 defendit,
1542 233 1646 265 habeas
1658 235 1712 266 tibi
1724 237 2033 270 commendatiffimos
2046 249 2050 270 :
2062 250 2095 271 ut
2103 242 2156 271 in-

1201 271 1313 312 telligat
1330 272 1381 302 illa
1401 275 1525 308 civitas,
1546 274 1599 306 sibi
1622 279 1655 308 in
1674 280 1807 309 Neronis
1816 283 1984 320 patrocinio
1996 283 2151 314 summum

1200 310 1258 341 efl'e
1276 312 1455 352 praefidium.
1478 317 1655 349 Strabonem
1670 321 1832 351 Servilium
1844 322 1981 363 tibisaepe
1991 333 2155 355 commen-

1200 352 1268 383 davi
1282 365 1288 382 :
1309 365 1389 384 nunc
1400 355 1436 386 eo
1446 356 1524 387 facio
1533 358 1564 388 id
1575 360 1740 400 impensius
1750 381 1759 396 ‚
1776 362 1859 403 quod
1870 365 1933 403 ejus
1942 366 2056 396 causam
2067 369 2152 396 Nero

1198 394 1333 434 suscepit.
1357 399 1490 427 Tantum
1507 399 1523 429 ὲ
1544 409 1571 430 te
1588 410 1740 440 petimus,
1762 414 1867 444 utagas
1876 416 1941 436 eam
1953 417 2016 437 rem
2029 427 2038 440 ‚
2056 417 2095 438 nc
2105 418 2157 440 re-v

1196 435 1315 476 linquas
1337 438 1496 469 hominem
1515 442 1711 474 innocentem
1730 445 1764 475 ad
1785 446 1910 486 alicujus
1933 450 1975 478 tui
1999 447 2150 479 diffimilis

1196 477 1352 516 quaestum.
1377 479 1411 509 Id
1423 490 1492 510 cum
1503 492 1619 523 gratum
1632 487 1708 515 milii
1720 488 1775 516 erit
1792 497 1797 516 :
1817 496 1881 518 tum
1893 490 1980 519 etiam
1993 490 2151 521 existima-

1197 518 1238 547 bo
1253 538 1261 552 ,
1282 528 1308 548 te
1325 520 1508 552 humanitate
1527 533 1575 554 tua
1586 524 1644 555 esse
1658 527 1757 557 usum.
1778 531 1905 560 Summa
1918 531 2007 570 hujus
2017 532 2150 572 epistola:

1195 561 1259 589 haec
1270 559 1357 593 est‚ut
1367 571 1456 592 ornes
1472 565 1616 595 omnibus
1626 568 1712 597 rebus
1722 572 1890 605 Neronem,
1902 570 1972 603 sicut
1980 573 2148 608 instituisti.

1195 610 1280 641 atque
1289 600 1395 632 fecisti.
1419 605 1565 645 Magnum
1575 608 1722 640 theatrum
1736 611 1822 641 habet
1836 612 1888 643 ista
1897 616 2052 653 provincia
2065 635 2072 649 ‚
2083 626 2148 647 non

1194 651 1227 671 ut
1237 644 1298 672 haec
1309 643 1407 674 nostra
1417 664 1425 677 ,
1439 646 1635 678 adolescentis
1645 651 1756 682 nobilis
1771 672 1779 685 ‚
1796 653 1940 694 ingenioli
1953 677 1961 689 ,
1972 656 2150 687 abstinentis

1194 684 1495 716 commendationem
1506 696 1592 728 atque
1601 690 1738 730 gloriam.
1761 695 1868 735 Qare,
1881 695 1901 725 si
1915 706 1941 726 te
1951 697 2067 728 fautore
2078 700 2148 729 usus

1192 726 1258 758 erit,
1271 724 1353 755 sicuti
1363 726 1499 766 profe&o
1511 729 1543 758 &
1556 738 1661 764 utetur,
1675 733 1708 762 &
1717 735 1785 764 usus
1795 735 2043 777 est.ampli'ffimas
2051 740 2149 770 clien-

1192 767 1262 797 telas
1273 777 1403 807 acceptas
1413 769 1428 798 a
1444 770 1610 809 majoribus
1618 773 1796 805 confirmare
1807 786 1916 815 poterit
1926 799 1933 813 ‚
1946 782 1979 810 ὃς
1991 781 2146 811 beneficiis

1192 807 1252 837 suis
1272 808 1413 850 obligare.
1439 812 1507 841 Hoc
1524 813 1557 842 in
1578 822 1685 854 genere
1705 815 1725 845 fi
1743 827 1812 846 eum
1826 819 2018 854 adiuveriseo
2033 822 2144 856 studio,

1193 859 1255 889 quo
1275 849 1432 882 ostendisti
1453 862 1459 881 :
1479 854 1556 893 apud
1574 856 1672 894 ipsum
1693 858 1908 897 praeclarissimc
1926 864 2076 902 posueris:
2095 865 2144 896 sed

1189 891 1267 921 mihi
1278 893 1369 922 etiam
1379 893 1574 933 gratissimum
1584 896 1697 928 feceris.

1337 943 1475 972 M.T.C.
1498 945 1582 974 1281
1595 947 1677 976 LIO
1691 967 1699 980 ,
1717 950 1893 982 PROPR.
1916 954 1942 982 S.
1956 955 1995 982 D.

1193 984 1336 1061 CUM
1352 990 1385 1017 Ρ.
1396 990 1542 1019 Terentio
1552 991 1688 1030 Hispone
1699 1012 1708 1027 ‚
1728 996 1780 1035 qui
1790 1005 1892 1035 operas
1900 998 1933 1027 in
1943 998 2078 1037 scriptum
2087 1009 2141 1039 pm
2190 1023 2193 1026 ψ

1277 1030 1417 1069 magistro
1427 1029 1475 1060 dat
1484 1050 1492 1064 ‚
1515 1033 1593 1062 mihi
1604 1035 1910 1068 summafamiliaritas
1921 1059 1929 1072 ‚
1941 1041 2141 1071 consuetudo-

1183 1079 1240 1110 que
1250 1069 1292 1100 est
1304 1081 1310 1099 1
1322 1071 1476 1112 multaque
1486 1092 1495 1106 ,
1508 1072 1541 1103 δε
1551 1083 1656 1115 magna
1666 1077 1743 1107 inter
1753 1088 1808 1108 nos
1818 1078 1916 1110 officia
1926 1083 2013 1120 paria,
2027 1082 2060 1112 δε
2072 1093 2140 1112 mu-

1185 1120 1233 1141 tua
1250 1113 1448 1143 intercedunt.
1473 1115 1548 1153 Ejus
1562 1116 1680 1148 summa
1690 1118 2017 1163 existimatioagiturin
2029 1133 2064 1154 eo
2077 1144 2085 1158 ‚
2109 1133 2141 1155 ut

1183 1152 1340 1193 parffiones
1365 1164 1437 1185 cum
1471 1157 1644 1188 civitatibus
1666 1161 1789 1200 reliquis
1806 1162 1953 1193 conficiat.
1993 1167 2068 1195 Non
2091 1176 2140 1196 me

1181 1197 1363 1234 praetererit,
1384 1206 1440 1226 nos
1463 1207 1528 1228 eam
1550 1209 1615 1229 rem
1634 1202 1740 1241 Ephesi
1750 1213 1889 1243 expertos
1898 1205 1956 1235 ess'e
1970 1226 1978 1239 ,
1999 1217 2096 1247 neque
2105 1208 2141 1237 ab

1184 1236 1317 1276 Ephesiis
1327 1238 1390 1268 ullo
1404 1239 1499 1269 modo
1509 1242 1667 1280 impetrare
1677 1244 1814 1283 potuiss’e.
1837 1247 1893 1276 Sed
1904 1258 1998 1287 quum
2010 1268 2018 1282 ‚
2030 1259 2141 1289 quem—

1181 1279 1348 1309 admodum
1370 1290 1479 1310 omnes
1495 1282 1689 1318 existimant,
1710 1286 1743 1316 δε
1754 1297 1809 1328 ego
1823 1289 1961 1329 intelligo
1972 1310 1980 1322 ,
2007 1290 2139 1321 tuact‘im

1181 1320 1300 1351 summa
1311 1323 1479 1362 integritate
1491 1344 1499 1356 ,
1514 1332 1579 1355 tum
1594 1324 1732 1367 singulari
1743 1329 1938 1365 humanitate,
1955 1331 1987 1360 δε
1997 1333 2139 1362 mansue-

1180 1361 1285 1394 tudine
1295 1364 1469 1394 consecutus
1478 1375 1509 1396 es
1520 1387 1529 1399 ‚
1550 1375 1584 1397 ut
1592 1367 1793 1400 libentissimis
1804 1373 1914 1402 Gi-aecis
1925 1392 1933 1406 ‚
1949 1383 2024 1403 nutu
2035 1393 2044 1406 ,
2056 1374 2137 1414 quod

1182 1404 1256 1433 velis
1267 1424 1275 1438 ‚
1297 1405 1494 1447 consequare:
1515 1417 1585 1447 peto
1599 1409 1614 1439 a
1625 1419 1652 1440 te
1668 1413 1700 1440 in
1714 1413 1858 1451 majorem
1869 1414 1999 1445 modum
2010 1434 2019 1447 ,
2040 1416 2139 1445 utho—

1182 1447 1264 1475 noris
1276 1448 1337 1476 mei
1354 1448 1437 1478 causa
1447 1469 1454 1482 ,
1475 1449 1528 1479 hac
1539 1450 1624 1481 laude
1636 1453 1806 1492 Hisponem
1818 1453 1895 1484 affici
1908 1455 1992 1485 velis.
2015 1459 2136 1487 Praeter·

1177 1498 1210 1518 ea
1224 1497 1295 1518 cum
1305 1489 1393 1521 sociis
1403 1490 1551 1530 sciiptmae
1563 1494 1641 1522 mihi
1660 1494 1777 1525 summa
1787 1494 1968 1527 necessitudo
1980 1497 2023 1528 est
2033 1517 2041 1530 ‚
2062 1508 2126 1528 non

1179 1529 1281 1560 solum
1303 1530 1343 1560 ob
1365 1541 1431 1561 eam
1453 1533 1568 1563 causam
1582 1554 1590 1567 ,
1607 1534 1689 1575 quod
1705 1547 1737 1566 ea
1748 1538 1872 1567 societas
1886 1539 2064 1569 universain
2073 1549 2139 1569 mea

1181 1571 1241 1602 fide
1250 1571 1302 1605 est,
1316 1572 1362 1602 sed
1376 1575 1467 1603 etiam
1478 1575 1560 1614 quod
1569 1576 1716 1617 plerisque
1726 1579 1813 1608 sociis
1823 1588 1889 1608 utor
1896 1578 2137 1611 familiarissime.

1179 1617 1222 1644 Ita
1232 1614 1265 1644 δε
1277 1614 1447 1654 Hisponem
1457 1625 1562 1646 meum
1573 1627 1624 1657 per
1635 1627 1684 1648 me
1695 1622 1818 1653 ornaris,
1830 1621 1863 1650 &
1871 1621 2043 1651 societatem
2056 1625 2136 1653 mihi

1179 1654 1423 1696 conjunCtiorem
1435 1656 1542 1688 feceris
1555 1669 1662 1699 :tuque
1671 1661 1733 1700 ipse
1743 1661 1775 1691 &
1787 1671 1825 1692 ex
1839 1663 1929 1703 hujus
1938 1663 2134 1697 observantia,-

1177 1696 1335 1739 gratiffimi
1346 1699 1483 1728 hominis
1494 1719 1502 1733 ,
1516 1699 1549 1730 &
1559 1710 1598 1731 ex
1611 1702 1762 1732 sociorum
1773 1705 1863 1744 gratia
1874 1724 1882 1736 ‚
1895 1705 2059 1735 hominum
2070 1716 2137 1737 am-

1176 1738 1381 1780 plissimorum
1395 1761 1406 1773 ‚
1428 1744 1603 1773 maximum
1623 1742 1756 1774 frustum
1768 1748 1884 1785 capies,
1906 1746 1938 1776 δε
1951 1756 2001 1776 nie
2011 1747 2134 1778 summo

1177 1780 1326 1812 beneficio
1339 1780 1481 1812 affeceris.
1504 1785 1553 1814 Sic
1562 1785 1645 1815 enim
1661 1786 1755 1816 velim
1767 1786 1922 1817 existimes
1932 1807 1940 1821 ,
1959 1798 1998 1818 ex
2009 1797 2070 1819 tota
2083 1798 2133 1820 tua

1174 1825 1347 1863 provincia,
1367 1826 1516 1865 omnique
1529 1824 1587 1856 isto
1600 1827 1730 1867 imperio
1743 1848 1752 1862 ‚
1772 1829 1850 1858 nihil
1860 1827 1918 1859 effe
1927 1848 1937 1864 ,
1956 1830 2039 1871 quod
2052 1832 2131 1862 mihi

1173 1867 1284 1906 gratius
1298 1864 1393 1894 facere
1403 1865 1505 1905 posiis.

1274 1917 1414 1945 M.T.C.
1437 1917 1752 1953 P.sERVIL1o,
1772 1921 1920 1951 PROR.
1943 1923 2023 1952 s.D.

1292 1966 1468 1995 CaecmAM
1480 1985 1489 1999 ,
1515 1966 1650 1996 maxime
1671 1970 1826 2008 proprium
1845 1969 1989 2000 clientem
2005 1969 2131 2002 familiae

1267 2010 1275 2019 ·
1284 2005 1385 2036 vestrae
1399 2025 1407 2039 ,
1428 2016 1491 2036 non
1501 2008 1749 2039 commendarem
1758 2009 1813 2040 tibi
1825 2030 1834 2043 ,
1853 2010 1925 2041 cum
1936 2011 2041 2042 scirem
2051 2032 2059 2046 ‚
2071 2024 2130 2054 qua

1173 2045 1231 2076 fide
1242 2047 1274 2076 in
1285 2056 1352 2076 tuos
1363 2067 1371 2081 ‚
1383 2057 1440 2088 qua
1453 2048 1612 2079 clementia
1622 2051 1654 2079 in
1663 2049 1850 2082 calamitosos
1864 2053 1972 2083 soleres
1982 2052 2056 2084 effe:
2071 2055 2127 2085 nili

1173 2098 1223 2118 me
1236 2088 1268 2117 &
1278 2090 1368 2128 patris
1380 2091 1445 2129 ejus
1455 2110 1463 2123 ‚
1477 2100 1537 2131 quo
1546 2090 1611 2120 sum
1623 2090 1854 2124 familiarissime
1865 2094 1932 2124 usus
1946 2115 1954 2128 ‚
1967 2105 2127 2130 memoria,

1172 2130 1203 2159 δε
1215 2130 1302 2169 hujus
1312 2129 1431 2161 fortuna
1441 2133 1481 2162 ita
1496 2142 1642 2167 moveret,
1654 2143 1687 2163 ut
1697 2135 1992 2169 hominis‚omnibus
2001 2146 2125 2169 mecum

1170 2171 1276 2201 studiis
1287 2192 1296 2206 ‚
1314 2171 1481 2213 officiisque
1492 2173 1730 2210 coniunihfiimi
1744 2197 1752 2209 ,
1772 2186 1894 2207 movere
1905 2178 2039 2208 debebat.
2062 2182 2088 2210 A
2099 2189 2127 2211 te

1170 2214 1228 2243 hoc
1247 2216 1336 2243 omni
1354 2216 1551 2245 contentione
1570 2225 1657 2256 peto,
1687 2216 1743 2251 sic,
1773 2227 1806 2248 ut
1825 2220 1938 2258 majore
1956 2230 2041 2254 cura,
2063 2232 2128 2252 ma-

1168 2257 1233 2295 jore
1250 2257 1347 2286 animi
1365 2256 1465 2286 labore
1482 2265 1580 2297 petere
1597 2268 1661 2288 non
1672 2259 1782 2298 pofl'im
1797 2271 1801 2289 :
1822 2270 1854 2290 ut
1871 2261 1906 2291 ad
1918 2271 1967 2296 ea,
1990 2272 2057 2303 quae
2077 2273 2126 2294 tua

1167 2298 1272 2337 sponte
1294 2295 1355 2327 fine
1374 2298 1549 2339 cujusquam
1566 2301 1832 2331 commendatione
1850 2301 1958 2333 faceres
1969 2306 2001 2334 in
2020 2305 2125 2335 homi-

1167 2349 1240 2369 nem
1265 2347 1381 2370 tantum
1397 2359 1405 2374 ‚
1434 2340 1466 2370 &
1484 2341 1573 2371 talem
1591 2343 1798 2374 calamitosum
1819 2364 1828 2377 ,
1856 2345 1987 2386 aliquem
2003 2345 2125 2377 aflerant

1167 2381 1326 2411 cumulum
1343 2391 1417 2412 meae
1428 2381 1552 2417 littei-ai,
1573 2393 1634 2423 quo
1645 2383 1804 2414 studiosius
1814 2396 1883 2415 eum
1898 2407 1906 2419 ‚
1925 2387 2123 2427 quibuscum-

1165 2433 1224 2463 que
1233 2422 1321 2453 rebus
1330 2422 1421 2462 postis
1431 2444 1439 2458 ‚
1448 2425 1546 2463 juves.
1572 2424 1663 2466 Qod
1672 2424 1692 2455 li
1704 2429 1813 2457 Romae
1824 2427 1934 2462 fuisses,
1947 2431 2035 2458 etiam
2047 2430 2103 2459 salii
2112 2448 2119 2452 v

1167 2474 1228 2495 tem
1240 2468 1276 2494 A.
1287 2467 1414 2495 Caecinae
1427 2465 1555 2496 essemus
1576 2467 1584 2505 (
1596 2477 1627 2496 ut
1634 2469 1740 2506 opinio
1752 2468 1879 2499 meafcrt
1893 2470 1902 2509 )
1919 2480 1971 2509 per
1981 2480 2007 2500 te
2016 2472 2113 2501 conse-

1168 2508 1239 2536 cuti.
1263 2509 1311 2536 De
1320 2516 1376 2548 qua
1388 2516 1487 2537 tamen
1498 2518 1637 2549 magnam
1647 2509 1728 2548 spem
1740 2510 1895 2544 habemus,
1906 2510 1974 2541 freti
1984 2512 2101 2543 clemex·
2115 2532 2118 2534 v

1167 2550 1206 2578 tia
1216 2549 1336 2590 collegae
1348 2551 1400 2579 tui.
1424 2551 1527 2582 Nunc,
1543 2560 1637 2590 quum
1651 2550 1888 2589 tuamjustitiam
1897 2552 2022 2587 secutus,
2035 2555 2118 2584 tunil

1167 2589 1277 2620 simum
1298 2589 1349 2620 fibi
1367 2599 1489 2630 portum
1507 2593 1694 2630 provinciam
1720 2592 1807 2622 istam
1825 2591 1883 2623 effe
1901 2594 2008 2624 duxit:
2028 2598 2115 2626 eti-im

1165 2641 1250 2672 atquc
1262 2633 1350 2662 etiam
1362 2641 1389 2662 te
1401 2642 1485 2672 roga,
1497 2642 1582 2673 atque
1592 2642 1656 2666 oro,
1671 2643 1703 2664 ut
1713 2644 1782 2664 eum
1794 2634 1826 2665 δε
1840 2645 1871 2664 in
1881 2636 2016 2676 reliquiis
2029 2646 2107 2668 vete—

1163 2676 1203 2703 ris
1224 2674 1436 2714 negotiationis
1452 2674 1630 2715 colligendis
1640 2676 1727 2712 juves
1738 2677 1757 2709 ,⁴
1769 2675 1802 2706 ὃς
1811 2680 1914 2707 ceteris
1925 2678 2012 2708 rebus
2023 2687 2109 2720 tega‘.

1165 2724 1253 2756 atque
1264 2725 1372 2744 tueare.
1397 2717 1465 2745 Hoc
1476 2717 1553 2745 mihi
1567 2717 1676 2756 gratius
1686 2716 1779 2747 facere
1790 2719 1868 2748 nihil
1882 2728 1975 2759 potes.

1268 2767 1738 2800 M.T.C.P.SERV1L10,
1760 2769 1906 2800 PROR.
1929 2772 2009 2800 S.D.

1166 2813 1270 2889 EX
1291 2816 1445 2854 provincia
1456 2825 1521 2845 mea
1531 2815 1679 2846 Ciliciensi
1692 2836 1700 2850 ,
1722 2819 1771 2847 cui
1781 2817 1834 2847 scis
1846 2811 1928 2853 ’τξεῖς
1943 2808 2119 2849 ὢοικῆσῑις,

1242 2855 1377 2886 Asiaticas
1387 2857 1537 2887 attributas
1547 2856 1633 2887 fuifl‘e
1644 2877 1652 2891 ‚
1673 2859 1759 2888 nullo
1770 2858 2023 2890 suinfamiliarii‘is
2034 2861 2114 2892 usus.

1161 2898 1250 2937 quam
1265 2899 1408 2928 Androne
1419 2918 1427 2931 ,
1439 2900 1612 2928 Artemonis
1625 2897 1689 2929 filio
1700 2920 1708 2933 ,
1722 2900 1895 2931 Laodicenfi
1908 2913 1912 2930 :
1923 2911 2054 2943 eumque
2065 2903 2118 2933 ha-

1162 2940 1213 2968 bui
1225 2941 1257 2969 in
1269 2949 1301 2969 ea
1309 2941 1427 2970 civitate
1437 2949 1507 2970 curri
1518 2940 1666 2979 hospitem
1679 2961 1687 2974 ‚
1711 2951 1776 2972 tum
1789 2944 1983 2974 vehementer
1991 2945 2026 2974 ad
2038 2954 2111 2974 mex

1161 2982 1231 3011 vitae
1241 2990 1400 3014 rationem,
1417 2981 1449 3011 δε
1460 2982 1710 3013 consuetudinem
1721 2986 1996 3015 accommodatum.
2011 2988 2110 3027 Qem

1161 3022 1284 3062 quidem
1301 3021 1400 3052 multo
1422 3025 1512 3053 etiam
1523 3024 1614 3062 pluris
1624 3024 1722 3064 postea
1733 3045 1742 3059 ,
1761 3036 1852 3066 quam
1864 3025 1970 3056 decessi
1985 3047 1994 3060 ,
2017 3026 2111 3057 facere

1163 3065 1240 3103 coepi
1252 3063 1363 3104 ‚quod
1376 3065 1479 3094 multis
1490 3065 1577 3094 rebus
1587 3075 1725 3106 expertus
1739 3067 1802 3097 sum
1813 3076 1925 3109 gratum
1940 3070 2112 3101 hominem,

1165 3107 1284 3145 meique
1303 3115 1483 3136 memorem.
1508 3109 1608 3147 Itaque
1627 3118 1696 3138 eum
1708 3108 2021 3140 Romaeiibentissimi:
2036 3111 2108 3139 Vld!.

1165 3149 1237 3176 Non
1257 3156 1284 3176 te
1295 3150 1376 3176 enim
1390 3146 1465 3189 fugit
1475 3167 1483 3181 ,
1500 3150 1551 3188 qui
1562 3150 1701 3188 plurimis
1714 3153 1743 3179 in
1757 3150 1809 3181 ista
1819 3153 1972 3191 provincia
1983 3151 2110 3189 benigni*

1160 3187 1258 3221 fecisti
1283 3209 1292 3224 ,
1325 3188 1417 3231 quam
1434 3190 1525 3219 multi
1546 3193 1619 3232 grati
1635 3192 1827 3233 reperiantur.
1873 3195 1947 3224 Haec
1962 3201 2111 3263 prqpterea·

1459 3234 1586 3264 ccccc
2018 3237 2109 3272 cripe,

2158 957 2199 996 6,-

2147 1936 2193 1968 66

2134 2790 2170 2811 ἡ·
