2297 3389
86 664 140 702 ‘13

93 1923 137 1958 ¹9

0 2030 107 2125 52⁷³&

11 2115 41 2733 t}

0 2970 3 2982 7
30 2980 33 2986 ι

0 2237 3 2244 >

0 2669 6 2692 l

0 2151 6 2174 ἶ

0 2198 6 2208 b

0 2249 5 2260 1

0 2280 5 2288 1

0 2372 6 2383 e

0 2418 5 2428 ι

0 2520 6 2547 5'-

0 2567 6 2582 3

0 2785 5 2800 1

0 2863 4 2875 V

750 127 983 172 L1n.11.
1031 141 1101 173 ni
1148 125 1206 172 C.
1241 125 1545 176 VERREM.

161 205 325 242 aeranem,
349 201 484 247 imperat.
507 204 605 246 itaque
624 203 839 235 condemnant.
875 205 950 244 Qae
960 223 968 236 ‚
992 203 1119 238 malam,

162 250 217 281 ista
225 250 284 281 fuit
298 250 429 281 amentia
447 253 458 279 ?
478 245 633 288 ecquando
643 255 670 276 te
689 246 827 275 rationem
835 244 982 284 fastorum
997 252 1120 275 tuorum

162 292 348 323 redditurum
357 288 465 330 putasti
475 288 486 314 ?
505 287 659 329 ecquando
677 289 724 317 his
734 287 770 317 de
780 287 867 317 rebus
878 287 962 316 taleis
972 288 1053 316 viros
1064 296 1117 316 au-

127 363 134 367 ,
162 333 277 364 dituros
287 329 463 362 existimasti
481 335 491 361 ?
511 332 627 360 Petatur
637 328 783 359 hereditas
794 339 827 359 ea
837 348 846 362 ‚
857 337 923 370 qua:
937 328 1020 357 nulla
1028 327 1119 357 debe-

160 383 211 406 tur
218 394 227 409 ,
239 375 268 404 in
271 372 390 415 pradam
396 372 512 413 praitoria
522 375 533 401 ἓ
552 373 758 411 interponatur
767 380 883 401 nomen
892 370 1023 400 civitatis
1033 369 1043 395 ?
1057 371 1117 398 im-

158 425 285 458 ponatur
293 413 425 444 honestae
431 415 544 443 civitati
553 411 717 453 turpiffirna
729 413 844 454 persona
862 410 1006 440 calumniae
1017 413 1029 439 ,Ρ
1052 413 1117 440 Ne-

158 467 217 499 que
223 458 280 487 hoc
288 454 389 486 solum
401 466 406 484 :
426 455 525 486 sedita
535 464 579 485 res
587 464 687 496 agatur
697 476 706 488 ,
731 463 765 485 ut
775 464 814 484 ne
824 452 974 483 simulatio
991 451 1116 493 quidem

157 499 302 539 aequitatis
320 497 379 527 ulla
395 496 567 527 adhibeatur
584 503 595 529 ἓ
617 499 699 527 Nam
710 517 719 529 ‚
743 506 795 536 per
808 496 881 526 deos
904 494 1115 527 immortaleis‚

157 541 250 579 Qu)
272 548 437 568 mreansr
446 558 455 572 ‚
480 537 582 569 utrum
592 547 700 579 praetor
710 539 854 578 imperet,
865 538 957 577 vique
967 544 1052 576 cogat
1061 536 1115 565 ali—

178 591 248 611 uem
258 580 294 611 de
305 581 365 611 suis
380 580 470 611 bonis
479 581 624 611 omnibus
635 579 776 610 decedere
798 590 803 608 :
826 589 864 609 an
878 577 1054 617 hujusmodi
1062 578 1116 615 ju-

180 623 272 652 icium
282 621 332 651 det
342 642 350 655 ‚
368 632 430 662 quo
438 621 554 662 judicio
566 643 574 655 ,
587 621 699 652 indieta
707 622 789 652 causa
797 640 805 654 ‚
826 620 958 650 fortunis
967 619 1114 648 omnibus

157 666 249 696 everti
258 662 373 694 neceffe
383 662 434 693 fit?
445 662 584 694 Ριοέθᾶὲὸ
594 666 678 694 enirn
689 673 795 704 negare
804 672 868 692 non
877 670 974 701 potes,
985 669 1013 690 te
1021 670 1061 689 ex
1071 660 1114 689 le-

155 716 191 748 ge
201 705 325 746 Rupilia
334 705 430 736 sortiri
439 705 592 745 judicium
602 702 749 738 debu-iffe,
760 703 832 733 cum
842 703 1005 743 praesertim
1018 703 1113 731 Hera-

152 747 231 779 clius
241 746 272 777 id
281 746 451 787 postularet.
475 749 528 777 Sin
536 747 612 777 illud
621 746 702 776 dices
712 765 720 779 ‚
733 755 761 776 te
772 745 903 775 Heraclii
912 744 1067 774 voluntate
1078 742 1114 773 ab

154 789 183 819 le
203 799 218 819 e
237 787 377 819 receffifl'e
388 789 464 829 :ipse
473 797 500 819 te
509 788 655 828 impedies
670 799 679 822 ς
698 788 760 827 ipse
768 796 816 817 tua
826 784 999 816 defensione
1010 785 1114 824 impli-

152 799 264 862 cabere.
287 833 384 870 Qare
392 832 476 860 enim
485 829 622 870 primum
631 830 682 859 ille
693 829 754 869 ipse
763 827 848 866 adeij
866 828 959 857 noluit
968 847 975 861 ‚
992 826 1065 857 cum
1074 836 1112 856 ex

156 882 194 903 eo
204 882 334 902 numero
341 872 456 911 judices
467 871 584 902 haberet
592 891 600 904 ‚
612 880 688 912 quos
697 870 858 911 postularat
870 873 880 898 ?
899 868 1008 899 deinde
1018 876 1050 898 tu
1061 877 1114 897 cur

155 913 223 955 post
232 914 315 943 illius
322 912 424 954 fugam
431 913 442 952 j
447 912 547 942 udices
557 914 630 943 alios
641 913 761 942 sortitus
772 922 802 942 es
814 933 822 946 ‚
840 910 861 940 fi
872 920 923 940 eos
934 931 943 944 ,
962 912 1015 951 qui
1029 917 1112 939 erant

157 964 241 985 antea
250 955 308 985 dati
319 975 328 988 ‚
345 956 496 994 utriusque
506 954 626 985 dederas
637 955 790 984 voluntate
802 956 813 982 Ρ
831 952 941 983 deinde
949 960 1058 982 ceteras
1067 950 1114 980 di-

155 1006 202 1027 cas
211 998 330 1026 omneis
338 996 393 1025 illo
401 995 469 1025 foro
479 995 616 1026 M.Postu
622 998 700 1025 mius
708 994 837 1036 quaestor
844 995 963 1025 sortitus
973 992 1024 1023 est:
1036 994 1112 1022 hanc

156 1038 250 1069 solam
266 1047 298 1068 tu
316 1038 371 1067 illo
387 1046 542 1067 conventu
560 1040 704 1078 reperiere
719 1038 851 1067 sortitus.
883 1039 961 1076 Ergo
969 1055 978 1068 ‚
997 1036 1114 1075 inquiet

154 1080 260 1120 aliquis
273 1099 281 1112 ,
293 1078 418 1109 donavit
425 1079 539 1119 populo
548 1080 728 1119 Syracusano
738 1079 821 1109 illam
833 1077 1037 1108 hereditatem.
1049 1078 1112 1106 Pri-

156 1130 255 1155 mum,
268 1118 289 1149 fi
297 1120 328 1150 id
338 1118 476 1151 confiteri
483 1121 590 1155 velim,
602 1130 704 1151 tamen
713 1119 804 1151 istum
813 1119 1024 1149 condemnetis
1035 1138 1043 1150 ‚
1058 1128 1113 1147 ne-

153 1161 229 1193 cesse
238 1161 291 1192 est.
313 1172 398 1203 neque
412 1162 486 1191 enim
500 1161 662 1204 permissum
671 1162 715 1192 ei}
724 1183 732 1196 ‚
751 1170 785 1191 ur
798 1161 910 1202 impune
927 1159 998 1190 nobis
1015 1159 1110 1193 liceat,

154 1204 229 1246 quod
236 1203 324 1232 alicui
333 1205 512 1245 eripuerimus
524 1225 532 1237 ‚
553 1204 583 1233 id
592 1204 675 1233 alteri
683 1204 796 1233 tradere.
820 1206 935 1232 Verum
954 1212 992 1231 ex
1003 1200 1057 1231 ista
1066 1211 1112 1230 re-

155 1247 275 1286 perietis
285 1246 443 1275 hereditate
452 1248 492 1276 ita
500 1245 590 1276 istum
599 1245 763 1285 praedatum
775 1265 783 1278 ‚
803 1254 836 1274 ut
844 1253 985 1284 perpauca
994 1242 1112 1272 occulte

153 1287 257 1318 fecerit
270 1298 275 1316 t
299 1287 446 1327 populum
466 1287 590 1328 quidem
601 1288 815 1326 Syracusanum
826 1287 854 1316 in
865 1286 1024 1314 maximam
1033 1284 1111 1313 invi-

151 1328 291 1368 diamsua
299 1329 420 1367 infamia
430 1349 438 1362 ,
453 1329 542 1358 alieno
547 1330 655 1371 proemio
664 1328 811 1369 perveniffe
820 1339 831 1355 .·
841 1337 949 1368 paucos
959 1326 1111 1366 Syracusa-

104 1400 106 1402 ,
130 1389 137 1391 —
153 1380 210 1400 nos
221 1390 229 1403 ,
242 1380 292 1400 eos
302 1390 310 1403 ‚
330 1373 382 1410 qui
394 1370 422 1400 se
432 1380 513 1400 nunc
521 1371 642 1410 publice
655 1370 835 1400 laudationis
845 1369 929 1400 causa
938 1365 1051 1398 venisse
1062 1366 1110 1397 di-

153 1420 236 1445 cunt,
248 1412 281 1442 &
290 1421 361 1441 tunc
370 1413 537 1452 participeis
547 1412 650 1452 praedae
662 1410 760 1445 fuisse,
771 1412 804 1441 &
814 1421 897 1441 nunc
906 1419 970 1440 non
980 1409 1014 1439 ad
1024 1408 1110 1439 istius

152 1453 352 1484 laudationem
364 1473 372 1486 ,
384 1453 432 1483 sed
442 1453 476 1483 ad
487 1463 688 1484 communem
699 1454 803 1483 litium
813 1452 1047 1483 aestimationem
1058 1460 1109 1480 ve-

154 1493 238 1526 niffe.
260 1494 454 1536 Posteaquam
465 1495 622 1526 damnatus
640 1494 683 1526 est
697 1495 801 1526 absens
810 1515 819 1529 ‚
840 1504 906 1524 non
915 1492 1017 1524 solum
1028 1492 1109 1522 illius

153 1536 321 1567 hereditatis
332 1557 340 1571 ‚
351 1537 388 1567 de
398 1546 455 1578 qua
463 1537 678 1579 ambigebatur,
690 1547 755 1578 quae
765 1546 825 1567 erat
841 1540 850 1555 ¹
863 1546 917 1566 n-s
927 1537 1026 1566 tricies
1038 1554 1047 1568 ‚
1058 1533 1108 1564 sed

155 1580 298 1609 omnium
316 1578 468 1608 bonorum
486 1588 680 1619 paternorum
701 1578 789 1619 ipsius
800 1578 948 1609 Heraclii,
967 1586 1032 1617 quae
1042 1585 1105 1605 non

156 1621 260 1650 minor
268 1629 327 1650 erat
334 1622 461 1660 pecunia
470 1641 478 1654 ‚
489 1620 627 1661 palaestrae
638 1621 888 1661 Syracusanorum
896 1640 904 1653 ‚
916 1621 973 1649 hoc
982 1617 1025 1648 est
1034 1637 1041 1650 ‚
1054 1621 1108 1657 Sy-

153 1661 298 1692 racusanis
309 1682 318 1695 ,
328 1660 463 1702 poss'effio
472 1663 604 1693 traditur.
626 1665 701 1705 Qae
711 1662 753 1692 est
763 1662 816 1692 ista
825 1667 968 1702 praetura?
990 1662 1108 1690 Enzr’xs

119 1701 122 1704 1
155 1711 400 1734 HEREDHATEM
413 1724 422 1737 2
445 1714 510 1745 quae
521 1714 641 1735 venerat
651 1708 666 1734 [ἱ
676 1706 847 1745 PI‘OPlHqUO
862 1724 870 1736 ‚
892 1710 1012 1733 venerat
1023 1700 1108 1731 [esta-

153 1753 258 1775 mento
271 1765 279 1779 ,
300 1755 418 1776 venerat
426 1745 542 1787 legibus
554 1757 559 1775 ;
579 1757 643 1787 quae
654 1747 732 1777 bona
742 1748 765 1776 is
779 1767 786 1780 ‚
809 1750 822 1765 ²
833 1743 1107 1786 quitestamentum

151 1785 224 1817 fecit
232 1806 242 1820 ,
260 1787 331 1817 huic
341 1788 482 1818 Heraclio
494 1808 502 1821 ‚
520 1788 588 1818 ante
605 1789 757 1829 aliquanto
770 1808 778 1822 ,
797 1797 888 1828 quam
899 1785 942 1816 est
960 1794 1107 1819 mortuus,

154 1830 258 1859 omnia
266 1826 392 1863 utenda3
409 1839 440 1859 ac
455 1827 628 1870 poffidenda
642 1829 814 1860 tradiderat:
832 1830 916 1869 cujus
925 1829 1108 1860 hereditatis,

153 1868 226 1900 cum
237 1870 288 1900 ille
298 1871 450 1911 aliquanto
459 1880 526 1901 ante
535 1881 563 1902 te
571 1881 730 1912 praetorcm
742 1870 813 1901 effet
821 1879 958 1901 mortuus
969 1890 977 1903 ‚
988 1878 1109 1899 contro-

152 1910 244 1942 vexfia
249 1910 342 1942 fuerat
351 1913 437 1942 nulla
446 1932 454 1946 ‚
466 1915 657 1943 mentionem
666 1912 774 1943 fecerat
781 1922 883 1943 nemo.
905 1910 1023 1941 Verum
1031 1910 1106 1944 esto,

154 1954 236 1992 eripe
243 1952 435 1983 hereditatem
444 1954 672 1995 p1·opinquis‚da
680 1954 846 1994 palaestritis
857 1965 862 1982 2
872 1953 1000 1993 praedare
1010 1953 1043 1981 in
1054 1952 1109 1981 bo—

157 1996 206 2024 nis
217 1995 322 2024 alienis
333 2014 342 2029 ‚
354 1997 481 2024 nomine
491 1997 619 2025 civitatis
631 2006 636 2024 ·.
649 2005 747 2025 everte
756 1996 835 2037 leges
845 2015 853 2028 ‚
865 1994 1048 2026 testamenta,
1059 2003 1110 2022 vo-

152 2037 278 2065 sumans
285 2043 475 2070 mortuorum,
481 2037 552 2075 jura
562 2037 706 2066 vivorum.
716 2047 792 2067 num
803 2038 893 2067 etiam
916 2039 928 2063 3
938 2036 1036 2075 patriis
1048 2037 1110 2064 He-

153 2077 279 2108 raclium
298 2077 386 2107 bonis
403 2079 556 2108 exturbare
576 2080 709 2120 oportuit
724 2084 734 2109 ,³
756 2080 808 2120 qui
827 2076 948 2107 simulac
965 2075 1109 2117 profugit,

152 2118 242 2160 qu‘am
254 2118 443 2159 impudenter
453 2140 460 2154 ‚
472 2119 563 2161 quam
571 2121 669 2160 palam
681 2140 689 2153 ‚
701 2119 790 2161 quam
801 2118 894 2149 acerbe*
905 2139 912 2151 ‚
926 2119 970 2148 dii
980 2120 1110 2148 immor—

149 2161 232 2194 tales,
242 2161 294 2191 illa
305 2161 383 2191 bona
394 2161 505 2202 direpta
512 2162 581 2192 sunt
592 2164 597 2190 !
615 2171 705 2203 quam
717 2162 768 2191 illa
777 2171 821 2191 res
831 2159 1001 2191 calamitosa
1014 2161 1108 2190 Hera-

150 2202 223 2236 clio,
234 2201 398 2243 quaestuosa
407 2206 502 2236 Verri,
515 2205 608 2243 turpis
618 2203 973 2243 Syracusanis‚mtferanda
982 2199 1109 2230 omnibm

152 2243 323 2276 videbatur?
347 2247 428 2275 Nam
440 2244 514 2275 illud
523 2244 647 2285 quidem
658 2244 757 2275 statim
767 2254 882 2274 curatur
892 2264 901 2277 ,
920 2253 952 2273 ut
961 2242 1109 2284 quidquid

154 2285 249 2317 caelati
259 2287 371 2327 argenti
379 2285 479 2316 fuitin
486 2287 547 2316 illis
557 2286 646 2317 bonis
656 2307 664 2321 ‚
681 2286 718 2317 ad
729 2285 820 2316 istum
828 2285 973 2316 deferatur
992 2295 997 2313 ε
1021 2284 1109 2324 quid-

153 2327 226 2368 quid
237 2328 467 2358 Corinthiorum
485 2328 623 2359 vasorum
634 2348 642 2363 ‚
666 2328 797 2370 stragulae
805 2326 896 2358 vestis
907 2347 916 2360 ,
937 2328 998 2357 haec
1013 2336 1108 2356 nemo

149 2368 301 2400 dubitabat
311 2389 319 2403 ,
338 2371 415 2410 quin
424 2380 489 2400 non
501 2369 597 2400 modo
608 2380 646 2400 ex
662 2370 713 2401 ina
724 2370 820 2400 domo
830 2379 911 2410 capta
921 2369 954 2398 &
964 2366 1107 2408 oppreffa,

151 2408 257 2441 verum
273 2420 311 2441 ex
322 2420 382 2441 tota
389 2413 547 2452 provincia
557 2411 593 2442 ad
604 2411 696 2442 istum
706 2413 889 2453 comportari
899 2409 1015 2440 necess'e
1024 2408 1105 2439 esset.

152 2453 302 2492 Mancipia
310 2472 318 2486 ‚
338 2463 403 2494 quae
412 2454 530 2486 voluit,
550 2453 676 2484 abduxit
686 2474 694 2487 ‚
714 2454 770 2484 alia
781 2451 880 2484 divisit
893 2463 898 2481 :
918 2451 1021 2482 auctio
1029 2450 1106 2482 fasta

153 2493 212 2524 est:
229 2495 262 2524 in
272 2504 329 2535 qua
337 2496 426 2524 cohors
443 2494 526 2526 istius
536 2494 646 2525 invicia
656 2495 811 2526 dominata
825 2494 875 2525 est.
896 2493 1013 2524 Verum
1030 2493 1105 2523 illud

153 2534 196 2566 est
203 2537 374 2576 praeclarum
385 2548 390 2566 z
401 2540 506 2577 Syracu
512 2537 571 2567 sani
583 2557 591 2571 ,
602 2539 654 2578 qui
663 2537 840 2578 praefuerant
849 2538 896 2566 his
908 2535 1042 2566 Heraclii
1051 2535 1105 2565 bo-

153 2579 201 2608 nis
212 2598 220 2612 ,
231 2577 336 2612 verbo,
347 2578 516 2620 redigendis
527 2591 535 2613 3
545 2589 585 2612 re,
598 2579 818 2619 dispertiendis,
828 2577 989 2608 reddebant
998 2587 1104 2607 eorum

151 2621 343 2661 negotiorum
353 2621 489 2650 rationem
498 2621 526 2649 in
531 2621 634 2660 senatu
643 2632 654 2648 .·
665 2620 803 2651 dicebant
813 2641 821 2654 ‚
831 2620 1013 2660 scyphorum
1024 2621 1104 2659 paria

147 2661 307 2701 complura
316 2681 325 2695 2
337 2662 454 2701 hydrias
462 2671 609 2703 argenteas
626 2667 644 2689 4
651 2663 792 2702 pretiosas
802 2682 810 2696 ‚
821 2661 936 2692 vestem
947 2660 1102 2702 stragulam

155 2703 279 2733 multam
299 2723 308 2737 ,
332 2706 479 2744 mancipia
501 2705 628 2745 pretiosa
638 2724 646 2738 ‚
666 2706 751 2734 Verri
769 2704 834 2734 data
853 2702 912 2733 effe
923 2714 928 2732 :
952 2702 1100 2736 dicebant,

153 2753 297 2785 quantum
305 2746 412 2786 cuique
421 2766 430 2781 ‚
441 2747 504 2787 ejus
510 2747 521 2787 j
526 2744 590 2776 ussu
601 2765 610 2780 ‚
620 2756 822 2776 nummorum
834 2743 904 2775 effet
914 2745 1028 2775 datum.
1050 2755 1102 2785 ge-

2039 142 2134 190 251*

1165 203 1288 234 mebant
1296 205 1466 245 Syracusani
1477 216 1484 235 :
1504 203 1553 236 sed
1564 211 1668 235 tamen
1678 202 1875 244 patiebantur.
1895 204 2018 244 repente
2027 209 2131 237 recita-

1164 253 1228 278 tur,
1251 255 1315 275 uno
1334 249 1462 277 nomine
1485 257 1539 277 n—s
1561 257 1626 276 cet.
1644 247 1741 276 millia
1753 245 1835 286 jufl'u
1851 248 1986 286 praetoris
1997 247 2072 277 data.
2097 249 2132 279 fit

1165 288 1319 317 maximus
1338 289 1453 319 clamor
1469 291 1612 319 omnium
1624 309 1632 322 ,
1656 297 1721 318 non
1733 288 1830 318 modo
1847 289 1957 328 optimi
1974 289 2128 330 cujusque,

1164 337 1261 367 neque
1281 338 1388 359 eorum
1407 350 1415 363 ‚
1439 331 1550 371 quibus
1569 332 1717 371 incbgmm
1730 330 1835 371 semper
1853 329 1949 368 vtfum
1969 338 2030 359 erat
2038 351 2046 364 ,
2072 332 2129 362 bo-

1164 377 1201 397 na
1220 372 1347 408 privati,
1363 374 1468 411 populi
1491 374 1637 406 nomine,
1660 381 1711 411 per
1729 373 1880 402 summam
1899 373 2044 409 injuriam
2062 383 2129 402 ere-

1161 416 1210 448 pta
1229 420 1235 438 ;
1256 410 1366 441 verum
1385 414 1476 443 etiam
1498 412 1551 453 ipsi
1569 414 1615 444 1111
1636 412 1760 443 auctores
1776 415 1901 452 injuria,
1921 413 1955 444 &
1973 424 2012 444 ex
2029 415 2128 455 aliqua

1160 452 1302 490 particula
1322 473 1331 485 ‚
1356 454 1429 483 socii
1445 455 1550 493 praedae
1568 475 1576 488 ‚
1606 465 1638 486 ac
1657 457 1828 495 rapinarum
1847 476 1856 489 ‚
1884 455 2010 486 clamare
2027 466 2129 496 coepe-

1160 500 1231 521 runt
1246 512 1255 525 ‚
1270 491 1324 522 sibi
1341 503 1373 523 ut
1386 495 1505 526 haberet
1520 496 1727 527 hereditatem.
1748 506 1843 527 tantus
1861 499 1895 526 in
1912 499 1992 528 curia
2010 498 2127 529 clamor

1159 532 1255 563 sanstus
1273 534 1316 564 est
1337 555 1345 567 ‚
1370 544 1402 564 ut
1423 538 1552 576 populus
1568 548 1764 568 concurreret.
1808 541 1869 568 Res
1887 538 1923 568 ab
1941 541 2030 569 omni
2046 550 2125 570 con-

1160 584 1253 605 ventu
1264 578 1393 616 cognita,
1406 581 1418 603 5
1431 579 1565 608 celeriter
1577 579 1706 609 domum
1718 589 1882 610 nuntiatur.
1899 583 2006 610 Homo
2016 583 2124 611 inimi-

1157 626 1209 647 cus
1220 617 1266 646 his
1277 637 1284 651 ‚
1296 620 1348 658 qui
1358 617 1524 649 recitass'ent
1535 632 1543 654 3
1563 619 1655 650 hostis
1665 622 1821 654 omnibus,
1838 623 1890 662 qui
1901 621 2106 654 acclamassent
2118 634 2125 654 ε

1159 657 1263 688 exarsit
1280 660 1432 690 iracundia
1445 681 1452 693 ‚
1476 671 1509 691 ac
1526 660 1690 692 stomacho.
1713 672 1923 693 verumtamen
1934 662 1993 694 fuit
2003 673 2068 694 tum
2079 665 2125 695 sui

1157 698 1318 730 diffimilis.
1341 701 1436 731 nostis
1447 712 1481 732 os
1490 703 1638 736 hominis,
1650 703 1743 733 nostis
1754 705 1906 735 audaciam
1918 716 1923 734 ·.
1943 714 2044 736 tamen
2053 715 2121 737 tum

1157 751 1280 772 rumore
1290 743 1414 782 populi,
1428 743 1599 774 &clamore
1610 765 1619 777 ,
1634 745 1666 774 &
1674 744 1756 775 furto
1767 746 1927 776 manifesto
1937 747 2056 788 grandis
2066 757 2125 788 pe*-

1157 786 1254 814 cuniae
1269 785 1454 823 perturbatus
1473 785 1526 815 est.
1550 786 1612 816 Ubi
1623 786 1648 815 se
1659 786 1796 828 collegit,
1817 797 1902 818 vocat
1911 789 1946 818 ad
1958 789 1986 818 se
1997 793 2120 828 Syracu-

1158 825 1260 855 sanos:
1278 825 1372 866 ⁶quia
1389 836 1454 857 non
1473 826 1570 867 poss'et
1589 837 1694 869 negare
1712 829 1748 858 ab
1759 829 1819 858 illis
1829 832 1987 869 pecuniam
1997 831 2094 861 datam
2108 844 2117 865 ;

1158 876 1224 896 non
1244 867 1378 907 quaesivit
1396 869 1501 908 procul
1519 869 1656 900 alicunde
1674 870 1783 910 (neque
1803 873 1887 900 enim
1902 872 2049 912 probaret)
2071 872 2119 902 sed

1156 910 1347 947 proximum,
1359 910 1444 949 paene
1453 910 1790 952 alterumfiliumsquem
1809 912 1893 941 illam
1905 915 2063 951 pecuniam
2072 914 2120 944 di-

1155 959 1233 979 ceret
1241 950 1400 981 30111111Πέ-
1425 951 1557 982 ostendit
1567 953 1594 982 se
1605 952 1724 982 reddere
1732 952 1915 983 consiturum.
1941 957 1992 994 qui
2003 955 2119 993 postea-

1155 1001 1246 1031 quam
1255 992 1286 1022 id
1297 992 1412 1023 audivit
1421 1014 1428 1027 ‚
1442 994 1545 1024 habuit
1555 994 1705 1035 dignitatis
1717 1014 1725 1028 ,
1739 995 1772 1024 80
1783 997 1874 1025 aetatis
1883 1015 1891 1028 ‚
1913 995 1944 1024 δε
1953 996 2120 1027 nobilitatis

1155 1034 1212 1063 suae
1221 1035 1380 1064 rationem.
1403 1035 1492 1065 verba
1501 1035 1578 1075 apud
1592 1037 1725 1066 senatum
1736 1035 1807 1067 fecit
1820 1048 1824 1065 :
1845 1036 1966 1069 docuit,
1985 1037 2020 1066 ad
2031 1038 2058 1067 sc
2069 1040 2120 1067 ni-

1154 1075 1197 1103 hil
1207 1077 1367 1115 pertinere.
1390 1076 1427 1106 de
1438 1076 1494 1107 isto
1506 1097 1514 1110 ‚
1526 1077 1555 1107 id
1567 1098 1574 1110 ‚
1606 1078 1666 1108 uod
1677 1088 1786 1108 omnes
1797 1077 1940 1110 videbant,
1954 1089 2051 1119 neque
2066 1080 2117 1110 ille

1153 1116 1277 1156 quidem
1287 1117 1410 1148 obscure
1422 1138 1430 1152 ‚
1443 1119 1560 1149 locutus
1571 1089 1622 1149 0111.
1647 1122 1744 1160 itaque
1754 1121 1800 1149 1111
1810 1120 1979 1159 Syracusani
1990 1120 2115 1150 statuam

1152 1157 1254 1197 postea
1265 1158 1446 1190 statuerunt:
1473 1161 1540 1191 &is
1552 1181 1560 1194 .
1581 1161 1634 1190 ubi
1654 1160 1789 1200 primum
1808 1163 1924 1201 potuit,
1943 1161 2035 1192 istum
2047 1163 2118 1192 reli-

1174 1202 1236 1234 uit,
1259 1200 1296 1230 de
1312 1203 1526 1242 provinciaque
1548 1201 1673 1233 deceffit.
1702 1206 1739 1233 Et
1748 1212 1848 1233 tamen
1859 1204 2022 1238 aiunteum
2034 1206 2117 1244 queri

1167 1242 1247 1271 olere
1258 1252 1503 1284 nonnumquam,
1513 1244 1542 1283 [ἓ
1552 1245 1693 1284 mfimm,
1706 1245 1835 1285 quodnam
1843 1245 1909 1284 sim,
1921 1245 1994 1284 7fed
2001 1246 2118 1284 fiaeorum

1150 1286 1265 1323 peccaris
1278 1305 1285 1317 ,
1299 1284 1331 1314 &
1346 1285 1526 1315 criminibus
1545 1295 1706 1325 prematur.
1730 1288 1914 1316 Triennium
1925 1290 2116 1326 provinciam

1152 1324 1326 1368 obtinuisti:
1343 1336 1434 1367 gener
1449 1326 1561 1357 01061113
1580 1327 1750 1358 adolescens
1766 1338 1863 1357 unum
1883 1338 1998 1357 annum
2013 1337 2115 1358 tecum

1152 1368 1211 1396 tuit
1224 1377 1229 1395 :
1251 1367 1381 1402 sodales,
1401 1369 1459 1398 viri
1468 1368 1559 1399 forres
1570 1389 1578 1402 ,
1599 1369 1683 1410 legati
1693 1372 1735 1399 tui
1746 1371 1846 1409 primo
1857 1379 1936 1399 anno
1948 1378 1974 1399 te
1987 1370 2115 1410 relique—

1152 1417 1240 1438 runt:
1260 1418 1338 1438 unus
1356 1410 1468 1451 legatus
1485 1413 1516 1440 P.
1529 1410 1661 1445 Tadius,
1681 1413 1733 1452 qui
1745 1420 1805 1441 erat
1814 1411 1963 1451 reliquus,
1990 1421 2055 1440 non
2075 1413 2115 1441 ita

1153 1449 1288 1480 multum
1298 1459 1398 1481 tecum
1408 1451 1483 1481 fuit:
1502 1451 1584 1493 quisi
1598 1453 1714 1492 semper
1724 1452 1782 1483 una
1791 1451 1906 1484 fuiffet,
1918 1461 2019 1482 tamen
2030 1453 2114 1482 sum-

1154 1502 1202 1522 ma
1212 1502 1279 1522 cura
1289 1502 1355 1522 tum
1368 1502 1435 1526 tuae,
1450 1502 1516 1523 tum
1529 1495 1626 1524 multo
1635 1497 1726 1524 etiam
1739 1496 1832 1535 magis
1842 1495 1898 1524 suae
1911 1494 1998 1524 famae
2007 1504 2110 1534 peper-

1150 1532 1244 1564 cifl'et.
1263 1534 1345 1576 Qid
1356 1534 1493 1575 est‚quod
1505 1545 1534 1565 tu
1545 1537 1619 1565 alios
1627 1536 1755 1566 accuses?
1765 1535 1838 1576 quid
1848 1534 1900 1569 est,
1913 1536 2111 1577 quamobrem

1150 1584 1235 1636 putes
1246 1585 1274 1606 te
1284 1585 1366 1606 tuam
1375 1578 1493 1616 culpam
1506 1587 1569 1607 non
1580 1576 1674 1607 modo
1693 1578 1819 1607 derivare
1835 1580 1868 1607 in
1885 1578 2018 1618 aliquem
2029 1597 2036 1610 ‚
2064 1577 2114 1607 sed

1176 1619 1379 1647 communicare
1389 1628 1453 1647 cum
1461 1618 1548 1648 altero
1568 1617 1673 1659 poffe?
1692 1621 1899 1649 Numerantur
1917 1620 1968 1649 illa
1984 1629 2038 1648 H-s
2057 1618 2115 1649 du-

1152 1668 1239 1695 centa
1263 1661 1480 1701 quinquaginta
1505 1661 1698 1700 Syracusanis.
1731 1671 1764 1690 03
1791 1660 2052 1701 quemadmodum
2078 1660 2117 1690 ad

1154 1700 1245 1731 istum
1255 1701 1356 1741 postea
1364 1711 1416 1741 per
1427 1702 1663 1742 pseudothyrum
1674 1711 1859 1732 revertantur
1868 1722 1876 1735 ,
1898 1703 2004 1732 tabulis
2015 1702 2114 1735 vobis,

1156 1743 1188 1772 &
1196 1742 1584 1783 testibus,judices,planum
1596 1744 1712 1774 faciam.
1733 1747 1779 1774 Ex
1788 1745 1840 1774 hac
1851 1746 2008 1785 iniquitate
2020 1743 2114 1777 istius,

1157 1785 1392 1825 &improbitate
1402 1805 1411 1819 ,
1419 1786 1534 1826 judices
1545 1806 1552 1819 ‚
1571 1785 1653 1827 quod
1664 1786 1760 1826 praeda
1771 1786 1880 1815 exiliis
1891 1786 1979 1816 bonis
1989 1785 2024 1816 ad
2036 1786 2118 1815 mui-

1154 1835 1199 1856 tos
1210 1828 1404 1866 Syracusanos
1417 1847 1425 1861 ,
1436 1829 1534 1857 invito
1544 1829 1659 1868 populo
1670 1848 1677 1861 ‚
1694 1828 1852 1867 senatuque
1861 1828 2052 1867 Syracusano,
2064 1838 2118 1857 ve-

1155 1878 1247 1902 nerat,
1261 1869 1312 1898 illa
1324 1869 1491 1908 sceleraper
1500 1869 1739 1900 Theomnastum
1751 1889 1759 1902 ‚
1785 1869 1818 1898 ὃς
1831 1870 2060 1904 AEschrionem,
2082 1869 2117 1899 ἃ

1155 1910 1406 1950 Dionysodorum
1418 1931 1426 1944 ,
1449 1911 1482 1940 &
1499 1912 1697 1941 Cleomenem
1718 1908 1895 1940 invitiffima
1912 1912 2030 1941 civitate
2038 1910 2116 1941 fatfta

1154 1953 1222 1982 sunt
1231 1972 1240 1986 ‚
1257 1949 1394 1991 primurn
1409 1961 1442 1982 ut
1459 1951 1525 1980 urbs
1534 1952 1764 1991 roraspoliaretur
1773 1963 1784 1978 :
1800 1962 1857 1993 qua
1865 1951 1902 1982 de
1912 1962 1942 1981 re
1953 1953 2028 1982 alius
2037 1953 2116 1983 mihi

1154 1994 1237 2023 locus
1247 1993 1282 2023 ad
1293 1993 1457 2023 dicendum
1467 1993 1509 2023 est
1521 1993 1700 2024 constitutus
1713 2004 1718 2022 z
1739 2002 1772 2023 ut
1788 1995 1893 2023 omnia
1912 1991 1991 2034 figna
2000 1992 2053 2023 iste
2064 2003 2117 2033 per

1153 2044 1204 2064 eos
1216 2035 1368 2068 homines,
1377 2044 1453 2075 quos
1463 2037 1622 2066 nominavi
1633 2055 1641 2069 ,
1655 2045 1751 2065 omne
1760 2035 1835 2065 ebur
1844 2045 1881 2065 ex
1891 2034 2004 2065 aedibus
2015 2035 2114 2068 factis,

1155 2078 1274 2106 omneis
1287 2075 1419 2117 undique
1429 2076 1539 2106 tabulas
1548 2076 1650 2117 pictas:
1661 2076 1788 2107 deorum
1799 2076 1930 2117 denique
1950 2075 2113 2110 simulacra.

1154 2128 1218 2158 quae
1229 2118 1330 2151 vellet,
1341 2117 1469 2147 auferret
1481 2128 1487 2147 :
1505 2118 1614 2149 deinde
1626 2121 1700 2148 utin
1710 2120 1790 2148 curia
1798 2117 1954 2158 Syracusis,
1966 2128 2058 2158 quem
2067 2119 2115 2148 lo-

1153 2170 1224 2190 cum
1234 2160 1280 2189 illi
1290 2158 1477 2188 buleuterium
1487 2169 1593 2190 vocant
1604 2180 1612 2193 ,
1631 2158 1836 2190 honestiffimo
1846 2160 1916 2190 loco
1927 2180 1935 2193 ‚
1947 2160 1979 2190 &
1989 2159 2064 2200 apud
2078 2160 2116 2189 il-

1154 2202 1199 2231 los
1208 2199 1366 2231 01311111ωο
1378 2221 1385 2234 ,
1398 2205 1412 2227 9
1425 2201 1475 2230 ubi
1486 2202 1565 2231 illius
1576 2200 1664 2242 ipsius
1677 2204 1720 2231 M.
1732 2202 1887 2235 Marcelli,
1900 2202 1966 2243 (qui
1979 2211 2049 2231 eum
2061 2204 2117 2241 Sy-

1153 2243 1298 2273 racusanis
1307 2242 1409 2272 Iocum
1421 2263 1429 2277 ‚
1440 2252 1531 2283 quem
1541 2245 1653 2283 eripere
1665 2244 1737 2273 belli
1747 2253 1780 2273 ac
1788 2243 1922 2273 vidtoriae
1935 2244 1997 2283 lege
2007 2241 2113 2283 posset,

1153 2285 1349 2317 conservavit,
1362 2284 1393 2314 &
1403 2285 1556 2325 reddidm)
1568 2285 1660 2315 statua
1669 2295 1707 2315 ex
1717 2295 1771 2315 aere
1781 2283 1858 2315 faeta
1868 2297 1877 2319 3
1895 2285 1938 2315 ibi
1948 2286 2114 2315 inauratam

1154 2325 1213 2359 isti,
1227 2326 1260 2356 &
1269 2326 1390 2356 alteram
1402 2324 1468 2356 filio
1479 2325 1600 2357 statuam
1610 2327 1782 2367 posuerint:
1805 2336 1838 2357 ut
1847 2346 1855 2360 ,
1876 2326 1950 2356 dum
1961 2325 2046 2356 istius
2055 2327 2114 2356 ho-

1154 2370 1247 2397 minis
1256 2370 1404 2398 memoria
1414 2377 1545 2398 maneret
1555 2388 1563 2401 ‚
1574 2369 1688 2399 senatus
1698 2369 1891 2408 Syracusanus
1901 2367 1962 2397 fine
1973 2369 2110 2409 lacrymis,

1154 2409 1188 2442 (ἓν
1197 2409 1310 2450 gemitu
1318 2412 1351 2439 in
1361 2411 1441 2440 curia
1451 2408 1508 2439 ess'e
1518 2420 1580 2440 non
1590 2408 1693 2451 poss‘et.
1723 2413 1777 2440 Per
1796 2409 1916 2449 eosdem
1935 2408 2019 2439 istius
2029 2410 2071 2449 inj
2077 2419 2113 2439 u-

1152 2453 1273 2484 riarum,
1284 2450 1445 2485 furtorum,
1458 2461 1650 2493 uxorumque
1660 2452 1757 2482 socios
1766 2472 1775 2486 ‚
1792 2451 1878 2482 istius
1889 2453 2017 2490 imperio
2026 2454 2113 2491 Syra-

1151 2491 1224 2523 cufis
1233 2494 1386 2522 Marcellea
1396 2493 1542 2523 tolluntur
1551 2495 1690 2523 maximo
1700 2495 1813 2536 gemitu
1824 2513 1832 2527 ‚
1854 2492 1995 2533 luetuque
2007 2494 2113 2523 civita·

1149 2537 1187 2564 tis
1204 2545 1209 2564 ι
1231 2545 1322 2575 quern
1343 2536 1388 2564 illi
1414 2535 1494 2565 diem
1521 2534 1632 2566 festum
1658 2534 1730 2565 cum
1757 2535 1925 2566 recentibus
1953 2533 2110 2564 beneficiis

1148 2579 1191 2606 M.
1204 2577 1340 2606 Marcelli
1349 2577 1485 2607 debitum
1497 2576 1674 2610 reddebant,
1693 2586 1759 2607 tum
1770 2578 1891 2618 generi,
1911 2578 2050 2609 nomini,
2063 2575 2109 2606 fa-

1142 2619 1240 2649 rmiliae
1252 2619 1462 2649 Marcellorum
1472 2620 1605 2648 maxima
1614 2619 1767 2649 voluntate
1778 2619 1956 2648 tribuebant.
1981 2619 2108 2648 Mithri-

1145 2660 1225 2691 dates
1235 2663 1268 2690 in
1279 2659 1353 2693 Asia,
1364 2659 1435 2690 cum
1447 2670 1512 2689 eam
1523 2662 1712 2700 provinciam
1723 2669 1816 2690 totam
1827 2658 2010 2700 occupasset,
2031 2660 2108 2689 Mu-

1146 2703 1190 2731 cm
1202 2712 1264 2731 non
1277 2701 1393 2732 sustulit
1401 2721 1410 2735 ,
1426 2701 1518 2731 hostis
1529 2721 1537 2735 ,
1559 2702 1592 2732 &
1602 2700 1694 2732 hostis
1706 2704 1737 2732 in
1748 2704 1852 2732 ceteris
1862 2702 1948 2732 rebus
1957 2703 2052 2731 nimis
2061 2700 2109 2730 fe-

1146 2753 1195 2774 rus
1205 2763 1213 2778 ‚
1227 2744 1414 2774 &immanis
1426 2763 1434 2777 ,
1453 2752 1553 2774 tamen
1564 2745 1712 2774 honorem
1721 2745 1857 2774 hominis
1866 2763 1875 2777 ‚
1895 2743 2026 2774 deorum
2037 2742 2110 2773 reli-

2022 2794 2114 2825 grone

192 2872 202 2889 ι
210 2884 215 2890 .
235 2864 296 2890 H-S
305 2864 410 2899 tricies]
423 2864 528 2891 Metelli
538 2865 695 2893 membrana:
706 2866 767 2892 H-S
779 2874 831 2891 ccc
839 2885 844 2890 .
855 2863 925 2901 quod
936 2865 963 2890 &
975 2863 1002 2890 in
1013 2863 1105 2890 Fabri-
1153 2867 1209 2890 riter
1219 2866 1258 2896 iste
1268 2871 1339 2888 mmet
1351 2864 1436 2888 domam
1447 2870 1516 2888 mmt.
1537 2862 1605 2887 {orte
1617 2863 1653 2894 rsti
1663 2864 1728 2893 item,
1739 2861 1826 2896 inquit
1837 2860 2010 2887 Gulielmius.

153 2898 237 2926 cinno.
257 2901 409 2927 examinent
418 2901 533 2937 aptiores
544 2901 574 2927 ad
585 2911 640 2927 rem
652 2901 836 2929 numium-iim.

190 2943 220 2961 2.
246 2943 252 2953 ·
265 2939 284 2961 ιι·
298 2939 457 2969 testamentum
467 2939 528 2971 fecit
538 2957 546 2969 ,
564 2938 644 2972 huic,]
664 2937 769 2964 Metelli
785 2936 852 2963 liber
862 2935 962 2963 fecerat
972 2945 996 2961 a.
1003 2943 1031 2970 p.
1042 2937 1105 2962 Imic.

155 2969 240 2997 nescio
249 2981 279 2998 an
290 2972 439 3008 exprimere
451 2973 565 2999 volucrit
578 2993 586 3006 ,
597 2975 793 3006 apudpraetorcm.

193 3014 207 3042 3
214 3026 220 3032 .
236 3008 330 3034 'Patr-iis
339 3010 474 3035 Heraclium
483 3010 545 3035 bonis
554 3011 682 3036 exturbare
690 3009 816 3044 oportuit]
828 3007 941 3035 Videtur
950 3007 1052 3045 potius,
1063 3017 1106 3034 ux-

132 3058 140 3062 ⁴
155 3043 260 3081 turbari.
279 3042 321 3069 {ed
332 3043 364 3069 110
374 3044 439 3070 nulli
450 3044 506 3070 mss.
518 3055 602 3081 neque
611 3045 677 3072 adeo
687 3045 764 3071 editi.

193 3085 222 3110 4.
239 3080 357 3112 Pretiosa
367 3099 376 3111 ‚
392 3082 611 3114 vestemstragulam
621 3083 718 3107 multam
729 3100 737 3113 ‚
757 3083 876 3114 mancipia
889 3079 1016 3114 pretiosis]
1038 3078 1081 3105 Est
1092 3079 1107 3105 :¹1

158 3112 264 3139 Metelli
273 3114 353 3146 libro,
362 3115 438 3142 &ita
448 3115 522 3142 fuilse
533 3117 558 3143 in
570 3117 723 3144 Fabriciano
732 3116 830 3143 indicat
841 3115 925 3142 editio
935 3115 1069 3142 Lambini.

195 3156 222 3191 5⁴.
240 3151 444 3193 celerem-dmum
452 3153 606 3188 nuntiatum]
626 3152 731 3181 Metelli
742 3152 899 3181 membrana:
912 3171 921 3186 ‚
930 3151 1042 3188 amplius
1052 3151 1110 3177 cele·
1127 3181 1129 3187 y
1151 3151 1243 3177 Clonus
1254 3149 1423 3185 i'ulgata‚fiab
1432 3151 1493 3176 ii'lmt
1502 3150 1553 3182 &a
1565 3153 1617 3189 (qi-ai
1626 3150 1765 3185 cknzSyrac.
1774 3150 1845 3175 locum
1855 3158 1905 3175 eum
1914 3148 1964 3180 &f-

1187 2901 1214 2925 6.
1234 2901 1298 2932 Qm
1307 2909 1351 2924 non
1360 2900 1424 2932 [osset
1434 2907 1498 2926 ἵκω]
1507 2899 1542 2931 aa]
1556 2897 1652 2923 Melius
1664 2897 1745 2929 forte,
1757 2899 1799 2931 qui
1807 2906 1851 2922 non
1858 2898 1926 2929 1roffi-t
1936 2897 1987 2928 &a

1187 2943 1213 2969 7.
1233 2936 1373 2968 Sed-fixorum
1379 2935 1507 2967 porsenna]
1518 2933 1589 2961 Alia:
1599 2932 1660 2960 edd.
1671 2933 1848 2968 interjiciunt,
1861 2936 1976 2964 connitum,
1988 2940 2045 2967 quae
2056 2939 2109 2958 vox

1152 2970 1221 2997 abt-st
1232 2970 1338 2997 Metell.
1349 2973 1374 2996 ζ’(
1389 2969 1490 2995 mbr-ic.
1650 2969 1652 2971 ’

1188 3007 1216 3033 8.
1235 3009 1407 3032 Communicarc
1417 3015 1467 3031 cnm
1476 3006 1574 3040 altera]
1588 3005 1701 3041 Vulgata
1711 3007 1788 3039 aliquo
1800 3024 1808 3036 ,
1817 3003 1859 3030 scd
1871 3003 1951 3030 leftio
1962 3004 2048 3030 nostra
2058 3012 2108 3030 ex-

1152 3043 1200 3070 stat
1210 3043 1235 3068 in
1247 3042 1325 3068 Fabr.
1337 3043 1363 3067 &
1376 3042 1443 3067 Met.
1455 3051 1511 3077 quae
1521 3042 1600 3068 etiam
1612 3051 1674 3068 mox
1688 3042 1784 3067 iterum
1796 3041 1872 3067 habet
1883 3042 1943 3066 H-s·
1955 3049 2020 3065 ccc.

1186 3087 1216 3114 9.
1237 3079 1279 3103 [lbi
1287 3080 1351 3103 illim
1359 3087 1410 3109 (5⁶-
1419 3079 1503 3109 statna
1513 3087 1543 3104 tx
1550 3087 1592 3104 xre
1600 3079 1667 3109 fabra
1675 3089 1684 3110 ,-
1693 3079 1726 3103 ihi
1735 3078 1801 3111 Syna]
1823 3078 1864 3103 lta
1874 3075 1952 3103 Fabr.
1963 3076 2004 3101 cui
2015 3073 2107 3101 adsen—

1151 3114 1205 3140 sum
1218 3113 1315 3149 proebct
1327 3113 1431 3139 Meton.
1442 3113 1487 3139 11111
1498 3113 1568 3149 quod
1579 3115 1599 3140 is
1611 3123 1662 3140 non
1673 3113 1797 3139 admittat
1808 3112 1865 3143 illa,
1877 3122 1905 3138 cx
1914 3113 2040 3144 xrcfm‘la.
2060 3110 2105 3135 ha-

1575 3187 1606 3212 li
1626 3194 1642 3210 1.
1984 3184 2107 3209 humar-

2148 555 2193 581 20
