2339 3379
606 151 1195 198 P111L11³1³tcA
1280 150 1689 209 QUARTA.
2060 171 2153 221 593⁴

180 234 275 265 Rom.
285 231 453 266 lihertatem
463 231 640 264 contulerit:
654 231 735 273 quod
747 233 808 271 pari
818 230 943 262 confilio
954 251 963 265 ,
976 231 1141 272 eademque
1183 232 1289 273 tiaeque
1299 232 1482 265 referantur:
1500 234 1612 266 senatui
1631 235 1746 276 placere
1758 256 1767 270 ‚
1789 237 1835 268 uti
1847 239 1879 268 C,
1891 237 1982 270 Pansa
1994 257 2003 272 ‚
2026 241 2061 269 Α,
2081 241 2153 269 Hff.

180 279 290 307 virtute
301 278 380 317 legio
389 284 488 317 quarta
499 275 565 308 usa,
586 276 622 305 L.
634 275 811 316 Egnatuleio
821 274 914 308 duce,
934 275 994 304 civi
1006 276 1137 318 egregio,
1182 275 1240 304 tius
1263 293 1271 308 ‚
1289 275 1425 305 consules
1443 275 1585 316 designati
1605 298 1613 311 ‚
1646 282 1656 298 ¹
1679 289 1750 309 cum
1778 280 1982 321 magistratum
2004 282 2152 312 inierint,

180 318 299 348 senatus
315 317 542 350 auCtoritatem,
561 317 725 357 populique
735 318 829 346 Rom.
846 315 1014 346 libertatem
1033 314 1140 344 deren·
1180 314 1201 344 fi
1221 317 1263 344 eis
1284 316 1453 351 videbitur,
1476 320 1577 357 primo
1590 329 1712 360 quoque
1735 330 1872 360 tempore
1892 322 1930 353 de
1949 323 1996 352 his
2014 322 2102 352 rebus
2116 321 2151 352 ad

182 360 233 390 dar
241 378 250 393 ‚
266 358 449 389 defenderit:
470 358 584 389 senatui
595 368 709 400 magnae
718 368 794 388 curae
803 355 862 387 esse
872 377 881 391 ,
896 367 928 388 ac
937 356 1001 387 fore
1013 376 1022 390 ‚
1042 365 1074 386 ut
1084 365 1137 395 pro
1180 357 1262 386 hunc
1274 358 1414 389 ordinem
1424 358 1551 390 referant
1560 379 1569 395 ,
1587 364 1628 392 ita
1637 371 1682 392 uti
1691 361 1707 392 ὲ
1718 364 1831 404 reipub.
1840 362 1957 405 fideque
1968 364 2016 395 sua
2025 364 2151 395 censue-²

181 402 271 431 tantis
280 410 386 430 eorum
397 402 428 430 in
438 410 500 430 rem
504 400 575 440 pub.
586 402 702 430 meritis
712 400 820 429 honores
829 402 871 429 eis
883 398 1045 429 habeantur
1054 418 1063 431 ‚
1074 407 1139 439 gra—
1179 400 1250 428 rint.

221 479 245 496 1.
265 472 322 495 Cum
331 470 492 501 magistrarum
501 470 600 492 inierint
614 486 620 497 ,
639 466 706 500 on]
729 465 785 492 Pal.
797 465 846 492 sec.
858 465 914 492 fere
925 465 1026 492 accedit
1035 464 1137 491 duobus
1182 472 1231 491 tum
1241 467 1333 498 imffinr
1345 486 1352 497 ‚
1366 469 1389 499 fi
1397 468 1425 493 cis
1437 469 1569 495 visst-resur,
1586 478 1626 501 pr.
1637 481 1661 504 q,
1672 479 1768 505 tempore
1778 473 1804 497 dc
1813 473 1848 499 his
1858 474 1908 499 reb·
1919 473 1953 498 M-
1963 492 1971 506 '
1981 473 2033 505 &ct
2054 475 2089 500 ira
2099 481 2124 500 ω
2133 476 2146 501 3

181 505 345 534 Feri-arianis
356 524 365 536 ,
383 512 448 540 quos
459 502 561 530 secutus
572 502 607 529 est
619 501 765 530 Lambinus
777 511 786 534 5
808 501 938 538 habetque
957 502 1008 529 ctam
1017 503 1142 535 magtstra-
1157 477 1160 534 l
1184 508 1233 534 rep.
1247 501 1387 536 fidequesui
1397 504 1519 529 videretur
1531 506 1679 539 cenficermn,

515 586 611 648 M
691 588 1103 650 TULLII
1198 586 1808 651 CICERONIS

225 763 364 843 M.
423 680 1404 840 ANTONIUlNIsiNAD
1464 761 2087 854 QUIRITE&

493 863 1209 925 PHILIPPICA
1303 866 1823 945 QUARTA.

390 963 745 1011 ORATIO
835 966 1923 1028 QUADRAGESIMASEXTA.

443 1055 653 1093 REQENUA
671 1051 805 1083 vestrum
816 1052 1003 1084 incredibilis
1012 1073 1021 1088 ,
1032 1055 1137 1092 Qiri-
1177 1053 1297 1084 videtur
1308 1052 1456 1084 divinitus
1466 1054 1501 1085 ab
1512 1063 1548 1084 eo
1559 1053 1616 1084 deo
1627 1054 1747 1086 traxisse
1759 1066 1885 1091 nomen,
1898 1058 1914 1089 a
1922 1069 1985 1100 quo
1993 1062 2140 1101 populum

443 1104 485 1125 tes
495 1114 503 1128 ,
513 1096 682 1136 concioque
693 1104 770 1125 tanta
781 1115 789 1129 ‚
811 1104 953 1136 quantam
963 1094 1136 1126 meminisse
1178 1097 1460 1137 Rom-generatum
1472 1098 1649 1136 accepimus.
1660 1107 1763 1128 nonne
1772 1100 1832 1139 ipsa
1844 1101 1903 1130 suis
1913 1101 2038 1133 decretis
2049 1106 2140 1143 psius.

443 1146 506 1166 non
515 1136 639 1169 videor,
661 1136 693 1166 ὃ(
705 1138 884 1167 alacritatem
895 1138 973 1166 mihi
984 1137 1135 1167 summam
1177 1136 1270 1178 quam
1290 1138 1427 1171 senatus,
1444 1137 1563 1168 hostem
1579 1139 1726 1178 judicavit
1743 1143 1937 1172 Antonium?
1960 1153 2031 1174 nam
2053 1145 2103 1174 ille
2122 1144 2141 1175 fi

442 1177 526 1209 affert
535 1178 650 1218 reipub.
666 1178 862 1208 defendendae
876 1199 884 1211 ,
905 1178 939 1209 &
949 1179 1032 1219 spem
1050 1189 1136 1210 recu-
1177 1189 1243 1209 non
1260 1178 1370 1209 hostis:
1393 1181 1445 1220 qui
1457 1179 1592 1219 confidem
1603 1181 1784 1221 reliquerunt,
1799 1182 1909 1213 hosteis
1921 1184 2034 1216 necesse
2044 1186 2086 1218 est
2093 1187 2104 1227 j
2109 1197 2145 1216 u=

443 1219 579 1260 perandae
596 1219 753 1250 libertatis.
779 1222 989 1261 Qamquam,
1015 1222 1135 1251 animus
1177 1220 1325 1251 dicemus.
1349 1224 1364 1240 ²
1378 1221 1517 1252 Praeclara
1538 1222 1571 1252 &
1589 1222 1738 1253 luculenta
1755 1224 1965 1256 reclamatione
1985 1227 2079 1258 vestra
2098 1228 2143 1259 fa-

444 1261 568 1302 quidem
586 1262 665 1291 mihi
682 1271 850 1302 numquam
877 1261 991 1296 defuit,
1011 1270 1136 1304 tempora
1179 1261 1263 1292 &um
1280 1261 1521 1303 pulcherrimum
1531 1265 1718 1294 Martialium
1730 1267 1965 1306 comprobastis:
1988 1271 2040 1310 qui
2058 1270 2087 1300 se
2105 1271 2141 1301 ad

445 1302 606 1333 defuerunt
620 1314 625 1332 z
641 1313 708 1343 quae
727 1302 848 1333 fimulac
863 1303 1000 1343 primum
1021 1304 1134 1345 aliquid
1179 1305 1297 1334 senatus
1313 1303 1532 1339 aucitoritatem,
1547 1305 1582 1335 ad
1593 1306 1761 1337 libertatem
1771 1307 1909 1342 vestram,
1923 1310 1958 1340 ad
1970 1312 2140 1343 universam

173 1348 250 1379 lucis
263 1346 420 1377 ostendere
435 1345 496 1374 visa
505 1345 573 1374 sunt
582 1364 589 1377 ‚
610 1346 748 1384 princeps
757 1344 858 1375 vestrae
872 1345 1015 1375 libertatis
1026 1345 1134 1376 defen·
1179 1355 1273 1387 remp.
1286 1347 1482 1377 contulerunt
1495 1358 1500 1376 :
1523 1346 1641 1378 hostem
1656 1348 1745 1378 illum
1756 1369 1764 1383 ‚
1779 1349 1812 1379 &
1825 1350 1972 1381 latronem
1984 1373 1992 1386 ‚
2008 1353 2040 1382 ὃς
2049 1356 2141 1392 parri-

174 1389 279 1420 dendae
293 1388 347 1418 fui.
377 1386 458 1428 quod
469 1385 489 1415 fi
502 1386 571 1415 ante
580 1385 675 1415 facere
686 1395 810 1416 conatus
824 1384 914 1417 essem
926 1407 934 1421 ,
946 1397 1029 1418 nunc
1038 1386 1133 1418 facere
1177 1387 1274 1418 eidam
1287 1390 1389 1428 patriae
1399 1390 1596 1429 reliquerunt.
1622 1392 1688 1420 Nec
1699 1391 1799 1421 solum
1813 1392 1843 1422 id
1853 1393 1991 1423 animose
2006 1415 2013 1427 ,
2037 1394 2069 1425 ὃς
2079 1394 2142 1424 for·

175 1441 240 1462 non
251 1428 376 1471 possem.
399 1428 546 1458 hodierno
557 1429 641 1457 enim
653 1427 701 1457 die
711 1447 720 1462 ‚
742 1430 876 1469 Qirites
887 1449 896 1461 ,
913 1439 951 1458 ne
961 1429 1057 1460 adhuc
1067 1439 1133 1459 me—
1176 1430 1244 1459 titer
1257 1450 1265 1463 ‚
1286 1429 1336 1460 sed
1349 1428 1532 1461 considerate
1543 1432 1633 1461 etiam
1643 1451 1652 1465 ‚
1673 1432 1875 1474 sapienterque
1884 1433 2028 1465 fecerunt.
2054 1436 2138 1467 Alhae

174 1473 308 1503 diocrem
322 1480 386 1500 rem
397 1468 492 1500 aeram
503 1468 689 1499 arbitremini
703 1489 710 1502 2
718 1470 908 1508 fundamenta
917 1470 995 1510 ja&a
1004 1471 1071 1501 sunt
1084 1482 1133 1501 re·
1176 1471 1387 1506 constiterunt,
1401 1474 1432 1502 in
1445 1472 1516 1502 urbe
1527 1482 1696 1513 opportuna
1706 1493 1714 1507 ,
1731 1476 1848 1505 munita
1858 1495 1867 1509 ,
1881 1479 2060 1518 propinqua,
2078 1477 2142 1508 form

175 1514 324 1554 liquatum
335 1511 502 1542 astionem.
515 1521 585 1541 nam
596 1510 638 1541 est
647 1510 741 1541 hostis
750 1512 765 1541 a
776 1513 877 1542 senatu
887 1513 1029 1543 nondum
1038 1513 1132 1543 verbo
1175 1512 1361 1543 tiffimorum
1372 1515 1510 1544 virorum
1521 1534 1529 1548 ,
1550 1513 1790 1546 fideliffimorum
1804 1519 1920 1548 civium
1931 1538 1940 1552 ‚
1959 1527 2046 1559 atque
2061 1529 2142 1559 opti-

173 1555 356 1596 appellatus,
384 1552 433 1583 sed
451 1563 480 1582 re
497 1553 561 1592 jam
574 1552 724 1592 judicatus
745 1556 907 1584 Antonius.
945 1557 1037 1585 Nunc
1058 1554 1133 1585 vero
1176 1564 1310 1585 morum.
1334 1556 1435 1595 Hujus
1456 1557 1569 1586 Martiae
1588 1556 1716 1598 legionis
1733 1557 1814 1598 legio
1836 1561 1945 1597 Quarta
1956 1562 2070 1591 imitata
2080 1565 2142 1591 vir<

173 1597 275 1627 multo
292 1597 359 1627 sum
371 1593 497 1626 ereffior
508 1614 517 1627 ,
537 1595 618 1636 quod
635 1605 690 1625 vos
700 1605 820 1636 quoque
831 1596 949 1626 hostem
962 1597 1053 1627 illum
1073 1595 1132 1627 ess'e
1175 1605 1272 1627 tutem
1286 1617 1294 1631 ,
1311 1596 1385 1627 duce
1397 1599 1432 1627 L.
1444 1597 1624 1638 Egnatuleio
1636 1618 1645 1632 ,
1665 1608 1755 1639 quem
1775 1600 1893 1630 senatus
1911 1601 2021 1632 merito
2038 1604 2140 1643 paullo

173 1647 257 1669 tanto
270 1637 425 1670 consensu,
438 1644 577 1677 tantoque
586 1637 716 1667 clamore
726 1637 951 1678 approbavistis.
967 1641 1033 1669 Nec
1047 1641 1133 1669 enim
1174 1643 1244 1669 anre
1258 1638 1409 1672 laudavit,
1428 1642 1439 1666 3
1453 1641 1485 1669 C.
1500 1639 1619 1670 Caesaris
1638 1642 1802 1671 exercitum
1820 1643 1971 1681 persecuta
1990 1643 2040 1674 est.
2065 1648 2137 1684 Qua:
2161 1655 2173 1678 ς

175 1678 364 1721 fieripotest‚
384 1687 489 1709 utnon
502 1677 765 1719 autiifintimpii',
785 1681 837 1720 qui
863 1681 1132 1711 contraconsulem
1176 1679 1329 1720 exspestas
1342 1700 1350 1714 ‚
1371 1683 1562 1715 M.Antoni‚
1582 1680 1695 1722 judicia
1706 1684 1861 1722 graviora?
1884 1685 1977 1715 Caesar
1993 1685 2087 1716 fertur
2104 1689 2136 1717 in
2164 1682 2173 1686 ⁶

174 1725 321 1753 exercitus
331 1729 592 1761 comparaverunt:
616 1721 726 1751 aurille
736 1721 841 1756 hostis,
853 1732 955 1753 contra
965 1733 1056 1764 quern
1064 1724 1133 1763 jure
1175 1723 1289 1753 coelum
1301 1743 1310 1756 ‚
1333 1723 1386 1763 qui
1404 1731 1508 1753 contra
1527 1732 1556 1754 te
1578 1725 1745 1754 exercitum
1764 1728 1957 1765 comparavit.
1979 1727 2138 1759 laudantur

173 1773 256 1794 arma
273 1764 368 1794 sumta
382 1763 456 1793 sunt.
484 1764 569 1793 Hanc
579 1764 669 1803 igitur
685 1763 907 1794 dubitationem
919 1784 927 1798 ,
947 1774 1130 1806 quamquam
1175 1762 1411 1805 exquisitissimis
1419 1764 1519 1796 verbis
1530 1765 1675 1806 legiones,
1685 1776 1751 1807 quae
1762 1776 1790 1796 te
1799 1768 1995 1808 reliquerunt,
2006 1779 2072 1810 quae
2083 1770 2099 1800 ὲ
2110 1780 2137 1801 te

175 1805 257 1835 nulla
267 1813 327 1835 erat
339 1825 348 1838 ‚
367 1813 468 1834 tamen
478 1814 574 1844 nequa
592 1803 688 1844 posset
696 1803 753 1834 effe
763 1825 772 1839 ‚
795 1806 911 1836 senatus
921 1806 1070 1836 hodierno
1083 1805 1133 1837 die
1174 1804 1310 1836 arceffitae
1327 1807 1396 1837 sunt
1409 1817 1415 1836 :
1432 1817 1497 1848 quae
1509 1816 1565 1837 tuae
1580 1806 1675 1838 efl'ent
1687 1828 1696 1841 ‚
1714 1806 1735 1837 si
1746 1817 1771 1838 te
1782 1809 1959 1843 consulem,
1978 1812 2069 1852 quam
2083 1813 2140 1842 ho-

174 1845 301 1877 sustulit.
320 1849 351 1876 C.
363 1847 472 1880 caesar‚
484 1849 537 1886 qui
548 1846 685 1886 rempub.
695 1846 922 1888 libertatemque
933 1846 1060 1878 vestram
1077 1848 1131 1878 suo
1177 1847 1252 1878 stem
1274 1846 1434 1879 maluisset.
1457 1859 1584 1890 quarum
1608 1850 1766 1891 legionum
1785 1849 1978 1882 fortiffimum
1991 1873 2000 1886 ,
2023 1853 2139 1884 veriffi-

174 1887 275 1918 studio
285 1908 293 1922 ,
303 1886 442 1920 consilio,
459 1890 643 1927 patrimonio
657 1888 788 1928 denique
802 1897 911 1918 tutatus
921 1888 963 1920 est
975 1908 984 1923 ‚
1005 1889 1038 1919 δε
1055 1897 1133 1919 tuta·
1177 1899 1325 1930 mumque
1333 1890 1485 1929 judicium
1498 1889 1658 1921 confirmat
1671 1891 1804 1925 senatus,
1824 1893 2001 1932 comprobat
2015 1898 2137 1926 univer«

174 1938 223 1960 tur
235 1941 240 1959 2
265 1930 407 1960 maximis
418 1929 531 1958 senatus
543 1929 680 1959 laudibus
690 1938 810 1959 ornatus
819 1929 872 1959 est.
898 1930 1003 1961 Laudo
1013 1950 1022 1964 ‚
1041 1930 1131 1961 laudo
1175 1931 1223 1961 sus
1233 1931 1364 1971 populus
1373 1934 1468 1962 Rom.
1482 1932 1538 1962 nifi
1547 1931 1626 1963 forte
1635 1942 1689 1964 vos
1700 1952 1708 1966 ‚
1722 1933 1858 1974 Qirites
1867 1953 1875 1967 ,
1887 1935 2058 1970 consulem,
2069 1947 2136 1968 non

172 1981 248 2005 vos,
267 1973 399 2013 Qirites
410 1990 418 2004 ,
437 1968 507 2000 cum
527 1968 695 2010 gratiffimis
707 1973 816 2001 animis
832 1972 1054 2013 prosequimini
1073 1982 1132 2002 no·
1174 1972 1292 2002 hostem
1305 1992 1314 2006 ,
1322 1973 1463 2012 judicatis
1474 1976 1659 2004 Antonium.
1684 1976 1732 2005 Sic
1741 1974 1898 2006 arbitrabar
1907 1978 2060 2017 Qirites,
2080 1988 2137 2009 vos

173 2023 246 2044 men
256 2011 409 2044 clarifiimi
427 2011 620 2042 adolescentis
630 2032 639 2046 ‚
661 2012 710 2042 vel
724 2014 808 2053 pueri
821 2012 934 2053 potius.
960 2014 1028 2044 sunt
1045 2015 1130 2044 enim
1171 2014 1321 2054 judicare,
1335 2023 1367 2044 ut
1380 2013 1548 2045 ostenditis.
1571 2016 1644 2056 quid
1659 2017 1826 2056 municipia
1837 2036 1845 2051 ‚
1861 2018 2015 2054 colonias,
2029 2019 2137 2060 praefe-

170 2051 250 2085 faEta
260 2056 323 2095 ejus
333 2075 341 2089 ‚
362 2053 586 2083 immortalitatis
596 2065 605 2088 3
624 2058 634 2073 ¹
645 2063 761 2085 nomen
772 2056 868 2089 atatis,
881 2055 976 2086 multa
986 2058 1129 2090 memini,
1175 2055 1272 2086 &uras
1283 2075 1292 2090 ,
1312 2066 1388 2086 num
1398 2057 1483 2086 aliter
1490 2056 1624 2097 judicare
1639 2058 1787 2088 censetis?
1805 2068 1913 2090 omnes
1923 2062 2066 2092 mortales
2077 2071 2136 2091 una

172 2097 269 2127 multa
278 2097 379 2127 audivi
390 2117 400 2130 ,
420 2096 516 2126 multa
525 2096 583 2137 legi
596 2106 601 2125 τ
619 2096 698 2126 nihil
719 2106 757 2126 ex
770 2099 859 2127 omni
869 2098 1046 2128 saeculorum
1064 2108 1131 2128 me·
1174 2105 1264 2128 mente
1273 2098 1480 2129 consentiunt:
1505 2100 1611 2129 omnia
1620 2109 1702 2130 arma
1714 2109 1819 2130 eorum
1832 2120 1840 2135 ‚
1856 2103 1908 2142 qui
1921 2103 1984 2133 haec
1993 2103 2070 2134 salva
2083 2113 2136 2134 ve-

170 2139 333 2169 moriatale
343 2139 491 2179 cognovi:
511 2140 643 2178 quicum
655 2138 794 2169 servitute
807 2149 1031 2179 premeremur,
1053 2140 1130 2170 &in
1173 2141 1250 2174 lint,
1273 2148 1377 2171 contra
1388 2140 1474 2171 illam
1491 2140 1605 2181 pestem
1627 2140 1684 2171 effe
1697 2142 1851 2182 capienda.
1875 2143 1978 2183 Qid?
1999 2146 2137 2176 D.Bruti

170 2179 236 2210 dies
247 2180 360 2210 malum
371 2179 529 2212 cresceret,
543 2178 667 2219 praefidii
679 2181 755 2210 nihil
767 2182 942 2211 haberemus
953 2202 961 2215 ‚
973 2183 1129 2222 capitalem
1169 2182 1320 2222 judicium
1331 2201 1340 2215 ,
1356 2184 1489 2222 Qijrites
1500 2202 1509 2216 ‚
1531 2183 1614 2223 quod
1628 2193 1665 2213 ex
1675 2184 1824 2214 hodierno
1834 2184 1899 2225 ejus
1910 2184 2011 2216 edi&o
2022 2187 2137 2227 perspi-

170 2222 205 2251 &
216 2221 390 2261 pestiferum
401 2220 556 2251 Brundisio
575 2223 620 2251 M.
632 2224 761 2252 Antonii
782 2222 911 2253 reditum
932 2226 1109 2254 timeremus
1122 2234 1127 2253 z
1172 2234 1237 2254 cere
1250 2223 1391 2264 potuistis
1401 2243 1410 2257 ,
1429 2234 1505 2254 num
1517 2226 1564 2254 cui
1589 2225 1709 2255 tandem
1721 2226 1982 2257 contemnendum
1993 2228 2135 2259 videtur?

170 2264 229 2293 hoc
241 2264 421 2303 insperatum
433 2262 577 2292 omnibus
586 2262 747 2292 confilium
759 2283 767 2297 ‚
788 2266 976 2305 incognitum
987 2265 1066 2295 certe
1080 2275 1130 2295 ce·
1173 2265 1268 2296 Reete
1281 2285 1289 2299 ‚
1313 2265 1424 2296 &vere
1433 2265 1559 2307 negastis
1570 2286 1578 2300 ,
1590 2269 1733 2307 Qirites.
1757 2267 1807 2298 Est
1818 2269 1901 2298 enim
1910 2268 1989 2310 quasi
2004 2269 2131 2300 deorum

169 2306 256 2345 perit,
271 2314 302 2335 ut
311 2307 477 2335 exercitum
490 2303 638 2333 invi&um
651 2314 689 2334 ex
701 2306 841 2344 Hispanis
852 2307 1002 2336 militibus
1011 2306 1130 2337 condu-
1171 2308 1394 2338 immortalium
1407 2306 1554 2338 beneficio
1564 2327 1572 2342 ,
1593 2309 1625 2338 δε
1636 2319 1747 2338 munere
1758 2309 1862 2340 datum
1881 2312 1954 2351 reip.
1973 2313 2134 2343 Brutorum

169 2356 249 2377 cerer
260 2367 268 2380 ‚
289 2348 476 2387 Antoniique
492 2344 625 2375 furorem
639 2345 849 2376 crudeliffimis
867 2346 1000 2378 consiliis
1020 2350 1128 2378 incita-
1170 2359 1284 2390 genus,
1306 2349 1483 2383 &nomem
1504 2348 1539 2379 ad
1555 2350 1723 2380 libertatem
1734 2352 1839 2391 populi
1849 2353 1943 2382 Rom.
1955 2354 2003 2383 vel
2019 2353 2132 2384 consti-

133 2397 153 2420 2
170 2397 236 2418 turn
250 2388 407 2428 apernicie
425 2387 540 2427 reipub.
553 2396 705 2418 averteret.
729 2390 804 2428 Qis
817 2388 860 2419 est
878 2391 981 2424 enim,
1003 2391 1055 2430 qui
1069 2391 1127 2420 hoc
1170 2390 1330 2425 tuendam,
1353 2391 1402 2421 vel
1422 2392 1663 2431 recuperandam.
1686 2392 1768 2432 Qid
1790 2394 1880 2433 igitur
1908 2396 1948 2424 D.
1968 2396 2073 2424 Brutus
2094 2395 2131 2425 de

170 2440 235 2461 non
248 2431 418 2471 intelligat3
441 2428 495 2459 nisi
505 2429 598 2460 Caesar
616 2431 782 2460 exercitum
799 2430 968 2471 paravisset,
988 2441 1053 2461 non
1065 2430 1125 2461 fine
1169 2434 1214 2462 M.
1235 2433 1373 2463 Antonio
1391 2432 1562 2472 judicavit?
1582 2432 1704 2464 exclusit
1724 2437 1896 2473 provincia:
1921 2438 2053 2466 exercitu
2075 2437 2132 2466 ob-

169 2473 265 2501 exitio
275 2470 378 2502 nostro
388 2470 525 2502 futurum
535 2473 664 2501 Antonii
673 2471 805 2502 reditum
818 2471 926 2503 fuiffe?
947 2476 991 2503 Ita
1001 2475 1084 2503 enim
1096 2474 1124 2503 se
1170 2473 1260 2504 stitit:
1280 2475 1409 2505 Galliam
1428 2482 1520 2504 totam
1532 2476 1667 2505 hortatur
1675 2475 1709 2506 ad
1720 2476 1834 2506 bellum
1844 2496 1853 2510 ,
1869 2477 1963 2516 ipsam
1976 2478 2024 2507 sua
2039 2478 2131 2518 spon-

168 2513 328 2553 recipiebat
344 2513 450 2544 ardens
461 2513 533 2543 odio
553 2512 660 2547 vestri,
680 2523 821 2544 cruentus
838 2515 980 2556 sanguine
993 2516 1122 2549 civium,
1170 2525 1196 2546 te
1209 2535 1218 2549 ,
1239 2515 1476 2557 suoquejudicio
1486 2518 1656 2547 excitatam.
1679 2519 1709 2546 Si
1719 2518 2002 2548 consulAntonius:
2020 2521 2127 2550 Brutus

167 2565 243 2596 quos
253 2553 377 2589 Sueffae‚
398 2565 472 2596 quos
491 2553 639 2595 Brundifii
659 2555 827 2590 occiderat,
851 2565 883 2586 ut
893 2557 993 2590 nihil,
1012 2555 1067 2587 nisi
1087 2556 1124 2588 de
1168 2557 1271 2588 hostis.
1293 2558 1514 2588 ficonservator
1523 2560 1594 2598 reip.
1607 2561 1732 2588 Brutus:
1755 2558 1848 2588 hostis
1857 2562 2019 2590 Antonius,
2040 2563 2127 2592 Num

166 2598 281 2637 reipub.
297 2599 427 2637 pernicie
437 2599 586 2638 cogitaret.
609 2597 699 2638 Qod
709 2605 810 2627 autem
824 2596 1062 2638 eratpraesidium
1083 2599 1126 2629 sa·
1166 2601 1276 2641 igitur,
1288 2609 1390 2630 utrum
1402 2600 1512 2629 horum
1527 2598 1559 2629 fit
1569 2599 1702 2629 dubitare
1712 2598 1870 2639 pofl'umus
1882 2606 1892 2633 ἓ
1915 2604 2018 2643 Atqui,
2030 2613 2062 2634 ut
2072 2614 2127 2634 vos
2147 2611 2167 2641 4

167 2639 250 2672 lutis,
262 2639 463 2679 libertatisque
473 2638 575 2669 vestra:
586 2658 594 2672 ,
606 2637 626 2668 fi
641 2641 673 2669 C.
685 2639 802 2669 Caesaris
813 2659 821 2673 ,
832 2638 1121 2681 fortiffimorumque
1167 2651 1226 2672 una
1237 2649 1351 2674 mente,
1362 2650 1478 2680 unaque
1489 2651 1562 2671 voce
1572 2640 1705 2671 dubitare
1713 2651 1768 2671 vos
1778 2643 1891 2683 negatis
1902 2653 1907 2672 :
1919 2642 1957 2674 fic
1968 2645 2063 2675 modo
2075 2646 2129 2676 de-

167 2681 212 2711 fui
222 2683 310 2721 patris
322 2681 457 2710 militum
467 2682 615 2711 exercitus
626 2690 689 2710 non
698 2679 799 2711 fuisset
810 2683 821 2710 ?
833 2681 917 2721 cujus
928 2681 964 2712 de
978 2681 1121 2717 laudibus,
1164 2685 1259 2714 crevit
1269 2683 1385 2714 senatus
1398 2702 1406 2717 ,
1426 2685 1466 2712 D.
1476 2684 1603 2713 Brutum
1615 2682 1732 2723 optime
1741 2683 1778 2713 de
1788 2693 1848 2724 rep.
1862 2686 1977 2719 mereri,
1999 2696 2068 2717 cum
2083 2688 2130 2718 se-

166 2721 373 2756 &honorz'bm
394 2724 446 2763 qui
464 2724 490 2752 ei
503 2732 558 2762 pro
569 2723 699 2756 divinis,
721 2722 986 2753 &immortalibus
1007 2725 1122 2754 meritis
1166 2734 1254 2755 natus
1277 2722 1481 2754 auum-itatem
1493 2744 1502 2758 ‚
1521 2725 1685 2765 populique
1702 2726 1799 2755 Rom.
1823 2726 1988 2758 libertatem
2004 2749 2011 2761 ,
2028 2731 2070 2759 im
2096 2740 2128 2759 e·-

167 2765 265 2796 divini
277 2785 284 2799 ‚
306 2764 550 2805 immortalesque
568 2764 733 2799 debentur,
758 2766 838 2794 mihi
856 2765 972 2795 senatus
990 2764 1121 2796 assensus
1165 2768 1306 2807 riumque
1327 2765 1504 2796 defenderit.
1528 2769 1554 2796 A
1569 2776 1630 2806 quo
1640 2765 1829 2797 defenderit?
1847 2778 1962 2809 nempe
1981 2770 2017 2801 ab
2028 2772 2069 2801 ho
2099 2782 2126 2801 e.

163 2807 265 2846 paullo
275 2807 343 2837 ante
355 2806 487 2837 decrevit
498 2826 506 2839 ,
521 2815 554 2836 ut
561 2807 662 2846 primo
672 2816 792 2847 quoque
806 2816 941 2847 tempore
950 2806 1117 2836 referretur.
1167 2818 1233 2849 quae
1252 2807 1294 2837 est
1311 2810 1395 2837 enim
1415 2809 1471 2839 alia
1489 2807 1633 2838 laudanda
1650 2807 1806 2839 defenfio?
1822 2811 1974 2852 Deinceps
1994 2813 2128 2844 laudatur

168 2849 238 2889 Qo
248 2848 366 2878 decreto
384 2850 450 2889 quis
464 2858 527 2878 non
539 2848 677 2888 perspicit
688 2850 856 2878 Antonium
871 2848 988 2879 hostem
1006 2847 1121 2888 ess'eju-
1165 2851 1321 2890 provincia
1331 2849 1427 2880 Gallia
1438 2869 1446 2883 ‚
1468 2851 1637 2890 meritoque
1651 2859 1772 2880 ornatur
1785 2851 1885 2882 verbis
1903 2853 2092 2893 ampliffimis
2110 2855 2128 2886 ὂ,

166 2888 298 2919 dicatum
316 2896 327 2922 ?
355 2900 447 2931 quem
465 2892 550 2920 enim
571 2890 714 2931 appellare
735 2889 890 2930 possumus
909 2900 977 2920 eum
990 2911 998 2924 ‚
1018 2899 1121 2921 contra
1165 2892 1265 2921 senatu
1278 2891 1378 2932 ‚quod
1390 2890 1497 2921 resistat
1510 2894 1656 2922 Antonio.
1683 2902 1774 2933 quem
1786 2891 1973 2925 ficonsulem
1987 2896 2038 2926 illa
2056 2907 2127 2937 pro-

168 2939 260 2971 quem
270 2933 321 2972 qui
332 2934 478 2962 exercitus
493 2931 622 2966 ducunt,
642 2933 678 2961 iis
694 2932 808 2962 senatus
826 2933 980 2963 arbitratur
991 2931 1120 2974 fingula-
1164 2932 1264 2963 vincia
1274 2941 1389 2973 putaret
1399 2953 1408 2966 ,
1424 2943 1520 2974 neque
1529 2943 1600 2963 eum
1614 2935 1754 2974 reciperet
1766 2947 1774 2968 3
1793 2944 1905 2978 magno
1916 2936 2022 2968 scelere
2035 2939 2063 2969 se
2074 2939 2126 2969 ad-

168 2972 227 3002 reis
237 2973 436 3013 exquirendos
453 2975 604 3004 honores?
626 2974 706 3012 Quid
724 2974 793 3016 legio
806 2975 944 3005 Martia?
963 2984 1027 3015 quae
1039 2975 1114 3004 mihi
1163 2974 1333 3017 stringeret:
1354 2984 1464 3005 omnes
1475 2977 1559 3006 enim
1579 2975 1633 3006 sub
1641 2975 1773 3008 consulis
1779 2978 1846 3018 jure
1856 2997 1865 3012 ‚
1885 2978 2061 3020 &imperio
2075 2980 2128 3011 de-

2056 3022 2128 3053 bem

173 3084 196 3103 ι.
268 3077 336 3100 omen
346 3075 447 3111 aazia]
468 3075 548 3104 Haud
566 3077 644 3103 aliter
663 3078 854 3105 membranacei
871 3078 985 3105 Ferrarii
999 3098 1007 3110 ,
1027 3078 1125 3104 consir-
1168 3078 1195 3103 ὃ(
1208 3077 1263 3103 Lil.
1276 3078 1395 3115 vulgata,
1404 3081 1526 3105 ‘Praeclam
1537 3090 1564 3107 ac
1573 3082 1694 3108 luculenta
1706 3083 1878 3112 reclamatione.
1889 3081 2017 3110 insubide.
2030 3084 2128 3110 Putea-

271 3117 376 3146 matque
386 3111 443 3138 Pal.
455 3112 506 3140 sec.
515 3123 545 3140 ac
555 3113 621 3140 liber
632 3115 754 3142 Putean'i.
774 3124 833 3142 nam
847 3115 953 3152 vulgata
965 3136 972 3149 ‚
982 3125 1027 3142 non
1036 3116 1122 3142 etatis.
1146 3090 1151 3150 i
1170 3124 1217 3142 nus
1228 3114 1312 3142 adhuc
1321 3115 1455 3143 interserit
1464 3117 1570 3150 Qirltes
1580 3120 1675 3146 ret-Iam.

170 3146 255 3174 fatue.
305 3169 308 3170 γ
1150 3152 1152 3192 ᾗ
1208 3160 1234 3217 ἶ.
1250 3152 1349 3184 (ῖιΓανὶσ
1366 3156 1493 3179 exercitum
1507 3154 1656 3189 persecuta]
1680 3155 1935 3197 Pal.pr.nprosaecura.
1954 3155 1997 3185 sed
2016 3156 2130 3182 alterum

205 3191 234 3210 2.
250 3183 375 3216 Pru-lari,
385 3182 413 3214 df
422 3185 478 3218 loco,
489 3186 679 3223 reclamatione]
691 3187 785 3224 Itaque
796 3196 902 3224 quoque
912 3188 969 3217 Pal.
980 3187 1030 3217 sce.
1041 3189 1130 3217 Maur.
1149 3194 1153 3220 1
1172 3190 1210 3217 rei
1223 3195 1250 3217 at
1259 3182 1288 3218 in
1298 3187 1349 3219 sec.
1359 3188 1510 3227 habentque
1520 3191 1684 3256 oxpjitesflfibri
1697 3192 1824 3221 Ferrarii.
2078 3228 2089 3243 n

1654 3235 1671 3253 2
2027 3235 2050 3256 1-
2066 3234 2132 3262 ΜΗ
