2339 3379
128 1661 133 1669 ,
163 1631 264 1662 mulae
274 1630 478 1672 magistratum
492 1633 627 1665 inierint,
637 1629 694 1661 effe
705 1630 844 1661 facturos.
868 1631 936 1662 sunt
946 1641 1031 1661 enim
1042 1631 1122 1669 opti-

123 1852 144 1876 Ν

156 1508 222 1547 J'am
231 1507 350 1536 nullum
364 1505 549 1535 haberemus.
568 1504 741 1536 au&oritate
753 1507 836 1536 enim
848 1506 963 1536 senatus
974 1525 982 1538 ‚
993 1504 1122 1535 consen-

607 144 898 199 ,Pu-”1121
926 156 958 186 v1²
995 156 1020 186 P
1058 155 1076 185 ·1
1113 149 1141 185 e

492 237 1090 318 'M.TULL11

246 435 384 521 M.
614 435 912 524 AN
1025 349 1108 516 TI

1178 153 1237 184 A-
1285 135 1599 190 ΓΓἘΕΤί
1635 152 1719 192 Λ.”
2046 163 2136 215 591

1184 254 1791 319 CicEROle

1180 351 1847 522 NONIU
1953 436 2117 523 M.

499 536 1226 623 PHILIPPICA
1337 551 1809 625 TERTIA.

371 667 724 714 ORATIO
761 660 1927 731 ·QUA'DRAGESIMAQJINTA.

399 826 405 834 ,,
439 798 524 828 blica:
535 797 714 838 postulavit,
732 795 893 836 aliquando
904 804 1005 824 tamen
1015 802 1132 823 convo-
1146 816 1149 831 ,

439 842 494 870 cati
523 841 625 869 sumus
645 849 650 867 :
681 837 763 878 quod
790 836 960 877 flagitabam
988 834 1129 876 equidem
1146 833 1148 869 ἕ

386 910 413 918 ,Δ
438 879 589 922 quotidie:
612 881 722 920 quippe
745 877 816 909 cum
846 878 960 909 bellum
980 875 1129 907 nefarium

384 947 413 962 Q
438 931 539 952 contra
549 931 611 951 aras
622 941 630 954 ,
653 919 796 951 &focosz
821 929 924 951 contra
933 921 1026 949 vitam
1041 938 1049 952 ,
1067 917 1131 948 for-

401 958 413 988 i*
438 963 582 1003 tunasque
592 962 705 993 nostras
716 983 724 996 ,
734 962 770 992 ab
780 964 908 992 homine
917 960 1087 1002 profligato,
1100 970 1131 990 ac

438 1004 555 1044 perdito
564 1015 628 1034 non
639 1005 794 1046 comparari
806 1025 814 1038 ,
833 1004 882 1035 sed
898 1005 959 1045 geri
967 1004 1030 1043 jam
1045 1002 1131 1032 vide-

167 1057 242 1078 rem.
266 1045 484 1088 Exspectantur
501 1046 645 1076 Kalendae
662 1048 783 1088 Januar.
805 1056 877 1087 quas
897 1055 962 1077 non
979 1043 1130 1085 exspedstat

165 1090 330 1124 Antonius,
343 1090 440 1130 quiin
450 1089 639 1128 provinciam
653 1091 692 1118 D.
703 1090 786 1118 Bruti
798 1109 806 1123 ,
821 1089 946 1122 summi,
960 1087 992 1117 δε
1003 1085 1129 1126 singula-

165 1132 206 1161 ris
216 1132 292 1165 viri,
313 1141 385 1161 cum
395 1132 529 1160 exercitu
538 1131 690 1170 impetum
707 1129 800 1161 facere
813 1139 937 1160 conatur
949 1140 954 1158 :
979 1138 1017 1159 ex
1028 1138 1086 1172 qua
1097 1128 1126 1157 se

163 1172 345 1204 instructum
357 1193 365 1206 ,
388 1172 565 1213 &paratum
581 1172 616 1202 ad
632 1172 737 1202 urbem
748 1181 911 1202 venturum
931 1169 990 1201 effe
1002 1171 1127 1200 minita-

165 1216 222 1245 t'ur.
237 1216 311 1257 Qae
323 1214 365 1245 est
377 1216 467 1255 igitur
477 1213 670 1254 exspmstatio,
683 1223 732 1244 aut
742 1224 807 1254 quae
817 1214 867 1243 vel
879 1215 1010 1243 minima
1022 1211 1127 1242 dilatio

163 1254 333 1296 t'emporis?
356 1266 538 1297 quamquam
562 1258 645 1285 enirn
664 1255 769 1286 adsunt
780 1255 922 1286 Kalendae
938 1256 1003 1296 Jan.
1025 1263 1125 1284 tamen

164 1303 406 1338 native-tempus
422 1298 548 1339 longum
559 1296 602 1327 est
612 1299 772 1338 imparatis.
796 1297 859 1327 dies
873 1299 958 1327 enim
969 1293 1070 1329 affert,
1090 1295 1123 1325 δε

163 1340 237 1370 hora
246 1341 347 1379 potius
359 1360 367 1372 ,
377 1338 432 1369 nisi
440 1347 488 1380 pro
494 1339 587 1379 vistim
596 1338 638 1369 est
649 1359 658 1372 ,
670 1349 790 1380 magnas
803 1339 878 1378 saepe
887 1338 1006 1368 cladeis.
1029 1345 1125 1368 certus

162 1389 265 1412 autem
277 1381 340 1411 dies
359 1391 422 1411 non
441 1390 474 1410 ut
490 1379 644 1414 sacrificii,
662 1379 700 1410 sic
718 1379 836 1410 cunsilii
854 1378 1019 1420 exspec'hiri
1038 1378 1123 1409 solet.

163 1422 256 1465 de
269 1421 290 1452 fi
299 1430 349 1452 aut
358 1421 501 1452 Kalendae
518 1423 584 1463 Jan.
600 1419 723 1452 fuissent
733 1432 770 1452 eo
780 1422 828 1452 die
837 1442 845 1455 ‚
867 1432 928 1463 quo
938 1420 1073 1461 primum
1086 1430 1123 1450 ex

162 1466 235 1495 urbe
244 1463 320 1505 fugit
329 1465 493 1497 Antonius,
505 1472 555 1493 aut
565 1465 610 1494 hae
621 1473 684 1493 non
693 1461 786 1494 ess‘ent
794 1463 982 1504 exspectatae:
1005 1462 1121 1493 bellum

162 1548 254 1588 suque
261 1547 367 1587 populi
376 1549 513 1577 Romani
530 1546 618 1577 facile
632 1548 770 1578 hominis
788 1549 915 1577 amentis
934 1544 1122 1588 fregissemus

161 1590 324 1620 audaeiam.
349 1588 431 1630 quod
441 1588 564 1619 confido
575 1589 714 1630 equidem
735 1589 873 1619 consules
882 1588 1066 1636 designatos,
1085 1586 1122 1617 fi-

160 1683 215 1703 mo
225 1674 330 1703 animo
340 1693 348 1707 ,
365 1673 487 1703 summo
497 1671 629 1703 'consilio
641 1693 649 1707 ‚
662 1671 799 1714 singulari
810 1673 962 1703 concordia.
985 1682 1053 1702 mea
1070 1682 1121 1702 au-

160 1722 223 1745 tem
231 1714 384 1745 festinatio
396 1725 459 1745 non
471 1714 604 1745 vifr0riae
616 1715 714 1745 solum
724 1715 809 1745 avida
818 1714 870 1749 est,
885 1714 933 1745 sed
943 1716 1033 1745 etiam
1042 1713 1121 1744 cele-

161 1758 264 1786 ritatis.
288 1758 358 1797 Qo
369 1757 454 1786 enim
465 1757 556 1797 usque
568 1766 684 1787 tantum
695 1757 823 1790 bellum,
834 1766 894 1787 tam
904 1754 1023 1787 crudele
1035 1776 1044 1789 ‚
1061 1765 1120 1785 tam

160 1797 311 1828 nefarium
324 1799 446 1837 privatis
465 1797 597 1828 consiliis
616 1799 856 1838 propulsabitur?
873 1808 925 1828 cur
942 1808 1006 1828 non
1015 1807 1122 1838 quam-

161 1841 295 1881 primum
313 1839 432 1879 publica
446 1839 559 1870 accedit
575 1839 756 1870 au&oritas?
776 1843 808 1871 C.
829 1840 920 1870 Caesar
937 1839 1120 1871 adolescens,

160 1881 247 1922 paene
258 1882 359 1920 potius
368 1891 450 1921 puer,
461 1880 634 1911 incredibili
643 1892 674 1912 ac
687 1881 792 1912 divina
801 1881 928 1922 quadarn
941 1889 1042 1910 mente
1054 1900 1062 1914 ,
1078 1889 1121 1910 at-

161 1933 220 1964 que
239 1930 368 1956 virtute,
388 1931 454 1952 tum
469 1942 477 1955 ‚
500 1932 572 1953 cum
595 1923 731 1953 maxime
750 1923 834 1953 furor
852 1921 965 1953 arderet
981 1923 1120 1955 Antonii,

160 1974 291 2006 cumque
301 1964 364 2004 ejus
373 1964 390 1995 ὲ
403 1962 559 1994 Brundisio
569 1964 698 1994 crudelis
706 1984 715 1997 ,
737 1965 770 1995 δε
779 1963 898 2005 pestifer
908 1963 1018 1993 reditus
1031 1965 1119 1994 time—

160 2016 250 2040 retur,
262 2016 317 2035 nec
326 2005 547 2046 postulantibus
558 2025 566 2039 ,
586 2016 641 2036 nec
651 2006 864 2048 cogitantibus,
877 2009 886 2025 ¹
899 2016 938 2035 ne
948 2005 1118 2046 optantibus

161 2047 287 2089 quidem
302 2048 391 2077 nobis
401 2047 483 2088 (quia
493 2046 556 2077 fieri
566 2046 647 2087 poss’e
658 2058 722 2077 non
733 2048 901 2087 videbatur)
915 2045 1118 2076 firmiffimum

161 2092 326 2119 exercitum
339 2089 455 2119 invidio
472 2099 581 2131 genere
596 2096 790 2118 veteranorum
809 2090 946 2119 militum
966 2085 1121 2128 compara-⁵

158 2133 213 2165 vit,
225 2133 507 2171 patrimoniumque
517 2131 604 2161 suum
616 2129 731 2161 effudit.
749 2141 931 2172 quamquam
942 2140 1005 2160 non
1017 2130 1119 2160 sumus

159 2171 202 2203 usi
213 2182 248 2202 eo
257 2172 351 2202 verbo
366 2193 374 2205 ,
396 2183 456 2213 quo
466 2173 575 2202 decuit.
599 2183 664 2203 non
679 2176 763 2205 enim
775 2172 881 2203 effudit
891 2192 899 2206 ,
919 2172 967 2202 sed
986 2174 1018 2202 in
1030 2172 1119 2202 salute

157 2214 329 2254 reipublicae
351 2215 519 2244 collocavit.
543 2216 598 2244 Cui
617 2224 801 2255 quamquam
812 2215 903 2256 gratia
922 2213 1023 2244 referri
1037 2222 1116 2244 tanta

158 2265 224 2286 non
235 2254 339 2295 potest,
352 2265 458 2296 quanta
467 2255 600 2286 debetur:
612 2256 747 2287 habenda
756 2265 859 2286 tamen
870 2265 949 2286 tanta
959 2255 1011 2289 est,
1023 2265 1115 2296 quan-

159 2306 219 2328 tam
232 2299 400 2328 maximam
410 2299 505 2327 animi
526 2296 620 2327 nostri
632 2307 731 2338 capere
742 2297 871 2338 pofi'unt.
894 2299 970 2336 Quis
981 2298 1065 2327 enim
1076 2296 1118 2327 est

158 2348 218 2370 tam
231 2341 346 2380 ignarus
361 2349 461 2369 rerum
473 2359 481 2373 ,
501 2347 562 2368 tam
583 2340 662 2368 nihil
675 2339 710 2369 de
727 2340 877 2379 republica
893 2341 1026 2380 cogitans
1038 2359 1046 2372 ‚
1064 2341 1116 2379 qui

159 2382 218 2411 hoc
228 2391 292 2411 non
304 2381 467 2420 intelligat:
484 2380 503 2410 si
515 2382 559 2410 M.
571 2382 722 2410 Antonius
733 2380 748 2410 a
759 2380 916 2411 Brundisio
929 2391 999 2410 cum
1019 2382 1055 2410 iis
1066 2390 1117 2411 co-

157 2424 216 2463 piis
227 2443 235 2456 ,
258 2432 327 2463 quas
338 2424 363 2453 se
375 2423 545 2453 habiturum
556 2431 725 2462 putaverat,
736 2425 882 2457 Romam,
895 2431 926 2452 ut
936 2421 1115 2456 minabatur,

157 2466 261 2495 venire
272 2463 426 2504 potuisset,
449 2465 569 2494 nullum
586 2474 679 2506 genus
690 2475 758 2494 eum
770 2464 940 2494 crudelitatis
952 2466 1115 2504 praeteritu-

159 2516 228 2536 rum
239 2505 347 2535 fuiss'e?
368 2507 477 2546 quippe
487 2508 582 2547 quiin
594 2507 720 2546 hospitis
737 2506 822 2536 tetus
834 2504 980 2537 Brundisii
993 2504 1116 2536 fortiffi-

160 2558 230 2578 mos
239 2550 320 2577 viros
332 2567 340 2581 ‚
354 2550 447 2577 civeis
466 2550 598 2588 optimos
609 2568 617 2581 ,
635 2548 764 2590 jugulari
778 2547 861 2588 jussit
877 2559 882 2577 :
905 2557 1034 2589 quorum
1048 2558 1116 2578 ante

158 2590 248 2630 pedes
268 2590 332 2629 ejus
344 2592 542 2620 morientium
561 2591 702 2630 sanguine
713 2599 747 2618 os
762 2591 866 2619 uxoris
884 2590 1048 2629 respersum
1059 2588 1116 2620 esse

158 2630 319 2662 constabat.
344 2632 468 2661 Hacille
477 2632 646 2662 crudelitate
659 2630 803 2665 imbutus,
827 2641 898 2662 cum
911 2631 1009 2661 multo
1026 2631 1116 2661 bonis

158 2674 304 2703 omnibus
320 2674 562 2706 veniretiratior‚
582 2672 744 2714 quamillis
762 2672 873 2707 fuerat,
893 2682 969 2713 quos
987 2673 1116 2703 trucida-

157 2722 216 2745 rat:
241 2717 288 2744 cui
301 2714 420 2745 tandem
433 2714 563 2744 vestrum
576 2736 583 2748 ,
605 2724 654 2744 aut
671 2716 718 2744 cui
738 2716 868 2744 omnino
878 2715 1116 2754 bonopepercis-

158 2756 221 2796 set?
244 2759 310 2798 Qa
327 2755 404 2797 peste
424 2757 642 2797 rempublicam
659 2759 775 2796 privato
793 2755 920 2787 consilio
938 2755 1006 2795 (nec
1031 2758 1115 2786 enim

159 2796 434 2839 fieripotuitaliter)
447 2799 538 2828 Caesar
558 2799 703 2828 liberavit.
727 2797 844 2839 quinisi
858 2800 890 2828 in
902 2799 955 2828 hac
965 2797 1116 2837 republica

157 2846 241 2868 natm
250 2838 338 2874 esset,
356 2841 575 2881 rempublicam
594 2841 699 2871 scelere
709 2842 839 2871 Antonii
858 2840 973 2870 nullam
995 2840 1115 2870 habere-

161 2887 238 2910 mus.
261 2884 307 2912 Sic
317 2885 400 2912 enim
410 2883 554 2923 perspicio
566 2905 574 2917 ,
596 2882 746 2923 sit-judico
758 2904 765 2916 ‚
786 2881 840 2913 nifi
853 2893 930 2917 unus
944 2882 1114 2913 adolescens

159 2922 244 2967 illius
260 2924 386 2954 furentis
412 2928 561 2965 impetus,
584 2924 860 2966 crudeiiffirnosque
886 2933 1008 2955 conatus
1029 2925 1112 2954 cohi-

158 2962 287 2998 buisset,
309 2967 457 3006 rempubl.
477 2966 614 2998 funditus
632 2970 820 2999 interituram
840 2965 937 2998 fuiffe.
969 2967 1025 2997 Cui
1042 2968 1110 3008 qui-

440 759 547 787 Enms
562 758 706 789 omnino,
717 758 748 786 P.
759 758 790 785 C.
803 753 893 795 quarn
905 761 1024 792 tempus
1034 752 1133 790 reipu—
1148 751 1152 777 i
1171 748 1240 779 dem
1253 749 1401 780 hodierno
1411 749 1458 780 die
1469 770 1477 784 ,
1493 753 1589 781 Patres
1598 752 1757 792 conscripti
1769 774 1776 787 ‚
1793 754 1885 793 (nunc
1894 756 1978 786 enim
1993 756 2125 796 primum

1170 793 1210 821 ita
1227 794 1449 826 convenimus,
1470 796 1484 811 2
1497 793 1620 822 utillius
1642 793 1790 824 beneficio
1804 796 1974 836 pulsemus,
1996 809 2052 838 quit
2067 800 2131 838 fia-

1171 833 1288 861 tii-emus
1304 854 1312 867 ,
1328 834 1422 864 libere
1440 834 1549 874 dicere)
1571 834 1724 866 tribuenda
1746 836 1787 866 cst
1804 838 1960 869 auctoritas
1972 859 1979 871 ‚
2002 850 2033 869 ut
2051 850 2131 870 rern-

1170 875 1281 914 public.
1302 885 1367 905 non
1379 875 1473 906 modo
1484 876 1499 906 a
1514 876 1540 906 se
1552 876 1712 917 susceptam
1724 897 1732 911 ‚
1754 878 1804 908 sed
1815 882 1904 909 etiam
1917 884 1932 909 a
1943 880 2031 910 nobis
2044 891 2131 911 com-

1170 916 1343 947 mendatam
1364 916 1450 958 possit
1467 917 1636 948 defendere.
1661 921 1727 950 Nec
1745 919 1816 950 vero
1837 921 1872 950 de
1886 921 2004 961 legione
2026 925 2131 952 Martia
2157 939 2163 959 3

1169 958 1430 999 (quoniamlongo
1442 961 1602 990 intervallo
1615 961 1700 1001 loqui
1718 961 1809 992 nobis
1820 962 1856 992 de
1873 963 1976 1002 repub.
1992 963 2071 1004 licet)
2094 962 2130 994 si.-

1169 1000 1224 1029 leri
1244 1000 1350 1040 potest.
1384 1003 1460 1042 Qis
1479 1003 1565 1041 enim
1584 1013 1661 1032 unus
1681 1002 1808 1036 fortior,
1829 1006 1897 1045 quis
1916 1006 2042 1034 amicior
2062 1016 2131 1034 um-

1168 1051 1258 1082 quam
1268 1044 1338 1083 reip.
1350 1042 1410 1073 fuit
1421 1064 1429 1077 ,
1442 1045 1532 1084 quam
1545 1044 1624 1085 legio
1633 1047 1739 1075 Martia
1751 1047 1910 1076 universa?
1929 1056 1994 1086 quae
2003 1056 2073 1075 cum
2084 1049 2147 1077 sm«.

1165 1082 1237 1119 stem
1245 1085 1350 1124 populi
1362 1087 1455 1115 Rom.
1468 1088 1511 1115 M.
1525 1089 1696 1116 Antonium
1706 1087 1872 1126 judicasset,
1883 1097 1988 1117 comes
2001 1087 2057 1117 effe
2068 1089 2133 1127 ejus

1170 1129 1311 1156 amentiae
1330 1127 1447 1157 noluit:
1466 1128 1587 1168 reliquit
1602 1129 1777 1158 consulem:
1807 1129 1890 1170 quod
1908 1128 2045 1169 profeEto
2066 1140 2131 1160 non

1168 1166 1300 1202 fecisset,
1320 1167 1341 1198 fi
1360 1178 1432 1199 eum
1451 1170 1608 1200 consulem
1620 1169 1828 1209 judicavisset:
1846 1182 1938 1212 quem
1959 1172 2130 1202 nihilaliud

1169 1219 1250 1251 agere
1260 1231 1269 1243 ,
1283 1211 1361 1240 nihil
1373 1211 1488 1245 moliri,
1500 1210 1553 1241 nisi
1563 1212 1673 1242 caedem
1684 1214 1811 1246 civium,
1823 1223 1909 1254 atque
1920 1212 2077 1243 interitum
2087 1215 2132 1243 ci-

1168 1253 1278 1286 vitatis,
1291 1252 1417 1282 videret.
1441 1255 1538 1294 Atque
1549 1254 1669 1295 ealegio
1679 1254 1814 1285 consedit
1824 1256 1918 1286 Albae.
1933 1265 2022 1295 quani
2033 1257 2133 1297 potuit

1168 1292 1273 1325 urbem
1285 1295 1392 1335 eligere
1402 1314 1411 1328 ‚
1432 1293 1739 1335 aut'o‘pporttiniorem
1751 1296 1840 1326 adres
1850 1296 1991 1338 gerendas
2001 1317 2009 1331 ,
2034 1306 2083 1327 aut
2095 1295 2132 1327 fi*

1168 1334 1314 1366 dehorem
1327 1356 1336 1369 ,
1359 1345 1408 1366 aut
1418 1335 1581 1375 fortiorum
1591 1338 1725 1368 virorum
1737 1359 1745 1372 ‚
1763 1347 1812 1368 aut
1820 1340 2003 1369 amiciorum
2013 1339 2130 1378 populo

1166 1378 1311 1408 Romano
1333 1380 1449 1409 civium
1470 1382 1482 1407 ἒ
1517 1379 1650 1418 Hujusce
1674 1379 1804 1420 legionis
1835 1382 1978 1413 ‚virtutem
2011 1381 2132 1410 imitata

1166 1421 1274 1460 Qai‘ta
1290 1420 1369 1461 legio
1381 1440 1390 1454 ,
1408 1420 1484 1450 duce
1492 1422 1526 1451 L.
1545 1421 1723 1462 Egnatulejo
1733 1421 1879 1462 quaestoi‘e
1891 1442 1899 1455 ‚
1917 1432 1984 1452 cive
1998 1422 2131 1461 Optimo,

1167 1460 1198 1490 &
1209 1460 1380 1496 fortissimo,
1393 1462 1512 1492 Caesaris
1526 1466 1538 1490 3
1549 1462 1755 1494 austomatem
1769 1484 1777 1497 ,
1787 1473 1874 1504 atque
1884 1465 2051 1495 exercitum
2061 1473 2131 1503 per-

1166 1502 1263 1532 secum
1275 1502 1327 1533 est.
1350 1503 1536 1534 Faciundum
1548 1503 1591 1534 est
1609 1507 1698 1546 igitur
1712 1505 1821 1539 nobis,
1841 1508 1936 1536 Patres
1954 1505 2128 1544 conscripti,

1167 1553 1200 1574 ut
1210 1555 1253 1578 ea,
1266 1555 1332 1585 quae
1343 1546 1390 1575 sua
1401 1546 1507 1585 sponte
1516 1544 1691 1577 clariffirrius
1701 1547 2127 1587 adolescensffltque‘omnium

1163 1585 1416 1626 praestantiffimus
1428 1585 1522 1628 geffit,
1536 1588 1568 1617 &
1578 1590 1671 1628 gerit,
1684 1589 1746 1619 haec
1756 1588 1931 1619 minoritate
1941 1587 2040 1619 nostra
2052 1599 2127 1617 com-

1161 1626 1310 1669 probentur
1320 1640 1331 1656 .·
1351 1638 1633 1670 vereranorumque,
1645 1629 1876 1660 fortissimorum
1888 1631 2024 1660 virorum
2035 1650 2043 1664 ‚
2061 1639 2127 1662 tum

1164 1670 1294 1710 legionis
1305 1672 1421 1701 Martiae
1431 1691 1439 1704 ‚
1451 1673 1629 1712 Qartaeque
1640 1672 1789 1702 mirabilis
1799 1671 1962 1702 consensus
1980 1671 2015 1702 ad
2029 1670 2126 1712 rempL

1164 1712 1395 1752 recuperandam
1414 1713 1519 1747 laude,
1540 1713 1573 1743 ὃς
1592 1712 1770 1747 testimonio
1790 1713 1892 1744 no‘stro
1910 1712 2127 1751 confirmetur:

1165 1757 1331 1795 eorumque
1342 1754 1505 1791 ‘commoda
1516 1775 1524 1788 ,
1538 1752 1668 1795 honores
1684 1776 1692 1789 ,
1702 1756 1825 1797 premia,
1836 1754 1908 1786 curn
1921 1754 2059 1786 consules
2072 1751 2126 1790 ἀεὶ,

1163 1793 1266 1835 fignati
1285 1795 1490 1837 magistratum
1501 1797 1644 1831 inierint,
1667 1808 1744 1828 curae
1758 1797 1848 1827 nobis
1868 1795 1952 1831 fore,
1975 1796 2124 1835 hodierno

1163 1836 1211 1866 die
1231 1838 1442 1877 spondeamus.
1465 1841 1564 1879 Atque
1582 1849 1614 1869 ea
1623 1839 1764 1879 quidem,
1787 1849 1852 1879 quae
1869 1838 1935 1868 dixi
1945 1838 1982 1868 de
2000 1838 2123 1873 Caesare,
2146 1845 2168 1877 4

1163 1877 1258 1920 deque
1266 1880 1330 1919 ejus
1342 1882 1474 1910 exercitu
1485 1900 1493 1914 ,
1510 1882 1571 1919 J'am
1582 1880 1634 1910 diu
1644 1890 1713 1911 nota
1722 1879 1906 1910 sunt'nobis.
1918 1881 2028 1911 virtute
2039 1882 2123 1911 enim

1161 1919 1333 1950 admirabili
1345 1922 1482 1955 Caesaris,
1502 1921 1726 1963 constantiaque
1745 1922 1881 1952 militum
1898 1930 2122 1955 veteranorum,

1161 1961 1377 2002 legionumque
1403 1973 1505 1992 earum
1530 1965 1648 2003 optimo
1679 1963 1796 2002 judicio
1817 1983 1825 1997 ,
1864 1973 1930 2003 quae
1963 1962 2125 1994 audimini-⁷

1162 2011 1224 2032 tern
1243 2002 1376 2034 nostram
1388 2024 1397 2037 ‚
1416 2004 1583 2034 libertatem
1597 2005 1701 2044 populi
1713 2006 1808 2035 Rom.
1830 2006 1972 2035 virtutem
1983 2004 2013 2036 C.
2027 2005 2124 2040 Caesaif

1162 2046 1201 2073 ris
1214 2045 1317 2075 secutae
1328 2046 1396 2075 sunt
1406 2065 1414 2079 ,
1435 2045 1451 2075 a
1460 2046 1627 2076 cervicibus
1638 2045 1747 2076 nostris
1758 2046 1799 2077 est
1808 2046 1947 2086 depulsus
1959 2048 2123 2077 Antonius.

1159 2086 1216 2116 Sed
1227 2107 1235 2120 ‚
1249 2087 1354 2117 utdixi
1367 2108 1374 2121 ‚
1394 2088 1455 2117 haec
1464 2087 1630 2127 superiora:
1649 2089 1708 2118 hoc
1719 2087 1790 2118 vero
1809 2098 1909 2118 recens
1922 2087 2057 2119 ediEtum
2077 2092 2119 2118 D.

1161 2129 1263 2162 Bruti,
1274 2129 1356 2170 quod
1365 2129 1467 2169 paullo
1485 2139 1552 2159 ante
1561 2129 1746 2170 propositum
1757 2129 1798 2160 est
1809 2151 1818 2164 ,
1833 2131 1911 2161 certe
1924 2129 2042 2160 silentio
2052 2140 2119 2161 non

1158 2169 1254 2209 potest
1262 2173 1415 2210 praeteriri.
1429 2171 1587 2210 pollicetur
1597 2172 1725 2205 enim,se
1735 2175 1920 2212 provinciam
1933 2173 2062 2205 Galliam
2075 2171 2123 2202 rcss

1159 2221 1312 2242 tenturum
1332 2214 1365 2242 in
1375 2213 1489 2242 senatus
1502 2233 1510 2246 ,
1530 2214 1693 2254 populique
1704 2216 1839 2244 Romani
1854 2213 2004 2254 potestate.
2036 2216 2062 2243 Ο
2076 2216 2121 2244 ci‘-

1158 2263 1229 2283 vem
1240 2254 1524 2294 natumreipublicae
1539 2274 1547 2288 ,
1570 2265 1739 2286 memorem
1753 2256 1944 2286 suinominis
1956 2276 1963 2289 ‚
1985 2257 2120 2286 imitato-
2154 2290 2157 2295 ,

1157 2305 1282 2336 remque
1292 2297 1430 2335 majorum
1440 2297 1451 2323 .’
1463 2306 1559 2337 neque
1568 2299 1650 2326 enim
1661 2299 1828 2339 Tarquinio
1839 2298 1965 2337 expulso
1977 2318 1984 2330 ‚
1998 2298 2122 2337 majoii„

1159 2337 1213 2367 bus
1224 2337 1331 2367 nostris
1343 2347 1402 2367 tam
1416 2337 1474 2367 fuit
1488 2347 1585 2377 optata
1599 2338 1716 2369 libertas
1728 2360 1735 2373 ‚
1756 2344 1846 2380 quam
1864 2338 1906 2369 est
1925 2339 2041 2379 repulso
2054 2343 2118 2369 An-

1158 2380 1244 2409 tonio
1255 2379 1410 2410 retinenda
1421 2379 1519 2409 nobis.
1545 2381 1593 2409 Illi
1605 2381 1721 2422 regibus
1731 2380 1897 2421 parerejam
1910 2392 1925 2411 a
1935 2381 2054 2411 condita
2067 2391 2116 2410 ur*

1160 2421 1195 2450 be
1205 2420 1369 2452 didicerant
1383 2432 1387 2450 :
1411 2431 1467 2451 nos
1478 2420 1544 2462 post
1553 2432 1633 2464 reges
1647 2423 1923 2462 eantosftrvituris
1936 2423 2053 2452 oblivio
2067 2433 2118 2453 cc-

1156 2471 1244 2502 perat.
1268 2465 1365 2504 Atque
1376 2463 1427 2493 ille
1438 2466 1621 2504 Tarquinius
1632 2485 1639 2498 ‚
1650 2475 1738 2505 quem
1753 2464 1880 2501 majores
1890 2463 1982 2494 nostri
1993 2474 2055 2493 non
2069 2474 2117 2494 tu-

1158 2506 1273 2538 lerunt,
1296 2515 1359 2534 non
1378 2505 1523 2539 crudem,
1543 2515 1607 2535 non
1626 2508 1755 2546 impius,
1779 2506 1826 2536 sed
1843 2506 1983 2545 superbus
1999 2506 2117 2536 habitus

1158 2546 1201 2577 est
1212 2567 1220 2580 ,
1242 2547 1274 2576 &
1285 2546 1383 2577 dicius
1416 2547 1497 2587 quod
1511 2557 1566 2576 nos
1580 2550 1689 2577 vitium
1706 2550 1739 2577 in
1753 2549 1874 2587 privatis
1890 2547 1961 2587 saepe
1977 2548 2116 2588 tulimuS,

1156 2589 1186 2619 id
1198 2589 1326 2628 majores
1336 2588 1430 2619 nostri
1443 2598 1479 2618 ne
1492 2589 1520 2617 in
1530 2598 1590 2629 rege
1599 2589 1721 2629 quidtm
1734 2588 1807 2618 ferre
1815 2598 1987 2628 potuerunt.
2003 2591 2117 2620 LBru-

1158 2640 1203 2661 tus
1214 2641 1314 2672 regem
1326 2631 1484 2670 superbum
1496 2640 1560 2659 non
1573 2632 1657 2660 tulit:
1672 2633 1820 2664 Decimus
1831 2631 2015 2664 sceleratum,
2027 2640 2115 2672 atque

1156 2674 1286 2712 impium
1299 2682 1415 2713 regnare
1426 2674 1551 2711 patietur
1560 2674 1730 2702 Antonium
1744 2675 1754 2701 ?
1769 2672 1841 2713 quid
1852 2675 2036 2713 Tarquinius
2047 2675 2115 2707 tale,

1156 2714 1253 2755 qualia
1264 2714 1492 2744 innumerabilia
1502 2733 1509 2747 ,
1523 2714 1555 2743 &
1564 2713 1634 2744 fecit
1643 2735 1651 2748 ‚
1666 2715 1697 2744 &
1708 2713 1778 2744 facit
1787 2715 1938 2744 Antonius
1950 2717 1959 2740 ?
1972 2717 2115 2751 Senatum

1158 2757 1250 2786 etiam
1268 2765 1349 2795 reges
1367 2755 1527 2785 habebant:
1549 2765 1680 2786 nectum
1693 2776 1701 2789 ,
1723 2758 1901 2786 utAntonio
1913 2756 2046 2786 senatum
2060 2758 2113 2789 hae

1157 2798 1238 2827 beuti
1250 2817 1258 2831 ,
1280 2799 1312 2827 in
1322 2796 1446 2828 consilio
1457 2799 1531 2839 regis
1550 2797 1738 2828 vcrfiibzintur
1749 2798 1858 2828 barbari
1880 2799 1994 2828 armati.
2016 2798 2114 2829 serva*

1156 2840 1363 2880 bantauspicia
1380 2849 1460 2881 reges
1473 2860 1480 2873 ‚
1501 2850 1565 2880 quii:
1585 2841 1632 2870 liic
1650 2840 1776 2874 consul,
1796 2850 1945 2880 augurque
1965 2841 2110 2882 neglexit,

1157 2892 1254 2923 neque
1272 2880 1371 2914 solum
1391 2882 1505 2923 legibus
1523 2891 1626 2912 contra
1643 2882 1769 2922 auspicia
1787 2881 1935 2916 ferendis,
1958 2883 2006 2913 sed
2017 2886 2107 2913 etiam

1155 2925 1269 2964 collega
1284 2923 1341 2954 una
1360 2923 1503 2953 referente
1516 2943 1523 2957 ,
1543 2934 1596 2958 co,
1618 2934 1710 2965 quem
1728 2924 1786 2964 ipse
1806 2926 1961 2954 ementitis
1976 2924 2114 2964 auspiciis

1159 2966 1303 2996 vitiosum
1313 2965 1430 2996 fecerat.
1453 2967 1528 3007 Qis
1545 2975 1645 2996 autem
1666 2975 1718 2996 rex
1733 2976 1879 3007 umquam
1891 2966 1950 2996 fuit
1964 2975 2024 2997 tam
2040 2965 2112 2996 insi-⁴

2029 3017 2113 3049 gl'llte

2047 3056 2116 3067 -1-

161 3071 411 3130 r.NEof³teintibm
428 3074 518 3107 quidem
535 3075 624 3109 nebia]
648 3076 688 3101 Ita
698 3083 803 3110 quoque
823 3074 890 3101 liber
904 3073 1109 3101 Gcmblacenfis.

254 3114 282 3131 vu
297 3116 332 3140 go
343 3116 383 3132 nec
391 3111 549 3140 opinantibus.

191 3151 217 3181 a..
239 3145 267 3166 Ul
277 3144 340 3167 illius
351 3145 455 3177 beneficio
469 3145 606 3179 poffinmus]
627 3146 670 3172 Sic
681 3153 733 3172 tres
745 3146 802 3173 mss’.
815 3146 910 3182 quibus
922 3146 980 3174 usus
996 3147 1031 3173 est
1043 3147 1109 3172 Fer-

153 3186 249 3210 rarius,
261 3177 360 3205 siei'al.
373 3179 399 3204 St
412 3178 460 3206 sec.
472 3179 657 3217 meliuswloiige
668 3182 703 3209 est
714 3182 763 3210 illo
774 3182 899 3213 haCteuus
910 3181 1113 3220 recept0„1st'de
1133 3196 1134 3199 ¹

1154 3075 1218 3099 illm,-
1226 3075 1279 3098 bcnc
1290 3076 1340 3098 .c.·'o.

1193 3117 1218 3144 3.
1238 3074 1423 3137 (sisaim-itatem
1433 3115 1504 3141 atque
1515 3111 1642 3134 exercitum
1651 3108 1770 3141 pust-cura
1780 3107 1840 3142 effi]
1853 3106 1932 3133 Haud
1944 3107 2022 3133 :iliter
2033 3106 2115 3139 ctiam

1156 3144 1205 3172 sec.
1217 3145 1295 3171 restat
1307 3152 1393 3170 tamen
1406 3144 1431 3170 in
1443 3144 1657 3179 primoprostcma
1667 3156 1675 3176 ‚-
1686 3143 1822 3180 quemodo
1833 3144 1947 3179 Philipp.
1956 3153 1963 3169 i
1972 3153 1994 3170 i.
2007 3152 2076 3178 capa
2086 3151 2112 3176 5.

1155 3181 1218 3212 fine,¹
1233 3180 1279 3213 cili
1291 3188 1377 3209 mincii
1387 3178 1487 3209 ibidem
1498 3181 1519 3209 F
1521 3181 1612 3212 exrai‘ii
1623 3189 1632 3207 i
1641 3189 1691 3212 eu.
1701 3179 1779 3211 cotid.
1786 3182 1910 3216 feg‘bcntt.
2043 3214 2063 3232 o
2086 3207 2097 3217 p,

2010 3221 2119 3247 LQJM
