2295 3400
121 666 145 698 6
158 664 310 694 vendidit:
336 663 439 694 desino
448 675 577 706 quaerere
589 685 597 698 ,
617 674 669 694 cur
679 666 800 695 emeris.

118 1731 137 1764 Ν]

150 1169 219 1209 sum
232 1168 275 1199 est
284 1171 330 1200 ei?
350 1168 511 1199 verisimile
524 1179 589 1198 non
602 1167 645 1198 est
655 1188 662 1202 ,
681 1177 712 1198 ut
722 1168 774 1198 ille
788 1169 884 1197 homo
900 1175 960 1196 tam
971 1166 1117 1205 locuples,

152 135 257 187 294
570 117 1080 165 M.Tut.1.11

157 204 295 237 tionibus
303 209 493 233 removerent
505 203 514 231 ?
530 202 594 231 haec
603 222 611 234 ,
620 201 747 241 judices,
762 198 843 241 quod
855 198 995 239 putabant
1006 197 1121 239 ereptio-

160 256 222 275 nem
236 244 293 276 effe
305 265 313 279 ,
328 255 392 275 non
403 246 550 274 emtionem
559 264 567 278 ,
583 242 654 274 cum
665 243 817 274 venditori
828 242 846 272 s
842 252 882 272 uo
892 242 1032 272 arbitratu
1043 250 1118 270 ven-

159 288 228 318 dere
241 298 304 318 non
319 288 430 317 liceret.
453 289 486 317 in
495 288 659 326 provinciis
674 284 892 326 intelligebant,
904 283 924 313 si
934 286 971 316 is,
986 281 1121 324 quiesset

158 340 230 361 cum
245 332 374 370 imperio
384 340 416 359 ac
425 328 577 369 potestate,
590 327 671 369 quod
680 328 756 368 apud
767 336 918 367 quemque
929 323 1009 359 estet,
1020 334 1119 354 emere

156 372 268 405 vellet,
284 372 373 412 idque
387 373 414 400 ei
427 373 543 401 liceret:
557 370 621 400 fore
631 391 639 404 ,
655 372 708 403 uti,
725 368 807 410 quod
818 369 942 410 quisque
952 367 1053 400 vellet,
1065 365 1123 396 five

157 412 227 444 effet
241 414 346 443 venale
359 433 366 446 ‚
381 411 439 443 five
450 423 513 442 non
523 411 610 446 efl'et,
633 414 737 453 quanti
751 411 859 444 vellet,
880 409 1016 441 auferret.
1040 410 1124 439 Dicit

156 456 264 496 aliquis
275 475 282 488 ‚
309 455 385 485 Noli
406 454 463 485 isto
477 455 573 484 modo
586 465 670 496 agere
690 464 760 484 cum
772 456 870 482 Verre.
896 453 964 482 noli
973 452 1038 491 ejus
1048 449 1123 481 fadta

156 497 193 527 ad
204 499 335 537 antiqua:
349 497 506 538 religionis
516 498 664 526 rationem
675 497 846 537 exquirere:
861 493 1004 527 concede,
1017 502 1050 523 ut
1059 495 1120 523 iin-

157 538 238 578 pune
249 541 373 572 emerit,
386 538 482 569 modo
498 548 530 569 ut
543 539 624 569 bona
636 540 751 569 ratione
765 538 872 567 emerit
882 557 890 570 ‚
913 536 991 567 nihii
1002 545 1056 575 pro
1065 545 1121 575 po-

157 580 277 614 testate,
293 581 372 611 nihil
390 581 426 610 ab
444 583 560 614 invito,
580 581 659 610 nihil
675 590 728 620 pei·
740 581 895 620 injuriam.
927 580 975 609 Sic
985 587 1078 619 agam.
1103 575 1123 605 si

157 623 229 663 quid
250 623 353 653 venale
372 623 476 653 habuit
486 623 583 662 Hejus
595 643 603 656 ,
624 621 684 653 siid
696 643 704 656 ‚
725 623 827 663 quanti
843 620 1007 651 aestimabat
1020 640 1028 653 ,
1050 620 1124 649 tanti
1142 645 1143 652 ,

854 662 905 693 uid
925 664 1016 704 igitur
1034 661 1123 690 nobis

158 705 335 737 faciundum
347 706 389 736 est
401 710 410 736 ?
421 717 497 737 num
507 709 691 748 argumentis
699 706 847 737 utendum
859 708 890 735 in
904 715 934 735 re
948 703 1119 744 ejusmodi?

156 749 355 789 quaerendum
365 748 408 779 est
418 769 425 783 ‚
439 749 527 779 credo
538 769 546 783 ‚
561 750 657 788 chus
667 748 721 778 iste
732 757 808 778 num
819 758 856 778 aes
866 747 998 776 alienum
1012 745 1122 775 ‘nabue-

156 799 194 820 rit
203 811 210 824 ,
228 801 303 821 num
314 790 487 821 au&ionem
499 790 618 821 fecerit:
642 789 663 820 si
672 790 759 823 fecit,
780 800 856 819 num
869 798 948 818 tanta
961 785 1121 818 difficultas

157 842 228 862 eum
244 835 286 862 rei
296 835 475 863 nummariae
487 835 633 866 tenuerit,
655 841 734 862 tanta
743 831 851 873 egestas
863 850 871 864 ‚
897 835 906 850 ¹
921 839 998 860 tanta
1010 831 1056 858 vis
1067 837 1122 868 op-

157 873 306 915 presserit,
323 876 520 915 utfizcrarium
530 875 774 914 fuscmspoliaret:
789 882 821 903 ut
833 873 905 902 deos
920 876 1030 912 patrios
1044 880 1120 900 veii-

160 916 252 947 deret.
265 920 305 948 At
314 918 474 948 hominem
484 917 575 947 video
589 917 763 946 auctionem
775 914 873 945 fecisse
885 912 1121 944 nullamzvendi-

159 957 352 1000 diss'e‚praeter
361 959 476 989 fruCtus
488 959 649 992 suos,nihil
660 967 806 998 umquam
818 968 822 985 :
836 966 899 986 non
911 954 1006 985 modo
1018 958 1050 984 in
1064 964 1121 984 aere

156 1001 258 1031 alieno
269 1001 421 1035 nullo‚sed
432 1003 464 1031 in
479 1002 537 1031 suis
548 1002 685 1032 nummis
697 1000 803 1029 multis
812 997 869 1028 effe
880 1009 910 1028 ac
922 998 1037 1037 semper
1046 996 1120 1026 fuis-

156 1043 197 1073 se.
214 1041 235 1072 si
249 1044 311 1073 haec
325 1043 437 1078 contra,
453 1053 485 1073 ac
498 1043 577 1076 dico,
589 1041 682 1072 essent
691 1044 812 1072 omnia:
828 1050 931 1071 tamen
944 1040 1118 1071 illuminate,

157 1095 223 1125 quae
237 1094 281 1115 tot
297 1088 386 1115 annis
404 1087 436 1114 in
452 1084 567 1115 familia
578 1104 586 1117 ,
606 1085 786 1124 sacrarioque
806 1083 958 1122 majorum
975 1079 1116 1114 fuissent,

154 1127 350 1157 venditurum
363 1138 426 1157 non
436 1125 533 1157 fuiss'e.
549 1127 630 1167 Qid
641 1123 659 1156 si
672 1125 869 1167 magnitudine
878 1124 996 1165 pecunia
1005 1123 1120 1165 persua-

157 1218 219 1241 tam
241 1210 382 1241 honestus
393 1232 401 1244 ‚
422 1212 564 1252 religioni
583 1210 640 1241 suae
650 1230 658 1243 ,
681 1209 948 1250 monumentisque
968 1208 1119 1247 majorum

154 1255 315 1292 pecuniam
326 1261 528 1293 anteponeret.
541 1255 619 1283 Sunt
630 1251 681 1282 ista
695 1263 699 1281 :
713 1260 924 1282 verumtamen
933 1249 1123 1280 abducuntur

154 1297 298 1325 homines
308 1305 543 1336 nonnumquam
553 1297 642 1325 etiam
655 1295 691 1324 ab
701 1293 846 1324 institutis
861 1294 918 1323 suis
938 1291 1122 1333 magnitudi-

156 1347 196 1366 ne
212 1338 356 1377 pecuniae.
381 1337 545 1367 Videamus
555 1356 563 1371 ‚
580 1345 688 1378 quanta
701 1336 754 1367 ista
767 1337 892 1376 pecunia
902 1334 961 1365 fuit
971 1354 979 1368 ,
990 1343 1055 1375 quae
1065 1343 1120 1373 po-

156 1381 247 1409 tuerit
263 1380 378 1419 Hejum
388 1399 396 1413 ‚
421 1380 584 1410 hominem
603 1380 740 1409 maxime
761 1378 943 1418 locupletem
956 1397 964 1410 ‚
988 1373 1120 1405 minime

154 1430 276 1451 avarum
291 1442 298 1454 ,
316 1421 352 1451 ab
364 1422 549 1452 humanitate
559 1441 567 1454 ‚
584 1420 599 1451 a
610 1422 717 1461 pietate
727 1441 735 1454 ,
757 1420 793 1450 ab
806 1420 952 1460 religione
962 1417 1118 1448 deducere.

154 1462 311 1502 Itajuffisti
323 1484 331 1496 .
347 1465 467 1503 opinor,
481 1464 577 1503 ipsum
591 1465 621 1493 in
633 1462 744 1493 tabulas
755 1461 878 1492 referre:
901 1463 989 1490 HAEC
1003 1467 1120 1489 OMNIA

155 1507 171 1524 2
183 1515 286 1535 SiGNA
299 1509 508 1536 PRAxu-Ems
519 1525 527 1539 ‚
552 1507 712 1535 MYRONis
723 1525 731 1538 ‚
747 1507 940 1534 Pom'cLETi
954 1522 962 1536 ,
981 1505 993 1529 3
1006 1512 1060 1531 ωε
1072 1511 1118 1531 vi.

156 1556 257 1577 M1Lt..
282 1556 322 1578 ET
347 1558 380 1578 Π)
397 1551 509 1578 VERRI
529 1557 680 1577 νεΝω-ΓΛ
705 1556 795 1576 SUNT.
820 1547 925 1576 Recita
943 1554 982 1574 ex
1000 1543 1117 1573 tabulis.

154 1591 312 1619 TABULAE
324 1592 388 1629 He]
396 1600 418 1618 1.
441 1591 532 1632 Juvat
542 1590 669 1622 me,haec
678 1589 812 1629 praeclara
823 1590 949 1617 nomina
959 1584 1117 1630 artificum,

154 1641 221 1672 quae
237 1630 284 1661 isti
295 1632 330 1662 ad
339 1633 447 1662 caelum
457 1631 568 1664 ferunt,
580 1633 680 1661 Verris
691 1630 887 1660 aestimatione
898 1628 935 1659 fic
945 1626 1118 1659 concidifle.

155 1673 339 1713 Cupidinem
358 1674 513 1704 Praxitelis
532 1683 585 1702 ir-s
598 1683 666 1702 (τις).
683 1683 750 1702 ioc.
770 1670 908 1712 profe-Sto
926 1672 996 1700 hinc
1014 1679 1119 1699 natum

156 1714 199 1745 est
210 1737 217 1748 ,
231 1716 314 1745 Malo
327 1726 422 1749 emere,
436 1714 524 1757 qussaem
538 1725 640 1755 rogare.
666 1717 756 1745 Dicet
765 1716 871 1755 aliquis
882 1734 890 1746 ,
902 1712 983 1754 Qid
996 1715 1006 1741 ?
1021 1721 1052 1741 tu
1068 1710 1120 1741 ista

155 1767 321 1799 permagno
340 1757 489 1788 aestimas?
509 1760 573 1798 Ego
586 1756 658 1786 vero
672 1757 707 1787 ad
719 1766 817 1786 meam
829 1758 976 1786 rationem
988 1774 995 1788 ‚
1015 1754 1120 1783 usum-

154 1806 212 1840 q'ue
227 1809 291 1830 non
303 1799 432 1829 aestimo.
455 1808 665 1829 verumtamen
682 1799 697 1829 {1
715 1799 802 1829 vobis
812 1801 851 1828 ita
861 1798 987 1827 arbitror
998 1795 1121 1835 spestari

155 1851 305 1881 oportere,
318 1844 421 1882 quanti
433 1842 495 1871 haec
504 1851 610 1871 eorum
620 1840 745 1880 judicio,
761 1839 933 1881 quistua'iofi
940 1839 1009 1878 fiant
1019 1838 1120 1866 harum

153 1893 258 1916 rerum,
271 1883 458 1914 aestimentur
470 1894 474 1912 :
486 1884 588 1924 quanti
599 1893 701 1912 venire
713 1883 842 1913 soleantt
859 1883 962 1922 quanti
973 1882 1036 1910 haec
1046 1880 1116 1919 ipsa,

156 1924 177 1954 si
191 1926 289 1965 palam
301 1946 308 1959 2
324 1926 474 1966 libereque
485 1926 640 1958 venirent,
653 1926 757 1954 venire
766 1922 884 1965 possent
897 1934 902 1952 :
914 1923 1044 1963 denique
1054 1921 1116 1961 ipse

155 1970 264 1997 Verres
274 1969 375 2008 quanti
387 1968 526 1998 aestimet.
552 1977 720 2007 numquam
739 1970 823 1996 enim
835 1986 843 2000 ‚
864 1964 884 1995 si
901 1965 1029 1995 denariis
1046 1973 1118 2005 qua-

154 2009 322 2051 dringentis
333 2010 515 2049 Cupidinem
528 2009 617 2038 illum
629 2007 764 2048 putaffet,
774 2012 791 2035 4
800 2005 1041 2040 cominifiss'et2ut
1049 2015 1119 2046 pro-

153 2061 220 2092 pter
230 2062 300 2081 eum
311 2072 319 2085 ‚
341 2053 374 2081 in
384 2052 556 2082 sermonem
567 2052 732 2080 hominum
745 2071 753 2084 ‚
776 2060 861 2091 atque
873 2052 906 2079 in
916 2058 1026 2079 tantam
1037 2057 1118 2078 vitu-

153 2096 342 2134 perationem
354 2095 478 2123 veniret.
496 2091 715 2135 Qisvesttsim
727 2094 817 2134 igitur
826 2092 928 2125 nescit,
940 2092 1043 2131 quanti
1057 2091 1118 2119 haec

155 2135 342 2165 aestimentur
360 2140 370 2165 ?
398 2139 434 2165 In
452 2135 593 2166 auctione
612 2134 730 2176 signum
750 2144 868 2164 aeneum
888 2144 951 2163 non
973 2142 1117 2174 magnum

157 2187 210 2207 ii-s
226 2188 304 2207 cxx.
326 2177 464 2207 millibus
475 2179 578 2207 venire
588 2187 652 2207 non
665 2176 819 2206 vidimus?
834 2175 915 2217 Qid
927 2174 946 2204 si
958 2176 1051 2204 velim
1063 2184 1120 2203 no—

158 2222 275 2249 minare
296 2220 436 2249 homines
448 2240 456 2252 ,
474 2221 525 2260 qui
544 2228 594 2249 aut
607 2229 671 2249 non
686 2219 815 2247 minoris
826 2238 833 2251 ‚
855 2226 903 2247 aut
921 2219 1010 2246 etiam
1025 2217 1118 2256 pluris

156 2264 309 2293 emerint?
326 2271 428 2291 nonne
438 2260 578 2301 pofl'um?
599 2262 713 2290 etenim
729 2269 786 2298 Qr
803 2269 908 2289 monus
926 2258 1008 2288 estin
1018 2260 1063 2287 'nis
1074 2268 1120 2287 re-

156 2303 213 2333 bus
226 2303 397 2342 cupiditatis
408 2323 415 2336 ,
440 2303 521 2333 idem
533 2302 575 2333 est
589 2302 806 2332 aestimationis.
831 2299 954 2331 difficile
973 2300 1015 2330 est
1035 2301 1119 2329 enim

158 2345 252 2375 [inem
262 2345 356 2375 facere
366 2347 463 2385 pretio
473 2365 481 2378 ,
505 2343 557 2374 nisi
573 2344 695 2374 libidini
707 2343 820 2373 feceris.
845 2343 943 2372 Video
954 2344 1044 2383 igitur
1056 2343 1119 2370 He·

154 2397 222 2427 jum
235 2407 243 2421 ‚
257 2397 351 2428 neque
364 2387 520 2416 voluntate
530 2406 538 2420 ,
551 2396 648 2427 neque
658 2384 830 2415 difficultate
841 2385 938 2425 aliqua
952 2385 1095 2423 temporis
1108 2402 1116 2416 ,

158 2439 255 2470 neque
274 2429 483 2470 magnitudine
496 2438 631 2468 pecuniae
649 2427 813 2457 addus-‘tum
829 2425 885 2457 ess'e
897 2447 905 2459 ,
928 2427 1031 2456 utliaec
1042 2423 1120 2466 figna

157 2471 316 2501 venderet:
341 2480 428 2511 teque
438 2470 491 2500 ista
503 2469 693 2500 simulatione
703 2470 848 2499 emtionis
861 2489 868 2501 ,
891 2469 923 2497 vi
933 2481 943 2500 ¹,
955 2475 1032 2496 metu
1043 2487 1050 2499 ,
1065 2467 1120 2495 im-

156 2514 231 2557 [erio
243 2533 250 2545 ,
260 2511 398 2552 fast-ilaus,
416 2512 451 2542 ab
464 2514 589 2542 bomine
602 2522 649 2545 eo,
661 2522 750 2552 quem
763 2521 822 2540 una
831 2520 900 2541 cum
911 2511 1022 2540 caeteris
1034 2509 1120 2538 sociis

160 2565 224 2584 non
235 2555 335 2584 solum
346 2554 480 2593 potestati
491 2563 564 2588 tuae,
586 2553 634 2583 sed
650 2555 740 2583 etiam
760 2552 831 2582 fidei
842 2552 970 2592 populus
982 2553 1019 2581 R.
1033 2560 1119 2580 com-

159 2597 296 2629 miserat,
309 2595 444 2636 eripuisse
455 2616 463 2629 ‚
476 2606 560 2637 atque
572 2593 730 2626 abstuliss'e.
755 2595 837 2635 Qid
855 2595 931 2624 mi'ni
941 2603 1002 2623 tam
1014 2601 1119 2632 optan-

158 2638 233 2667 dum
246 2658 253 2671 ‚
265 2638 380 2677 judices
391 2658 398 2671 ‚
411 2637 506 2677 potest
514 2637 571 2668 este
584 2639 617 2667 in
628 2639 684 2667 hoc
695 2639 823 2667 crimine
834 2656 841 2669 ‚
857 2646 947 2677 quam
961 2644 991 2665 ut
1001 2636 1062 2664 haec
1072 2644 1118 2664 ea-

159 2680 229 2710 dem
239 2680 316 2710 dicat
326 2679 385 2720 ipse
397 2681 512 2720 Hujus?
523 2681 601 2711 niiiil
611 2678 760 2720 profesto.
784 2678 833 2709 sed
843 2688 880 2708 ne
891 2676 1027 2708 difficilia
1035 2684 1120 2716 opte-

198 2817 220 2833 i.
241 2813 320 2834 ‘Tanta
329 2809 367 2833 vis
376 2808 532 2842 opp-efferim]
547 2808 591 2834 Sic
602 2807 681 2833 nostri
693 2814 757 2839 tres,
769 2805 887 2842 editique
899 2806 1118 2841 Cuja0.pr-qs]l‘r.1't,

159 2851 207 2871 nec
216 2843 349 2880 displicuit
360 2844 520 2870 (julielinio.

197 2890 224 2906 2.
243 2884 314 2913 Signa
322 2880 480 2914 Praxitelia]
502 2879 563 2906 Mss.
575 2879 667 2914 Cujac.
676 2881 798 2905 ‘Praxiteli
809 2898 816 2910 ,
828 2878 963 2914 quomodo
974 2878 1037 2914 soepe
1048 2877 1122 2904 locu-

160 2925 200 2942 tos
214 2917 339 2951 antiquos
352 2935 359 2945 ‚
373 2915 465 2942 multis
476 2916 605 2952 exemplis
617 2915 732 2942 ostendit
744 2915 850 2941 Rivius.

197 2961 223 2988 3.
246 2953 316 2978 H-S.
330 2953 592 2985 VI.1nitli!›.'1{,<3*'1.).]
609 2953 650 2977 Sic
662 2951 803 2987 legendum
815 2951 880 2977 bene
892 2950 997 2977 monuit
1009 2951 1123 2976 Hotom.
1146 2969 1148 2983 Λ

159 2997 221 3015 iiam
235 2987 300 3014 illud
311 2989 340 3018 εἰς·
352 2997 390 3013 1³.
412 2987 526 3022 iulgatis
538 2987 618 3015 deest.
641 2989 696 3021 ejus
710 2988 768 3014 loco
787 2995 843 3014 crat
863 2988 889 3013 iii
901 2987 994 3021 Cujac.
1005 2989 1060 3012 mill.
1074 2995 1124 3011 111.
1146 2988 1148 3021 l

161 3033 224 3050 ci).
235 3025 280 3060 qui
292 3023 374 3054 idem,
386 3023 445 3049 loco
455 3024 629 3057 venditafimr,
641 3024 687 3050 scri
708 3031 764 3050 tum
776 3023 854 3050 habet
864 3023 1024 3057 ”uenditassed
1032 3024 1123 3048 retulit.
1146 3030 1148 3047 l

197 3068 225 3093 4.
245 3060 384 3093 Commisiffbt
397 3079 404 3090 ‚
423 3067 450 3084 ut
456 3067 549 3092 propter
560 3061 635 3094 emm]
658 3034 739 3086 Liber
751 3059 853 3094 Cujacii
867 3079 874 3092 ,
894 3060 1012 3093 comrmfflt
1024 3078 1032 3091 ,
1052 3057 1123 3095 quod

160 3095 265 3123 animad
271 3095 426 3122 vertendum
437 3095 576 3122 adnotavit
587 3096 760 3122 Gulielmius.

198 3142 210 3166 5
218 3153 223 3157 .
243 3133 419 3165 Qajudicium
429 3134 463 3157 eft*
472 3132 594 3157 communis
605 3150 613 3163 ‚
632 3133 771 3165 &privam
781 3134 815 3157 rei
818 3131 958 3165 fitiorum]
983 3129 1064 3157 Haud
1075 3129 1124 3155 ali-

159 3176 201 3197 te:
213 3169 321 3206 vulg-ita
331 3187 340 3202 ,
354 3177 447 3199 verum
457 3168 591 3205 antiquius
603 3167 666 3206 cufi,
678 3168 800 3204 communi-r
812 3178 819 3195 .-
830 3169 1011 3203 wesheim-um.
1033 3165 1124 3195 malini

1160 115 1693 164 C1<cnRoN1s

1165 207 1246 228 mus.
1271 198 1328 238 Hej
1333 208 1366 228 us
1377 197 1419 228 est
1427 200 1645 229 Mamertinus:
1664 197 1847 229 Mamertina
1854 195 1959 230 civitas
1970 196 2062 231 istum
2071 208 2129 241 pu·

1164 240 1241 271 blice
1264 242 1425 271 communi
1442 240 1570 272 consilio
1588 241 1649 272 sola
1664 240 1760 272 laudat
1772 252 1777 270 z
1796 240 1941 272 omnibus
1952 242 2013 283 ipse
2025 244 2133 275 ceteris

1165 283 1271 314 Siculis
1282 283 1355 313 odio
1366 282 1408 313 est
1420 283 1470 314 :ab
1482 284 1529 314 his
1541 284 1610 314 solis
1620 293 1743 314 amatur.
1763 284 1835 323 Ejus
1845 293 1944 314 autem
1956 285 2126 325 legationis,

1164 335 1230 366 quae
1240 325 1274 355 ad
1285 324 1376 355 istum
1392 325 1575 356 laudandum
1587 324 1674 355 missa
1684 325 1737 360 est,
1747 327 1887 366 princeps
1897 325 1940 356 est
1948 327 2005 367 Hej
2009 336 2056 357 us.
2075 330 2127 357 Et-

1165 369 1249 398 enim
1262 366 1304 397 est
1314 369 1428 407 primus
1437 370 1577 398 civitatis.
1601 377 1639 397 ne
1650 366 1740 401 forte,
1755 367 1830 397 dum
1840 367 1969 408 publicis
1979 368 2128 400 mandatis

1165 409 1280 443 serviat,
1293 409 1330 439 de
1339 411 1461 449 privatis
1472 411 1591 447 injuriis
1602 412 1728 440 reticeat.
1750 412 1823 439 Haec
1833 409 1904 440 cum
1916 410 2020 441 scirem
2032 411 2065 441 &
2074 421 2129 442 co-

1163 453 1289 493 gitarem
1301 471 1308 484 ‚
1320 450 1460 481 commisi
1471 460 1571 482 tamen
1582 451 1770 491 me,judices
1780 472 1788 485 ,
1802 453 1891 491 Hejo.
1914 452 2044 492 produxi
2056 462 2129 484 eum
2174 464 2182 470 t
2219 465 2221 467 ·

1164 496 1260 534 prima
1273 492 1392 523 aditione
1406 503 1413 521 ·.
1429 503 1527 534 neque
1546 493 1577 523 id
1596 502 1696 523 tamen
1717 494 1781 523 ullo
1795 494 1929 533 periculo
1944 494 2012 524 feci.
2045 494 2130 537 Qid

1165 537 1249 565 enim
1259 543 1373 575 poterat
1386 535 1482 575 Hejus
1493 535 1669 575 respondere
1680 555 1688 568 ‚
1701 535 1721 565 fi
1732 534 1804 565 ess'et
1814 534 1954 578 improbus
1963 556 1971 570 ‚
1983 534 2003 567 si
2013 537 2057 566 sui
2067 536 2128 567 dis-

1165 576 1294 606 similis?
1313 575 1393 618 signa
1406 577 1456 607 illa
1474 577 1561 607 domi
1577 578 1634 607 suae
1647 576 1705 607 effe
1716 598 1725 611 ‚
1747 587 1812 608 non
1825 578 1900 618 apud
1911 581 2054 610 Verrem?
2076 576 2130 619 qui

1165 628 1278 659 poterat
1295 618 1460 660 quidquam
1481 619 1630 659 ejusmodi
1651 619 1769 649 dicere?
1793 629 1826 649 ut
1840 621 1935 649 homo
1945 618 2129 660 turpiffimus

1166 659 1255 695 effer,
1275 660 1592 702 impudentissimeque
1601 663 1797 696 mentiretur,
1820 662 1878 692 hoc
1890 661 2016 692 diceret:
2038 662 2089 692 illa
2099 662 2130 692 se

1166 701 1297 733 habuisse
1309 704 1442 737 venalia,
1455 714 1546 744 eaque
1556 704 1614 733 sese
1624 724 1632 737 ‚
1645 705 1769 744 quanti,
1781 704 1931 738 voluerit,
1947 702 2127 735 vendidiss'e.

1167 747 1273 774 Homo
1284 744 1371 775 domi
1383 745 1439 775 suat
1450 743 1653 775 nobilissimus
1662 766 1670 780 ‚
1682 748 1735 786 qui
1745 755 1800 775 vos
1811 745 1848 776 de
1859 746 2006 787 religione
2015 746 2065 776 sua
2077 767 2085 779 ‚
2098 755 2132 776 ac

1164 786 1307 828 dignitate
1331 785 1392 816 vere'
1412 786 1569 823 existimare
1587 787 1723 817 maxime
1741 788 1851 821 vellet,
1880 787 1981 828 primo
2002 788 2082 818 dixit
2100 787 2130 818 se

1165 828 1257 858 istum
1267 829 1388 868 publice
1398 829 1515 859 laudare
1525 849 1533 862 ,
1546 829 1629 870 quod
1640 828 1693 859 sibi
1704 831 1745 860 ita
1755 829 1931 860 mandatum
1941 828 2013 860 effer
2024 841 2029 859 :
2040 829 2130 860 deiri-

1164 870 1201 900 de
1212 880 1309 910 neque
1320 871 1348 900 se
1358 871 1409 901 illa
1421 869 1554 901 habuisse
1565 872 1679 902 venalia
1688 891 1696 905 ‚
1710 882 1806 912 neque
1817 872 1878 902 ulla
1888 871 2078 905 conditione,
2094 870 2127 906 fi,

1165 921 1266 942 utrum
1281 912 1372 942 vellet
1382 932 1390 946 ‚
1402 913 1503 943 liceret
1513 933 1521 946 ‚
1531 912 1637 943 adduci
1649 924 1795 955 umquam
1806 912 1935 953 potuiss'e
1947 934 1955 947 ,
1972 923 2004 944 ut
2012 913 2128 943 vende-

1165 963 1207 984 ret
1217 954 1268 984 illa
1279 975 1287 988 ,
1299 965 1365 995 quae
1374 956 1406 984 in
1417 955 1538 985 sacrario
1549 953 1673 985 fuissent
1682 955 1697 985 a
1707 956 1874 995 majoribus
1886 956 1944 985 suis
1953 955 2058 986 reliCta
2068 975 2076 989 ‚
2095 955 2129 986 &

1164 996 1276 1026 tradita.
1300 996 1381 1037 Qid
1394 997 1474 1027 sedes
1484 1000 1611 1027 Verres?
1629 997 1701 1038 quid
1712 997 1883 1037 exspeEtas?
1899 997 1972 1038 quid
1983 1007 2010 1028 te
2021 998 2037 1028 a
2049 999 2129 1028 Cen·
2147 1004 2165 1038 3

1164 1040 1294 1078 turipina
1303 1040 1422 1069 civitate
1433 1059 1440 1073 ‚
1452 1039 1468 1069 a
1478 1037 1625 1069 Catinensi
1635 1060 1644 1072 ,
1656 1040 1691 1069 ab
1701 1038 1849 1073 Halesina,
1862 1039 1899 1070 ab
1909 1039 2124 1080 Tyndaritana,

1165 1079 1299 1110 Ennensi
1310 1100 1318 1113 ‚
1331 1079 1518 1122 Agyrinensi,
1529 1082 1690 1122 ceterisque
1698 1082 1807 1112 Siciliae
1817 1082 1988 1112 civitatibus
1997 1084 2128 1112 circum-

1163 1124 1278 1155 veniri,
1292 1131 1379 1163 atque
1389 1123 1628 1163 opprimidicis?
1646 1132 1695 1154 tua
1707 1133 1734 1154 te
1745 1124 1835 1152 altera
1847 1124 1947 1165 patria
1958 1143 1966 1157 ‚
1981 1122 2130 1164 quemad-
2176 1140 2178 1143 ·

1165 1164 1294 1194 modum
1304 1163 1402 1195 dicere
1412 1165 1535 1198 solebas,
1547 1163 1678 1195 Messiina
1686 1167 1905 1196 circumvenit:
1917 1175 1977 1200 tua,
1988 1168 2125 1206 inquam,

1165 1204 1297 1236 Mess'ana
1305 1227 1313 1240 ‚
1327 1215 1450 1237 tuorum
1465 1206 1595 1246 adjutrix
1605 1206 1763 1240 scelerum,
1777 1207 1941 1238 libidinum
1951 1206 2042 1241 testis,
2053 1217 2129 1247 prae-

1164 1248 1269 1278 darum
1283 1259 1317 1278 ac
1334 1248 1484 1278 furtorum
1503 1250 1658 1288 receptrix.
1682 1248 1762 1280 adest
1775 1251 1859 1279 enirn
1870 1251 1916 1279 vir
1929 1248 2130 1289 ampliffimus

1164 1292 1228 1330 ejus
1237 1292 1367 1320 civitatis
1376 1311 1384 1324 ‚
1404 1291 1517 1332 legatus
1528 1311 1535 1324 ,
1551 1290 1672 1331 hujusce
1682 1291 1790 1331 judicii
1799 1292 1882 1321 causa
1893 1291 1988 1321 domo
1998 1289 2104 1321 missus
2115 1310 2125 1324 ,

1164 1334 1302 1372 princeps
1312 1333 1490 1363 laudationis
1508 1341 1583 1363 tuae:
1607 1335 1659 1373 qui
1678 1342 1705 1363 te
1725 1332 1836 1374 publice
1854 1333 1966 1362 laudat.
1997 1333 2040 1362 ita
2055 1333 2129 1362 enim

1165 1374 1343 1408 mandarum,
1356 1383 1443 1416 atque
1453 1377 1635 1414 imperatum
1646 1374 1697 1405 est.
1722 1373 1835 1405 tametsi
1845 1384 1962 1416 rogatus
1972 1374 2008 1405 de
2018 1375 2128 1415 Cybea,

1166 1418 1273 1446 tenetis
1290 1419 1454 1450 memoria,
1473 1416 1548 1457 quid
1566 1417 1754 1457 responderit
1774 1428 1779 1446 ;
1800 1415 1975 1449 aedificatam
1998 1417 2127 1457 publicis

1165 1460 1263 1498 operis
1275 1479 1283 1491 ,
1299 1458 1419 1498 publice
1432 1458 1543 1488 coactis
1553 1479 1561 1492 ‚
1579 1461 1664 1499 eique
1674 1458 1856 1489 aedificandae
1865 1458 1987 1500 publice
1996 1461 2131 1489 Mamer—

1165 1502 1266 1531 tinum
1276 1501 1442 1530 senatorem
1452 1499 1608 1541 praefuisse.
1631 1500 1717 1530 Idem
1729 1501 1764 1531 ad
1776 1510 1830 1531 vos
1838 1503 1991 1541 privatim,
1999 1500 2128 1540 judices,

1164 1541 1317 1583 confugit:
1337 1545 1429 1572 utitur
1439 1544 1491 1572 hac
1503 1543 1566 1584 lege
1578 1563 1586 1575 ‚
1600 1546 1677 1587 5qua
1685 1543 1835 1582 judicium
1846 1542 1889 1573 est
1897 1545 2084 1577 communis,
2095 1542 2130 1573 86

1164 1585 1284 1624 privata:
1294 1586 1336 1614 rei
1346 1585 1505 1615 sociorum.
1530 1587 1642 1614 tametii
1658 1585 1708 1614 lex
1723 1584 1766 1615 est
1782 1585 1818 1615 de
1832 1587 1972 1625 pecuniis
1988 1593 2130 1624 repetun-
2146 1602 2149 1603 ν

1165 1626 1276 1660 dis‚ille
1287 1627 1314 1656 se
1325 1636 1410 1669 negat
1419 1627 1578 1666 pecuniam
1588 1636 1719 1667 repetere
1729 1638 1737 1660 3
1749 1637 1838 1667 quarn
1848 1635 1980 1667 ereptam
1990 1636 2054 1656 non
2064 1635 2133 1656 tan-

1165 1677 1266 1708 topere
1276 1667 1432 1698 desiderat:
1457 1669 1532 1698 sacra
1543 1669 1571 1698 se
1582 1670 1733 1707 majorum
1748 1669 1872 1699 suorum
1883 1677 2013 1709 repetere
2031 1668 2082 1698 abs
2100 1676 2131 1698 te

1163 1710 1236 1741 dicit
1248 1716 1322 1740 :aeos
1330 1718 1441 1751 penates
1452 1709 1466 1740 a
1477 1719 1505 1740 te
1514 1719 1624 1751 patrios
1634 1711 1770 1750 reposcit.
1792 1712 1887 1751 Ecqui
1896 1710 1994 1750 pudor
2002 1709 2066 1740 est?
2079 1719 2130 1740 ec-

1163 1763 1220 1793 qua
1238 1753 1343 1793 religio
1354 1773 1362 1787 ‚
1382 1755 1506 1782 Verres?
1527 1754 1614 1792 ecqui
1633 1755 1754 1782 metus?
1771 1751 1908 1782 habitasti
1925 1751 2002 1792 apud
2014 1752 2131 1792 Hejum

1165 1793 1323 1824 Meffanae:
1343 1804 1387 1824 res
1400 1795 1487 1824 illum
1501 1793 1620 1823 divinas
1637 1794 1714 1834 apud
1732 1804 1783 1824 eos
1799 1794 1872 1824 deos
1888 1796 1921 1824 in
1936 1794 1988 1824 suo
2006 1794 2131 1824 sacrario

1164 1834 1180 1856 ⁶
1190 1836 1282 1877 prope
1295 1836 1432 1877 quotidie
1449 1835 1543 1865 facere
1553 1835 1666 1865 vidisti.
1694 1846 1758 1866 non
1772 1844 1914 1866 movetur
1921 1837 2063 1877 pecunia:
2077 1835 2132 1865 de-

1165 1881 1258 1919 nique
1274 1889 1340 1919 quae
1354 1879 1526 1908 ornamenti
1541 1878 1625 1907 causa
1639 1877 1777 1911 fuerunt,
1798 1888 1862 1908 non
1873 1879 2014 1919 requirit:
2032 1877 2132 1908 7habe

1166 1921 1354 1960 Canephoras
1367 1931 1372 1948 t
1396 1919 1524 1950 deorum
1535 1919 1690 1949 simulacra
1699 1919 1828 1950 restitue.
1861 1923 1933 1961 Qipe
1947 1921 2018 1961 quia
2032 1919 2130 1954 dixit,

1162 1964 1231 2004 quia
1241 1972 1378 2002 tempore
1387 1961 1456 1992 dato
1467 1982 1475 1995 ,
1498 1960 1634 1992 modeste
1645 1962 1721 2002 apud
1733 1972 1788 1992 vos
1798 1982 1806 1996 ‚
1826 1963 1923 1992 socius
1935 1983 1942 1995 ,
1958 1962 2132 2002 amicusque

1162 2005 1267 2044 populi
1281 2007 1374 2034 Rom.
1394 2003 1514 2045 questus
1536 2003 1595 2034 est:
1612 2006 1681 2044 quia
1693 2004 1834 2045 religioni
1845 2005 1901 2034 sua:
1913 2014 1978 2034 non
1988 2003 2084 2034 modo
2095 2005 2129 2035 in

1162 2047 1220 2076 diis
1230 2048 1332 2087 patriis
1342 2046 1533 2086 1·epetundis;
1554 2045 1602 2076 sed
1621 2055 1711 2076 etiam
1731 2048 1765 2077 in
1782 2047 1846 2086 ipso
1866 2046 2076 2086 jurejurando,
2094 2055 2128 2076 ac

1163 2088 1356 2122 testimonio,
1372 2090 1531 2127 proximus
1541 2087 1613 2118 fuit:
1634 2089 1795 2118 hominem
1807 2086 1930 2117 missum
1948 2087 1984 2118 ab
2001 2086 2058 2117 isto
2069 2087 2126 2117 sci-

1162 2140 1224 2161 tote
1234 2130 1292 2160 effe
1303 2129 1467 2160 Messanam
1477 2130 1625 2168 delegatis
1637 2139 1733 2158 unum
1745 2149 1753 2162 ‚
1769 2130 1858 2159 illum
1870 2130 1980 2169 ipsum,
1991 2131 2044 2170 qui
2056 2129 2125 2160 navi

1163 2173 1247 2203 istius
1261 2171 1442 2202 aedificandae
1452 2171 1571 2211 publice
1584 2170 1719 2211 praefuit,
1741 2173 1793 2211 qui
1804 2171 1820 2200 a
1831 2172 1932 2202 senatu
1942 2180 2073 2211 peteret,
2096 2178 2130 2201 ut

1162 2216 1248 2253 Hejm
1260 2214 1416 2254 ignominia
1429 2214 1591 2253 qfflcererur.
1616 2215 1725 2242 Homo
1733 2212 1932 2242 amentissime
1942 2233 1950 2246 ‚
1963 2213 2034 2254 quid
2045 2222 2130 2254 puta-
2146 2223 2168 2256 9

1163 2256 1219 2286 sti?
1232 2266 1257 2285 te
1270 2257 1521 2295 impetraturum?
1541 2256 1645 2295 quanti
1656 2256 1680 2284 is
1691 2254 1706 2283 a
1717 2255 1833 2284 civibus
1847 2256 1906 2284 suis
1916 2254 2000 2285 ficret
2009 2275 2017 2289 ,
2027 2255 2130 2296 quanti

1163 2297 1322 2328 au&oi·itas
1333 2299 1396 2334 ejus
1407 2297 1562 2327 haberetur
1573 2317 1580 2329 ‚
1595 2297 1771 2337 ignorabas?
1789 2295 1904 2326 Verum
1921 2296 1968 2326 fac
1986 2306 2014 2327 te
2033 2301 2131 2337 impe-

1165 2337 1280 2370 traviss‘e
1293 2350 1298 2368 ;
1317 2338 1362 2368 fac
1383 2339 1496 2379 aliquid
1513 2340 1630 2379 gravius
1650 2340 1682 2367 in
1702 2340 1816 2376 Heium
1835 2337 1964 2369 statuisse
1974 2340 2132 2368 Mamerti-

1167 2391 1222 2411 nos
1235 2391 1240 2410 :
1262 2389 1403 2421 quantam
1424 2390 1506 2420 putas
1521 2380 1728 2410 austeritatem
1742 2380 1920 2410 laudationis
1931 2391 2037 2410 eorum
2047 2380 2131 2410 futu-

1164 2433 1226 2452 ram
1237 2443 1245 2456 ,
1261 2422 1281 2451 si
1293 2425 1324 2452 in
1336 2433 1406 2452 eum
1418 2442 1426 2456 ,
1453 2432 1543 2463 quem
1560 2421 1675 2452 constet
1683 2432 1782 2451 verum
1794 2431 1840 2462 pro
1853 2421 2003 2458 testimonio
2014 2421 2132 2460 dixiffi5

1165 2474 1286 2505 poenam
1305 2463 1536 2494 constituerint?
1556 2463 1669 2494 tametsi
1687 2474 1752 2504 quae
1767 2464 1809 2494 est
1820 2463 1873 2494 ista
1891 2464 2038 2498 laudatio,
2058 2463 2142 2504 cum⁴

1164 2507 1298 2536 laudatur
1308 2508 1504 2546 interrogatus
1516 2505 1731 2538 laedaenecefl'e
1743 2505 1797 2536 est?
1808 2505 1953 2546 Qd?isti
1965 2506 2131 2536 laudatores

1163 2551 1205 2578 tui
1217 2569 1224 2582 ‚
1236 2558 1341 2578 nonne
1353 2547 1438 2578 testes
1450 2550 1511 2578 mei
1522 2549 1602 2578 sunt?
1614 2549 1670 2586 Hej
1676 2558 1708 2578 us
1722 2547 1764 2577 est
1772 2548 1912 2578 laudator:
1921 2546 1990 2578 laefit
1999 2545 2132 2588 gravisfi-

1164 2601 1225 2620 me.
1249 2589 1410 2630 producam
1422 2600 1535 2620 ceteros
1548 2600 1553 2619 :
1565 2590 1743 2624 reticebunt,
1756 2600 1821 2630 quae
1830 2599 1980 2630 poterunt,
1993 2590 2130 2620 libenter:

1163 2633 1262 2662 dicent
1273 2653 1281 2665 ‚
1300 2627 1514 2673 8quaeneceffe
1535 2633 1588 2661 erit
1598 2633 1728 2674 ingratis.
1768 2634 1889 2673 Negent
1902 2631 1949 2662 isti
1963 2633 2132 2662 onerariam

1165 2684 1273 2704 navem
1286 2676 1451 2704 maximam
1462 2672 1637 2705 aedificatam
1648 2672 1706 2704 effe
1717 2671 1855 2705 Mess'anae
1866 2676 1876 2704 ?
1893 2683 2003 2715 negent
2013 2693 2021 2708 ‚
2032 2672 2053 2703 si
2062 2673 2133 2745 pos-

2076 2724 2130 2746 int.

1167 2813 1216 2839 ego
1227 2813 1286 2830 cum
1299 2803 1356 2830 Pal.
1367 2802 1416 2830 sec.
1428 2804 1600 2837 quajudmum
1608 2806 1644 2829 ef?
1654 2823 1662 2835 ,
1681 2806 1793 2829 commum·
1811 2813 1867 2829 arte
1877 2805 1992 2837 fitiorum
2001 2814 2008 2828 .·
2026 2801 2134 2839 praeser-

1167 2842 1217 2867 tini
1229 2850 1289 2866 cum
1302 2840 1325 2866 ei
1339 2839 1493 2876 respoudeat
1504 2840 1569 2865 'item
1581 2839 1690 2900 l‘al.(pi·.
1703 2839 1810 2865 &liber
1820 2840 1932 2866 Gruter'i
1944 2859 1952 2869 ‚
1965 2839 2011 2865 nili
2022 2838 2093 2874 quod
2103 2839 2139 2870 ii²

1168 2887 1289 2903 communn-
1299 2885 1363 2902 ιιι-τε.
1385 2884 1414 2902 ut
1425 2875 1496 2903 foi-te
1509 2874 1637 2902 rescribet]
1661 2885 1704 2901 um
1716 2875 1747 2902 sit
1761 2894 1769 2907 ,
1788 2884 1837 2909 qna
1841 2876 1960 2910 judicium
1970 2878 2005 2902 εἱῖ
2013 2875 2137 2902 communis

1167 2922 1216 2939 arx
1227 2914 1350 2946 Jbrimmn.

1203 2949 1232 2974 6.
1251 2949 1324 2980 *Propi
1343 2948 1443 2982 quotidie
1458 2949 1537 2981 facere
1549 2947 1618 2981 vid]
1640 2946 1690 2980 Cuj
1696 2946 1743 2973 acii
1755 2946 1822 2972 liber
1832 2965 1840 2978 ‚
1857 2947 1992 2973 cottidianb.
2012 2946 2083 2983 qnod
2094 2955 2136 2973 re-

1167 2984 1240 3011 &um
1253 2985 1287 3011 cst
1299 2984 1459 3010 Gulielmio.
1479 2984 1516 3010 ita
1526 2983 1598 3015 enim
1607 2983 1680 3014 anub,
1691 2983 1771 3014 hornb,
1785 2982 1974 3009 adverbialiter
1985 2983 2048 3009 dici.

1203 3029 1230 3055 7.
1253 3022 1318 3046 Habe
1328 3019 1503 3053 Canephoras]
1528 3019 1678 3045 Prononien
1690 3020 1733 3044 tibi
1742 3028 1793 3045 non
1807 3019 1879 3045 estin
1890 3019 1958 3046 Pau.
1969 3027 2015 3047 aut
2024 3020 2137 3047 Gruter.

1169 3067 1211 3084 net
1223 3066 1254 3082 ue
1265 3055 1408 3091 agnoscunt
1421 3056 1520 3081 vetuste
1533 3055 1594 3080 cusi.
1614 3053 1674 3080 ideo
1697 3064 1728 3080 ue
1737 3054 1835 3082 deleti.

1227 3114 1232 3119 .
1253 3094 1307 3124 Qae
1316 3093 1398 3125 ncctffe
1407 3094 1463 3122 erit,
1474 3091 1600 3125 ingratis]
1619 3065 1776 3123 Lamqbinus,
1786 3091 1907 3124 ingratiis,
1919 3090 1961 3118 sed
1971 3098 2067 3127 praeter
2078 3089 2144 3118 miss

1173 3129 1296 3155 vetustius
1308 3135 1432 3164 praeterea
1443 3126 1494 3153 cusi
1504 3127 1600 3153 liabent
1613 3146 1619 3158 ,
1627 3130 1724 3161 grati55
1745 3136 1829 3162 neque
1840 3127 1917 3155 aliter
1937 3127 2025 3165 scripti
2036 3127 2116 3155 nostri
2127 3136 2135 3155 :

1172 3165 1334 3202 testaturque
1345 3163 1417 3192 idem
1427 3163 1459 3192 de
1471 3162 1522 3191 suis
1532 3163 1700 3200 aliorumque
1711 3164 1893 3193 Hotomanus.
2085 3200 2106 3223 F

2048 3207 2074 3227 ι.
2107 3206 2137 3223 ‚⁸:-
