2297 3389
481 117 755 174 ORArro‘
808 119 933 170 PRo'
986 124 1042 170 A.
1076 122 1422 171 CLussNTm
1472 124 1698 175 Ανιτο.

110 205 180 241 lari,
194 214 259 248 quae
273 213 367 237 mater
375 203 418 236 est
427 207 570 236 omnium
581 225 589 239 ,
608 203 740 245 vestigiis
751 204 955 234 consceleratae
969 206 1071 234 matris

107 257 231 289 putaret.
255 250 355 289 ltaque
368 247 454 277 nullo
463 249 496 277 in
507 247 621 287 oppido
631 244 810 277 consistendi
821 245 946 285 potestas
958 245 1052 292 ⁸2nyst
1065 257 1068 274 ;

109 300 203 320 nemo
214 300 251 320 ex
265 289 637 329 tothospitibusinventus
648 287 706 319 est,
728 290 780 327 qui
800 297 865 318 non
881 295 1070 327 contagionem

109 330 250 371 adspeffiu
265 330 389 372 fugeret.
414 329 497 360 noffi
508 330 535 360 se
545 329 648 370 potius
659 350 667 364 ‚
687 339 720 359 ac
731 328 904 361 solitudini,
915 330 1005 369 quam
1017 329 1071 357 ulli

109 383 159 403 aut
170 373 234 402 urbi
248 393 255 405 ‚
275 381 325 401 aut
335 360 443 411 hospiti
455 373 676 402 committebat.
707 373 798 401 Nunc
817 369 889 400 vero
907 370 980 411 quid
994 378 1067 411 agat,

108 414 182 456 quid
197 414 348 445 moliatur,
360 413 432 454 quid
443 413 575 454 denique
586 412 723 455 quotidie
733 414 843 454 cogitet
852 432 860 445 ‚
881 422 973 453 quem
983 413 1070 452 igno-

107 466 170 487 rate
180 453 317 485 nostrum
328 461 426 494 putat?
443 465 519 496 quos
529 457 693 496 appellarit,
708 455 818 495 quibus
828 456 988 494 pecuniam
1002 463 1071 493 pro-

108 497 225 527 miserit
235 517 243 530 ,
263 506 394 537 quorum
408 496 499 527 fidem
510 501 608 538 pretio
619 495 792 528 labefaetare
801 504 906 526 conata
914 495 948 526 s1t
957 516 965 529 ‚
988 505 1071 525 tene·

107 548 189 569 mus.
211 540 287 579 quin
306 540 397 568 etiam
413 538 549 568 nod'burna
560 538 705 580 shcrz'ficia
715 560 723 572 ,
743 548 808 579 quae
818 546 900 578 putat
908 537 1071 568 occultiora

107 579 178 613 ess'e,
191 580 395 620 sceleratasque
408 582 471 617 ejus
481 591 593 622 preces,
608 582 640 612 ὃ(
651 580 760 611 nefaria
772 590 840 610 vota
850 581 1051 621 cognovimus
1063 589 1068 607 ε

106 621 217 663 quibus
234 622 287 651 illa
304 624 395 652 etiam
414 622 485 653 deos
502 623 702 653 immortaleis
712 622 747 652 de
756 623 810 652 suo
818 622 925 652 scelere
936 621 1066 667 testatur,

105 674 204 705 neque
223 663 386 704 intelligit,
409 675 554 695 PtETATE
566 686 574 699 ‚
600 666 632 695 &
651 665 796 704 religione
809 684 817 697 ‚
838 663 870 693 δε
881 662 965 699 iustis
972 672 1068 702 preci-

106 706 162 736 bus
177 725 184 739 ,
200 704 326 735 deorum
339 709 478 740 menteis.
492 717 555 737 non
569 708 773 737 contaminata
783 704 1001 750 superstitione,
1014 714 1066 751 ne-

106 758 165 789 que
177 746 212 776 ad
223 747 315 777 scelus
324 747 544 788 perficiendum
555 747 632 779 caefis
641 746 747 778 hostiis
756 745 838 786 posse
847 746 964 786 placari.
981 756 1066 793 cuius

106 800 162 832 ego
170 788 304 819 furorem
317 810 325 823 ‚
346 800 432 830 atque
441 791 648 821 crudelitatem
668 789 738 819 deos
757 788 958 818 immortaleis
977 789 993 818 Ξι
1007 789 1066 818 suis

44 839 91 880 69
107 834 163 863 aris
174 851 183 866 ,
194 840 280 872 atque
291 833 412 872 templis
422 833 586 872 aspernatos
595 830 652 861 effe
661 828 796 860 confido.
842 832 905 860 Vos
916 850 923 863 ‚
933 829 1061 869 judices,

105 883 182 915 quos
200 875 270 903 huic
287 877 323 903 A.
333 874 474 904 Cluentio
492 873 638 914 quosdam
656 873 732 902 alios
750 872 822 902 deos
841 872 876 902 ad
888 881 982 902 omne
996 874 1064 902 vitae

107 925 224 956 tempus
233 914 352 945 fortuna
360 914 418 945 esse
431 915 543 949 voluit,
565 916 654 954 hujus
665 915 925 954 importunitatem
937 915 1039 944 matris
1049 914 1064 943 a

105 957 163 988 filii
172 958 265 997 capite
278 956 428 996 depellite.
451 958 541 986 multi
550 957 625 997 saepe
636 955 839 995 injudicando
852 975 860 989 ‚
872 964 985 996 peccata
995 954 1064 984 libe-

103 999 170 1028 rftm
181 1019 188 1032 ,
217 1005 345 1026 arentum
357 999 544 1038 mzftricordiae
554 997 733 1036 tomeffirunt
741 1008 752 1024 -·
770 1007 824 1028 vos
834 1018 842 1030 ,
861 1008 898 1028 ne
908 999 997 1038 hujus
1008 998 1063 1028 ho-

103 1007 267 1072 nestisseime
277 1038 373 1070 aetam
381 1042 478 1071 vitam
487 1042 590 1071 matris
600 1040 767 1070 crudelitati
775 1032 966 1073 condonetis,
979 1049 1064 1081 roga-

103 1092 190 1113 mus:
210 1081 372 1121 praesertim
390 1081 462 1112 cum
479 1093 518 1112 ex
535 1083 624 1114 altera
642 1091 722 1122 parte
743 1091 842 1113 totum
857 1083 1061 1122 municipium

101 1123 204 1155 videre
213 1121 335 1163 possitis.
359 1126 486 1154 Omneis
495 1125 596 1155 scitote
608 1145 616 1158 ,
625 1123 756 1165 judiceS‚
777 1123 966 1163 (incredibile
977 1123 1061 1155 dictu

101 1165 146 1197 est
156 1186 164 1199 ‚
179 1165 228 1195 sed
237 1165 253 1196 a
262 1174 313 1194 me
326 1165 474 1197 verissime
485 1166 606 1207 dicitur)
617 1168 736 1197 omneis
747 1168 911 1197 Larinateis
925 1186 932 1200 ,
945 1168 998 1207 qui
1009 1176 1061 1197 va-

100 1209 224 1238 luerunt
235 1227 243 1242 ,
263 1206 379 1238 venifl'c
387 1211 521 1239 Romam
531 1229 540 1243 ‚
552 1219 594 1241 ,ut
604 1210 686 1239 hunc
696 1207 796 1239 studio
807 1228 815 1242 ‚
835 1208 1062 1249 frequentiaque

100 1251 151 1281 sua
161 1270 170 1283 ‚
193 1257 340 1290 quantum
354 1249 471 1290 possent
481 1271 488 1285 ‚
501 1253 534 1281 in
545 1260 627 1281 tanto
638 1252 700 1290 ejus
714 1251 847 1291 periculo
858 1251 1058 1281 sublevarent.

100 1293 203 1323 Pueris
214 1291 299 1324 illud,
311 1292 368 1322 hoc
377 1301 513 1333 tempore
525 1314 533 1326 ,
546 1294 579 1323 ὃς
589 1293 768 1323 mulieribus
779 1312 788 1326 ‚
799 1292 946 1332 oppidum
957 1293 1062 1323 scitote

100 1332 158 1365 ess'e
175 1333 315 1363 traditum
325 1352 333 1366 ,
353 1333 443 1374 idque
454 1337 486 1364 in
496 1336 648 1374 praesentia
658 1354 667 1368 ,
691 1336 723 1364 in
734 1344 873 1363 commum
884 1335 1057 1375 Italiapacn

100 1374 274 1406 domesticis
283 1376 377 1414 copiis
388 1374 565 1406 efletutum.
588 1385 664 1417 quos
683 1384 785 1406 tamen
802 1376 882 1415 ipsos
900 1376 984 1416 aeque
996 1396 1003 1409 ‚
1025 1376 1058 1405 &

100 1428 166 1451 eos,
176 1426 251 1458 quos
259 1416 428 1456 praesenteis
437 1417 558 1451 videtis,
571 1418 662 1458 hujus
671 1416 854 1458 exspefi‘tatio
862 1417 969 1457 judicii
980 1418 1057 1451 dies,

99 1458 275 1499 nofizeisque
295 1457 442 1489 sollicitat.
472 1461 546 1489 Non
555 1459 602 1489 illi
612 1469 665 1490 vos
675 1459 711 1490 de
721 1469 811 1489 unius
822 1461 986 1500 municipis
996 1459 1058 1489 for-

96 1503 180 1532 runis
190 1500 366 1530 arbitrantur
376 1520 384 1534 ‚
404 1501 453 1532 sed
465 1501 501 1531 de
512 1504 605 1532 totius
614 1502 777 1542 municipii
787 1499 862 1532 statu
873 1521 882 1535 ‚
901 1500 1056 1543 dignitate,

94 1541 326 1582 commodisque
336 1543 482 1574 omnibus
494 1544 652 1574 sententias
662 1541 720 1573 effe
730 1545 853 1574 laturos.
877 1543 996 1574 summa
1011 1543 1055 1576 est

95 1587 180 1616 enim
192 1604 200 1618 ‚
209 1583 326 1624 judices
336 1603 344 1617 ‚
360 1585 497 1616 hominis
508 1587 540 1616 in
550 1595 751 1616 communem
764 1586 924 1625 municipii
933 1596 998 1616 rem
1008 1585 1055 1616 di-

94 1627 219 1668 ligentia
229 1646 238 1660 ‚
258 1627 291 1655 in
302 1623 432 1666 singulos
443 1629 612 1668 municipes
621 1627 792 1667 benignitas
800 1646 809 1659 ‚
824 1630 855 1657 in
866 1629 986 1657 omneis
998 1629 1054 1658 ho-

95 1672 196 1699 mines
211 1667 325 1708 justitia
334 1688 342 1701 ‚
363 1668 396 1698 &
415 1667 499 1700 fides.
523 1679 661 1709 praeoerea
680 1670 871 1699 nobilitatem
881 1669 966 1699 illam
978 1672 1056 1700 intei-

94 1711 174 1744 suos,
186 1711 347 1750 locumque
358 1709 374 1739 a
384 1711 551 1746 maioribus
563 1711 704 1741 traditum
716 1732 725 1744 ,
737 1709 773 1741 sic
782 1719 881 1741 tuetur
895 1731 903 1745 ‚
922 1720 952 1741 ut
964 1712 1054 1747 majo-

92 1763 158 1782 rum
165 1754 339 1794 gravitatem
349 1771 358 1785 ‚
368 1752 568 1784 constantiam
580 1773 588 1787 ‚
598 1755 721 1795 gratiam
731 1773 739 1787 ‚
761 1753 969 1783 liberalitatem
980 1753 1054 1784 affe-

93 1803 211 1835 quatur.
241 1795 342 1833 Itaque
353 1795 390 1823 iis
400 1804 469 1825 eum
479 1795 579 1825 verbis
589 1795 710 1835 publice
720 1794 839 1825 laudant
850 1815 858 1828 ,
878 1803 909 1825 ut
928 1805 993 1825 non
1005 1796 1052 1825 so-

93 1837 161 1867 lum
172 1834 381 1865 testimonium
392 1836 479 1867 suum
491 1857 499 1870 ,
521 1837 728 1878 judiciumque
738 1835 904 1878 significent
914 1857 922 1871 ‚
941 1836 1049 1868 verum

92 1880 186 1909 etiarn
195 1886 297 1907 curam
307 1878 420 1911 animi,
431 1889 463 1909 ac
473 1879 622 1909 dolorem.
645 1889 711 1920 quae
719 1878 795 1908 dum
808 1878 938 1909 laudatio
948 1881 1052 1910 recita-

91 1930 140 1952 tur
151 1940 159 1954 ,
172 1929 227 1950 vos
236 1918 335 1959 quaeso
346 1937 354 1952 2
372 1921 423 1960 qui
434 1930 499 1950 eam
509 1920 656 1951 detulistis
668 1941 676 1954 ‚
695 1920 839 1960 assurgite.
871 1923 1051 1952 LAunAflo

91 1971 256 1992 cenam-11
280 1981 288 1993 ‚
313 1970 357 1991 Ex
381 1971 604 1992 nacumonum
633 1972 857 1992 LARINATIUM
884 1972 1049 1993 oneum-o.

88 2006 138 2036 Ex
149 2004 288 2043 lacrymis
298 2003 406 2032 horum
417 2023 426 2036 ,
444 2003 560 2041 judices
571 2025 579 2037 ‚
593 2003 764 2033 existimare
774 2003 896 2043 potestis
909 2025 916 2037 ,
928 2007 1049 2034 omneis

91 2047 153 2076 haec
164 2045 338 2075 decuriones
348 2043 508 2075 decrevisse
517 2046 735 2086 lacrymanteis.
760 2045 823 2086 Age
833 2044 917 2078 vero.
928 2047 1048 2076 vicino-

88 2098 157 2120 rum
179 2095 325 2128 quantum
344 2085 476 2116 studium
488 2107 496 2120 ‚
517 2097 606 2128 quam
625 2086 810 2117 incredibilis
830 2087 1046 2122 benivolentia,

89 2139 198 2170 quanta
209 2138 276 2157 cura
287 2126 350 2157 est?
367 2138 431 2157 non
444 2129 489 2158 illi
501 2140 529 2158 ιη
539 2128 632 2158 libellis
642 2129 849 2158 laudationum
862 2128 976 2159 decreta
986 2132 1046 2159 mi-

84 2173 188 2203 serunt
196 2190 203 2204 ,
218 2170 265 2200 sed
276 2170 418 2198 homines
431 2169 664 2205 honestissimos,
674 2180 750 2211 quos
761 2169 914 2201 noss'emus
923 2181 1043 2206 omnes,

84 2214 145 2244 hue
163 2212 345 2252 frequenteis
363 2210 457 2241 adess'e
469 2232 478 2245 ,
499 2212 532 2242 &
547 2213 627 2242 hunc
636 2213 804 2252 praesenteis
814 2212 930 2242 laudare
938 2213 1045 2243 volue-

83 2263 164 2286 runt.
197 2253 311 2284 Adsunt
321 2254 477 2283 Ferentani
492 2274 500 2287 ,
516 2255 659 2284 homines
669 2253 845 2283 nobiliffimi
858 2274 866 2287 ‚
879 2256 1043 2285 Marrucini

81 2299 156 2328 item
167 2297 228 2336 pari
243 2294 400 2336 dignitate:
426 2296 564 2330 Theano,
580 2296 714 2336 Appulo,
724 2304 810 2336 atque
821 2297 945 2326 Luceria
956 2299 1041 2337 equi-

80 2348 125 2370 tes
137 2341 308 2370 Romanos,
320 2335 541 2368 honestiffimos
555 2339 700 2368 homines
711 2358 720 2371 ‚
736 2337 901 2368 laudatores
911 2338 1020 2368 videtis
1033 2349 1039 2368 :
1060 2362 1061 2367 ,

80 2383 219 2412 Boviano
231 2399 239 2413 ‚
258 2387 383 2418 totoque
401 2388 439 2408 ex
451 2382 576 2410 Samnio
586 2378 658 2410 ct‘tm
668 2379 857 2410 laudationes
869 2379 1039 2410 honestiffi-

77 2590 171 2632 quam
182 2588 329 2619 laborent.
362 2590 436 2618 Non
447 2590 535 2619 multi
546 2591 621 2619 mihi
633 2588 668 2618 ab
678 2599 730 2617 uno
736 2588 776 2628 fic
783 2589 866 2629 diligi
883 2588 1034 2623 videntur,

17 2647 64 2681 70
78 2642 111 2663 ut
121 2633 169 2662 hic
178 2631 215 2661 ab
225 2631 271 2660 his
290 2628 443 2659 universis.
485 2631 586 2673 Qam
597 2642 660 2661 non
669 2629 764 2661 abesse
774 2631 811 2660 ab
821 2631 909 2670 hujus
920 2630 1034 2678 iudicio
1051 2667 1052 2680 ἱ

76 2671 323 2706 L.Volus1enum
335 2691 344 2703 ‚
362 2672 483 2703 summo
502 2673 659 2713 splendore
681 2674 838 2702 hominem
853 2693 861 2705 ,
883 2682 915 2702 ac
925 2682 1032 2703 Virtute
1049 2698 1051 2714 J

73 2715 245 2762 praeditum,
257 2713 391 2744 vellem?
409 2714 501 2756 quam
510 2716 623 2746 vellem
633 2715 810 2757 praesentem
820 2712 900 2755 posse
910 2717 942 2745 Ρ.
955 2715 1029 2746 Hel-
1047 2717 1050 2744 l

1989 144 2079 195 373

1122 203 1240 234 vidium
1252 204 1371 235 Rufum
1383 225 1392 240 ,
1403 207 1537 247 equitem
1547 209 1683 239 Roman.
1694 206 1837 238 omnium
1849 206 2082 244 ornatiffimum‚

1119 247 1294 276 nominare:
1315 249 1368 288 qui
1378 267 1386 280 ‚
1398 248 1481 282 cum,
1494 249 1584 287 hujus
1594 249 1688 283 caula,
1704 249 1778 283 dies,
1791 249 1965 291 noetei'sque
1978 253 2084 293 vigila-

1118 295 1171 318 ret,
1186 287 1217 317 &
1229 287 1299 318 cum
1312 299 1362 319 me
1375 290 1450 320 hanc
1460 292 1576 321 causam
1587 291 1724 326 docerem
1744 294 1776 322 in
1788 291 1932 322 morbum
1942 303 2076 332 grav-cm,

1114 329 1378 371 periculosumque
1394 333 1517 363 incidit:
1541 334 1573 363 in
1592 344 1654 375 quo
1674 343 1773 364 tamen
1792 344 1855 363 non
1871 335 1976 364 mincis
1985 334 2020 364 de
2031 346 2081 365 ca-

1114 369 1175 406 pite
1187 370 1285 404 huius,
1298 381 1389 412 quam
1401 373 1435 403 de
1449 374 1495 403 sua
1507 377 1566 405 vita
1581 376 1701 406 laborat.
1733 378 1787 406 Cn.
1799 376 1910 406 Tudici
1923 376 2076 410 senatoris.

1115 411 1173 439 viri
1185 414 1305 449 optimi,
1318 415 1569 450 c<11»nt·sti.ffiini,
1581 427 1630 457 par
1640 417 1784 452 studium,
1797 418 1829 448 &
1840 417 2027 452 testimonio,
2042 419 2077 449 ὃς

1114 450 1286 482 laudatione
1307 457 1502 494 cognoscetis.
1537 459 1650 489 Eadem
1662 461 1709 499 spe
1718 479 1726 493 ‚
1747 460 1796 491 sed
1809 461 1922 498 majore
1932 470 2077 492 verecun-

1114 492 1172 526 dia,
1186 493 1222 523 de
1233 502 1271 528 te,
1284 497 1313 524 P.
1326 497 1485 531 Volumni,
1497 502 1639 538 quoniam
1649 502 1744 540 *judex
1755 512 1784 532 es
1794 504 1827 532 in
1838 505 1873 533 A.
1884 503 2073 537 Cluentium,

1113 534 1255 565 dicimus.
1279 539 1327 569 Et,
1340 547 1377 566 ne
1390 538 1515 578 longum
1527 539 1572 573 sit,
1583 545 1725 572 omnium
1737 545 1911 574 vicinorum
1921 546 2076 578 summam

1113 575 1169 606 efle
1188 578 1221 607 in
1238 578 1320 608 hunc
1339 579 1598 614 benivolentiam,
1621 583 1848 615 consumamus.
1869 589 2007 617 xHorum
2038 598 2076 618 o-

1112 620 1235 648 mniurn
1246 618 1389 650 studium.
1402 631 1513 655 curam,
1525 623 1711 664 diligentiam
1722 647 1730 660 ‚
1745 637 1908 668 meumque
1919 639 1978 659 una
1988 629 2074 660 labo-

1110 669 1172 689 rem
1185 680 1193 693 ,
1214 662 1266 701 qui
1277 671 1371 691 totam
1384 663 1457 693 hanc
1467 665 1583 694 causam
1599 685 1606 698 ,
1627 676 1725 697 vetere
1736 668 1871 699 instituto
1883 690 1891 703 ,
1913 671 1992 701 solus
2005 681 2073 711 pei·-

1108 704 1202 735 oravi,
1212 702 1398 745 vestramque
1409 703 1508 739 simul,
1521 706 1646 743 iudice5‚
1662 712 1841 749 aequitatem,
1854 713 1885 742 ὃς
1897 713 2071 743 mansuetu-

1107 742 1212 774 dinem
1227 755 1285 775 una
1296 756 1390 776 mater
1399 757 1559 790 oppugnat.
1583 751 1623 779 At
1640 759 1705 790 qua:
1725 756 1838 781 mater?
1859 764 2069 793 qnamcaeeam

1108 785 1291 820 crudelitate,
1305 788 1337 817 &
1348 788 1453 819 scelere
1463 789 1534 819 ferri
1546 790 1671 820 videtis:
1686 793 1771 832 cujus
1782 795 1977 833 cupiditatem
1985 798 2069 829 nulla

1108 837 1253 868 umquam
1272 830 1425 870 turpitudo
1444 832 1616 863 retardavit:
1640 843 1706 874 quae
1724 837 1808 865 vitiis
1821 838 1916 868 animi
1926 840 1959 868 in
1969 838 2067 870 deter-

1107 871 1198 900 rimas
1217 874 1323 910 parteis
1344 874 1408 913 jura
1425 874 1589 904 hominum
1608 878 1759 907 convertit
1778 880 1899 908 omnia:
1922 882 2007 917 cuius
2036 891 2069 912 ea

1106 910 1230 943 stultitia
1239 912 1281 943 est
1292 933 1300 946 ,
1320 923 1349 943 ut
1361 925 1424 944 eam
1438 925 1531 945 nemo
1542 917 1704 947 hominem
1722 928 1727 947 :
1747 929 1778 948 ea
1788 921 1834 948 vis
1843 939 1850 953 ‚
1871 929 1904 950 ut
1914 921 2068 952 nemos-a:—

1106 954 1222 983 minam
1236 966 1240 983 :
1266 965 1298 985 ea
1306 955 1465 986 crudelitas
1477 978 1484 990 ,
1506 967 1538 987 ut
1556 968 1648 988 nemo
1664 969 1790 990 matrem
1809 962 1954 1001 appellare
1965 962 2064 1002 poffit.

1104 1004 1191 1036 atque
1208 998 1298 1026 etiam
1319 1000 1446 1028 nomina
1464 999 1718 1031 neceflltudinum
1730 1022 1738 1035 ,
1758 1012 1822 1032 non
1839 1002 1939 1033 solum
1961 1013 2066 1034 natura

1105 1047 1199 1066 nomen
1211 1058 1220 1072 ,
1244 1039 1354 1078 &jum
1363 1042 1494 1070 muravit
1503 1052 1513 1068 .·
1532 1052 1611 1072 uxor
1620 1046 1721 1084 generi
1733 1064 1741 1078 ,
1760 1054 1888 1075 noverca
1898 1044 1972 1080 filii,
1995 1045 2065 1077 fili-„u

1102 1079 1220 1118 pellex:
1242 1079 1278 1110 eo
1294 1082 1357 1121 jam
1376 1082 1506 1124 denique
1526 1084 1652 1115 adduEta
1673 1087 1714 1116 est
1723 1106 1730 1119 ‚
1752 1096 1784 1117 ut
1793 1085 1845 1117 fibi
1856 1107 1864 1121 ,
1882 1096 1988 1127 praeter
2000 1087 2066 1119 for-

1104 1130 1185 1151 mam
1197 1142 1205 1155 ‚
1228 1123 1306 1153 nihil
1325 1124 1360 1154 ad
1378 1123 1609 1158 similitudinem
1619 1128 1755 1158 hominis
1765 1129 1927 1159 reservarit.
1951 1131 2062 1172 Qare,

1100 1163 1233 1201 judices,
1254 1163 1274 1194 s1
1289 1165 1382 1196 scelus
1393 1166 1514 1198 odistis:
1536 1169 1693 1209 prohibete
1710 1170 1826 1202 aditum
1849 1173 1950 1202 matris
1967 1172 1982 1202 a
2005 1171 2063 1203 filii

1101 1205 1261 1247 sanguine:
1280 1207 1346 1238 date
1363 1211 1476 1249 parenti
1496 1211 1577 1241 hunc
1597 1212 1807 1243 incredibilem
1822 1212 1961 1244 dolorem
1971 1224 2009 1244 ex
2019 1215 2062 1245 132·

1099 1247 1160 1277 lure
1174 1269 1181 1281 ,
1208 1259 1246 1279 ex
1254 1249 1379 1281 westona
1394 1250 1524 1282 liber-fini
1538 1263 1543 1282 :
1562 1256 1722 1293 patimini,
1744 1264 1869 1286 matrem
1882 1276 1890 1288 ‚
1912 1266 1950 1286 ne
1960 1256 2063 1286 orbata

1101 1287 1165 1320 filio
1175 1290 1291 1321 laetetur
1299 1312 1308 1326 ,
1328 1292 1439 1323 victam
1449 1293 1552 1333 potius
1563 1295 1654 1326 vestra
1667 1299 1804 1337 aequitate
1813 1297 1973 1328 discedere.
2005 1301 2061 1329 Sin

1098 1340 1198 1361 autem
1210 1353 1218 1366 ‚
1240 1334 1269 1363 id
1284 1335 1365 1375 quod
1376 1334 1469 1366 vestra
1478 1345 1580 1367 natura
1589 1337 1719 1377 postulat
1729 1358 1737 1372 ‚
1758 1339 1904 1378 pudorem
1916 1359 1923 1372 ‚
1939 1340 2060 1371 bonita-

1099 1381 1160 1402 tem
1173 1394 1182 1406 ‚
1202 1376 1405 1417 virtutemque
1418 1377 1542 1417 diligitis
1555 1390 1560 1407 :
1580 1380 1674 1409 levate
1684 1381 1767 1410 hunc
1775 1381 1936 1422 aliquando
1946 1382 2058 1422 suppli-

1098 1424 1165 1444 cem
1175 1415 1441 1458 vestrum‚judices
1453 1439 1462 1453 ‚
1473 1428 1516 1449 tot
1526 1431 1622 1451 annos
1633 1422 1749 1462 infalfiz
1758 1422 1872 1452 invidia
1881 1441 1889 1456 ‚
1902 1424 2059 1463 periculis-

1096 1466 1154 1497 que
1163 1459 1310 1488 versatum
1321 1470 1326 1488 z
1336 1462 1389 1500 qui
1399 1471 1481 1491 nunc
1494 1462 1629 1501 primum
1640 1463 1798 1503 postillam
1809 1463 2059 1499 flammam‚alio-

1097 1508 1166 1528 rum
1176 1498 1267 1534 facto,
1280 1502 1478 1542 &cupiditate
1487 1506 1642 1535 excitatam
1650 1527 1658 1538 ,
1671 1506 1717 1545 spe
1727 1506 1830 1537 vestrae
1839 1508 1986 1548 aequitatis
1997 1509 2060 1538 eri-
2084 1541 2091 1546 χ

1095 1550 1161 1612 ῗεῐε
1171 1545 1311 1572 animum
1322 1564 1330 1577 ,
1350 1546 1382 1574 ὃς
1392 1546 1527 1584 paullum
1538 1547 1676 1587 respirare
1686 1549 1701 1578 a
1715 1558 1799 1578 metu
1808 1551 1913 1588 coepit:
1936 1550 1985 1579 cui
2000 1559 2058 1590 po-

1106 1591 1144 1613 ita
1165 1583 1232 1614 sunt
1250 1587 1284 1619 in
1303 1586 1391 1616 vobis
1402 1589 1522 1617 omnia:
1541 1599 1632 1629 quem
1644 1590 1792 1620 servatum
1802 1588 1859 1620 ess'e
1869 1591 1993 1630 plurimi
2002 1602 2058 1622 cu—

1092 1627 1192 1664 piunt,
1202 1626 1314 1657 servare
1325 1629 1379 1658 soli
1392 1639 1446 1659 vos
1456 1629 1587 1669 potestis.
1606 1634 1677 1662 Orat
1686 1642 1740 1662 vos
1752 1634 1871 1666 Avitus,
1881 1633 2008 1672 judices,
2021 1634 2056 1664 &t

1094 1666 1170 1697 flens
1181 1668 1322 1702 obsecrat,
1335 1680 1372 1700 ne
1385 1670 1411 1700 se
1423 1672 1534 1700 invidie
1543 1693 1550 1706 ‚
1564 1683 1623 1713 quae
1636 1673 1782 1712 injudici'u
1791 1674 1884 1704 valere
1894 1686 1945 1704 non
1954 1674 2032 1705 debet
2041 1687 2055 1703 .-

1094 1719 1132 1738 ne
1144 1712 1230 1740 matri
1242 1731 1250 1744 ,
1260 1713 1346 1750 cujus
1357 1721 1426 1742 vota
1437 1733 1445 1746 ,
1459 1714 1491 1743 &
1499 1723 1600 1754 preces
1609 1715 1624 1745 ὲ
1634 1715 1738 1745 vestris
1751 1717 1906 1747 mentibus
1915 1717 2056 1757 repudia-

1093 1761 1122 1780 re
1136 1751 1269 1782 debetis:
1285 1763 1323 1783 ne
1343 1756 1509 1794 Oppianico
1520 1775 1528 1789 ‚
1548 1757 1671 1786 homini
1691 1756 1805 1788 nefario
1816 1778 1824 1791 ,
1845 1758 2051 1789 condemnato

1089 1793 1153 1832 jam
1164 1813 1172 1827 ‚
1195 1794 1227 1824 δε
1238 1804 1361 1825 mortuo
1373 1816 1380 1829 ,
1400 1797 1590 1828 condonetis.
1621 1797 1712 1840 Qiod
1723 1797 1802 1840 siqua
1809 1801 1959 1831 calamitas
1969 1802 2052 1832 hunc

1090 1837 1124 1865 in
1138 1836 1322 1876 hocjudicio
1332 1837 1697 1870 afflixeritinnocentem:
1716 1840 1825 1872 naeiste
1842 1843 1950 1876 miser,
1968 1843 2052 1881 judi-

1090 1887 1138 1907 ces
1151 1898 1158 1910 ,
1171 1877 1191 1907 fi
1202 1898 1210 1912 ,
1222 1878 1252 1908 id
1263 1879 1345 1920 quod
1356 1879 1480 1910 difficile
1490 1880 1570 1911 factu
1581 1881 1623 1912 est
1632 1902 1640 1916 ‚
1651 1884 1684 1912 in
1693 1884 1754 1913 vita
1762 1884 1931 1914 remanebit
1942 1905 1950 1919 ,
1961 1885 2051 1925 saepe,

1092 1919 1125 1949 ὃς
1135 1919 1269 1950 multum
1280 1931 1428 1962 queretur,
1444 1922 1663 1962 deprehensum
1679 1923 1735 1954 efl'e
1746 1925 1820 1955 illud
1832 1926 1985 1966 quondam
1996 1930 2051 1957 Fa-

1088 1960 1257 1992 bricianum
1271 1973 1436 1993 venenum.
1459 1965 1540 2005 quod
1559 1964 1578 1994 fi
1597 1975 1665 1995 tum
1685 1966 1852 1996 indicatum
1873 1977 1937 1998 non
1958 1967 2048 1999 esset:

1089 2012 1154 2032 non
1170 2005 1242 2034 huic
1251 2004 1505 2036 aerumnosissimo
1514 2017 1666 2037 venenum
1682 2008 1758 2038 illud
1767 2007 1867 2039 fuiss'et
1876 2029 1884 2042 ,
1907 2010 1954 2039 sed
1966 2012 2049 2040 mul-

1088 2053 1189 2074 torum
1215 2046 1448 2075 medicamentum
1473 2047 1600 2077 laborum
1612 2059 1622 2075 :
1640 2048 1793 2089 postremo
1814 2053 1903 2081 etiam
1921 2050 2049 2082 fortafiis

1088 2095 1181 2116 mater
1190 2088 1341 2127 exsequias
1351 2089 1433 2118 illius
1443 2088 1557 2119 funeris
1566 2091 1720 2130 prosecuta
1730 2111 1738 2124 ‚
1751 2101 1882 2122 mortem
1895 2093 1921 2122 se
1930 2092 1985 2123 filii
1996 2095 2048 2124 lu-

1083 2137 1151 2169 gere
1161 2127 1327 2159 fimulass'et.
1342 2140 1423 2160 nunc
1433 2130 1507 2161 vero
1514 2132 1586 2172 quid
1597 2134 1650 2162 erit
1660 2133 1901 2172 profe&um,nis1
1915 2144 1946 2165 ut
1956 2137 2049 2175 hujus

1085 2179 1123 2198 ex
1141 2170 1252 2201 mediis
1271 2173 1379 2201 mortis
1392 2171 1506 2202 insidiis
1521 2175 1578 2203 vita
1591 2174 1627 2204 ad
1641 2174 1758 2205 iustum
1774 2176 1914 2206 reservata
1930 2189 1937 2212 5
1961 2187 2047 2207 mom

1084 2211 1239 2251 sepulchro
1248 2215 1336 2252 patris
1346 2215 1457 2252 privata
1467 2213 1524 2244 effe
1534 2215 1691 2246 videatur?
1710 2220 1782 2247 Satis
1795 2218 1847 2247 diu
1860 2217 1917 2248 fuit
1929 2221 1962 2248 in
1984 2222 2046 2249 rni-

1083 2253 1304 2293 seriis‚judices
1316 2265 1321 2284 :
1337 2256 1402 2285 satis
1413 2256 1527 2286 multos
1539 2267 1635 2287 annos
1646 2269 1683 2288 ex
1693 2259 1808 2289 invidia
1818 2259 1971 2290 laboravit.
1989 2272 2046 2291 ne-

1083 2304 1137 2324 mo
1146 2295 1216 2326 huic
1229 2305 1289 2326 tam
1302 2298 1423 2338 iniquus
1433 2318 1442 2331 ‚
1454 2307 1559 2338 practer
1571 2309 1726 2339 parentem
1735 2321 1744 2335 ‚
1762 2301 1838 2336 fuit3
1860 2305 1869 2321 ¹
1882 2303 1967 2342 cujus
1978 2305 2045 2333 ani—

1082 2346 1169 2367 mum
1183 2339 1320 2377 nonjam
1329 2339 1484 2379 expletum
1495 2339 1552 2370 effe
1563 2351 1720 2380 putemus:
1741 2353 1807 2377 vos,
1822 2346 1874 2384 qui
1886 2346 1962 2385 aequi
1973 2345 2045 2375 estis

1081 2379 1227 2409 omnibus
1237 2400 1245 2414 ,
1260 2383 1330 2420 qui,
1352 2382 1516 2423 utquisque
1526 2383 1731 2414 crudeliffime
1742 2395 1946 2427 oppugnatur,
1969 2397 2043 2417 eum

80 2433 139 2454 mae
151 2420 244 2452 miffae
254 2420 339 2453 sunt,
359 2429 424 2450 tum
436 2421 579 2452 homines
588 2419 778 2462 amphffimi,
800 2420 1040 2463 nobilissimique
1080 2419 1232 2452 leniffim'e
1249 2422 1427 2457 sublevatis,
1448 2425 1618 2455 conservate
1631 2429 1666 2456 A.
1681 2427 1857 2457 Cluentium
1871 2438 1876 2456 :
1896 2428 2043 2459 restituite

77 2472 236 2496 venerunt.
266 2463 334 2504 Jam
351 2463 404 2503 qui
422 2464 455 2492 in
473 2474 542 2505 agro
551 2466 681 2495 Larinati
691 2464 819 2503 praedia,
843 2467 893 2504 qui
905 2474 1036 2505 negotia,
1056 2489 1058 2492 Α
1151 2507 1154 2510 ἢ
1271 2508 1273 2511 ⁴

78 2508 133 2548 qui
151 2515 197 2536 res
215 2505 376 2545 pecuiarias
393 2504 523 2538 habent,
548 2505 667 2536 honesti
687 2507 848 2538 homines,
872 2506 1037 2536 &summo
1055 2513 1057 2546 j
1079 2503 1564 2540 studiavidetis,reddite:vobisin
1573 2511 1926 2550 perpetuum‚liberisque
1937 2511 2044 2542 vestris

76 2547 237 2589 splendore
251 2545 365 2586 praediti
377 2566 386 2579 ,
409 2545 534 2577 difficile
552 2547 635 2578 dictu
653 2546 715 2581 est,
735 2547 825 2587 quam
839 2546 895 2576 sint
905 2547 1036 2582 solliciti,
1054 2568 1055 2571 =

1078 2464 1267 2493 incolumem
1279 2467 1450 2505 municipio
1462 2477 1466 2495 z
1478 2468 2043 2510 amicis‚vicinis‚hospitibus‚quotum

1078 2546 1264 2588 obstringite.
1286 2548 1420 2579 vestrum
1440 2548 1482 2579 est
1496 2550 1570 2583 hoc,
1587 2551 1705 2590 judices
1715 2571 1723 2584 >
1737 2551 1837 2582 vestrae
1849 2553 2018 2584 clementiae
2032 2563 2040 2583 ε

1076 2588 1155 2618 reete
1167 2590 1227 2619 hoc
1237 2592 1379 2629 repetitur
1388 2591 1404 2620 a
1414 2591 1514 2623 vobis,
1528 2600 1560 2620 ut
1569 2594 1668 2621 virum
1679 2595 1936 2642 optimumnitque
1947 2597 2041 2626 inno-

1074 2630 1293 2665 centissimum,
1303 2632 1472 2672 plui-imisq3
1486 2633 1662 2663 mortalibus
1671 2637 2040 2676 carumffltquejucundis-

1076 2671 1200 2706 fimum,
1215 2675 1261 2703 his
1271 2674 1429 2714 aliquando
1438 2674 1654 2705 calamitatibus
1666 2675 1797 2707 liberetis
1810 2687 1815 2705 :
1828 2686 1860 2707 ut
1869 2687 1978 2708 omnes
1988 2681 2040 2711 in-

1076 2715 1257 2757 telligant,in
1268 2714 1441 2746 conciombm
1451 2715 1498 2754 effe
1510 2716 1886 2758 invidia[ocum‚i71judtcizs
1896 2722 2030 2750 veritati.

1761 2776 1830 2823 M.
1869 2777 2034 2823 TUL-

116 2895 139 2914 ι.
158 2889 232 2923 cujm
239 2890 345 2916 animum
353 2889 456 2923 mnjam
463 2890 578 2923 expletum
587 2889 767 2925 effiputemm]
787 2889 843 2918 Pal.
853 2898 894 2927 pr.
905 2888 954 2917 sec.
966 2895 1028 2918 tert.
1041 2898 1093 2917 non
1104 2889 1201 2919 habent
1210 2891 1371 2928 negativam.

1470 3130 1544 3159 Aaa
1562 3138 1579 3166 3
1944 3123 2010 3158 Pal,
