2360 3400
525 121 601 155 nz
645 107 915 155 Fimnus
962 108 1200 157 BouoR.
1246 125 1323 158 ετ·
1373 109 1540 161 Men:
1594 115 1746 162 Lin.
1795 116 1852 162 V.
2044 130 2169 179 1045

219 192 348 233 videtur)
368 194 378 213 ¹
389 200 439 221 non
449 188 540 231 explet
549 187 618 219 bona
635 196 738 219 natura
748 188 894 230 voluptas,
905 189 971 228 jure
980 187 1170 231 praetermiffa
1217 193 1297 236 Qud
1311 193 1403 225 verb?
1421 204 1482 236 Qu}
1503 205 1662 227 :NGENuls
1679 207 1830 232 smnus,
1849 204 1935 239 atque
1949 196 2062 228 artibus
2078 197 2166 229 dele-

221 236 280 267 est:
303 233 345 264 sin
359 231 400 263 est
415 235 445 262 in
457 241 490 261 ea
501 249 510 266 ‚
523 231 603 271 quod
616 231 737 272 quidam
748 232 874 266 volunt,
887 232 965 262 nihil
976 231 1103 271 impedit
1115 240 1171 260 110-
1215 234 1331 266 &antur
1349 256 1357 270 ‚
1385 247 1488 267 nonne
1506 238 1645 268 videmus
1663 249 1716 269 eos
1733 250 1789 270 nec
1806 239 1982 270 valitudinis
2002 259 2012 273 ‚
2043 249 2100 270 nec
2117 240 2162 269 rei

220 276 310 308 stram
328 275 403 304 hanc
419 271 718 312 comprehensionem
740 273 852 303 summi
872 274 958 303 boni.
999 283 1063 314 quae
1083 273 1166 316 efiim
1211 274 1366 308 familiaris
1379 278 1482 308 habere
1491 281 1830 322 rationem?omniaque
1838 283 1968 321 perpeti,
1984 281 2045 320 ipsa
2053 282 2161 323 cogni-

216 315 379 348 constituta
395 314 462 344 sunt
470 315 566 354 prima
579 323 687 344 naturae
701 335 709 347 ‚
738 314 773 344 ad
784 324 816 345 ea
831 313 850 344 fi
863 315 999 354 voluptas
1010 311 1167 346 acceflent,
1189 321 1193 358 g
1211 326 1312 351 tione,
1334 319 1365 349 &
1387 319 1507 350 scientia
1523 324 1643 361 captos?
1663 322 1696 352 &
1712 332 1782 353 cum
1802 324 1945 352 maximis
1955 324 2032 352 curis
2044 342 2053 355 ‚
2072 322 2161 353 &12-

219 367 316 388 unum
329 355 450 396 aliquod
462 354 608 385 access'erit
620 356 820 386 commodum
829 358 963 396 corporis
973 376 982 390 ,
993 364 1091 395 neque
1100 363 1164 383 eam
1188 366 1190 402 Ξ
1208 358 1329 389 boribus
1341 362 1530 400 compensare
1540 372 1604 392 eam
1616 382 1625 396 ‚
1647 373 1737 403 quam
1748 373 1786 394 ex
1796 363 1939 394 discendo
1947 365 2082 403 capiant,
2102 373 2158 394 vo·

212 397 463 430 constitutionem
475 397 586 427 summi
603 397 674 427 boni
688 417 697 431 ‚
714 407 779 438 quae
791 396 833 427 est
842 395 1005 437 propofim,
1029 404 1166 425 mutave·
1208 398 1349 438 luptatem
1374 405 1384 430 ?
1407 403 1486 431 Mihi
1504 404 1626 443 quidem
1646 407 1798 435 Homerus
1820 405 1995 445 hujusmodi
2012 405 2157 446 quiddam

161 453 201 487 ¹7
216 441 267 477 rit.
289 442 328 470 Et
345 438 440 469 adhuc
458 439 581 479 quidem
601 440 640 469 ita
658 439 746 469 nobis
764 437 909 479 progrefl'a
925 440 998 468 ratio
1008 437 1068 470 est,
1090 446 1165 466 urea
1206 439 1311 470 vidifl‘e
1333 443 1451 472 videtur
1471 446 1502 473 in
1523 446 1560 474 iis
1576 465 1584 477 ,
1606 455 1671 485 quae
1682 446 1717 475 de
1727 448 1864 476 Sirenum
1877 447 2012 476 cantibus
2024 446 2153 477 finxent.

214 482 370 513 duceretur
385 483 487 510 omnis
506 480 521 510 a
541 482 634 520 prima
651 480 919 510 commendatione
939 488 1060 510 naturae.
1082 488 1163 508 nunc
1207 490 1304 521 neque
1326 486 1410 513 enim
1429 495 1528 514 vocum
1540 486 1691 525 ficam'rate
1702 488 1858 521 videntur,
1879 497 1930 517 aut
1941 491 2072 519 novitate
2081 498 2158 529 qua-

214 533 315 554 autem
335 522 415 552 aliud
430 523 494 560 jam
512 521 736 562 argumentandi
756 522 911 562 sequamur
922 530 1035 561 genus,
1058 528 1161 549 utnon
1206 522 1273 552 dam
1285 543 1293 556 ‚
1317 524 1349 554 &
1368 527 1506 555 varietate
1526 528 1662 557 cantandi
1682 538 1817 558 revocare
1827 538 1877 558 eos
1889 529 2001 562 solita-z,
2020 532 2158 570 quiprae-

213 565 335 598 splum,
354 566 422 605 quia
442 573 498 593 nos
516 563 695 604 diligamus,
717 563 765 593 sed
783 563 1002 603 quiacujusque
1011 563 1101 602 partis
1110 571 1160 607 na·
1206 565 1450 599 tervehebantur,
1471 567 1520 596 sed
1541 571 1610 608 quia
1635 571 1727 600 multa
1748 571 1775 600 se
1785 570 1856 600 scii-e
1866 569 2103 609 profitebantur·,
2123 582 2158 603 ut

212 615 284 637 turae
301 606 334 636 δε
357 610 388 635 in
409 614 531 644 corpore
546 625 554 638 ‚
575 606 607 634 &
626 606 657 634 in
668 606 772 634 animo
782 606 830 634 sua
840 614 964 644 quaeque
975 607 1018 633 vis
1028 603 1060 633 fit
1072 614 1077 631 ;
1089 605 1103 621 ²
1115 601 1161 632 id·
1205 605 1346 635 homines
1366 607 1401 636 ad
1416 617 1516 637 earum
1528 609 1591 639 saxa
1601 609 1732 640 discendi
1743 612 1903 650 cupiditate
1913 611 2152 642 adhaerescerent.

210 649 291 678 circo
319 649 353 677 in
383 649 430 677 his
454 646 543 676 rebus
562 647 678 676 summa
696 666 704 680 ‚
733 644 832 675 nostra
851 646 954 685 sponte
972 653 1158 675 moveamur.
1201 647 1241 675 ita
1261 650 1344 676 enim
1365 650 1493 678 invitant
1513 649 1647 689 Ulyssem
1665 652 1774 690 :(nam
1786 654 1858 683 verti
1872 673 1880 687 ,
1899 653 2074 693 utquaedam
2087 655 2154 684 Ha·-

211 692 309 730 Atque
329 698 362 719 ut
378 689 393 720 a
404 697 527 728 corpore
539 687 651 721 ordiar,
675 698 695 718 v
709 697 720 716 1
732 697 752 716 n
764 696 804 716 es
816 696 835 716 N
849 697 884 720 ε,
906 690 918 714 3
932 697 948 716 u
961 698 980 716 τ
993 707 1003 720 ,
1020 697 1033 716 s
1044 696 1055 715 1
1077 695 1126 725 Q
1139 693 1161 716 A
1203 689 1298 720 mei-i,
1319 686 1455 719 sicistum
1466 691 1563 729 ipsum
1577 692 1700 731 locum)

213 741 225 761 ι
240 741 259 760 Ν
282 741 307 760 M
317 740 337 760 ε
349 741 374 760 Μ
385 740 402 760 B
415 740 437 759 R
451 739 462 758 1
475 739 488 758 s
507 739 524 758 Ρ
536 739 557 758 R
568 739 590 758 A
602 739 622 759 v
633 738 654 759 A
669 748 677 762 ‚
697 737 747 759 aut
760 728 910 758 debilitata
920 748 928 761 ‚
948 738 997 758 aut
1011 729 1160 758 imminu·
1245 731 1268 757 0
1285 729 1364 758 decus
1379 732 1554 770 „Argolicum
1565 752 1573 765 ,
1592 735 1789 783 quinsuppim
1803 735 1893 772 flebris
1903 735 2030 777 Ulyffef,

210 781 239 803 ta
249 771 323 806 lint,
341 771 643 802 occultenthomines
659 773 669 799 ?
687 778 719 800 ut
731 772 819 799 etiam
830 769 1014 800 contendant
1027 789 1035 802 ,
1057 768 1158 799 &ela-
1245 770 1382 799 „Auribus
1403 780 1435 800 ut
1452 771 1549 808 nostros
1569 774 1646 814 poffis
1667 783 1680 794 υ
1701 779 1839 815 agnoseere
1859 781 1978 807 mmm?

209 814 339 847 horem,
358 811 379 842 fi
398 810 515 842 efficere
530 810 639 851 poffint
653 831 661 843 ,
683 820 715 840 ut
731 820 779 840 aut
797 820 860 840 non
877 820 1009 850 appareat
1027 810 1159 850 corporis
1245 813 1335 852 Qm
1351 824 1426 842 nemo
1445 815 1496 842 hac
1513 825 1650 855 umquam
1669 816 1711 845 es?
1729 817 1901 855 transversim
1921 819 2018 848 cerula
2029 818 2121 851 currit:

207 857 318 886 vitium
330 874 339 888 ‚
365 862 415 884 aut
432 853 523 893 quam
536 854 703 881 minimum
715 861 865 890 appareat?
884 852 1055 892 multosque
1065 854 1155 881 etiam
1246 853 1329 893 Qin
1342 853 1421 894 priris
1437 854 1576 890 adstiterit
1592 867 1693 886 vocum
1710 858 1850 887 duscedme
1860 867 1978 900 captus,
2074 855 2080 859 “

208 897 330 927 dolores
343 896 506 925 'curationis
524 893 606 923 causa
616 891 785 931 perferant?
806 901 856 925 ut,
877 891 968 932 siipse
979 894 1045 923 usus
1056 903 1158 922 mem·
1178 915 1180 929 ⁴
1245 893 1316 930 7¹6st
1338 898 1427 924 variis
1435 897 1519 926 avido
1534 897 1661 936 limatus
1678 898 1785 940 pedion>
1804 901 1907 940 musts,

206 938 330 968 brorum
345 946 408 966 non
431 933 525 964 mode>
535 943 599 963 non
610 934 723 973 major,
750 942 853 963 verum
864 936 954 964 etiam
968 936 1069 964 minor
1077 934 1158 964 futu·
1177 934 1180 954 ἵ
1243 935 1365 965 Ὧοὲῗιον
1380 938 1418 966 ad
1429 939 1537 979 patrias
1556 939 1648 981 lapsm
1661 941 1817 981 pervenerit
1834 952 1902 970 oras.

205 989 255 1009 rus
274 977 308 1009 sit
326 998 335 1010 ‚
356 986 462 1007 eorum
477 984 578 1006 tamen
595 975 706 1014 species
717 975 751 1005 ad
763 983 895 1005 naturam
916 978 1097 1006 revertatur?
1115 985 1158 1006 et·
1241 979 1311 1017 Ἶρι
1329 989 1421 1018 grave
1440 988 1574 1009 certamen
1597 980 1657 1010 belli
1669 1002 1676 1015 ,
1695 986 1709 1009 9
1721 982 1879 1024 clademque
1889 992 2017 1013 canemus
2028 1003 2040 1019 ‚

205 1022 290 1050 enim
312 1018 384 1049 curn
400 1026 508 1047 omnes
520 1026 621 1053 natura
630 1025 708 1046 totos
720 1017 748 1046 se
759 1016 944 1056 expetendos
956 1027 1060 1057 putent
1071 1022 1087 1051 ,ὃ
1100 1027 1155 1047 nec
1241 1020 1349 1063 §racia
1358 1031 1446 1061 quam
1458 1022 1540 1060 Troje
1558 1022 1654 1051 divino
1664 1025 1777 1052 numine
1785 1025 1886 1058 vexit5

203 1061 238 1091 id
259 1061 299 1091 ob
314 1060 403 1090 aliam
417 1069 479 1089 rem
491 1078 497 1091 ‚
517 1057 565 1088 sed
576 1066 693 1097 propter
707 1058 784 1098 ipsos
798 1056 928 1088 :necesse
937 1058 979 1088 est
989 1060 1052 1099 ejus
1064 1060 1153 1089 etiam
1241 1061 1398 1102 Omniaque
1421 1062 1434 1091 ὲ
1455 1063 1522 1091 laris
1537 1066 1671 1104 ¹0regum
1681 1064 1796 1105 vesttgia
1816 1066 1905 1094 terris.

201 1103 309 1142 parteis
319 1110 439 1141 propter
449 1101 478 1130 se
487 1101 605 1139 expeti,
624 1099 705 1139 quod
718 1100 890 1129 universum
900 1109 1019 1140 propter
1028 1101 1056 1130 se
1065 1110 1156 1140 expe·
1198 1102 1285 1132 Vidit
1304 1105 1458 1133 Homerus
1469 1124 1478 1137 ,
1501 1105 1616 1144 probari
1633 1105 1764 1136 fabulam
1783 1117 1846 1137 non
1856 1106 1938 1147 posse
1948 1128 1957 1142 ‚
1980 1108 2000 1139 fi
2011 1110 2151 1142 cantiun-

202 1152 288 1174 tatur.
309 1147 327 1170 4
337 1142 439 1183 Qid?
461 1143 493 1171 in
507 1148 587 1170 muru
597 1161 605 1174 ,
619 1139 857 1182 &staruoerporis
866 1142 945 1171 nihil
956 1141 1043 1172 neest
1055 1161 1062 1175 ,
1074 1141 1154 1182 quod
1194 1143 1271 1173 culis
1287 1146 1377 1174 tantis
1391 1146 1438 1175 vii·
1458 1148 1587 1176 irretitus
1606 1156 1761 1178 teneretur.
1784 1149 1938 1179 scientiam
1958 1151 2147 1189 pollicentur:

202 1183 507 1215 animadvertendum
528 1182 585 1212 effe
605 1183 664 1221 ipsa
683 1192 783 1212 natura
801 1182 936 1221 judicet?
955 1184 1154 1223 quemadmo-
1193 1194 1282 1225 quam
1303 1196 1368 1215 non
1386 1195 1447 1217 erat
1464 1190 1577 1218 mirum
1597 1189 1745 1228 sapientiae
1762 1190 1871 1229 cupido
1886 1193 1985 1232 patria
2003 1194 2146 1222 cariorem.

204 1226 279 1257 dum
290 1228 357 1266 quis
368 1225 522 1256 ambulet,
544 1223 637 1253 sedeat
657 1243 666 1257 ‚
689 1226 741 1264 qui
760 1223 868 1253 ductus
887 1226 966 1257 oris,
992 1227 1044 1265 qui
1054 1225 1153 1255 vultus
1193 1236 1280 1266 atque
1302 1229 1539 1269 omniaquidem
1552 1230 1623 1259 scire
1637 1250 1645 1263 ,
1665 1232 1880 1272 cujuscumque
1891 1233 1975 1263 modi
1990 1234 2074 1267 sunt,
2094 1245 2149 1264 cu-

203 1269 236 1298 in
255 1277 374 1308 quoque
393 1265 442 1296 sit:
463 1266 579 1295 nihilne
590 1264 673 1295 estin
685 1266 790 1298 rebus,
811 1265 892 1305 quod
903 1265 1028 1306 dignum
1042 1267 1148 1299 libero,
1191 1278 1260 1308 pere
1281 1269 1450 1308 curiosb'rum
1469 1281 1480 1297 .·
1501 1280 1551 1300 Du
1564 1281 1582 1300 c
1594 1281 1606 1300 ι
1628 1271 1701 1302 vero
1719 1274 1870 1312 majorum
1891 1284 1989 1304 rerum
2009 1285 2148 1306 contem-

201 1318 251 1339 aut
269 1309 428 1349 indignum
449 1305 507 1337 ess‘c
525 1307 689 1336 ducamus?
707 1316 768 1336 non
780 1308 839 1335 odio
850 1307 945 1347 dignos
954 1308 1056 1337 multos
1062 1315 1152 1351 pura·
1190 1310 1322 1349 platione
1332 1311 1367 1340 ad
1384 1311 1576 1351 cupiditatem
1590 1313 1718 1343 scientiae
1729 1334 1736 1347 ‚
1750 1315 1941 1345 summorum
1951 1318 2086 1346 virorum
2097 1315 2142 1347 est

202 1359 265 1379 mm
277 1369 287 1383 ‚
307 1352 359 1390 qui
377 1349 507 1389 quodam
523 1357 609 1380 motu
626 1357 674 1377 aut
686 1347 758 1377 statu
770 1348 911 1378 videntur
920 1350 1028 1379 naturae
1039 1351 1148 1391 legem,
1189 1351 1467 1393 putandum.Qiem
1480 1356 1560 1384 enim
1575 1355 1710 1385 ardorem
1723 1355 1810 1386 studii
1821 1358 1945 1386 censetis
1956 1356 2043 1387 fuiss'e
2054 1361 2145 1388 inAr-
2168 1362 2210 1394 ¹9

202 1393 236 1421 &
255 1392 381 1421 modurn
401 1388 596 1420 contemsifl‘e.
621 1392 634 1416 5
650 1392 688 1418 Et
701 1408 709 1422 ‚
729 1392 875 1428 quoniam
889 1391 951 1420 haec
961 1391 1150 1422 deducuntur
1188 1393 1327 1423 chimede
1338 1413 1346 1426 ‚
1366 1396 1418 1434 qui
1428 1394 1502 1424 dum
1513 1397 1543 1424 in
1558 1397 1678 1435 pulvere
1689 1397 1824 1437 quaedam
1837 1398 1979 1428 describit
1988 1399 2144 1433 attentius7

203 1433 240 1463 de
259 1441 382 1471 corpore
391 1451 400 1464 ‚
418 1430 490 1470 quid
509 1430 552 1459 est
562 1450 570 1462 ,
589 1439 641 1459 cur
650 1439 713 1459 non
725 1429 803 1459 ῑεᾶἐ
816 1431 975 1470 pulcritudo
985 1433 1075 1462 etiarn
1088 1435 1096 1461 i
1100 1434 1149 1472 psa
1186 1444 1218 1462 ne
1222 1435 1349 1475 patriam
1359 1435 1471 1476 quidem
1482 1444 1593 1477 capram
1602 1437 1767 1477 effesenserit
1781 1444 1791 1465 3
1811 1449 1956 1479 quantum
1967 1440 2142 1471 Aristoxeni

199 1482 320 1514 propter
338 1470 695 1511 set-xpetendaducatui·?
716 1481 787 1500 narn
801 1470 1004 1510 fipravitatem
1018 1493 1026 1506 ,
1042 1475 1144 1503 immi·
1187 1477 1342 1516 ingenium
1361 1477 1556 1507 consumtum
1577 1479 1716 1508 videmus
1739 1484 1771 1509 in
1796 1479 1937 1511 musicis?
1956 1491 2017 1521 quo
2041 1481 2142 1512 studio

198 1517 419 1553 nutionemque
437 1512 569 1551 corporis
587 1520 733 1556 &propter
753 1512 782 1541 se
804 1511 978 1556 fugiendam
997 1523 1148 1552 putamus:
1185 1516 1416 1556 Aristophanem
1426 1527 1567 1557 putamus
1578 1529 1695 1550 aetatem
1706 1522 1739 1550 in
1753 1521 1858 1550 litteris
1870 1521 1986 1551 duxisse
1999 1523 2094 1562 ?quid
2106 1524 2144 1553 de

194 1565 249 1586 cur
260 1565 324 1585 non
334 1557 422 1584 etiam
436 1574 445 1587 ,
463 1564 495 1584 ac
504 1552 620 1583 fortasse
630 1555 724 1594 magis
735 1572 744 1586 ,
765 1562 885 1593 propter
895 1554 921 1583 se
931 1556 1038 1584 tormae
1049 1555 1148 1596 digni·
1187 1559 1346 1597 Pythagora
1358 1561 1369 1587 ?
1396 1559 1467 1599 quid
1487 1559 1523 1588 de
1544 1561 1668 1590 Platone
1680 1581 1689 1593 ‚
1712 1570 1762 1591 aut
1781 1564 1961 1592 Democrito
1981 1563 2105 1603 loquar,
2127 1566 2143 1594 ξι

195 1606 284 1627 tatem
301 1596 480 1637 sequamur?
499 1595 551 1628 &‚
575 1593 595 1623 fi
614 1594 833 1634 turpitudinem
851 1594 1001 1636 fugiamus
1020 1598 1052 1626 in
1062 1596 1145 1632 statu,
1188 1599 1297 1638 quibus
1315 1609 1433 1639 propter
1448 1599 1569 1639 dist-endi
1577 1601 1766 1642 cupiditatem
1777 1603 1915 1632 videmus
1925 1604 2045 1634 ultimas
2056 1613 2145 1635 terras

196 1638 232 1668 &
254 1646 340 1668 motu
361 1638 494 1677 corporis
506 1649 515 1671 3
532 1635 604 1677 quid
613 1635 655 1666 est
666 1655 675 1669 ,
693 1645 744 1666 cur
760 1636 1015 1676 pulchritudinem
1028 1648 1091 1668 non
1103 1640 1147 1669 se·
1188 1638 1244 1669 effe
1254 1649 1416 1681 peragratas
1425 1643 1436 1670 ?
1445 1651 1510 1681 quae
1518 1644 1570 1682 qui
1581 1653 1643 1672 non
1653 1643 1757 1673 vident
1767 1663 1775 1676 ‚
1790 1644 1866 1673 nihil
1878 1654 2022 1684 umquam
2036 1655 2145 1687 magna

192 1689 321 1721 quamur
341 1682 351 1708 ?
372 1688 460 1720 atque
485 1681 576 1708 etiam
597 1678 796 1707 valitudinem
810 1697 819 1712 ‚
839 1680 947 1712 vireis,
968 1681 1146 1711 vacuitatem
1186 1683 1362 1722 cognitione
1373 1682 1500 1723 dignum
1510 1693 1695 1714 amaverunt.
1718 1688 1815 1725 Atque
1827 1687 1885 1715 hoc
1898 1686 1966 1716 loco
1979 1707 1987 1719 ‚
2008 1689 2144 1727 quipro-

192 1721 308 1751 doloris
333 1730 397 1750 non
414 1728 534 1760 propter
550 1719 709 1749 utilitatem
732 1719 833 1749 solum
845 1739 854 1753 ‚
871 1718 887 1739 ⁶
903 1719 952 1750 sed
970 1722 1060 1751 etiam
1073 1723 1146 1761 ipsas
1186 1733 1251 1762 pter
1261 1724 1356 1753 animi
1367 1726 1534 1764 voluptates
1543 1725 1603 1755 coli
1615 1725 1720 1755 dicunt
1730 1726 1863 1757 eastudia
1874 1746 1881 1760 ‚
1904 1737 1969 1767 quae
1981 1727 2047 1757 dixi
2057 1738 2144 1762 ,non

192 1762 350 1803 propterse
359 1770 546 1801 expetemus.
568 1762 715 1801 quoniam
725 1763 809 1790 enim
821 1770 922 1791 natura
933 1762 991 1791 suis
1002 1764 1147 1794 omnibus
1187 1765 1361 1805 intelligunt
1389 1765 1501 1796 idcirco
1529 1765 1588 1796 effe
1610 1777 1642 1797 ea
1658 1776 1777 1807 propter
1797 1768 1824 1798 se
1842 1768 2024 1807 expetenda,
2043 1769 2138 1810 quod,

191 1805 308 1844 expleri
322 1804 454 1843 partibus
473 1802 538 1832 vult
550 1821 560 1836 ‚
581 1804 661 1832 hunc
681 1801 788 1832 statum
799 1804 931 1842 corporis
948 1812 999 1842 per
1009 1804 1144 1844 seipsum
1186 1809 1212 1825 ¹¹
1226 1807 1308 1836 nulla
1329 1807 1454 1836 utilitate
1474 1807 1609 1845 objeci-a,
1629 1808 1816 1838 delestentur
1836 1811 1951 1842 animi,
1972 1818 2060 1851 atque
2078 1812 2142 1853 ips‘a

194 1847 326 1885 expetit,
349 1847 402 1885 qui
422 1843 465 1874 est
483 1843 617 1873 maxime
637 1843 654 1873 ὲ
671 1852 772 1873 natura
785 1854 789 1872 :
802 1853 868 1883 quae
878 1852 940 1873 tota
947 1845 1144 1883 perturbatur,
1181 1847 1321 1886 scientia,
1345 1848 1432 1876 etiam
1446 1848 1476 1888 fi
1490 1850 1702 1878 “incommoda
1714 1850 1818 1879 datura
1831 1850 1890 1890 fit,
1906 1851 2060 1891 gaudeant.
2082 1853 2141 1883 Sed

129 1903 144 1929 1
156 1897 172 1929 3
195 1885 217 1916 fi
238 1896 287 1917 aut
297 1896 407 1928 aegrum
417 1895 524 1925 corpus
535 1884 578 1915 est
586 1904 595 1918 ‚
615 1893 663 1914 aut
672 1883 753 1914 dolet
763 1904 771 1918 ‚
797 1894 846 1914 aut
854 1894 931 1915 caret
939 1885 1066 1915 viribus.
1090 1889 1145 1917 Vi·
1184 1887 1256 1928 quid
1267 1890 1371 1918 attinet
1382 1889 1516 1919 derebus
1528 1899 1586 1920 tarn
1595 1893 1701 1930 apertis
1711 1892 1796 1930 plura
1806 1894 1952 1932 requirere
1965 1896 1975 1921 ?
1993 1892 2046 1933 ipfi
2055 1897 2139 1924 enim

193 1928 317 1959 deamus
328 1928 419 1956 animi
427 1934 538 1969 parre53
556 1936 681 1967 quarum
700 1925 743 1956 est
751 1925 1053 1966 adspeousiuustrior
1063 1939 1067 1957 :
1079 1938 1144 1970 quae
1185 1939 1350 1969 quaeramus
1370 1929 1385 1959 ὲ
1405 1930 1493 1959 nobis
1504 1950 1512 1964 ‚
1533 1930 1684 1962 stellarum
1697 1941 1799 1962 motus
1810 1935 2140 1975 contemplationesque

189 1980 252 2010 quo
280 1970 349 2000 sunt
373 1967 547 1999 excelsiores
566 1988 575 2001 ‚
599 1977 636 1998 eo
658 1967 730 1998 dant
747 1968 870 1999 clariora
889 1968 1000 1999 indicia
1021 1979 1144 2000 naturae⁵
1185 1979 1283 2000 retum
1298 1970 1489 2005 coelestium,
1509 1982 1677 2013 eorumque
1698 1976 1859 2008 omnium,
1881 1985 1946 2016 quae
1960 1985 2070 2007 naturae
2081 1978 2139 2007 ob-

188 2014 305 2042 Tantus
322 2010 365 2042 est
384 2013 472 2052 igitur
489 2012 634 2040 7innatus
648 2011 680 2039 in
692 2009 780 2039 nobis
791 2011 975 2049 cognitionis
987 2021 1073 2041 arnor
1086 2032 1095 2046 ,
1111 2012 1143 2042 δε
1184 2012 1318 2042 scuritate
1337 2014 1524 2043 occultantur
1535 2033 1543 2046 ‚
1565 2016 1773 2055 cognitiones,
1800 2017 2059 2056 quemadmodum
2080 2028 2138 2048 nos

188 2054 337 2086 scientiae,
357 2062 390 2083 ut
400 2062 493 2082 nemo
502 2051 638 2081 dubitare
654 2050 741 2091 possit
751 2071 760 2084 ‚
779 2053 854 2091 quin
872 2051 907 2081 ad
918 2061 964 2082 eas
975 2062 1020 2082 res
1042 2054 1143 2083 homi·
1185 2063 1325 2083 moveant
1339 2065 1345 2083 ;
1357 2054 1470 2095 &quid
1482 2054 1594 2090 h1storia
1605 2054 1719 2084 detester
1729 2076 1737 2090 ‚
1757 2067 1845 2097 quam
1861 2059 1992 2088 solemus
2000 2060 2138 2100 persequi

187 2104 263 2125 num
285 2104 389 2125 natura
399 2094 485 2123 nullo
495 2093 707 2123 emolumento
718 2094 841 2123 invitata
849 2095 984 2132 rapiatur.
1010 2096 1037 2123 V
1051 2104 1062 2123 1
1077 2105 1096 2124 n
1107 2105 1142 2124 ε-
1182 2096 1273 2135 usque
1282 2095 1316 2125 ad
1325 2105 1496 2126 exrremum
1510 2107 1515 2124 :
1537 2096 1726 2135 praetermiss'a
1737 2100 1910 2138 repetimus,
1923 2101 2059 2131 inchoata
2068 2111 2136 2140 per-

188 2146 276 2166 Μῦς
290 2146 344 2166 NE
365 2156 373 2169 ‚
401 2144 434 2165 ut
457 2136 539 2174 pueri
571 2144 608 2164 ne
633 2133 806 2164 verberibus
826 2134 950 2175 quidem
969 2134 986 2165 a
1004 2145 1142 2166 contem·
1180 2137 1342 2177 sequimur.
1366 2140 1432 2167 Nec
1452 2137 1523 2167 vero
1534 2138 1721 2169 suminscius
1734 2159 1742 2172 ‚
1763 2138 1821 2170 effe
1832 2142 2136 2172 utilitateminhisto-

185 2178 307 2217 plaudis
322 2177 409 2207 rebus
420 2196 428 2210 ‚
448 2175 710 2216 perquirendisque
721 2175 946 2206 deterreantur?
970 2175 1083 2216 utpulfi
1095 2188 1141 2207 re·
1181 2179 1222 2207 ria
1234 2198 1242 2211 ‚
1262 2188 1326 2208 nori
1346 2178 1439 2208 modo
1449 2179 1647 2218 voluptatem.
1667 2180 1749 2220 Qiid
1760 2201 1768 2214 ‚
1788 2181 1860 2211 cum
1876 2180 1957 2213 fictas
1966 2183 2079 2214 fabulas
2090 2203 2098 2218 ‚
2115 2183 2133 2214 ὲ

186 2221 306 2259 quirant
317 2240 325 2252 ‚
351 2219 382 2248 &
401 2218 515 2259 aliquid
537 2218 608 2247 scire
618 2217 646 2246 se
655 2217 822 2258 gaudeant?
843 2227 873 2247 ut
887 2218 954 2248 aliis
964 2227 1081 2249 narrare
1089 2229 1140 2260 ge-
1182 2220 1291 2260 quibus
1304 2224 1330 2247 ¹3
1343 2221 1454 2250 utilitas
1464 2221 1546 2251 nulla
1556 2221 1623 2251 duci
1636 2221 1815 2261 potest‚cum
1826 2224 1976 2264 voluptate
1989 2226 2134 2264 legimus?

184 2261 295 2290 strant?
316 2271 348 2290 ut
369 2269 497 2300 pompa,
516 2258 595 2288 ludis
608 2278 616 2292 ‚
636 2267 723 2298 atque
745 2259 892 2297 ejusmodi
917 2258 1086 2298 speetaculis
1097 2270 1139 2291 te·
1177 2261 1270 2301 quid,
1291 2260 1361 2291 cum
1383 2262 1526 2292 volumus
1543 2265 1670 2293 nomina
1687 2273 1814 2298 eorum,
1835 2266 1968 2306 quiquid
1979 2265 2133 2307 gofferi'nr,

185 2311 313 2332 neantur
323 2322 332 2336 ‚
361 2302 401 2332 ob
421 2310 545 2341 eamque
556 2310 621 2330 rem
633 2299 801 2331 velfamem
813 2320 822 2334 ,
845 2300 877 2330 &
887 2299 966 2333 sitim
976 2301 1137 2341 perferant?
1151 2313 1155 2342 s
1178 2311 1250 2333 nota
1267 2303 1356 2334 nobis
1366 2302 1424 2334 effe
1434 2323 1443 2338 ‚
1461 2306 1608 2344 parenteis
1621 2324 1630 2339 ‚
1648 2306 1774 2345 patriam
1785 2325 1794 2339 ‚
1816 2307 1912 2337 multa
1921 2317 2058 2347 praeterea
2069 2310 2131 2338 rni-

1187 2386 1189 2389 .
2041 2351 2131 2382 nimo

222 2414 245 2431 1.
264 2409 324 2440 ‘JQm
333 2407 408 2438 explet
426 2407 485 2430 bona
502 2412 594 2431 nature
611 2407 748 2439 voluptas.)
769 2409 905 2431 sententia
924 2406 1033 2441 politior
1044 2413 1135 2433 lutura
1204 2416 1234 2441 7.
1253 2412 1356 2433 Innatus
1367 2413 1392 2433 in
1403 2411 1464 2434 noim
1475 2412 1573 2443 cogam]
1596 2411 1635 2435 lta
1647 2409 1794 2441 Victorius,
1805 2411 1841 2436 ita
1853 2409 1920 2436 i‘aii.
1932 2418 2005 2436 omn.
2025 2410 2127 2447 vulgati

182 2440 301 2472 videtur,
312 2441 397 2474 ejecto
407 2442 527 2472 voluptas.
547 2441 583 2467 est
594 2449 680 2467 tamen
690 2441 717 2467 in
732 2440 797 2467 Pali.
808 2440 942 2467 omnibus.
1169 2446 1194 2468 in
1204 2445 1320 2474 omnihus,
1331 2444 1401 2479 qnod
1414 2444 1574 2470 falsissimum
1585 2445 1631 2471 est.

219 2485 247 2502 2.
265 2477 353 2502 Idcirco
362 2479 387 2501 in
396 2477 431 2502 hie
441 2477 789 2510 rebussumma‚nqstrasponre
797 2477 957 2511 moveamur]
969 2478 1032 2503 Non
1043 2476 1134 2512 displi-
1207 2478 1233 2504 8.
1253 2481 1376 2513 Agnoscere
1394 2481 1506 2513 tantun]
1528 2480 1571 2506 Sic
1582 2480 1660 2506 malui
1673 2480 1811 2506 cum—Pali.
1831 2481 1860 2506 δε
1879 2489 1943 2507 vett.
1965 2480 2026 2507 cdd.
2047 2491 2128 2517 quain

182 2519 224 2538 eet
235 2512 305 2547 quod
317 2512 351 2538 est
362 2512 388 2537 in
401 2511 472 2537 Aldo
483 2512 554 2547 Nep.
565 2520 695 2538 nro-reatum
716 2513 742 2538 &
754 2513 792 2538 ita
800 2513 864 2539 alias
876 2513 975 2538 lenum
988 2514 1133 2545 veteribus,
1170 2515 1305 2548 cogmfiere,
1315 2516 1353 2542 uti
1364 2525 1396 2542 ex
1410 2526 1462 2543 uno
1473 2515 1520 2542 ms.
1532 2517 1642 2543 Ursinus
1654 2527 1660 2544 ι
1673 2515 1744 2551 quod
1755 2517 1838 2543 miror
1847 2516 1958 2552 potuiss'e
1969 2517 2055 2544 eidem
2065 2518 2126 2554 pla-

181 2548 281 2581 colligo
291 2557 322 2573 ex
336 2554 396 2573 nota
408 2547 547 2582 marginali
560 2548 615 2574 Pal.
635 2547 734 2584 quarti.
753 2547 790 2573 ibi
802 2549 871 2575 enim
891 2546 1049 2584 adscriptum
1063 2568 1071 2581 ,
1092 2550 1131 2576 vel
1168 2559 1237 2576 cere.

181 2593 326 2609 moveamur.
347 2582 469 2614 ridicule,
479 2584 540 2609 cum
551 2583 588 2610 ita
598 2583 715 2618 alioquin
727 2583 790 2610 esset
800 2584 825 2610 iii
837 2592 963 2611 contextu
976 2595 981 2611 :
1004 2583 1046 2610 sed
1056 2584 1131 2611 aber·
1205 2594 1234 2620 9.
1254 2588 1392 2621 clademque
1402 2588 1536 2623 canemus]
1557 2586 1692 2614 Viffiorius
1712 2587 1817 2623 quidem
1835 2595 1939 2614 renerum
1954 2599 1960 2614 1
1977 2587 2020 2614 sed
2031 2596 2125 2617 conti-:1

179 2621 249 2646 ravit
258 2620 354 2645 dextra
364 2618 464 2645 librarii
478 2638 485 2650 ,
497 2619 633 2655 voluitque
643 2619 789 2655 expressum
801 2628 923 2645 moveatur
933 2631 938 2644 .-
948 2629 1001 2655 quo
1011 2621 1130 2653 adruiss‘o,
1169 2621 1229 2647 edd.
1241 2624 1341 2658 priores
1353 2643 1361 2655 ‚
1371 2623 1512 2658 omnesque
1524 2623 1579 2650 mss.
1593 2624 1692 2650 nostros
1705 2643 1712 2655 ,
1723 2633 1836 2658 quorum
1847 2623 1900 2650 duo
1913 2643 1921 2656 ,
1931 2632 2038 2659 quartus
2050 2624 2123 2651 scili·

179 2654 248 2681 belle
261 2655 317 2681 heic
329 2654 468 2690 quadrabit
477 2653 656 2689 illudsumma‚
668 2663 792 2681 vexatum
804 2656 830 2681 &
842 2655 974 2683 Lambiuo
987 2675 995 2687 ,
1006 2657 1031 2681 &
1047 2658 1131 2684 Bruto
1166 2666 1210 2684 cet
1219 2667 1248 2683 :ic
1259 2657 1360 2691 sextus,
1370 2659 1465 2685 habent
1476 2666 1600 2695 praeterea
1611 2669 1662 2686 non
1674 2660 1722 2685 Nos
1733 2678 1741 2690 ‚
1754 2658 1795 2685 sed
1805 2662 1901 2695 ‘bonnm
1924 2659 1994 2696 quod
2004 2660 2124 2687 arbitroi·

176 2690 297 2726 aliisque.
1169 2693 1339 2720 veriffimuni.
1359 2704 1444 2730 neque
1464 2703 1607 2721 memoret
1627 2694 2000 2730 quodnilnltaleflomerus:
2022 2697 2127 2724 Cicero

221 2736 248 2763 3.
269 2728 333 2760 Ursi
347 2735 396 2760 qua
413 2729 438 2752 in
457 2726 588 2760 membris]
610 2725 676 2752 Pali.
688 2734 802 2762 quatuor
814 2745 822 2758 ‚
835 2728 914 2761 siqua
923 2737 971 2761 quae
979 2730 1005 2753 in
1014 2730 1130 2755 membres.
1149 2722 1152 2759 Ι
1167 2729 1236 2756 enim
1247 2729 1362 2756 attendit
1373 2739 1529 2766 argumento
1541 2730 1596 2757 suo.

197 2771 287 2790 uartus
303 2763 365 2788 vero
379 2781 388 2794 ‚
405 2770 431 2787 ut
440 2764 507 2797 quast
513 2772 562 2797 qux
569 2766 595 2788 in
605 2765 699 2788 membr.
720 2772 802 2790 miror
811 2763 838 2789 in
858 2761 985 2790 sententia
997 2772 1048 2790 tam
1060 2764 1129 2791 clara
1148 2760 1151 2824 ι
1209 2773 1249 2791 ιο.
1270 2769 1354 2799 Regum
1362 2767 1484 2800 vestigia]
1498 2767 1532 2793 Et
1543 2766 1592 2793 hoc
1602 2775 1707 2802 quoque
1717 2767 1809 2798 malui,
1820 2766 1871 2793 fide
1882 2767 1999 2793 omnium
2012 2767 2079 2794 1³:11.
2089 2768 2121 2794 δε

178 2770 369 2825 Ξὲνει-Πτειιεω.
1166 2799 1312 2827 editio-mm
1326 2809 1391 2828 vett.
1403 2801 1549 2834 Victorius,
1560 2803 1587 2828 δε
1597 2802 1667 2838 seqq.
1678 2812 1775 2834 rerum3
1794 2802 1856 2829 dum
1869 2803 1980 2831 nimium
1990 2803 2122 2832 inhaerent

213 2841 242 2866 4.
260 2835 343 2867 Qid?
360 2837 386 2859 in
395 2840 455 2859 motu
463 2833 492 2864 ὃς·
503 2835 572 2866 stam
581 2835 677 2867 corporis
687 2836 774 2860 nihilne
783 2837 817 2859 eft·
828 2853 836 2866 ‚
845 2835 916 2868 quod,
925 2834 990 2869 (lya-r]
1008 2835 1052 2861 sic
1062 2835 1127 2862 Aldi
1148 2832 1151 2868 ἰ
1169 2836 1254 2862 verbis
1269 2838 1392 2864 Homeri.

178 2876 254 2896 vetus
264 2869 405 2906 impressio.
425 2873 484 2896 nain
498 2869 601 2903 junior,
611 2872 747 2895 nihilincesst‘.
768 2869 838 2895 ViSt.
850 2870 1029 2905 publicaverat
1042 2880 1128 2904 ‚cxpe-
1147 2889 1149 2900 ,
1208 2881 1248 2898 ii.
1267 2875 1347 2908 Quia
1364 2875 1581 2907 utilitatcolgy'ctva,
1600 2874 1740 2899 delessemur
1758 2875 1860 2909 animis]
1879 2875 1943 2901 Non
1954 2875 2119 2903 esttamen·-

179 2906 358 2939 tarur‚quodin
368 2912 428 2931 motu
436 2906 536 2937 &statu
546 2907 643 2938 corporis
652 2908 764 2931 nihilnon
774 2908 808 2931 et?
816 2906 877 2939 qnod
885 2915 892 2934 ς
926 2907 1040 2933 uomodo
1051 2907 1126 2942 plane
1147 2907 1148 2919 ¹
1166 2907 1233 2934 rium
1246 2909 1317 2945 quod
1339 2919 1389 2935 vox
1409 2911 1494 2944 oly‘et‘ra
1506 2929 1514 2942 ,
1533 2919 1584 2937 non
1595 2909 1720 2936 habeatur
1737 2910 1843 2937 iiil‘all.
1856 2919 1961 2946 quarte.
1982 2910 2067 2938 forsan
2078 2912 2118 2939 eii:

178 2939 237 2966 Pal.
247 2949 334 2976 quai-t.
353 2941 398 2967 nisi
410 2940 480 2976 quod
489 2941 595 2968 inchoet
607 2950 699 2968 nomn
711 2941 846 2977 periodum
859 2941 890 2967 ab
901 2915 949 2967 iilo
960 2943 1035 2974 Qod.
1046 2947 1126 2970 ceteri
1146 2948 1147 2973 l
1165 2947 1343 2979 meeis-'gaecom

179 2975 259 3002 nostri
270 2976 421 3012 exprimunt
433 2995 441 3008 ‚
460 2977 521 3011 quod
527 2980 553 3002 in
562 2984 623 3002 motu
632 2978 659 3007 (ἶ)
666 2980 730 3009 statu
740 2978 835 3010 emporis
844 2979 972 3003 nihilinefl
980 2979 1050 3013 quod.
1057 2988 1124 3014 proe-
1145 2979 1146 2992 ³
1202 2989 1210 3005 i
1218 2989 1232 3005 2
1240 3001 1246 3006 .
1263 2981 1405 3007 Incommoda
1414 2982 1503 3006 datura
1506 2981 1565 3016 sies]
1579 2981 1722 3009 Lambinus
1734 3000 1743 3013 ‚
1755 2982 1999 3016 incommodatur-aſse,
2009 2992 2043 3010 ex
2054 2982 2117 3010 mli:

177 3018 220 3037 ter
229 3010 278 3037 sec.
287 3012 332 3046 qui
341 3010 492 3038 destituitur
501 3013 567 3044 illis,
576 3014 637 3048 quod
643 3016 668 3038 in
679 3022 738 3038 motu
747 3014 846 3045 &statu
856 3014 962 3043 coa-parit.
1142 2996 1146 3037 i
1162 3024 1213 3041 non
1227 3016 1304 3042 male.
1326 3017 1404 3042 nostri
1417 3024 1503 3042 tamen
1515 3016 1648 3044 mordicus
1657 3018 1776 3044 retinent
1787 3019 1922 3053 vulgatum
1930 3038 1937 3044 .

215 3056 241 3080 5.
260 3050 294 3073 Et
302 3049 409 3081 quoniam
418 3049 462 3072 haec
479 3048 625 3074 deducuntur
635 3049 659 3074 de
677 3049 791 3083 torpore]
813 3050 855 3075 Sic
867 3048 931 3075 Aldi
944 3057 1017 3077 vetus
1027 3049 1122 3083 editio,
1143 3038 1146 3076 Ι
1202 3059 1242 3086 ¹3·
1264 3054 1359 3077 Utilitas·
1368 3055 1431 3078 nulla
1441 3053 1519 3087 duan]
1541 3053 1584 3079 Sic
1591 3053 1653 3079 cdd.
1664 3053 1767 3089 priscae:
1785 3053 1906 3087 juniores
1915 3054 1986 3081 enim
1997 3054 2043 3080 dici
2053 3073 2061 3085 ,
2072 3053 2118 3080 std'

175 3082 210 3109 sic
221 3082 288 3108 Pali.
298 3091 371 3108 omn.
382 3081 477 3108 exinde
488 3083 550 3115 cufi,
560 3085 689 3110 eluccmriir.
1141 3089 1144 3130 (Ι
1161 3086 1250 3122 inepte
1262 3107 1269 3119 ‚
1286 3089 1404 3122 quamvis
1426 3088 1458 3114 fic
1471 3097 1573 3124 quoque
1591 3089 1694 3125 aliquot
1704 3089 1772 3116 Pali.
1792 3099 1904 3125 quoi-uni
1926 3090 1952 3115 δι’
1964 3099 2031 3116 unus
2050 3093 2118 3120 elici,

210 3119 238 3144 6.
257 3118 576 3151 Sedetiamipstepropterse
585 3120 740 3154 expetamus]
763 3120 806 3147 13st
818 3121 831 3146 Ξι
842 3120 975 3157 vieini-io,
986 3132 1069 3159 neque
1080 3132 1121 3151 rc·
1141 3139 1144 3177 Ι
1160 3159 1169 3188 1
1182 3122 1232 3148 uod
1244 3123 1333 3149 malim
1346 3143 1354 3155 ,
1365 3123 1412 3151 nisi
1422 3123 1565 3151 arbitrarer
1574 3125 1622 3151 dici
1630 3134 1721 3154 natum
1731 3134 1764 3154 ex
1776 3126 1829 3154 duci
1839 3145 1848 3161 ‚
1868 3125 1938 3162 quod
1949 3126 2058 3154 omnino
2069 3133 2115 3150 re.-

172 3151 270 3184 cedunt
278 3153 346 3184 Pau.
357 3153 458 3191 vulgati
466 3163 514 3191 per
523 3154 761 3192 interrogationem
772 3162 928 3192 expetamus?
1184 3165 1211 3188 sit
1219 3159 1245 3188 in
1258 3167 1362 3197 quarto.

918 3196 927 3198 ”
1444 3197 1608 3234 thiq‘iq
1626 3206 1643 3234 3
1999 3205 2024 3224 ³·
2034 3195 2117 3225 52²3?-
