2297 3389
13 3115 18 3122 -
0 3044 22 3096 εἷο
0 3007 23 3023 fr
9 2903 25 2981 ‚aa
0 2867 22 2885 ²]-2

742 103 870 147 Lrn.
905 103 970 148 ΙΙ.

164 194 198 220 ae
215 193 414 219 monumenta
427 183 589 215 furtorum.
621 183 682 212 Aut
698 181 756 212 hoc
771 181 934 212 contendat
950 190 1122 221 numquam

166 230 226 260 effe
238 229 367 260 faSAEum:
385 232 395 247 ¹
407 236 455 258 aut
464 227 568 256 omnia
580 224 635 253 tela
658 224 787 262 excipiat
805 221 920 252 neceffe
937 221 989 251 est.
1025 225 1123 263 Negas

167 270 226 302 effe
243 270 354 300 suffitum
368 272 379 298 ?
391 269 484 309 placet
499 267 579 295 mihi
594 264 647 295 ista
666 263 814 294 defensio:
830 263 989 293 descendo.
1013 267 1027 281 ²
1038 273 1123 303 aequa

166 314 253 342 enim
264 311 397 341 conditio
406 329 415 343 ‚
437 317 558 348 aequum
577 315 726 336 certamen
746 307 933 345 proponitur.
957 304 1121 343 producam

165 353 260 389 testea,
272 353 304 381 &
312 350 473 391 producam
484 349 594 388 plureis
604 348 712 377 eodem
725 356 858 386 tempore
869 347 1034 386 :quoniam
1045 354 1120 378 tum,

167 395 239 426 cum
251 393 348 423 astum
358 391 410 425 est,
423 391 482 421 una
491 389 612 419 fuerunt
623 399 629 418 :
640 392 653 416 3
666 399 746 418 nunc
756 398 876 428 quoque
886 388 945 416 una
955 387 1024 416 sunt
1034 396 1039 414 z
1051 384 1124 415 curn

165 433 424 474 interrogabuntur
434 453 443 465 ,
452 431 624 471 obligentur
635 440 699 460 non
709 429 808 460 solum
821 427 1001 467 jurisjurandi
1014 448 1021 460 ,
1036 436 1123 467 atque

165 474 373 512 extstimationis
379 473 513 515 periculo,
530 473 578 503 sed
588 474 678 502 etiam
688 473 849 502 communi
859 479 937 500 inter
947 470 975 499 se
989 469 1123 507 confiien-

164 518 220 546 tia.
241 519 270 546 Si
279 516 403 555 planum
415 513 447 544 fit
457 535 466 548 ,
486 515 545 544 hoc
555 516 594 545 ita
604 534 612 547 ‚
629 513 890 554 quemadmodum
901 511 970 541 dico
981 530 989 544 ‚
1010 509 1067 539 effe
1077 509 1124 540 fa-

164 557 249 587 &um
262 569 271 590 3
284 567 357 586 num
368 559 479 597 poteris
487 556 594 589 dicere,
608 553 759 587 Hortensi,
771 555 847 583 nihil
859 556 892 583 in
902 552 964 582 istis
972 550 1060 581 fmss'e
1071 552 1123 580 lit-

139 607 145 616 *
168 598 330 639 teris,quod
341 601 465 628 Verrem
476 597 613 627 laederet?
624 607 689 626 non
700 595 794 626 modo
805 595 835 625 id
846 605 911 625 non
921 595 1012 626 dices,
1024 592 1072 622 sed
1082 602 1121 622 ne

166 639 241 670 illud
249 640 372 680 quidem
383 639 438 669 tibi
446 639 544 669 dicere
554 639 656 668 licebit
666 650 675 672 3
697 647 813 668 tantum
825 658 833 670 ,
852 645 998 677 quantum
1009 644 1064 674 ego
1075 634 1122 663 di-

167 691 243 715 cam,
255 691 318 710 non
327 679 422 710 fuifl'e.
444 691 514 722 ergo
525 682 582 710 hoc
591 679 688 710 vestro
695 677 822 709 consilio
834 699 843 711 ,
857 679 889 707 δε
901 679 987 718 gratia
996 675 1122 715 perfeci-

166 722 218 753 stis
228 742 237 757 ,
249 731 282 752 ut
291 742 300 756 ,
312 722 571 763 quemadmodum
579 721 681 761 paullo
692 720 761 750 ante
771 720 858 752 dixi,
874 719 907 748 ὅτ,
918 719 994 747 mihi
1005 717 1123 746 summa

165 763 286 795 facultas
296 765 331 794 ad
341 763 536 794 accusandum
551 763 683 796 daretur,
697 761 886 801 &judicibus
895 760 985 789 libera
995 758 1122 798 potestas

106 811 147 846 73
167 805 203 837 ad
213 805 405 836 credendum.
429 805 517 845 Qod
529 803 600 834 cum
612 805 652 833 ita
659 803 702 837 sit,
715 803 793 832 nihil
803 801 914 842 fingam
925 811 1038 831 tamen.
1056 810 1122 829 me-

168 849 287 878 minero
299 867 307 880 ,
323 857 372 876 me
384 856 447 876 non
457 843 584 876 sumfiss'e
593 865 601 879 ,
625 855 708 886 quem
719 844 877 883 accusarem
887 854 898 870 .·
912 842 960 872 sed
972 840 1120 881 recepiffe,

167 899 236 930 quos
249 888 412 927 defenderem
422 900 434 916 .·
446 897 500 918 vos
510 897 548 917 ex
560 897 608 916 me
617 887 732 917 causam
745 896 808 915 non
817 886 833 915 a
843 895 893 914 me
902 884 1060 924 prolatam,
1073 882 1122 912 sed

168 931 204 960 ad
216 940 264 959 me
275 929 413 963 delatam,
424 929 523 958 audire
534 937 669 968 oportere
681 938 686 956 :
702 938 751 957 me
762 927 869 957 Siculis
880 927 945 956 satis
956 924 1014 954 effe
1026 923 1122 954 faetu-

166 981 247 1004 rum,
255 969 365 1010 fi‚-quae
374 973 504 1011 cognovi
516 972 547 999 in
556 970 667 1003 Sicilia,
677 980 741 1010 quae
752 971 851 1008 accepi
861 968 897 997 ab
908 966 1122 1007 ipfi5,diligen-

167 1021 211 1043 ter
220 1012 384 1052 exposuero
397 1023 402 1040 :
421 1012 534 1052 populo
550 1014 589 1041 R.
605 1015 623 1037 4
633 1010 653 1040 fi
663 1011 776 1040 nullius
786 1012 849 1039 vim
860 1029 869 1043 ,
891 1009 1004 1040 nullius
1014 1017 1121 1047 poten-

167 1055 239 1085 tiam
254 1054 453 1092 pertimuero:
476 1053 580 1086 vobis,
603 1051 624 1082 fi
641 1052 811 1082 facultatem
820 1050 889 1081 vere
901 1060 985 1091 atque
995 1048 1119 1079 honeste

166 1094 336 1136 judicandi,
349 1093 406 1124 fide
416 1114 424 1128 ‚
438 1095 470 1124 &
481 1095 636 1136 diligentia
645 1104 710 1124 mea
720 1093 818 1123 fecero
831 1104 836 1122 ;
859 1096 872 1119 5
881 1093 1023 1121 mihimet
1031 1111 1039 1124 ,
1052 1089 1072 1119 si
1082 1100 1121 1119 ne

165 1138 334 1167 minimum
343 1135 467 1176 quidem
477 1136 513 1165 de
524 1146 560 1165 eo
569 1137 717 1166 curriculo
728 1137 796 1165 vitae
805 1155 813 1168 ,
826 1134 907 1176 quod
919 1134 998 1163 mihi
1007 1133 1122 1171 semper

167 1176 349 1219 propositum
359 1177 428 1210 fuit,
441 1176 600 1208 deceffero.
625 1179 809 1219 Qapropter
819 1176 896 1206 nihil
905 1174 1044 1216 est,quod
1055 1183 1121 1203 me-

167 1227 231 1250 tuas
240 1239 250 1252 ‚
268 1229 306 1249 ne
316 1218 388 1260 quid
399 1221 430 1248 in
441 1217 649 1260 teconfingam
662 1230 667 1247 :
687 1221 778 1249 etiam
789 1217 870 1259 quod
882 1217 981 1247 laetere
990 1236 999 1249 ‚
1018 1215 1118 1245 habes.

167 1261 262 1291 multa
270 1263 353 1290 enim
369 1281 377 1293 ,
400 1271 464 1301 quae
476 1262 536 1291 scio
546 1261 596 1290 abs
606 1270 634 1290 te
645 1258 703 1289 effe
717 1258 894 1292 commissa,
917 1257 999 1299 quod
1012 1266 1061 1287 aut
1075 1256 1120 1285 ni-

167 1303 260 1331 mium
273 1303 379 1343 turpia,
392 1311 441 1332 aut
448 1310 552 1345 parum
561 1301 704 1331 credibilia
714 1302 791 1335 sunt,
801 1303 1037 1340 praetermittam.
1054 1307 1120 1328 tan-

166 1353 233 1374 tum
243 1353 326 1384 agam
335 1343 371 1374 de
382 1345 440 1373 hoc
449 1353 513 1373 toto
523 1345 649 1373 nomine
659 1343 813 1373 societatis.
823 1340 839 1362 ⁶
848 1345 890 1372 Ut
900 1343 958 1379 jam
969 1342 1040 1371 scire
1050 1340 1120 1380 pos-

165 1383 220 1414 fis:
236 1394 385 1425 quaeram,
405 1386 544 1414 decretum
555 1384 641 1425 nefit.
665 1383 736 1414 cum
751 1384 782 1414 id
798 1387 959 1414 invenero:
977 1391 1118 1424 quaeram,

165 1426 369 1467 remotaenessnt
379 1427 488 1467 litters.
509 1427 581 1457 curn
592 1426 622 1456 id
632 1437 751 1467 quoque
760 1425 908 1456 constabit
916 1446 925 1458 ‚
947 1430 961 1453 7
973 1434 1027 1454 vos
1047 1424 1117 1460 jam,

167 1477 219 1499 me
228 1470 317 1497 tacito
329 1488 337 1501 ,
357 1469 531 1510 intelligetis
541 1489 549 1502 ,
564 1466 584 1497 si
594 1469 639 1498 illi
652 1489 660 1501 ,
671 1471 722 1509 qui
732 1469 790 1498 hoc
798 1467 881 1497 istius
890 1467 972 1497 causa
982 1466 1120 1495 decreve-

165 1512 363 1549 runnequites
372 1512 466 1539 Rom.
477 1520 558 1540 nunc
567 1511 662 1540 iidem
672 1512 705 1539 in
715 1519 786 1539 eum
793 1510 802 1549 j
807 1509 907 1539 udices
917 1506 1021 1540 ess'ent,
1028 1506 1118 1536 istum

166 1549 227 1581 fine
237 1551 330 1581 dubio
338 1551 582 1585 condemnarent,
594 1551 631 1581 de
639 1561 699 1591 quo
708 1552 817 1581 litteras
826 1552 938 1591 ea5,qui
948 1549 1032 1579 istius
1040 1547 1121 1578 furta

166 1592 332 1623 indicarent
340 1612 349 1626 ,
369 1593 402 1622 &
411 1593 446 1623 ad
456 1593 484 1623 se
493 1592 594 1623 missas
604 1613 612 1627 ‚
635 1593 667 1622 δε
681 1593 733 1623 suo
742 1592 862 1622 decreto
872 1600 1000 1621 remotas
1011 1591 1119 1620 scirent

168 1633 236 1664 effe.
265 1636 366 1675 Qem
384 1635 474 1675 igitur
490 1635 526 1664 ab
542 1637 579 1665 iis
597 1635 747 1675 equitibus
766 1637 805 1664 R.
818 1636 871 1674 qui
881 1632 966 1663 istius
975 1632 1059 1662 causa
1065 1641 1119 1661 cu-

167 1677 253 1716 piunt
261 1677 366 1705 omnia
375 1696 384 1709 ,
401 1686 454 1717 qui
463 1676 499 1706 ab
505 1686 544 1715 eo
554 1674 762 1716 benigniffime
773 1675 963 1706 traCtatisunt
973 1694 982 1707 ,
1005 1672 1119 1703 conde-

168 1718 267 1748 mnari
273 1716 387 1747 net-effi
398 1716 484 1747 effet:
500 1720 526 1747 is
535 1718 658 1751 avobis,
667 1717 781 1757 judices
791 1737 799 1751 ,
816 1717 876 1746 ulla
886 1718 936 1749 vi,
947 1725 997 1746 aut
1005 1717 1118 1745 ratione

164 1758 279 1790 absolvi
289 1758 403 1798 potest?
413 1763 466 1792 Ac,
478 1769 516 1789 ne
524 1758 600 1789 forte
613 1770 654 1792 ea,
664 1770 728 1800 quae
738 1767 853 1789 remota
862 1758 898 1788 de
908 1757 1022 1790 medio,
1033 1765 1061 1786 at
1083 1766 1119 1786 ue

167 1809 264 1840 erepta
272 1800 358 1830 vobis
369 1801 446 1834 sunt,
457 1803 562 1831 omnia
570 1803 610 1831 ita
617 1801 739 1831 condi-ta
747 1799 834 1830 fuisse
841 1820 853 1834 2
871 1808 961 1840 atque
971 1801 1010 1829 ita
1019 1798 1054 1828 ab
1078 1798 1117 1828 ite

167 1840 280 1872 latuisse
289 1841 446 1872 videantur
453 1862 461 1875 ,
472 1852 504 1872 ut
511 1844 566 1873 hac
575 1843 730 1884 diligentia
739 1862 748 1875 ‚
766 1852 857 1883 quam
867 1852 922 1881 ego
930 1842 946 1871 a
956 1851 1006 1870 me
1015 1840 1120 1880 exspe—

152 1910 155 1912 .
171 1883 243 1914 &ari
254 1883 388 1913 maxime
397 1893 471 1923 puto
482 1903 491 1917 ,
508 1885 706 1914 nihilborum
716 1883 904 1924 investigari,
923 1883 1001 1912 nihil
1009 1880 1119 1922 assequi

168 1926 300 1965 potuerit
314 1935 319 1953 :
341 1935 406 1965 quae
418 1924 524 1965 consilio
535 1926 654 1965 aliquo,
682 1935 731 1955 aut
742 1926 850 1954 ratione
867 1925 996 1954 inveniri
1013 1932 1122 1963 potue-

171 1975 241 1996 runt
251 1986 260 1999 ‚
279 1967 401 1995 inventa
411 1966 488 1999 sunt,
495 1966 621 2006 judices.
644 1966 809 1996 manifestis
819 1968 852 1995 in
860 1965 947 1995 rebus
957 1965 1117 1995 hominem

168 2007 231 2049 jam
241 2009 335 2036 teneri
343 2007 493 2037 videbitis.
516 2010 596 2037 Nam
606 2008 686 2048 quod
694 2010 727 2038 in
735 2007 964 2047 publicanorum
973 2004 1061 2036 causis
1071 2006 1120 2035 vel

168 2049 338 2089 plurimum
357 2051 449 2078 aetatis
460 2059 533 2079 meae
544 2049 645 2079 versor
654 2069 663 2083 ‚
680 2051 933 2088 vehementerque
941 2047 1029 2077 illum
1041 2046 1122 2077 ordi-

171 2100 243 2125 nem
255 2090 395 2123 observo,
415 2091 480 2120 satis
498 2090 663 2120 commode
679 2091 758 2120 mihi
767 2090 872 2120 videor
880 2099 985 2119 eorum
995 2088 1120 2119 consue-

104 2131 157 2176 ⁴74
172 2130 309 2161 tudinem
319 2131 371 2170 ufiz
382 2152 390 2165 ,
406 2130 616 2172 tractandoque
625 2130 775 2173 cognoffe.
814 2134 857 2161 Ita
879 2141 916 2160 ue
925 2139 958 2160 ut
967 2131 1023 2160 hoc
1033 2140 1119 2160 com-

172 2175 244 2214 peri,
255 2181 383 2202 remotas
393 2171 448 2202 effe
458 2173 568 2203 litteras
579 2173 724 2204 societatis
736 2184 740 2202 :
755 2172 846 2202 habui
886 2173 1024 2201 rationem
1032 2181 1120 2200 anno-

170 2225 252 2252 rum,
271 2224 323 2254 per
332 2223 405 2255 quos
416 2213 469 2243 iste
477 2216 509 2244 in
518 2213 738 2245 Sieiliafuiffet:
754 2213 863 2244 deinde
876 2211 995 2254 quaefivi
1006 2233 1015 2246 ,
1038 2212 1119 2253 quod

171 2265 230 2286 erat
248 2257 373 2286 inventu
388 2254 569 2285 facillimum
580 2276 588 2290 ,
608 2258 660 2297 qui
677 2265 730 2295 per
745 2255 866 2286 eosdem
884 2264 978 2285 annos
993 2252 1121 2293 magi-stri

172 2297 256 2328 istius
273 2298 420 2327 societatis
436 2296 599 2331 9fuifl‘ent‚
620 2298 748 2327 sciebam
766 2299 850 2326 enim
869 2297 944 2326 banc
961 2294 1120 2344 magistro-

172 2339 315 2380 rum,'qui
323 2338 435 2369 tabulas
443 2339 595 2372 haberent,
602 2338 851 2369 consuetudinem
863 2336 932 2372 effe,
942 2347 985 2372 ur,
995 2347 1068 2367 cum
1078 2346 1120 2366 ta-

171 2507 200 2534 Μ
210 2481 220 2498 r
227 2492 233 2498 .
253 2476 317 2501 ’,Δια
325 2477 401 2500 omnia
409 2475 457 2499 tela
462 2474 593 2508 excipiam]
608 2474 690 2500 Forte
699 2469 805 2506 melius,
814 2475 914 2499 omnium
926 2491 935 2504 ,
944 2471 1017 2508 quod
1027 2472 1121 2499 eratin

203 2509 276 2535 etell.

207 2552 236 2570 2.
254 2548 351 2579 cAEqua
359 2546 455 2571 conditio
465 2565 474 2578 ,
482 2555 570 2580 „equum
579 2545 721 2579 certamem]
733 2545 800 2571 Fere
810 2543 902 2570 malim
913 2546 1024 2570 contentia
1035 2562 1044 2577 ‚
1055 2553 1124 2580 quo-

173 2580 252 2606 modo
262 2580 339 2607 habet
348 2581 454 2607 MetelL
722 2594 725 2597 ⁴

210 2624 236 2658 Ξ.
255 2620 324 2642 Nunc
339 2627 426 2652 quoque
442 2616 492 2643 κῃᾶ
503 2616 589 2650 fiam]
605 2615 800 2651 Praestatlougt:
810 2615 881 2651 quod
892 2615 1005 2642 restatin
1016 2614 1123 2642 Metell.

174 2659 223 2676 una
249 2659 293 2678 mt.

207 2653 355 2722 4.s⁴2><5elliue
362 2691 414 2714 vim
424 2708 432 2720 ,
442 2688 687 2723 nulliuspotennam.]
699 2688 752 2714 Pro
761 2687 801 2713 his
810 2694 916 2714 tantum
927 2686 1005 2714 habet
1014 2687 1122 2714 Metell.

174 2724 260 2749 nul-'im
266 2727 402 2756 potentiam.

212 2767 237 2792 5.
255 2761 439 2793 cssla‘himetfine
447 2759 515 2793 &ej
536 2759 579 2786 Est
590 2760 604 2786 ὁ.
615 2759 718 2786 Fabi-ic.
728 2759 757 2785 Sc
767 2758 873 2785 Metell.
883 2757 964 2794 longe
973 2758 1122 2794 elegantius

174 2795 254 2829 quam
265 2802 293 2820 ut
304 2795 373 2830 prius
384 2794 564 2824 publicabatur
577 2814 586 2827 ,
596 2797 653 2821 mihi
661 2797 687 2821 in
696 2805 728 2821 eo.

209 2829 236 2854 6.
256 2827 483 2864 Utjftmseiiepuffi'r,⁴
491 2831 672 2865 quaeram,&c.]
686 2830 765 2857 Haud
776 2829 846 2856 secus
858 2832 924 2858 Met.
935 2831 963 2856 &
975 2829 1052 2857 Fabr.
1063 2839 1122 2856 nam

173 2864 280 2890 editiones
289 2867 358 2891 medii
365 2869 420 2897 coi,
432 2874 460 2892 ut
469 2867 720 2900 verumfiirepoffi'riae,
730 2866 776 2893 nisi
788 2866 860 2902 quod
870 2867 901 2892 P.
913 2866 1047 2892 Manutius
1058 2875 1124 2902 prae-

174 2900 287 2936 posuerit
299 2921 306 2932 ,
324 2903 354 2932 &0
363 2922 371 2933 ,
381 2901 413 2928 de
423 2902 576 2936 conjectura
585 2902 743 2929 Hotomani.
763 2909 791 2929 at
800 2902 871 2928 enim
883 2902 953 2929 Pan.
963 2902 991 2928 ὅ(
1000 2903 1124 2938 primitus

172 2935 298 2972 publicati
310 2947 315 2963 :
329 2945 355 2962 ut
364 2947 414 2963 eam
416 2938 478 2971 scire
483 2939 577 2971 pqffitis.

210 2980 238 3006 7.
257 2974 299 2998 Vos
307 2975 362 3007 jam
373 2992 382 3005 ,
401 2983 435 2998 me
442 2977 514 3000 tacito
525 2993 533 3006 ,
551 2974 681 3007 intelligetis
693 2993 699 3003 .
712 2975 779 3008 fiilli
786 2973 854 3007 &ej
875 2973 1020 3000 Lambinus
1031 2972 1123 3004 finxit,

174 3015 220 3047 vor
230 3009 285 3041 jam
297 3028 304 3040 ‚
324 3018 358 3033 me
375 3012 444 3035 tacito
456 3028 465 3041 ‚
484 3016 561 3035 cetera
578 3010 716 3042 intellageeiae.
742 3013 767 3036 Si
780 3012 814 3035 illi
825 3009 874 3040 ὰς.
896 3008 938 3035 sed
959 3009 1010 3035 fine
1031 3008 1104 3034 libris
1117 3028 1126 3040 ‚

176 3051 222 3077 qui
233 3043 297 3069 nihil
308 3044 410 3071 variant
421 3064 429 3076 ‚
448 3044 496 3071 nisi
505 3044 575 3080 quod
586 3044 692 3071 Metell.
708 3048 806 3078 mejam
823 3047 862 3070 hnc
880 3048 951 3071 tacito
962 3064 970 3076 ‚
989 3045 1127 3077 intelligens.

178 3077 254 3139 Papi.
264 3079 398 3148 hlifanutius
409 3099 419 3114 ,
438 3080 503 3109 nihil
513 3081 629 3112 mutavit
645 3081 696 3110 nisi
709 3080 905 3111 distinffiouem
916 3100 926 3116 ,
944 3089 1024 3118 quam
1042 3079 1129 3116 posuit

181 3121 214 3139 an
228 3122 241 3140 e
253 3132 262 3146 7
289 3124 306 3142 1.

1018 116 1084 148 ru
1129 101 1186 147 C.
1222 101 1509 148 VERREM.

1174 181 1258 211 bulas
1267 191 1353 211 novo
1363 180 1505 222 magistro
1516 179 1679 214 traderent,
1701 177 1826 222 exempla
1839 178 2001 208 litterarum
2018 178 2071 218 ipsi
2082 181 2134 210 ha:

1173 222 1241 252 bere
1250 231 1314 252 non
1325 224 1451 252 nollent.
1480 225 1582 263 Itaque
1593 222 1627 252 ad
1637 225 1672 252 L.
1682 223 1809 252 Vibium
1819 241 1827 254 ‚
1839 223 1972 261 equitem
1983 223 2021 251 R.
2031 223 2132 251 virum

1171 265 1349 303 primarium
1362 285 1370 297 ‚
1393 274 1485 304 quem
1507 264 1725 303 ¹0reperiebam
1737 262 1911 305 magistrum
1926 261 2013 292 fuiss'e
2023 272 2059 292 eo
2070 264 2136 302 ipso

1171 315 1263 338 anno,
1273 308 1325 345 qui
1337 307 1415 334 mihi
1424 306 1559 335 maxime
1571 305 1747 346 quaerendus
1757 314 1826 337 erat,
1839 306 1973 344 primum
1985 306 2064 333 veni.
2086 307 2134 334 Sa·

1172 346 1210 374 n‘e
1223 347 1344 375 homini
1353 356 1458 386 praeter
1469 350 1650 387 opinionem
1662 347 1827 387 improviso
1838 345 1940 376 incidi.
1958 349 1983 364 ¹¹
1997 346 2138 376 scrutatus

1174 387 1238 415 sum
1249 397 1314 426 qua:
1324 390 1408 426 potui
1420 407 1427 420 ,
1447 388 1480 417 &
1489 387 1607 428 quaesivi
1618 391 1723 418 omnia
1735 399 1740 416 t
1755 390 1860 417 inveni
1870 387 1946 417 duos
1956 387 2035 417 solos
2045 386 2137 417 libel-

1174 427 1220 456 los
1231 428 1267 457 ab
1276 430 1309 457 L.
1322 429 1466 465 Canulejo
1479 428 1581 459 miss'os
1595 431 1680 460 sociis
1691 440 1729 459 ex
1737 439 1823 469 portu
1833 427 1993 468 Syracusis:
2016 430 2048 458 in
2066 430 2135 469 qui-

1175 468 1229 497 bus
1240 477 1300 498 crat
1309 471 1382 498 ratio
1392 470 1497 509 scripta
1505 474 1514 489 ¹
1522 474 1535 489 ²
1546 472 1685 500 mensum
1696 472 2016 510 complurium‚re1-um
2027 480 2138 509 expor-

1175 518 1299 539 tatarum
1310 509 1394 539 istius
1404 513 1532 540 nomine
1541 510 1601 541 fine
1609 515 1753 551 portorio.
1767 515 1863 552 itaque
1873 510 2134 552 obfignavislatim.

1175 560 1256 580 erant
1265 553 1329 580 haec
1341 560 1379 580 ex
1389 561 1425 580 eo
1436 562 1542 591 genere
1553 573 1561 585 ,
1583 553 1664 593 quod
1674 564 1728 594 ego
1739 554 1875 584 maxime
1885 563 1976 593 genus
1986 563 2024 582 ex
2036 554 2135 583 socio·

1174 602 1242 621 rum
1253 592 1358 622 litteris
1367 595 1495 631 reperire
1505 595 1660 633 cupiebam
1673 607 1681 628 3
1701 594 1806 624 verum
1817 604 1934 624 tantum
1945 596 2049 624 inveni
2058 615 2067 627 ,
2086 595 2134 630 iu-

1173 634 1253 663 dices
1266 653 1273 666 ‚
1294 633 1376 674 quod
1388 633 1463 673 apud
1473 644 1526 664 vos
1536 634 1615 674 quasi
1629 636 1746 677 exempli
1759 637 1842 676 ιαμβι
1855 636 1986 675 proferre
2004 635 2132 676 possem.

1172 675 1221 704 sed
1232 684 1343 708 tamen,
1351 675 1503 745 ¹quidquid
1512 679 1567 705 erit
1577 678 1609 705 in
1620 678 1666 706 his
1677 678 1788 707 libellis
1800 698 1808 710 ,
1821 678 2134 718 quantulumcumque

1170 716 1322 746 videbitur
1333 727 1348 745 e
1374 715 1390 745 'e
1401 737 1408 749 ,
1420 718 1476 746 hoc
1486 717 1609 756 quidem
1619 718 1696 747 certe
1706 719 1902 749 manifestum
1914 721 1968 748 erit
1981 729 1986 747 1
2008 719 2044 749 de
2055 729 2135 749 cete-

1170 759 1209 787 ris
1223 768 1258 786 ex
1271 758 1320 786 hoc
1333 756 1618 796 conjec‘t‘uramflzcere
1632 759 1790 789 debebitiS.
1822 763 1925 790 Recita
1936 762 2012 790 mihi
2023 780 2031 794 ‚
2051 771 2134 801 quae-

1170 799 1202 829 so
1214 819 1222 832 ‚
1244 800 1325 828 hunc
1335 801 1470 839 primurn
1487 799 1644 829 libellum:
1668 800 1777 830 deinde
1796 802 1884 830 illum
1904 802 2039 831 alterum.
2073 804 2133 832 Lx—

1170 850 1270 870 nanm
1287 843 1442 870 CANULssx
1450 851 1459 869 1
1467 863 1474 869 .
1505 842 1573 881 Jam
1593 851 1657 870 non
1667 851 1768 882 quaero
1782 862 1790 874 ,
1811 843 1889 872 unde
1902 853 1995 872 cccc.
2005 844 2132 882 ampho-

1169 892 1213 912 ras
1222 882 1326 911 mellis
1337 882 1484 912 habueris.
1502 882 1582 912 unde
1593 891 1711 912 tantum
1722 883 1936 916 Melitensium,
1951 884 2031 914 unde
2041 887 2130 924 quin-

1169 926 1307 964 quaginta
1318 925 1519 953 tricliniorum
1531 923 1635 957 lectos,
1648 924 1727 954 unde
1738 933 1783 954 tot
1792 924 1978 955 candelabra:
1994 935 2069 959 non,
2082 928 2132 956 in-

1169 975 1270 1006 quam,
1278 967 1340 1004 jam
1350 975 1451 1006 quaero
1463 985 1470 999 ,
1481 965 1561 995 unde
1570 967 1632 995 liaec
1642 966 1794 995 habueris:
1816 966 1864 997 sed
1875 966 1935 1006 quo
1948 967 2001 996 tibi
2011 976 2127 997 tantum

1170 1017 1244 1046 opus
1254 1006 1345 1036 fuerit
1354 1027 1362 1040 ‚
1375 1007 1405 1036 id
1415 1017 1523 1047 quaero.
1547 1009 1637 1037 mitto
1646 1007 1682 1037 de
1691 1008 1782 1037 melle
1795 1019 1800 1036 2
1811 1007 1860 1037 sed
1869 1017 2027 1037 tantumne
2037 1009 2132 1038 Meli-

1170 1047 1318 1079 tenfium?
1335 1047 1414 1089 quasi
1424 1050 1513 1078 etiam
1527 1050 1683 1077 amicorum
1694 1059 1811 1079 uxores:
1829 1058 1945 1078 tantum
1961 1049 2129 1079 le5torurn?

1170 1088 1249 1130 quasi
1260 1092 1352 1119 etiam
1363 1092 1504 1119 omniurn
1515 1090 1640 1120 istorum
1655 1092 1738 1120 villas
1752 1100 1907 1120 ornaturus
1921 1089 2002 1120 effes.
2047 1090 2126 1121 Cum

1169 1133 1231 1161 haec
1238 1142 1401 1171 paucorum
1411 1130 1560 1161 mensium
1571 1142 1645 1162 ratio
1656 1134 1687 1161 in
1699 1133 1746 1161 his
1764 1132 1874 1162 libellis
1893 1130 1926 1161 sit
1936 1152 1944 1165 ,
1970 1131 2056 1162 facite
2067 1152 2076 1165 ,
2098 1141 2131 1163 ut

1169 1174 1258 1203 vobis
1268 1175 1389 1203 triennii
1400 1176 1493 1203 totius
1503 1175 1605 1203 veniat
1614 1175 1647 1203 in
1657 1182 1802 1203 mentem.
1834 1176 1882 1203 Sic
1896 1173 2049 1204 contendo
2062 1185 2068 1203 2
2089 1184 2130 1204 ex

1170 1216 1216 1244 his
1225 1217 1323 1255 parvis
1335 1214 1444 1244 libellis
1452 1215 1528 1254 apud
1543 1225 1631 1243 unum
1644 1214 1814 1255 magzstrum
1827 1216 1973 1245 societatis
1992 1217 2126 1255 repertis,

1168 1266 1294 1295 VOSJam
1305 1255 1475 1296 conjeElmra
1484 1255 1593 1297 assequi
1602 1255 1685 1296 poffe
1695 1277 1703 1289 ,
1724 1256 1892 1295 cujusmodi
1911 1256 2013 1296 praedo
2031 1256 2084 1287 iste
2096 1259 2129 1287 in

1170 1299 1221 1328 illa
1227 1300 1382 1338 provincia
1397 1297 1498 1330 suerit,
1509 1301 1600 1339 quarn
1611 1298 1718 1328 multas
1728 1298 1911 1337 cupiditates,
1923 1298 2012 1338 quam
2024 1300 2129 1331 varias,

1169 1342 1260 1381 quam
1278 1338 1418 1370 infinitas
1435 1339 1587 1369 habuerit:
1610 1349 1750 1380 quantam
1772 1341 1928 1379 pecuniam
1947 1349 2011 1369 non
2029 1340 2129 1370 solum

1170 1390 1358 1411 numeratam
1365 1401 1372 1414 ,
1381 1391 1486 1411 verum
1498 1383 1587 1411 etiam
1599 1381 1773 1420 hujusmodi
1782 1383 1816 1410 in
1825 1381 1910 1410 rebus
1917 1379 2131 1420 positarmcon-

1168 1423 1288 1453 fecerit:
1311 1433 1376 1464 quae
1392 1423 1479 1453 vobis
1493 1423 1552 1453 alio
1563 1423 1631 1453 loco
1640 1423 1758 1462 planius
1767 1422 2003 1462 explicabuntur.
2036 1425 2129 1453 Nunc

1169 1466 1227 1495 hoc
1252 1464 1404 1495 attendite.
1432 1465 1479 1493 his
1509 1465 1768 1504 exportationibus
1779 1484 1787 1498 ,
1811 1474 1877 1504 quae
1896 1465 2021 1494 recitatae
2040 1464 2107 1494 sunt
2117 1484 2128 1498 ,

1171 1506 1302 1537 ¹3scribit
1310 1516 1364 1536 rat-s
1376 1516 1420 1536 Lx
1428 1506 1514 1545 βείω
1520 1505 1663 1545 perdidi-ffb
1676 1516 1713 1536 ex
1723 1504 1862 1536 vicesima
1870 1506 1996 1545 portorii
2005 1509 2129 1545 Syracu-

1171 1547 1216 1578 fis.
1240 1548 1375 1578 Pauculis
1391 1550 1482 1589 igitur
1498 1546 1649 1577 mensibus
1660 1567 1669 1581 ,
1687 1557 1720 1578 ut
1729 1549 1759 1577 hi
1771 1546 1871 1587 pusilli
1889 1547 2078 1577 &contemti
2089 1548 2129 1577 li-

1171 1589 1388 1620 belli'indicant
1397 1610 1405 1623 ,
1418 1589 1492 1619 furta
1498 1591 1631 1629 praetoris
1641 1610 1649 1622 ,
1662 1593 1692 1616 ¹4
1700 1599 1765 1630 qua·
1774 1587 1869 1618 effent
1882 1598 1936 1618 3-3
1950 1588 2124 1622 duodecies,

1172 1642 1210 1662 ex
1221 1641 1284 1661 uno
1293 1630 1405 1671 oppido
1416 1631 1481 1661 solo
1490 1640 1642 1670 exportata
1652 1630 1727 1660 sunt.
1743 1632 1877 1672 Cogitate
1889 1640 1981 1663 nunc,
1993 1629 2065 1660 cum
2075 1630 2129 1660 illa

1173 1673 1206 1703 fit
1216 1673 1384 1703 haecinsula
1394 1693 1402 1706 ,
1414 1682 1479 1713 quae
1491 1672 1623 1713 undique
1633 1674 1731 1702 exitus
1742 1673 1911 1701 maritimos
1920 1672 2024 1701 habeat
2033 1692 2041 1705 ,
2053 1673 2127 1712 quid

1171 1726 1209 1745 ex
1217 1717 1322 1745 ceteris
1331 1715 1406 1744 locis
1417 1723 1604 1753 exportatum
1615 1716 1723 1753 putetis
1735 1725 1740 1743 z
1760 1713 1831 1754 quid
1852 1714 2014 1754 Agrigento
2026 1734 2034 1746 ‚
2055 1714 2128 1754 quid

1170 1757 1306 1797 Lilybaeo
1319 1777 1327 1789 ,
1337 1756 1410 1797 quid
1420 1759 1570 1786 Panormo
1582 1776 1590 1789 ‚
1602 1755 1674 1796 quid
1682 1754 1910 1795 Thermis,qu1d
1922 1755 2027 1784 Halesa
2036 1775 2044 1788 ,
2054 1755 2128 1796 quid

1171 1801 1274 1829 Catina
1283 1818 1291 1832 ,
1302 1798 1375 1839 quid
1386 1807 1424 1827 ex
1435 1799 1540 1827 ceteris
1549 1797 1682 1837 oppidis:
1704 1797 1776 1838 quid
1786 1795 1858 1826 vero
1868 1794 2013 1826 Meffana:
2032 1807 2125 1837 quem

1170 1841 1225 1871 iste
1234 1839 1288 1870 fibi
1295 1841 1397 1870 locum
1410 1837 1536 1868 maximi·
1545 1847 1644 1868 tutum
1653 1839 1859 1869 arbitrabatur:
1871 1837 1924 1868 ubi
1933 1839 2037 1868 animo
2045 1839 2127 1868 sem-

1170 1892 1223 1923 per
1231 1882 1330 1912 soluto
1339 1901 1348 1915 ,
1361 1881 1516 1922 liberoque
1525 1889 1584 1911 erat
1595 1901 1602 1914 ,
1614 1879 1695 1921 quod
1706 1878 1759 1910 fibi
1769 1879 1823 1909 iste
1833 1881 2034 1909 Mamertinos
2045 1879 2127 1910 dele-

1170 1932 1259 1965 gerat,
1270 1923 1305 1953 ad
1316 1933 1390 1963 quos
1402 1925 1517 1956 omnia,
1529 1933 1594 1963 quae
1605 1932 1655 1952 aut
1664 1922 1837 1962 diligentius
1848 1921 2002 1954 servanda,
2013 1930 2062 1951 aut
2071 1931 2124 1950 oc-

1170 1965 1280 1995 cultius
1289 1964 1470 2004 exportanda
1479 1974 1560 1994 erant
1569 1984 1577 1997 ‚
1589 1963 1762 2003 deportaret.
1788 1965 1845 1993 His
1857 1964 1988 1992 inventis
1997 1962 2122 1995 libellis,

1171 2008 1260 2037 ceteri
1268 2010 1377 2036 remoti
1387 2025 1396 2039 ,
1416 2006 1448 2035 &
1458 2005 1632 2045 diligentius
1642 2005 1710 2035 sunt
1718 2004 1865 2034 reconditi
1877 2014 1882 2032 ε
1901 2013 1957 2034 nos
1967 2013 2078 2037 tamen,
2091 2013 2125 2034 ut

1173 2058 1280 2078 omnes
1288 2048 1459 2087 intelligant
1467 2067 1475 2080 ,
1495 2048 1554 2077 hoc
1563 2057 1619 2076 nos
1628 2045 1688 2076 fine
1697 2045 1858 2086 cupiditate
1867 2055 1950 2086 agere
1961 2065 1969 2078 ,
1990 2046 2037 2075 his
2054 2043 2124 2084 ipsis

1170 2089 1283 2119 libellis
1290 2091 1425 2119 contenti
1436 2089 1547 2118 sumus.
1586 2091 1677 2117 Nunc
1686 2087 1721 2117 ad
1732 2088 1880 2117 sociorum
1892 2087 2002 2116 tabulas
2012 2089 2123 2127 accepti

1172 2132 1205 2161 &
1216 2129 1346 2170 expenfi,
1358 2140 1428 2170 quas
1442 2141 1512 2158 remo
1518 2140 1577 2159 vere
1588 2128 1688 2165 honeste
1700 2131 1771 2158 nullo
1780 2129 1857 2157 modo
1867 2136 2017 2169 potuerunt
2025 2149 2033 2161 ,
2045 2129 2076 2157 δε
2089 2128 2125 2158 ad

1171 2174 1304 2202 amicum
1315 2180 1401 2201 tuum
1414 2173 1616 2211 Caipinatium
1627 2180 1816 2201 revertemur.
1828 2170 2060 2210 Inspiciebamus
2070 2173 2126 2209 Sy-

1170 2212 1274 2244 racufis
1283 2214 1299 2244 a
1308 2215 1476 2252 Carpinatio
1485 2212 1635 2243 confeEtas
1646 2213 1757 2243 tabulas
1767 2213 1924 2244 societatis,
1935 2222 2001 2252 quae
2011 2210 2124 2253 fignifi—

1172 2255 1293 2288 cabant,
1312 2255 1416 2284 multis
1425 2255 1605 2284 nominibus
1621 2264 1672 2283 eos
1686 2255 1827 2283 homines
1841 2253 1984 2292 versuram
1997 2254 2012 2282 a
2024 2255 2125 2292 Carpi-

1172 2298 1256 2326 natio
1263 2294 1375 2328 feciffe,
1387 2298 1440 2336 qui
1449 2298 1608 2336 pecuniam
1620 2298 1704 2325 Verri
1714 2293 1869 2325 dediffent.
1892 2297 1955 2324 Erit
1964 2295 2049 2324 vobis
2060 2295 2125 2324 luce

1173 2338 1281 2369 clarius
1289 2358 1298 2372 ,
1314 2337 1431 2378 judices
1440 2357 1449 2372 ,
1468 2336 1540 2368 cum
1551 2347 1603 2368 eos
1611 2337 1691 2378 ipsos
1700 2336 1869 2377 produxero
1878 2356 1886 2370 ‚
1906 2338 1958 2377 qui
1968 2336 2123 2366 dederunt-

2034 2378 2127 2407 intel-

1205 2472 1233 2499 8.
1253 2475 1374 2498 Rationem
1391 2480 1505 2498 annorum
1517 2479 1562 2503 per
1579 2469 1662 2504 quas-J
1683 2470 1748 2496 Non
1767 2469 1834 2496 male
1845 2469 1951 2495 Metell.
1965 2479 2080 2495 annorum
2090 2479 2127 2497 ea->

1170 2518 1222 2534 rum
1236 2516 1280 2540 per
1296 2509 1346 2539 (Ire.

1205 2552 1234 2579 9.
1254 2545 1356 2576 thiffent
1366 2562 1374 2574 ‚
1388 2543 1490 2576 stit-bam
1504 2542 1590 2576 enim]
1613 2541 1734 2567 Lambini
1746 2540 1876 2566 editiones
1887 2544 1900 2566 i:
1911 2541 2012 2566 Nanuii
2024 2540 2071 2566 ins.
2082 2540 2126 2567 in-

1169 2579 1350 2615 terposuerant
1362 2579 1473 2611 niumm
1484 2597 1492 2609 ,
1503 2579 1568 2610 apud
1575 2586 1629 2610 quos
1640 2577 1835 2609 rabullefutfflnt.
1850 2578 1952 2608 sciebam
1961 2577 2012 2607 ὼε.
2021 2577 2127 2609 vulgatis

1169 2616 1268 2649 abfuisse
1280 2615 1375 2640 tabulis.
1397 2617 1439 2639 imo
1449 2614 1532 2646 ahJimt
1541 2615 1592 2639 alsa
1601 2616 1689 2639 onmia.
1709 2621 1765 2648 qua:
1782 2611 1875 2638 absunt
1893 2611 1971 2638 editis
1987 2611 2018 2638 ab
2028 2613 2127 2639 Manu-

1170 2651 1215 2677 tiis
1228 2670 1235 2682 ‚
1247 2653 1262 2677 a
1274 2650 1395 2676 Viftorio
1407 2669 1414 2680 ,
1427 2650 1480 2675 &iz

1208 2696 1250 2713 10.
1268 2688 1418 2712 inveniebam
1428 2686 1560 2717 magistrum
1571 2683 1667 2717 ῥιψὶ]
1688 2685 1754 2710 Fere
1764 2683 1869 2710 auribus
1885 2684 1948 2709 meis
1960 2683 2127 2710 lenocinatur

1169 2722 1297 2758 scriptura
1307 2721 1411 2747 Metell.
1423 2720 1667 2752 magistratumfiaffi.

1209 2767 1216 2784 1
1227 2767 1248 2784 1.
1266 2757 1450 2789 Scrutatmfizm
1459 2765 1507 2789 φα
1513 2758 1588 2787 potui,
1597 2755 1626 2785 (ἔγ
1634 2756 1726 2788 quast-oi
1734 2755 1836 2788 omnim]
1849 2753 1923 2780 Ideni
1933 2754 2029 2787 codex,
2039 2757 2068 2786 ὼ
2076 2765 2126 2789 quae

1168 2794 1224 2820 ‘vidi
1231 2797 1324 2824 omnia5
1344 2802 1393 2818 non
1406 2791 1479 2826 plane
1490 2790 1607 2817 absurde.
1628 2790 1694 2816 nibil
1704 2798 1791 2817 tamen
1803 2799 1888 2816 muto.

1209 2838 1250 2854 ιι.
1270 2829 1395 2861 emensum
1403 2826 1576 2861 complurium]
1587 2827 1629 2852 Ita
1637 2825 1715 2853 Fabr.
1726 2827 1754 2852 &
1765 2826 1860 2853 Metel.
1870 2828 1898 2852 &
1909 2827 1988 2853 Nann
1996 2847 2001 2852 .
2011 2826 2124 2853 mffinon

1171 2867 1278 2899 mensium
1289 2884 1297 2895 ‚
1314 2872 1343 2889 ut
1354 2863 1468 2897 vulgata.

1211 2909 1252 2936 13.
1270 2902 1357 2925 Scribit
1367 2900 1427 2924 H-5
1438 2898 1563 2929 melitius
1572 2898 1721 2931 perdidiffe]
1742 2898 1847 2923 Metell.
1858 2898 1885 2923 &
1897 2899 1989 2924 Nann.
2003 2899 2063 2924 H-S
2075 2908 2124 2924 Dc,

1172 2945 1256 2971 neque
1266 2936 1343 2961 aliter
1355 2934 1455 2961 Fabric.
1468 2933 1512 2958 hac
1524 2934 1609 2959 forma
1622 2943 1681 2959 loc.
1702 2935 1783 2969 Supra
1794 2943 1897 2969 quoque
1908 2934 1934 2960 iu
1947 2934 2014 2960 l’all.
2025 2935 2052 2959 &
2066 2935 2127 2959 Me-

1173 2972 1231 2998 tell.
1243 2979 1298 2997 erat
1310 2991 1318 3002 ‚
1336 2972 1419 2995 Libelli
1437 2970 1589 2994 Canuleiani.
1610 2973 1661 2995 Non
1679 2980 1752 3002 quaro
1769 2970 1819 3000 &tn
1848 2979 1895 3009 pro
1905 2979 1957 3004 quo
1969 2969 2046 2996 hodie
2057 2970 2126 3004 legi-

1174 3017 1230 3034 mus
1243 3027 1251 3038 ,
1269 3008 1351 3032 Libelli
1360 3006 1478 3030 Canulcti.
1497 3007 1556 3038 Jam
1565 3015 1609 3031 non
1626 3015 1710 3040 quero.
1729 3005 1800 3040 quod
1811 3006 1894 3041 iplum
1906 3013 1992 3032 tamen
2004 3015 2087 3041 neque
2100 3006 2126 3032 in

1174 3043 1274 3069 vetuste
1285 3041 1432 3077 publicatis.

1212 3085 1254 3111 14.
1273 3079 1327 3109 Qae
1344 3077 1411 3108 effent
1427 3076 1486 3101 H-s
1497 3076 1639 3110 duodecin]
1668 3076 1777 3104 Metell.
1795 3077 1823 3103 ὅ(
1834 3075 1912 3105 Fabr.
1930 3086 1979 3112 φα
1987 3077 2055 3111 effen!
2066 3076 2127 3102 H-s

1176 3123 1227 3142 exo
1238 3123 1285 3142 ce.
1294 3112 1404 3141 adeatur
1413 3110 1525 3140 Budaeus
1537 3111 1665 3175 lib-¹:514}
1676 3112 1749 3141 Ass'e.

2000 3156 2023 3175 1.
2032 3149 2062 3173 C.
2072 3148 2129 3173 Ver-

2053 103 2149 161 265

2150 1096 2194 1127 75·
