2337 3400
191 149 286 202 592

202 271 264 299 luri
275 261 354 295 regni
367 266 478 286 vcitana
490 266 499 286 ,a
517 265 608 296 quarn
621 256 667 285 hic
679 255 906 285 immunitatem
921 273 928 286 ‚
949 255 1044 293 quam·
1055 250 1161 281 civita-

204 311 264 332 tem
278 321 285 332 ‚
306 295 389 339 {quud
403 299 561 337 praemium
574 317 581 330 ‚
602 307 665 326 non
684 297 733 326 vel
752 294 875 337 lingulis
893 293 1092 339 hominibus,
1113 291 1161 338 vel

202 343 374 372 civitatibus
383 360 390 372 ‚
403 340 449 368 vel
461 337 604 368 universis
614 339 778 378 provinciis
788 336 943 367 vendidit?
959 334 1049 365 Niliil
1059 335 1164 363 humi—

204 385 231 412 le
242 383 278 412 dc
289 384 456 423 Tarquinio
467 401 475 413 ,
490 381 564 410 nihil
577 379 732 410 sordidum
743 387 922 419 accepimus.
946 381 983 406 At
993 375 1063 406 verb
1073 374 1163 414 hujus
1184 377 1185 392 l

205 424 292 454 domi
303 424 376 452 inter
385 423 504 463 quqfiz‘la
516 419 811 462 pendebaturaurum
823 439 831 454 ‚
853 418 1063 449 numerabatur
1072 426 1163 457 pecu-

207 476 274 496 nia:
296 475 355 495 una
367 466 399 494 in
415 464 509 494 domo
523 473 650 496 omnes,
670 464 952 502 quorumintererat
964 481 972 494 ,
993 468 1091 490 totum
1105 460 1165 488 im—

205 509 323 546 perium
335 507 584 546 populiRomani
596 504 848 534 nundinabantur.
871 504 1020 543 Supplicia
1037 500 1111 531 vcro
1131 502 1163 530 in

202 551 295 579 civeis
309 551 466 579 Romanos
477 547 560 579 nulla
568 546 728 588 Tarquinii
738 548 917 586 accepimus.
931 548 968 574 At
980 545 1028 573 hic
1039 544 1071 573 &
1081 542 1166 573 Sues—

205 591 241 621 sae.
254 591 396 632 iugulavit
407 599 458 619 eos
470 609 477 622 ,
499 599 574 629 quos
588 590 621 618 in
635 587 800 618 custodiam
815 587 933 617 dederat
944 606 951 620 ,
974 586 1007 616 &
1018 582 1165 614 Brundisii

206 641 353 662 trecentos
373 629 548 661 fortissimos
569 633 650 660 viros
662 650 670 663 ‚
693 630 843 670 civeisque
854 630 986 669 optimos
997 626 1163 658 trucidavit.

205 672 361 705 Postremo
373 674 557 713 Tarquinius
569 681 624 712 pro
646 672 759 712 populo
770 674 914 702 Romano
925 670 1039 700 bellum
1051 667 1167 710 gerebat

207 724 273 746 rum
286 736 293 749 ‚
309 714 382 745 cuin
395 714 437 744 est
447 714 587 755 expulsus
600 725 605 742 1
620 715 773 743 Antonius
783 722 884 743 contra
894 713 1041 752 populum
1053 713 1168 755 Roma-

208 767 284 788 num
297 757 464 786 exercitum
474 755 637 786 adducebat
648 764 712 785 tum
726 775 733 788 ‚
753 753 824 785 cum
836 755 851 784 a
861 753 1033 795 legionibus
1044 750 1166 784 reizc‘bm,

208 809 325 829 nornen
336 798 461 828 Caesaris
473 818 481 832 ‚
493 799 716 837 exercitumque
726 798 882 836 pertimuit
891 815 899 829 ,
913 794 1113 836 neglefkisque
1125 793 1169 823 sa-

208 839 328 871 crificiis
339 840 538 870 sollemnibus
549 859 557 872 ,
578 848 644 869 aute
659 840 758 869 lucem
772 847 842 868 vota
856 848 888 867 ea
898 858 906 871 ‚
925 847 990 878 qua:
1002 843 1168 875 numquam

207 882 346 916 solveret,
361 883 562 922 nuncupavit:
576 881 607 911 δε
617 881 674 911 hoc
686 889 821 920 tempore
833 881 865 909 in
875 880 1062 919 provinciam
1071 885 1168 916 popu-

207 924 230 954 li
242 926 377 954 Romani
387 932 511 954 conatur
521 921 672 952 invadere.
696 923 794 958 Maius
810 923 900 962 igitur
911 920 925 950 a
936 921 1066 950 Decimo
1078 920 1169 948 Bruto

206 964 394 997 beneficium
413 966 543 1005 populus
556 966 651 994 Rom.
666 963 699 993 δε
712 963 800 993 habet
814 983 822 997 ,
847 962 879 992 &
892 961 1040 1002 exspeetat
1051 980 1059 994 ‚
1078 959 1169 1001 quam

210 1009 339 1047 majores
352 1006 443 1037 nostri
455 1013 630 1046 acceperunt
640 1005 656 1035 a
664 1007 796 1035 L.Bruto
805 1025 813 1038 ‚
825 1006 962 1045 principe
973 1004 1061 1042 hujus
1072 1003 1170 1033 maxi-

167 1058 190 1089 5
211 1051 263 1080 me
274 1048 469 1080 conservandi
479 1049 596 1089 generis
607 1067 614 1080 ‚
626 1047 659 1077 &
668 1048 815 1077 nominis.
861 1048 937 1077 Cum
948 1054 1049 1075 autem
1060 1052 1167 1074 omuis

210 1091 253 1122 est
264 1092 386 1122 servitus
401 1090 505 1120 misera
516 1109 523 1122 ‚
535 1098 602 1119 tum
615 1087 686 1119 verb
698 1088 887 1119 intolerabile
897 1086 939 1118 est
951 1088 1058 1117 servire
1070 1087 1171 1124 impu-

208 1144 243 1164 ro
257 1154 264 1166 ,
287 1132 442 1172 impudico
455 1152 462 1164 ,
483 1129 687 1161 effaeminato:
709 1138 875 1171 numquam
889 1150 897 1163 ,
918 1131 999 1159 nein
1010 1127 1171 1166 metuqui-

209 1175 278 1205 dem
292 1173 407 1214 ,μόνω
433 1175 524 1203 Hunc
535 1174 626 1213 igitur
635 1174 686 1213 qui
699 1173 796 1202 Gallia
806 1171 955 1212 prohibet,
969 1172 1085 1211 privato
1097 1176 1171 1211 pras·-

207 1218 310 1247 sertim
328 1213 453 1246 consilio
466 1235 474 1248 ,
497 1215 629 1255 judicat,
651 1213 861 1254 verissimeque
876 1212 1009 1252 judicat,
1030 1220 1093 1240 non
1114 1207 1171 1256 efle

205 1258 378 1288 consulem.
402 1256 585 1287 Faciendum
595 1255 638 1286 est
649 1258 738 1298 igitur
749 1277 756 1289 ‚
775 1259 808 1286 P.
819 1258 852 1285 C.
867 1254 974 1287 nobis,
996 1253 1172 1282 utD.Bruti

206 1302 359 1341 privatum
368 1297 532 1329 consilium
541 1297 714 1329 auciuzzitate
724 1298 843 1338 publica
855 1295 1174 1336 comprobemus-Nec

206 1340 281 1372 vero
303 1343 347 1371 M.
367 1341 541 1371 Antonium
563 1340 719 1370 consulem
733 1339 800 1380 post
819 1338 994 1379 Lupercalia
1011 1345 1113 1377 putare
1122 1334 1174 1365 de-

206 1382 328 1415 buistis.
349 1393 410 1425 quo
420 1385 505 1413 enim
516 1383 568 1412 ille
578 1382 753 1422 die‚populo
765 1377 1174 1420 Rom-inspet‘kantemudus,

207 1425 320 1456 anetus
333 1446 341 1459 ,
356 1425 455 1455 ebrius
467 1426 663 1455 concionatus
673 1423 716 1454 est
726 1444 734 1458 ‚
754 1424 787 1454 δε
799 1424 827 1453 id
838 1425 897 1464 egit
907 1443 916 1456 ‚
938 1431 971 1452 iit
980 1421 1102 1461 collegae
1113 1419 1176 1449 dia-

208 1467 496 1508 demaimponeret:
516 1476 553 1497 eo
570 1466 619 1496 die
633 1476 697 1496 non
714 1464 812 1495 modo
829 1465 983 1495 consulatu
995 1483 1005 1497 ‚
1024 1463 1073 1494 sed
1086 1463 1176 1491 etiam

208 1509 344 1540 libertate
355 1509 383 1539 se
392 1509 552 1539 abdicavit.
578 1506 649 1538 esset
665 1509 750 1537 enim
767 1507 820 1547 ipli
836 1506 914 1537 certe
931 1505 1030 1536 statim
1044 1505 1176 1535 servien-

211 1551 286 1582 dum
297 1571 304 1585 ‚
317 1549 338 1582 fi
352 1551 446 1581 Caesai·
456 1550 492 1580 ab
503 1560 539 1580 eo
548 1550 631 1590 regni
643 1548 756 1590 insigne
767 1550 897 1589 accipere
906 1545 1057 1578 voluiss'et.
1082 1548 1176 1575 Hunc

211 1594 304 1634 igitur
318 1602 372 1634 ego
381 1592 537 1622 consulem
550 1611 558 1625 ‚
582 1593 664 1621 hunc
677 1594 777 1621 civem
788 1592 966 1621 Romanum
980 1609 988 1623 ‚
1009 1589 1090 1618 hunc
1100 1586 1176 1616 libe-

212 1644 294 1668 rum,
308 1635 390 1664 hunc
400 1633 531 1674 denique
541 1634 702 1663 hominem
714 1641 817 1673 putem
828 1652 836 1666 ‚
848 1642 900 1673 qui
910 1631 993 1661 foedo
1004 1631 1070 1663 illo,
1082 1629 1115 1659 &
1125 1627 1177 1658 fla-

214 1677 326 1718 gitioso
336 1676 384 1706 die
395 1695 403 1709 ‚
419 1675 534 1716 &quid
543 1676 622 1715 pati,
635 1675 745 1705 Caesare
756 1676 830 1705 vivo
839 1693 848 1708 ,
865 1672 959 1713 pofl'et
970 1693 979 1706 ,
995 1672 1027 1702 &
1036 1670 1108 1712 quid
1119 1691 1128 1704 ‚
1140 1679 1176 1699 eo

214 1727 340 1749 mortuo
349 1738 357 1752 ,
370 1718 514 1758 consequi
525 1717 584 1758 ipse
594 1726 714 1758 cuperet
723 1738 731 1750 ‚
745 1715 895 1746 ostendit?
911 1717 977 1744 Nec
987 1713 1058 1745 vero
1069 1713 1105 1743 de
1115 1714 1176 1742 vir-

213 1768 286 1794 tute,
297 1759 473 1792 constantia,
486 1759 518 1789 &
528 1760 669 1800 gravitate
679 1761 844 1799 provinciae
856 1758 961 1788 Galliae
971 1758 1057 1787 taceri
1068 1753 1171 1796 potest.

211 1801 256 1832 est
266 1804 349 1832 enim
360 1802 412 1831 ille
423 1800 480 1831 flos
491 1803 583 1831 Italiae
595 1820 603 1834 ‚
613 1801 688 1830 illud
699 1799 923 1831 firmamentum
937 1800 1058 1839 imperii
1069 1796 1174 1838 populi

212 1845 368 1878 Romani,
386 1842 462 1873 illud
477 1851 692 1873 ornamentum
706 1843 869 1884 dignitatis.
893 1844 1120 1872 Tantusaurern
1132 1836 1174 1867 est

211 1886 373 1916 consensus
384 1886 625 1925 municipiorum
638 1904 646 1917 ‚
667 1885 916 1924 coloniarumque
933 1884 1096 1923 provinciae
1106 1879 1177 1910 Gal-

212 1928 260 1958 liae
274 1948 282 1962 ,
298 1936 329 1957 ut
340 1937 447 1957 omnes
459 1926 493 1956 ad
504 1925 711 1957 austoritatem
725 1927 815 1965 hujus
825 1927 941 1955 ordinis
953 1945 961 1958 ‚
977 1922 1178 1963 majestatem-

213 1980 271 2012 que
290 1970 394 2010 populi
407 1970 542 1999 Romani
562 1987 570 2001 ,
595 1967 816 1998 defendendam
836 1965 990 2006 conspirasse
1008 1965 1176 1996 videantur.

213 2012 423 2052 (Quinobrem
432 2031 440 2045 ,
453 2010 566 2041 tribuni
576 2010 655 2050 pleb.
665 2020 848 2051 quamquam
858 2019 912 2039 vos
923 2008 999 2038 nihil
1011 2006 1091 2038 aliud
1102 2026 1110 2040 ,
1125 2003 1180 2035 nisi

217 2054 255 2084 de
266 2052 411 2093 praesidio,
423 2062 455 2083 ut
469 2053 603 2082 senatum
615 2050 678 2082 tuto
690 2052 829 2082 consules
840 2051 984 2081 Kalendis
993 2051 1062 2091 Jan.
1073 2048 1181 2078 habere

218 2094 355 2136 possent,
374 2094 518 2125 retulistis
529 2115 537 2128 ,
560 2103 661 2124 tamen
672 2094 751 2124 milii
763 2093 911 2124 videmini
923 2103 1033 2133 magno
1042 2089 1179 2135 consilio,

219 2146 305 2176 :itque
316 2139 430 2177 optima
441 2146 542 2166 mente
553 2135 728 2176 potestatem
743 2135 833 2166 nobis
847 2136 883 2165 de
897 2144 958 2166 t0ta
971 2134 1122 2174 republica
1138 2134 1183 2161 ie-

219 2177 289 2209 ciss'e
309 2179 439 2209 dicendi.
463 2188 534 2208 cum
544 2179 628 2208 enim
640 2177 706 2208 tuto
717 2178 852 2208 senatum
864 2177 965 2207 haberi
976 2175 1036 2206 sine
1046 2173 1182 2216 praefidio

220 2230 285 2250 non
296 2219 376 2260 poss'e
388 2219 590 2258 judicavisti33
612 2219 687 2250 illud
705 2221 796 2250 etiam
815 2218 972 2251 statuistis,
992 2220 1068 2248 intra
1078 2224 1183 2247 muros

180 2262 202 2295 6
219 2265 347 2292 Antonii
366 2262 458 2291 scelus
479 2261 691 2301 audaciamque
709 2262 824 2292 versari.
849 2260 1055 2301 Qarnobrem
1067 2259 1182 2291 omnia,

219 2313 288 2336 mea
298 2304 453 2337 sententia,
465 2302 659 2343 compleftar,
671 2302 770 2336 vobis,
781 2312 813 2332 ut
823 2302 972 2342 intelligo,
989 2311 1052 2330 non
1065 2301 1181 2332 invitis,

219 2355 254 2376 ut
272 2345 305 2376 &
343 2343 564 2375 raestantiffimis
581 2344 706 2374 ducibus
722 2343 738 2373 a
755 2344 843 2373 nobis
857 2343 942 2374 detur
953 2341 1109 2371 aradiorum
1120 2361 1128 2375 ‚
1149 2340 1182 2369 &

220 2386 294 2418 forti
320 2389 389 2416 imis
400 2386 612 2425 militibusspes
623 2383 793 2415 ostendatur
801 2385 998 2425 praemiorum
1011 2394 1016 2412 ς
1027 2384 1059 2413 &
1067 2383 1183 2422 judice-

222 2437 270 2459 tur
289 2439 353 2462 non
370 2428 463 2459 verbo
475 2449 484 2462 ,
504 2427 552 2458 sed
564 2438 593 2457 re
604 2447 612 2462 ,
633 2437 695 2456 non
708 2425 803 2456 modo
815 2436 877 2455 non
888 2426 993 2455 consul
1006 2445 1014 2458 ,
1035 2424 1084 2454 sed
1094 2426 1183 2454 etiarn

223 2470 317 2502 bostis
327 2471 493 2501 Antonius.
517 2479 587 2500 nam
600 2489 609 2503 ‚
630 2467 650 2498 si
666 2469 716 2498 ille
731 2468 855 2502 consul;
873 2466 1051 2497 fustuarium
1065 2475 1186 2496 merue-

224 2522 295 2542 runt
304 2513 448 2554 legiones,
458 2521 526 2552 quae
535 2511 692 2541 consulem
704 2510 905 2551 reliquerunt:
918 2509 1072 2539 sceleratus
1083 2508 1186 2542 Caesar,

226 2555 331 2584 Brutus
341 2553 483 2588 nefarius,
495 2555 547 2595 qui
558 2562 661 2582 contra
671 2552 826 2582 consulem
838 2553 954 2592 privato
964 2548 1091 2580 consilio
1102 2560 1186 2579 excr-

227 2599 302 2625 citus
316 2602 574 2636 comparaverunt.
597 2593 640 2624 sin
653 2603 754 2625 autem
769 2594 919 2623 militibus
933 2591 1112 2633 exquirendi
1122 2592 1189 2622 sunt

226 2638 357 2668 honores
367 2640 440 2668 novi
454 2657 462 2670 ‚
480 2645 601 2678 propter
610 2645 715 2666 eorum
727 2635 869 2667 divinum
885 2655 893 2668 ,
915 2644 1001 2677 atque
1014 2634 1186 2664 immortale

227 2681 371 2708 meritum
385 2690 390 2708 ;
411 2679 538 2709 ducibus
550 2687 650 2708 autem
664 2688 702 2708 ne
716 2677 818 2707 referri
833 2677 957 2717 quidem
974 2675 1071 2717 potest
1087 2678 1187 2717 gratia:

229 2722 297 2762 quis
308 2719 348 2750 est
361 2741 369 2753 ‚
388 2723 439 2761 qui
449 2731 520 2750 eum
532 2730 596 2750 non
608 2718 724 2750 hostem
737 2719 907 2752 existimet,
927 2728 1019 2759 quem
1033 2719 1083 2759 qui
1100 2719 1189 2748 armis

228 2762 442 2804 persequuntur
451 2783 460 2797 ‚
473 2762 673 2802 conservatores
681 2760 834 2803 respublica:
840 2760 1031 2802 judicantur?
1049 2762 1089 2790 At
1097 2758 1187 2801 quiim

270 2894 279 2911 ι
288 2906 294 2912 .
313 2885 392 2917 Qstm
408 2888 529 2913 bar-barm·
540 2907 548 2919 ,
566 2886 638 2922 quim
656 2887 721 2913 mdis
731 2887 762 2921 Ι]
788 2886 933 2913 Lambinus
947 2885 1016 2911 varie
1035 2884 1167 2919 conjectat
1179 2896 1184 2912 :

229 2920 272 2947 sed
284 2921 388 2948 frustra.
410 2923 475 2948 nibil
495 2923 553 2948 vit-ii
564 2923 637 2949 estin
650 2923 765 2958 vulgata.
783 2930 857 2949 taxat
876 2922 946 2949 enim
958 2922 1119 2958 imperitiam
1130 2931 1189 2948 mo-

230 2966 290 2984 rum
302 2957 443 2993 legumque
455 2959 606 2994 Qiritium
619 2968 628 2990 5
639 2959 694 2985 imo
705 2961 732 2984 δε
742 2959 855 2994 Lingua:
867 2959 978 2985 Latinae.

267 3002 295 3019 2.
315 2996 364 3018 Cur
373 2996 456 3025 proba!
466 2995 647 3029 Tusculanam]
668 2997 731 3032 Qa
743 2996 845 3021 ratione
857 2995 977 3021 Fulviam
992 3002 1065 3021 vocet
1076 2995 1189 3027 ’ῙιζὲιιΙα-

231 3039 300 3061 setim,
310 3029 430 3065 prodidit
441 3030 546 3055 Paullus
562 3032 663 3056 Merula
674 3030 871 3057 commentariis
882 3031 933 3057 suis
945 3030 976 3056 ad
990 3031 1117 3056 Ennium.

263 3073 295 3114 ἒ.
316 3067 438 3091 Bambalio
455 3066 552 3099 quidam
566 3067 664 3101 pascu]
687 3067 810 3103 Explicat
821 3067 957 3093 Vitiorius
977 3066 1045 3092 libro
1058 3075 1114 3092 vxi.
1125 3067 1188 3092 Var.

230 3101 296 3127 leci.
307 3109 412 3137 cap.i4,
423 3109 449 3128 at
460 3102 555 3127 Carrio
565 3102 687 3128 emendat
700 3105 811 3128 Bambala
822 3102 1000 3138 Le&.Antiq.
1013 3102 1189 3137 lib.11.cap.2.

263 3143 291 3169 4.
312 3138 408 3163 Habetis
417 3138 587 3171 nobilitatem]
599 3139 708 3164 Secutus
718 3138 772 3164 suni
785 3138 863 3165 fidem
874 3138 1082 3169 mekxcenfis,
1094 3139 1135 3164 cui
1146 3147 1189 3163 ae-

226 3172 301 3202 cedit
312 3172 378 3202 item
388 3173 457 3202 libel·
467 3172 582 3202 Ferrarii
594 3181 602 3205 5
614 3173 676 3201 licet
686 3173 738 3211 ipse
749 3175 852 3208 inallct,
862 3175 987 3201 haberetis.
1000 3174 1107 3210 vulg-ita
1117 3175 1190 3200 habc-

600 131 666 179 M.
739 125 1102 176 Tunnii
1182 122 1725 175 Cicenonis

198 219 280 258 goir&
293 215 452 256 impudens
464 234 471 247 ‚
493 222 524 244 ut
541 212 660 243 biberet
676 213 782 243 omnia
794 210 976 244 commoda,
997 204 1155 240 beneficia,
1178 207 1181 217 ¹

1198 206 1438 237 contumeliosus
1456 209 1488 238 in
1503 208 1626 240 edietis?
1651 214 1661 230 ¹
1672 209 1764 244 Quam
1779 207 1940 241 barbarus?
1956 206 2046 251 quarn
2060 207 2156 242 rudis?

1181 265 1182 274 κ
1199 248 1337 280 Prime
1355 250 1388 278 in
1399 249 1541 280 Caesarem
1554 260 1586 281 ut
1599 247 1756 283 maledieta
1770 250 1909 294 congeffit
1920 271 1928 285 ‚
1949 251 2102 293 depromta
2115 259 2154 282 ex

1199 291 1403 321 recordatione
1423 291 1620 335 impudicitiae
1639 313 1648 328 ,
1672 294 1705 324 δε
1722 293 1893 335 stuprorum
1913 294 2054 324 suorum!
2078 295 2157 333 Qs

1201 335 1283 362 enim
1297 334 1353 362 hoc
1363 332 1550 363 adolescente
1559 333 1684 365 castior?
1699 338 1766 377 quis
1779 335 1944 366 modestior
1955 338 1964 364 ?
1974 335 2055 376 quod
2065 337 2157 374 inju-

1201 383 1324 405 ventute
1342 374 1487 403 habemus
1505 374 1648 406 illustrius
1667 379 1843 418 exemplum
1863 380 1959 407 veteru
1981 376 2158 408 fanffitatis?

1186 455 1188 460 Ι
1203 418 1270 457 quis
1283 424 1380 445 autem
1396 416 1450 445 illo
1465 417 1616 447 maledico
1627 419 1795 458 impurior?
1816 420 2040 460 Ignobilitatem
2050 417 2160 458 objicit

1187 478 1188 488 l
1203 458 1359 488 C-Caesaris
1369 456 1434 487 filio
1445 477 1453 491 ‚
1464 458 1549 497 cujus
1559 459 1649 489 etiarn
1659 461 1799 491 naturalis
1810 470 1889 501 pater
1898 482 1906 495 ,
1920 459 1939 490 sl
1950 463 2009 492 vita
2019 460 2159 501 suppedi-

1204 498 1418 544 tass'etzconsul
1428 498 1522 529 faetus
1531 499 1611 531 ess'et.
1635 503 1755 532 Aricina
1767 512 1871 533 mater.
1893 504 2077 534 Trallianam
2089 522 2097 536 ,
2109 511 2159 533 aut

1206 542 1359 582 Epheliam
1370 550 1455 580 putes
1467 541 1574 571 dicere.
1597 542 1716 576 Videte,
1728 544 1818 584 quam
1829 544 2026 584 despiciamur
2035 554 2157 579 omnes,

1205 584 1257 624 qui
1268 583 1369 613 sumus
1380 582 1559 624 &municipiis
1570 604 1578 616 ‚
1594 583 1624 614 id
1634 583 1676 614 est
1686 604 1695 618 ,
1714 595 1822 615 omnes
1832 585 1931 625 plane.
1953 595 2064 627 quotus
2075 588 2159 616 enim

1206 625 1330 666 quisque
1340 635 1404 654 non
1415 624 1476 655 est?
1495 625 1578 665 quod
1589 634 1688 655 autem
1701 629 1904 667 municipium
1915 637 1978 658 non
1987 629 2162 658 contemnit

1205 669 1230 696 is
1242 687 1251 700 ,
1271 668 1323 707 qui
1335 668 1493 697 Aricinum
1508 676 1660 707 tantopere
1677 667 1819 708 despicit,
1839 668 1979 699 vetustate
1994 668 2161 710 antiquiffi-

1208 718 1295 738 mum
1308 729 1315 742 ‚
1333 710 1399 748 jure
1417 707 1595 738 foederatum
1610 730 1618 743 ,
1639 712 1859 750 propinquitate
1875 710 1960 750 paene
1979 709 2160 746 finitimum,
2190 745 2192 748 y

1206 750 1365 790 splendore
1374 751 1566 790 municipum
1578 750 1818 781 honestiffimum
1829 753 1920 783 ?hinc
1930 753 2163 785 Voconi-semine

1207 793 1344 822 Scatiniae
1356 792 1434 833 leges
1447 802 1451 820 :
1471 792 1544 823 hinc
1558 794 1660 823 multae
1675 794 1752 824 sellce
1769 793 1885 824 curules
1897 814 1905 827 ,
1926 794 1959 823 &
1970 803 2086 834 patrum
2098 803 2166 824 me·-

1209 836 1315 867 moria‚
1329 833 1361 863 &
1372 833 1485 864 nostra:
1495 834 1568 864 hinc
1577 838 1690 875 equites
1702 837 1835 866 Romani
1846 855 1854 869 ‚
1866 834 2018 866 lautissimi
2027 836 2163 875 plurimi,

1210 876 1242 905 &
1254 873 1462 905 honestissimi.
1485 876 1542 906 Sed
1553 875 1574 906 fi
1583 879 1737 907 Aricinam
1749 886 1877 908 uxorem
1889 887 1952 907 non
1962 877 2079 917 probas,
2091 879 2105 897 2
2113 887 2166 908 cur

1207 916 1314 957 probas
1324 917 1547 948 Tusculanam?
1565 928 1748 960 quamquam
1761 920 1849 956 huius
1866 917 2050 949 sanfflffimae
2066 919 2168 950 faemi-

1210 969 1255 988 nae
1266 979 1275 992 ,
1289 969 1377 999 atque
1386 961 1509 999 optimae
1519 969 1597 999 pater
1608 963 1652 990 M.
1663 963 1762 991 Attius
1773 961 1879 991 Balbus
1891 981 1898 994 ,
1912 964 1943 991 in
1952 962 2059 1001 primis
2068 962 2167 991 hone-

1211 1001 1270 1031 stus
1282 1021 1290 1033 ,
1301 1004 1456 1040 praetorius
1466 1000 1524 1030 fuit
1536 1012 1540 1030 :
1554 1012 1611 1032 tuae
1621 1003 1757 1043 conjugis
1768 1023 1776 1036 ,
1789 1002 1876 1032 bonae
1886 1003 2018 1033 faeminae
2029 1022 2037 1036 ,
2049 1002 2167 1045 locuple-

1211 1044 1244 1070 tis
1261 1042 1376 1082 quidem
1392 1043 1480 1076 certe,
1506 1045 1685 1074 3Bambalio
1703 1044 1826 1085 quidam
1843 1054 1943 1085 pater,
1963 1046 2060 1075 homo
2080 1045 2167 1075 nullo

1210 1092 1349 1113 numero.
1374 1085 1452 1113 nihil
1470 1085 1526 1114 illo
1545 1087 1731 1115 contemtius
1744 1106 1752 1120 ,
1772 1088 1825 1127 qui
1842 1095 1960 1126 propter
1972 1084 2167 1117 haefitantiam

1209 1125 1319 1164 linguae
1331 1144 1338 1158 ,
1360 1124 1572 1165 stuporemque
1590 1127 1688 1157 cordis
1702 1147 1711 1160 ,
1735 1137 1909 1167 cognomen
1926 1138 1964 1158 ex
1984 1128 2171 1158 contumelia

1209 1167 1339 1196 traxerit.
1364 1170 1403 1196 At
1412 1176 1482 1196 avus
1494 1167 1616 1197 nobilis.
1640 1168 1810 1198 Tuditanus
1821 1179 1929 1208 nempe
1940 1170 1991 1199 ille
2002 1190 2010 1203 ‚
2031 1172 2167 1211 quicum

1209 1208 1285 1247 palla
1294 1227 1302 1241 ‚
1324 1207 1357 1237 δε
1367 1209 1501 1237 coturnis
1514 1218 1661 1239 nummos
1678 1210 1793 1249 populo
1808 1210 1844 1239 de
1854 1210 1972 1240 Rostris
1981 1211 2109 1251 spargere
2120 1212 2170 1242 so-

1210 1249 1296 1279 lebat.
1320 1249 1430 1279 vellem
1443 1250 1518 1280 hanc
1527 1253 1771 1281 contemtionem
1781 1254 1915 1291 pecuniae
1926 1252 1983 1282 suis
1993 1251 2168 1293 reliquisset.

1209 1295 1227 1318 4
1235 1291 1349 1321 habetis
1360 1291 1549 1322 nobilitatem
1561 1294 1678 1334 generis
1686 1293 1859 1333 gloriosam.
1874 1295 1935 1335 Qi
1944 1303 2042 1323 autem
2055 1296 2169 1328 evenit,

1214 1336 1227 1361 5
1236 1342 1267 1363 ut
1279 1332 1333 1363 tibi
1341 1333 1422 1374 Julia
1432 1342 1518 1364 natus
1527 1355 1535 1368 ‚
1548 1334 1692 1375 ignobilis
1704 1335 1846 1369 videatur,
1858 1334 1930 1365 cum
1941 1345 1972 1365 tu
1984 1336 2091 1366 eodem
2105 1345 2171 1367 ma-

1214 1383 1300 1405 terno
1308 1385 1416 1416 genere
1425 1376 1517 1406 soleas
1522 1376 1667 1416 gloriari?
1684 1387 1750 1418 quae
1766 1375 1856 1418 porto
1873 1379 2004 1408 amentia
2020 1377 2081 1412 est,
2098 1388 2171 1408 eum

1215 1417 1311 1447 dicere
1322 1417 1435 1458 aliquid
1447 1417 1484 1448 de
1494 1428 1625 1448 uxorum
1635 1419 1824 1458 ignobilitate
1834 1438 1844 1453 ,
1863 1419 1950 1452 cuius
1965 1429 2046 1460 pater
2055 1423 2088 1450 N
2090 1421 2174 1450 umi-

1214 1461 1322 1489 toriam
1332 1459 1547 1500 Fregellanam,
1557 1460 1700 1501 proditoris
1710 1459 1803 1491 filiam
1813 1460 1947 1491 habuerit
1957 1471 2083 1491 uxorem
2095 1473 2100 1491 ;
2111 1462 2173 1502 ipse

1213 1510 1252 1531 ex
1266 1501 1400 1531 libertini
1412 1499 1472 1532 filia
1487 1501 1642 1542 susceperit
1652 1502 1784 1532 liberos?
1805 1501 1862 1533 Sed
1877 1503 1935 1533 hoc
1948 1501 2097 1533 clariffimi
2114 1505 2173 1534 viri

1214 1542 1365 1575 viderint,
1386 1544 1605 1583 L.Philippus‚
1626 1546 1679 1585 qui
1697 1544 1783 1574 habet
1793 1545 1945 1574 Aricinam
1966 1554 2093 1574 uxorem
2107 1565 2116 1578 ,
2137 1548 2172 1575 C.

1215 1585 1393 1617 Marcellus,
1413 1587 1466 1625 qui
1476 1587 1607 1616 Aricinae
1617 1585 1730 1616 filiam:
1752 1595 1828 1627 quos
1846 1586 1923 1616 certe
1942 1586 2002 1616 scio
2020 1586 2174 1628 dignitatis

1216 1627 1398 1666 optimarum
1409 1626 1602 1659 faeminarum
1612 1638 1677 1658 non
1685 1631 1844 1668 poenitere.
1887 1627 1973 1658 Idem
1982 1629 2070 1658 etiarn
2081 1630 2174 1669 QCi-
2194 1636 2211 1668 7

1214 1678 1356 1698 ceronem
1369 1688 1378 1702 ‚
1395 1667 1490 1699 fratris
1501 1671 1561 1699 mei
1572 1668 1670 1700 filium
1683 1690 1691 1704 ‚
1706 1670 1867 1710 compellat
1877 1669 1978 1700 editio
1990 1680 1996 1699 z
2017 1680 2073 1700 nec
2083 1671 2173 1702 sentit

1214 1720 1318 1740 amens
1331 1731 1340 1744 ,
1358 1711 1621 1741 commendationem
1631 1710 1687 1741 effe
1698 1712 1964 1752 compellationem
1975 1711 2066 1741 suam.
2089 1712 2174 1752 Qid

1215 1754 1299 1782 enirn
1310 1752 1418 1782 accidei
1426 1763 1441 1782 e
1449 1753 1522 1785 huic
1531 1753 1711 1783 adolescenti
1722 1755 1821 1793 potuit
1833 1755 1961 1793 optatius
1972 1772 1980 1786 ,
1995 1751 2011 1772 ⁶
2019 1753 2110 1794 quarn
2121 1764 2175 1786 co-

1214 1794 1317 1835 gnosci
1336 1794 1372 1824 ab
1392 1794 1570 1825 hominibus
1583 1814 1592 1829 ,
1617 1795 1736 1825 Caesaris
1754 1793 1952 1825 consiliorum
1969 1792 2026 1824 esse
2045 1795 2174 1829 socium,

1215 1837 1344 1865 Antonii
1364 1834 1476 1865 furoris
1494 1838 1680 1868 inimicum?
1702 1840 1742 1866 At
1760 1839 1851 1867 etiam
1867 1836 2013 1877 gladiator
2029 1836 2113 1867 ausus
2133 1836 2176 1868 est

1216 1878 1363 1917 scribere,
1386 1879 1467 1908 hunc
1475 1877 1512 1908 de
1522 1880 1612 1918 patris
1624 1899 1633 1912 ‚
1654 1878 1687 1908 &
1700 1880 1795 1918 patrui
1808 1877 1962 1920 parricidio
1978 1877 2125 1919 cogitasse.
2149 1881 2177 1909 Ο

1215 1919 1425 1949 admirabilem
1443 1920 1665 1960 impudentiam
1677 1940 1685 1954 ,
1706 1920 1859 1950 audaciam
1871 1940 1880 1954 ‚
1899 1921 2097 1951 temeritatem
2113 1922 2119 1950 ἔ
2142 1922 2178 1951 in

1216 1971 1287 1991 eum
1298 1961 1518 1992 adolescentem
1529 1963 1592 1993 haec
1602 1962 1726 1993 scribere
1737 1962 1843 1992 audere
1855 1982 1864 1996 ,
1883 1971 1974 2003 quem
1985 1972 2040 2003 ego
2051 1983 2060 1996 ,
2076 1963 2108 1993 &
2119 1962 2179 1993 fra-

1218 2013 1260 2033 ter
1271 2013 1357 2033 meus
1368 2024 1376 2037 ‚
1397 2013 1515 2044 propter
1523 2005 1587 2044 ejus
1597 2003 1786 2035 suavissimos
1796 2024 1804 2038 ‚
1824 2013 1910 2046 atque
1920 2005 2054 2044 optimos
2064 2014 2176 2039 morea

1218 2044 1554 2087 praestantissimumque
1564 2047 1723 2088 ingenium
1734 2067 1742 2081 ,
1757 2049 1894 2077 certatim
1905 2055 2041 2076 amamus
2050 2067 2059 2081 ‚
2074 2049 2179 2077 omni-

1223 2088 1334 2129 busque
1344 2089 1437 2122 horis,
1450 2091 1558 2123 oculis,
1569 2089 1689 2119 auribus
1700 2109 1709 2122 ‚
1721 2089 1886 2129 complexu
1896 2091 2053 2118 tenemus?
2074 2094 2088 2117 7
2096 2091 2179 2119 Nam

1223 2140 1273 2160 rne
1286 2130 1398 2160 eisdem
1409 2129 1516 2161 ediffis
1527 2131 1630 2164 nescit,
1646 2131 1742 2165 laedat,
1758 2141 1796 2161 an
1806 2130 1912 2161 laudet.
1936 2129 2099 2161 cumidem
2109 2130 2179 2169 sup-

1220 2172 1346 2212 plicium
1358 2174 1491 2202 minatur
1503 2175 1627 2213 optimis
1638 2173 1755 2204 civibus
1767 2192 1775 2207 ,
1795 2172 1877 2213 quod
1888 2182 1941 2213 ego
1952 2172 1987 2202 de
1998 2171 2179 2202 sceleratissi-

1221 2216 1280 2243 mis
1291 2214 1448 2244 sumserim
1460 2234 1469 2248 ‚
1490 2214 1609 2245 laudare
1619 2215 1739 2245 videtur
1748 2234 1756 2249 ‚
1776 2212 1855 2255 quasi
1875 2215 1984 2244 imitari
1999 2213 2082 2243 velit.
2104 2213 2178 2244 curn

1219 2266 1319 2286 autem
1333 2256 1416 2285 illam
1430 2256 1626 2296 pulcherrimi
1638 2256 1711 2286 faeti
1729 2257 1912 2285 memoriam
1930 2253 2062 2284 refricat:
2084 2263 2148 2285 tum
2163 2255 2179 2285 'Ii

1222 2299 1266 2328 sui
1285 2297 1434 2327 similibus
1450 2298 1598 2328 invidiam
1617 2298 1749 2338 aliquam
1765 2299 1798 2326 in
1815 2306 1864 2325 me
1882 2298 2072 2328 commoveri
2086 2306 2178 2336 putat.

1223 2339 1278 2369 Sed
1291 2339 1352 2378 ipse
1361 2338 1433 2378 quid
1444 2338 1515 2368 fecit
1527 2342 1537 2367 ?
1547 2338 1620 2368 eum
1631 2348 1675 2368 tot
1683 2337 1779 2367 edifiia
1788 2336 2002 2377 proposuisset:
2023 2339 2134 2372 edixit,
2146 2347 2179 2369 ut
2199 2341 2216 2374 8

1221 2379 1328 2410 adesset
1339 2379 1456 2409 senatus
1463 2379 1604 2419 frequens
1617 2399 1624 2413 ,
1636 2389 1658 2410 a.
1669 2379 1698 2408 d.
1709 2389 1760 2409 vri
1769 2389 1794 2408 1.
1807 2379 1956 2409 Kalendas
1967 2380 2178 2415 Decembreis3

1222 2431 1258 2451 eo
1275 2420 1323 2450 die
1336 2421 1397 2460 ipse
1409 2430 1473 2450 non
1486 2420 1582 2452 affuit.
1604 2424 1644 2451 At
1657 2420 1814 2462 quomodo
1829 2421 1945 2451 edixit?
1964 2423 2027 2452 liaec
2038 2422 2123 2456 sunt,
2146 2431 2181 2453 ut

1224 2464 1352 2502 opinor,
1366 2462 1457 2492 verba
1467 2463 1500 2493 in
1511 2473 1662 2493 exrremO.
1684 2463 1718 2492 Si
1727 2463 1845 2504 quianon
1855 2463 1991 2503 affuerim
2012 2465 2083 2493 hunc
2092 2474 2182 2494 omnes

1224 2503 1381 2540 existimare
1391 2512 1521 2544 poterunt
1531 2505 1708 2538 &interitus
1718 2504 1773 2533 mei
1782 2525 1791 2538 ,
1813 2504 1848 2537 &
1857 2505 2104 2545 perdittſjimorum
2120 2516 2184 2536 con-

1219 2546 1350 2588 filiorum
1366 2544 1509 2576 uallarem
1519 2546 1616 2586 fuiffi.
1639 2549 1713 2586 Quae
1726 2547 1795 2576 sunt
1806 2547 1918 2587 perdita
1936 2547 2068 2589 confili'a?
2089 2557 2182 2582 anea,

1225 2598 1291 2630 quae
1300 2590 1451 2628 pertinent
1460 2589 1495 2619 ad
1504 2589 1670 2619 libertatem
1681 2588 1787 2628 populi
1796 2590 1929 2619 Romani
1939 2589 2185 2629 recuperandam?

1227 2640 1358 2672 quorum
1371 2628 1568 2661 consiliorum
1579 2631 1682 2661 Caesari
1693 2640 1742 2660 me
1754 2629 1907 2661 auetorcm
1919 2650 1928 2664 ,
1949 2632 1982 2662 &
2000 2633 2183 2662 hortatorem

1229 2676 1262 2703 ὀί
1272 2670 1330 2702 effe
1342 2692 1351 2706 ,
1372 2672 1404 2701 &
1413 2671 1501 2702 fuisse
1514 2675 1618 2703 rateor.
1642 2681 1822 2713 quamquam
1836 2672 1886 2702 ille
1897 2682 1960 2703 non
1970 2674 2051 2715 eguit
2058 2671 2184 2704 consilio

1227 2715 1418 2755 cujusquam:
1432 2715 1481 2745 sed
1493 2723 1605 2748 tamen,
1618 2721 1769 2743 currentem
1780 2723 1811 2744 ut
1820 2714 1939 2748 dicitur,
1951 2715 2083 2744 incitavi.
2101 2717 2184 2745 Nam

1230 2758 1368 2788 interitus
1381 2756 1505 2797 quidem
1523 2758 1565 2787 tui
1584 2758 1652 2798 quis
1661 2756 1760 2787 bonus
1770 2766 1836 2786 non
1846 2754 2046 2790 effetaustor‚
2067 2754 2139 2786 cum
2149 2757 2183 2786 in

2052 2807 2089 2827 eo
2099 2798 2185 2832 salus,

1229 2885 1284 2911 retia·
1293 2885 1446 2911 nobilitatem.

1270 2929 1295 2954 5.
1317 2924 1345 2946 Ut
1354 2923 1396 2947 tibi
1405 2922 1476 2954 Julia
1486 2919 1585 2954 narem]
1605 2920 1649 2946 Sic
1658 2919 1765 2955 quidem
1777 2919 1861 2946 editio
1879 2919 1975 2956 prima.
1994 2918 2038 2945 sed
2049 2918 2106 2945 mss.
2117 2918 2186 2946 miro

1233 2957 1346 2988 variant,
1359 2964 1388 2983 ut
1399 2957 1483 2992 liquet
1492 2965 1525 2982 ex
1537 2956 1651 2982 Ferrarii
1665 2955 1886 2982 Emendationum
1899 2955 1978 2981 libro.
1994 2954 2186 2991 l'al.pr.habet,

1212 3005 1214 3028 Ι
1231 3000 1258 3018 ut
1267 2994 1287 3019 is
1296 2994 1339 3019 tilii
1347 2995 1420 3025 Juh'a
1435 2999 1518 3018 natus.
1529 2991 1578 3018 sec.
1596 2999 1622 3016 ut
1632 2992 1651 3017 is
1661 2994 1704 3017 ribi
1713 2995 1814 3017 Aricina
1823 2999 1896 3017 natus
1908 3011 1915 3023 ‚
1927 2990 1997 3027 quod
2009 2992 2035 3017 St
2045 2991 2073 3017 in
2090 2991 2145 3017 Lil.
2156 2991 2186 3016 SC

1233 3028 1341 3055 Geinbl.
1357 3027 1428 3054 forte
1438 3027 1502 3059 fuit,
1512 3028 1568 3054 utic
1576 3029 1620 3053 ribi
1628 3034 1702 3053 natm
1712 3029 1813 3060 ignobilis
1823 3028 1944 3059 videatur,
1957 3027 2066 3053 exclusis
2078 3026 2184 3058 ceteriS.

1266 3065 1294 3090 6.
1313 3062 1392 3096 Q-bn
1401 3063 1498 3097 cognidii
1506 3065 1536 3089 ab
1544 3064 1700 3098 hominibm]
1722 3063 1867 3090 Lambinus
1877 3066 1992 3089 omnibus.
2003 3073 2055 3090 non
2065 3062 2186 3100 probem.

1231 3109 1316 3136 neque
1325 3099 1426 3136 patitur
1436 3099 1564 3125 sententia
1574 3108 1583 3129 ;
1602 3107 1648 3126 aut
1658 3106 1719 3126 :etas
1730 3099 1914 3126 adolescentis.

1267 3144 1295 3172 7.
1314 3139 1385 3171 ‘Ram
1394 3145 1429 3160 me
1437 3135 1517 3169 eiJk'em
1527 3135 1633 3169 camin]
1646 3137 1686 3161 Ita
1696 3135 1842 3169 conjecerat
1853 3135 2001 3169 Ferrarius,
2009 3133 2188 3172 approbatque

1231 3171 1289 3199 Pal.
1300 3171 1351 3199 sec⁴
1362 3171 1387 3200 iii
1399 3180 1468 3207 quo:
1490 3180 1547 3198 nam
1556 3172 1610 3198 meis
1621 3172 1648 3197 de
1656 3181 1691 3198 me
1700 3172 1777 3200 diesis.

2103 3214 2127 3232 i.
2140 3206 2195 3233 Viuo
