2339 3379
655 129 1749 195 PH1L1pp1ca--QU1NT‚A.·

215 201 364 234 fac-,turum
379 199 486 233 fuisse?
508 199 589 242 Qid
604 199 675 230 verb
685 220 693 234 ,
716 200 797 241 quod
811 203 840 230 in
853 202 1002 231 concione
1014 200 1110 230 dicere
1121 210 1172 230 au-

211 246 259 276 sus
270 245 312 275 est
325 265 332 278 ,
355 245 382 275 se
393 264 401 278 ‚
417 253 486 273 cum
499 241 666 283 magistratu
679 242 781 273 abillet
792 263 800 277 ,
823 246 830 262 ¹
843 243 877 273 ad
890 242 994 272 urbem
1007 251 1170 272 venturum

202 283 281 318 'cum
297 287 448 316 exercitu?
468 286 663 314 introitui-um
679 304 687 317 ‚
705 286 953 325 quotiescumque
969 283 1078 313 vellet?
1098 283 1171 323 quid

211 339 271 359 erat
280 327 359 358 aliud
370 347 378 361 ‚
391 325 444 356 nisi
455 325 630 355 denuntiare
640 327 753 366 populo
765 327 1058 365 Romservirutem?
1077 324 1167 363 Qod

209 379 308 401 autem
319 371 381 406 ejus
391 371 445 397 iter
457 366 646 397 Brundisium
661 370 745 409 ?quae
755 367 927 400 festinatio?
944 376 1008 408 qua:
1020 366 1083 413 spes
1092 385 1100 399 ‚
1115 364 1170 395 nisi

212 421 245 442 ut
261 415 274 430 ²
286 410 320 441 ad
335 410 439 439 urbem
454 410 500 438 vel
515 411 546 438 in
561 409 666 439 urbem
683 413 797 450 potius,
820 411 983 440 exercitum
995 416 1167 438 maximum

210 534 291 565 simae
301 533 504 564 reciamass'erit
513 554 522 568 ,
542 535 670 565 domum
682 536 715 566 ad
728 536 755 565 se
765 532 957 575 venirejuffit
966 534 1167 565 centuriones,

209 586 286 617 quos
306 576 379 606 bene
396 576 433 606 de
461 586 520 616 rep.
541 577 647 607 sentire
664 586 858 619 cognoverat:
879 576 986 616 eosque
1000 583 1068 605 ante
1081 573 1169 613 pedes

209 619 288 652 suos,
301 619 464 659 uxorisque
474 619 540 652 suae,
551 628 639 659 quam
653 620 855 660 secumgravis
864 620 1025 657 imperator
1033 615 1068 660 ad
1080 624 1168 644 exer-

207 661 303 690 citum
315 661 437 691 duxerat
450 681 457 694 ‚
468 661 597 701 jugulari
607 663 713 702 coegit.
745 664 815 702 Qo
825 661 929 690 animo
940 659 1021 687 hunc
1029 659 1166 686 futurum

207 700 297 732 fuiss'e
306 702 431 732 censetis
442 705 473 732 in
485 712 539 732 nos
549 723 557 736 ‚
569 713 643 743 quos
654 703 754 733 oderat
763 722 772 736 ,
785 701 856 731 cum
867 703 898 730 in
910 709 971 732 eos,
985 707 1062 738 quos
1073 707 1166 726 num-

207 753 300 784 quam
311 743 424 773 viderat
433 764 441 778 ,
454 752 512 774 tam
524 745 653 775 crudelis
664 743 784 775 fuiss'et?
801 743 832 772 δε
843 741 933 782 quam
945 739 1066 769 avidum
1078 740 1109 768 in
1119 746 1166 776 pe·
1185 778 1187 782 Ι
1373 784 1376 787 ¹
1682 790 1685 793 Ι
1809 789 1816 794 ἱ

1185 786 1187 802 =¹
1206 790 1308 812 contra
1319 793 1446 821 majores
1457 785 1574 815 nostros
1587 788 1737 818 Hannibal
1752 789 1853 830 gestit,
1874 794 1955 823 causa
1973 793 2031 823 fuit
2040 794 2161 834 Sagunti

1185 832 1186 838 ¹
1205 827 1399 865 oppugnatio.
1422 826 1501 856 reete
1511 827 1546 856 ad
1557 838 1626 857 eum
1638 830 1723 870 legati
1735 830 1823 860 miffi.
1848 834 2039 865 mittebantur
2048 836 2082 865 ad
2095 838 2162 865 Poe-

207 786 294 814 cuniis
318 786 524 825 locupletum,
539 788 764 827 quipauperum
777 785 952 822 sanguinem
964 779 1163 827 concupifl'et?

206 837 338 867 quorum
349 828 482 866 ipsorum
494 828 571 857 bona
582 847 590 859 ,
604 834 830 866 quantacunque
841 833 941 856 erant,
955 822 1053 853 statim
1065 832 1164 852 comi-

206 868 286 898 tibus
299 870 356 899 suis
369 889 377 903 ‚
397 868 682 908 compotoribusque
695 864 851 906 descripsit.
876 867 974 905 Atque
992 865 1043 894 ille
1060 862 1164 894 furens

207 909 315 940 infesta
328 912 391 950 jam
409 912 510 950 patri-x
532 908 612 950 figna
625 907 783 938 Brundisio
802 906 966 937 inferebat:
985 905 1057 953 cum
1071 906 1164 953 Caesar

203 952 317 981 deorum
335 952 558 982 immortalium
577 949 723 980 beneficio
741 971 748 983 ,
773 949 872 979 divini
892 950 1011 982 animi,
1034 951 1161 988 ingenii,

206 992 323 1023 confilii
336 992 542 1034 magnitudine
555 1012 563 1026 ,
580 996 782 1033 ³quamquam
793 991 842 1022 sua
852 991 956 1030 sponte
967 1010 975 1023 ‚
989 991 1161 1036 eximiaque

202 1036 313 1064 virtute
328 1053 336 1068 ,
355 1042 456 1064 tamen
478 1034 690 1073 approbatione
705 1033 887 1064 au&oritatis
906 1042 980 1062 meae
992 1052 1000 1065 ,
1026 1031 1161 1078 colonias

201 1078 291 1116 patris
307 1075 396 1105 adiit:
415 1083 570 1105 veteranos
587 1077 701 1106 milites
720 1076 912 1106 convocavit:
936 1075 1036 1114 paucis
1056 1072 1161 1102 diebus

201 1118 369 1147 exercitum
380 1116 602 1148 fecitzincitatos
613 1118 737 1147 latronis
748 1120 876 1157 impetus
886 1115 1052 1145 retardavit.
1075 1114 1161 1145 Post—

204 1158 238 1188 ea
248 1158 320 1189 vero
333 1178 341 1192 ‚
361 1158 450 1200 quarn
463 1159 542 1200 legio
553 1161 657 1189 Martia
675 1160 781 1189 ducem
793 1156 1062 1203 praestantissimum
1074 1156 1160 1190 vidit,

201 1201 280 1230 nihil
294 1202 354 1241 egit
371 1200 450 1231 aliud
463 1220 471 1233 ‚
493 1199 546 1230 nifi
561 1221 568 1235 ‚
591 1202 794 1242 utaliquando
808 1200 892 1229 liberi
904 1197 1047 1229 essemus:
1067 1208 1159 1239 quam

161 1249 184 1281 9
203 1241 245 1272 est
256 1243 370 1272 imitata
381 1251 480 1283 quarta
490 1242 579 1284 legio.
624 1245 694 1284 Qo
705 1243 755 1272 ille
766 1244 875 1272 nuntio
885 1241 988 1272 audito
999 1261 1007 1274 ,
1029 1239 1100 1270 cum
1116 1241 1159 1270 se-

203 1292 306 1313 natum
324 1283 470 1317 vocastbc,
491 1283 728 1325 adhibuissetque
741 1283 928 1314 consularem
941 1303 951 1315 ‚
970 1284 1022 1323 qui
1035 1282 1082 1312 sua
1091 1282 1159 1332 sen-

199 1327 292 1355 tentia
302 1327 482 1357 C-Caesiirem
494 1325 610 1356 hostem
623 1327 765 1363 judicaret
774 1345 782 1359 ‚
795 1324 915 1365 repente
924 1324 1066 1354 concidit.
1090 1323 1157 1363 post

199 1375 301 1397 autem
319 1377 415 1407 neque
433 1366 582 1397 sacrificiis
601 1367 801 1398 sollemnibus
817 1366 904 1396 fabiis
922 1386 932 1399 ‚
959 1375 1058 1406 neque
1077 1367 1157 1396 votis

198 1411 377 1448 nuncupatis
391 1428 399 1442 ,
423 1411 510 1438 4non
527 1408 680 1448 profectus
697 1408 740 1439 est
753 1429 762 1441 ,
785 1408 833 1438 sed
843 1407 975 1448 profugit
991 1406 1155 1451 paludatus.

197 1452 237 1479 At
248 1454 330 1489 quo?
352 1451 382 1479 in
395 1452 584 1489 provinciam
601 1449 840 1480 firmissimorum
853 1470 861 1484 ,
881 1447 1153 1480 &foi-tiifimorum

193 1492 328 1521 civium:
346 1492 498 1531 quiillum
510 1511 518 1524 ‚
541 1502 579 1522 ne
597 1491 618 1521 si
632 1494 672 1522 ita
683 1492 808 1533 quidem
821 1490 969 1524 venisset,
991 1499 1024 1520 ut
1035 1490 1156 1520 nullum

193 1532 308 1562 bellurn
321 1532 531 1572 infei·ret‚fhrre
540 1532 718 1574 potuissent:
731 1536 945 1574 impotentem,
957 1532 1148 1566 iracundum,

198 1575 455 1605 contumeliosum
467 1595 475 1609 ‚
498 1575 657 1615 superbum
670 1596 678 1610 ,
698 1576 813 1616 semper
828 1575 1019 1616 poscentem,
1040 1575 1156 1614 semper

196 1617 362 1655 rapientem
374 1636 382 1650 ‚
397 1617 510 1657 semper
522 1618 649 1648 ebrium.
672 1621 711 1648 At
720 1619 772 1648 ille
783 1638 791 1651 ‚
804 1619 888 1657 cujus
900 1627 937 1646 ne
946 1624 1075 1657 pacatam
1086 1618 1153 1657 qui-

192 1656 264 1687 dem
279 1659 442 1698 nequitiam
457 1658 611 1700 quisquam
624 1659 699 1690 ferre
709 1658 804 1699 pofl'et
815 1679 823 1693 ,
845 1659 959 1689 bellum
971 1658 1074 1688 intulit
1083 1667 1153 1698 pro-

192 1701 300 1730 vincia:
318 1700 424 1731 Galliae
444 1711 449 1730 :
470 1701 662 1732 circumsedit
682 1703 834 1732 Mutinam
847 1721 855 1735 ‚
875 1699 1074 1730 firmiffimatn
1087 1719 1096 1733 ‚
1118 1700 1151 1730 δε

191 1740 458 1779 splendidissimam
474 1744 581 1782 populi
598 1745 733 1774 Romani
750 1743 924 1773 coloniam:
945 1750 1098 1783 oppugnat
1109 1744 1149 1771 D.

191 1783 318 1811 Brutum
329 1785 540 1823 imperatorem
552 1805 560 1818 ,
581 1786 737 1816 consulem
752 1783 935 1826 designatum
948 1803 956 1817 ‚
976 1786 1076 1814 civem
1087 1793 1151 1813 non

190 1821 244 1853 fibi
255 1842 263 1856 ‚
279 1823 325 1854 sed
338 1825 444 1859 nobis,
459 1826 492 1856 &
502 1828 576 1866 reip.
589 1836 704 1857 natum.
729 1830 806 1868 Ergo
818 1825 970 1856 Hannibal
980 1824 1073 1854 hostis
1084 1845 1092 1858 ‚
1106 1827 1149 1855 ci-

188 1867 235 1894 vis
249 1868 422 1896 Antonius?
442 1867 515 1907 quid
529 1869 581 1897 ille
593 1867 665 1898 fecit
678 1868 826 1899 hostiliter
837 1887 846 1902 ‚
868 1866 950 1908 quod
962 1867 1009 1896 hic
1023 1876 1086 1896 non
1100 1876 1149 1897 aut

187 1905 310 1939 fecerit,
331 1917 381 1938 aut
392 1907 498 1942 faciat,
517 1917 566 1939 aut
580 1910 722 1940 moliatur
734 1930 742 1944 ,
764 1910 936 1951 &cogitet?
958 1910 1077 1938 Totum
1092 1910 1148 1938 iter

186 1950 318 1978 Antonii
327 1949 399 1990 quid
409 1949 528 1984 habuit,
540 1948 595 1980 nisi
604 1950 851 1991 depopulationes
860 1970 869 1984 ,
880 1949 1058 1980 vastationes
1069 1969 1077 1983 ‚
1090 1960 1146 1980 cae-

185 1989 250 2019 deis
261 2010 269 2023 ,
287 1994 401 2031 rapinas
415 1993 425 2020 ?
446 2001 516 2032 quas
527 2001 592 2021 non
601 1992 726 2023 faeiebat
736 1992 887 2022 Hannibal
897 2012 906 2024 ‚
926 2001 996 2032 quia
1005 1992 1101 2021 multa
1109 1991 1148 2020 ad

185 2032 270 2070 usum
280 2032 369 2071 suum
378 2033 550 2064 reservabat.
573 2035 662 2068 athi,
681 2036 777 2075 quiin
787 2035 890 2065 horam
899 2035 1038 2063 viverent
1050 2053 1058 2066 ,
1078 2043 1143 2063 non

185 2073 283 2103 modo
297 2074 333 2104 de
347 2074 477 2104 fortunis
488 2095 496 2109 ‚
517 2075 550 2105 &
560 2074 596 2105 de
606 2076 695 2106 bonis
704 2078 819 2106 civium
832 2096 840 2109 ‚
863 2075 911 2106 sed
923 2085 959 2105 ne
970 2075 1006 2105 de
1017 2075 1144 2105 utilitate

183 2114 309 2154 quidem
328 2116 377 2146 sua
393 2119 605 2158 cogitaverunt.
629 2118 675 2148 Ad
687 2117 831 2157 hunc(dii
842 2118 928 2158 boni)
942 2117 1051 2157 legatos
1061 2119 1141 2147 mitti

181 2156 277 2195 placet
285 2159 296 2186 ?
305 2167 418 2188 norunt
426 2158 475 2188 isti
485 2159 627 2189 homines
636 2159 765 2190 formam
777 2161 849 2199 reip.
858 2160 922 2199 jura
933 2159 1023 2192 belli,
1037 2168 1141 2188 exem-

179 2197 230 2237 pla
240 2199 391 2237 majorum
403 2202 413 2229 ?
425 2202 574 2242 cogitant,
592 2201 665 2241 quid
677 2203 782 2241 populi
794 2204 887 2231 Rom.
898 2199 1034 2245 majestas
1045 2221 1053 2233 ,
1068 2201 1140 2241 quid

181 2239 299 2270 senatus
313 2240 448 2271 severitas
461 2241 609 2281 postulet?
631 2245 754 2283 Legatos
764 2243 925 2273 decernitis
938 2253 943 2272 2
962 2244 983 2271 11
995 2252 1026 2272 ut
1036 2243 1140 2282 depre—

178 2290 302 2315 centur,
318 2291 512 2313 conremnecs
534 2282 554 2313 fi
566 2292 597 2314 ut
606 2286 761 2324 imperetis
772 2304 780 2318 ‚
799 2294 863 2314 non
872 2284 989 2315 audiet:
1009 2284 1140 2324 denique

178 2325 318 2364 quamvis
333 2324 430 2354 severa
439 2325 539 2366 legatis
550 2326 687 2356 mandata
697 2326 869 2356 dederimus
879 2347 887 2359 ,
908 2336 1023 2355 nomen
1037 2326 1135 2365 ipsum

177 2364 344 2405 legatorum
354 2385 363 2400 ,
375 2367 456 2397 hunc
465 2386 474 2400 ‚
487 2377 578 2407 quem
589 2367 729 2398 videmus
738 2388 747 2401 ,
759 2368 864 2408 populi
873 2370 966 2397 Rom.
977 2367 1146 2408 restinguet*

176 2407 332 2437 ardorem:
351 2410 593 2449 municipiorum
605 2428 614 2443 ‚
630 2418 717 2451 atque
727 2410 819 2440 Italiae
828 2408 1079 2450 frangetanimos.
1104 2418 1136 2439 ut

177 2449 319 2479 omittam
330 2450 411 2484 haec,
431 2461 495 2491 quae
507 2460 613 2492 magna
624 2452 708 2482 sunt:
730 2450 871 2481 certeista
880 2451 989 2491 legatio
1006 2461 1135 2484 moram,

177 2489 212 2519 ὃς
222 2490 389 2521 tarditatem
398 2491 499 2522 afferet
508 2492 601 2523 bello.
618 2495 765 2535 Qamvis
776 2493 887 2526 dicant,
899 2493 980 2534 quod
990 2493 1133 2533 quosdam

175 2531 265 2562 audio
275 2531 409 2563 dicturos
420 2544 425 2563 :
436 2536 539 2576 Legati
547 2533 773 2575 proficiscantur
783 2545 788 2564 :
800 2535 917 2564 bellum
928 2535 1133 2564 nihilominus

175 2581 309 2613 paretur:
329 2583 430 2605 tamen
448 2576 612 2618 legatorum
630 2586 747 2607 nomen
760 2577 860 2616 ipsum
875 2576 907 2606 ὅ(
921 2578 1040 2606 animos
1055 2577 1135 2606 mol-

117 2619 160 2646 10
174 2615 246 2649 liet,
266 2615 298 2646 &
308 2615 380 2646 belli
391 2617 572 2648 celeritatem
584 2618 760 2649 morabitur.
782 2620 872 2647 Mmi
879 2627 938 2647 Mis
953 2620 1130 2652 momentis,

174 2659 241 2687 P-C.
251 2657 395 2688 maxima:
406 2659 618 2690 inclinationes
628 2669 803 2700 temporum
816 2658 904 2692 fiunt,
917 2658 988 2689 cum
1000 2661 1033 2689 in
1043 2669 1130 2689 omni

169 2699 236 2729 casu
245 2701 318 2740 reip.
329 2709 396 2730 tum
405 2702 439 2730 in
448 2700 528 2732 bello
538 2721 548 2736 ,
570 2703 604 2733 &
619 2701 753 2732 maxime
769 2701 853 2732 civili
865 2711 870 2730 ε
891 2700 973 2742 quod
987 2702 1132 2741 opinione

2075 151 2171 203 599

1214 202 1391 244 plerumque
1403 225 1411 238 ,
1433 205 1466 235 δε
1483 205 1561 236 fama
1575 207 1762 248 gubernatur.
1787 209 1889 240 Nemo
1904 218 2029 251 quaeret,
2051 211 2174 250 quibus-

1215 254 1284 273 cum
1297 247 1445 276 mandatis
1455 248 1565 288 legatos
1576 250 1747 280 miserimus
1758 261 1762 279 :
1775 261 1890 281 nomen
1901 253 1999 292 ipsum
2011 253 2170 292 legationis

1214 284 1293 315 ultro
1307 286 1401 317 miss‘ae
1414 309 1421 321 ‚
1439 289 1543 318 timoris
1552 289 1609 319 effe
1620 289 1734 331 signum
1746 293 1905 323 videbitur.
1929 294 2056 324 Recedat
2066 294 2082 324 a
2094 295 2171 324 Mu-

1213 328 1273 356 tina
1285 347 1292 360 2
1314 328 1423 359 desinat
1441 340 1608 372 oppugnare
1619 335 1743 363 Brutum
1755 354 1763 367 ,
1784 335 1903 366 decedat
1922 345 1960 366 ex
1971 336 2084 366 Gallia:
2104 346 2168 366 non

1212 366 1254 396 est
1265 369 1362 399 verbis
1372 373 1530 411 rogandus,
1542 374 1693 414 cogendus
1703 375 1744 405 est
1755 378 1854 406 armis.
1866 387 1929 408 non
1942 380 2025 407 enim
2036 377 2069 407 ad
2084 379 2167 407 Han-

1212 409 1345 439 nibalem
1358 414 1508 442 mittimus
1521 434 1529 446 ‚
1546 424 1577 444 ut
1589 419 1741 455 aSagunto
1752 418 1885 452 recedat,
1900 419 1934 449 ad
1945 429 2035 459 quem
2048 419 2166 450 miserat

198 453 386 483 adduceret?
403 453 453 492 qui
464 461 563 480 autern
575 451 703 482 dilect-is
713 454 927 483 centurionum
941 456 951 478 ἓ
967 459 1033 491 quae
1043 447 1170 478 effrena·
1190 489 1191 499 ¹
1212 449 1288 478 olim
1300 451 1415 482 senatus
1428 457 1479 484 51³,
1491 456 1644 486 Valerium
1656 460 1792 489 Flaccum
1807 480 1815 492 ,
1827 460 1857 489 ὂε
1867 461 2056 500 Qssoebiurn
2069 464 2166 491 Tam-

211 495 255 524 tio
275 494 453 532 impotentis
466 494 581 522 animi?
605 492 683 523 Cum
695 496 759 531 ejus
769 492 918 533 promiffis
928 493 1060 532 legiones
1069 489 1170 520 fortis-
1190 516 1191 522 ,

1209 491 1306 530 pilum
1321 502 1326 520 ε
1340 496 1409 532 qui,
1424 493 1443 523 si
1455 497 1604 527 Hannibal
1615 509 1678 528 non
1689 510 1818 539 pareret,
1830 504 2041 541 Karthaginem
2052 503 2165 541 irejus-

1210 530 1319 562 sisunt.
1344 535 1461 565 nostros
1480 537 1588 575 legatos
1603 540 1663 579 quo
1674 541 1849 579 jubebimus
1868 546 1928 577 ire,
1949 543 1962 563 ⁶
1973 543 2027 573 nisi
2037 553 2165 583 paruerit

1188 583 1190 591 ⁴
1210 577 1362 604 Antonius
1378 596 1385 607 ,
1410 586 1447 605 ne
1465 579 1677 617 imperatorem
1691 602 1699 615 ‚
1721 593 1758 613 ne
1777 585 1929 615 coloniam
1949 587 2053 625 populi
2067 588 2161 615 Rom.

1209 621 1382 660 oppugnet?
1405 620 1488 647 Itane
1498 619 1568 648 vero
1581 623 1590 649 ?
1602 623 1658 651 hoc
1670 632 1721 662 per
1731 626 1840 665 legatos
1851 628 1995 668 rogandus
2007 626 2068 657 est?
2081 627 2163 668 Qid

1208 656 1316 693 interest
1327 678 1335 691 ,
1357 668 1407 698 per
1421 659 1492 689 deos
1507 662 1705 693 immortaleis
1717 685 1724 697 ‚
1746 667 1846 697 utrum
1861 669 1935 699 hanc
1948 669 2053 698 urbem
2067 678 2163 708 oppu-

1207 707 1298 737 gnet,
1319 709 1356 729 an
1376 701 1463 737 hujus
1483 701 1563 732 urbis
1583 709 1838 745 propugnaculum
1855 730 1863 742 ‚
1884 711 2036 740 coloniam
2058 711 2163 750 populi

1207 741 1303 769 Rom.
1314 740 1531 780 praesidiicausa
1539 745 1734 776 collocatam?
1747 750 1820 778 Belli
1831 753 1935 781 Punici
1945 751 2161 793 secundi‚quod

1205 875 1278 896 num
1291 886 1298 899 ,
1319 871 1333 894 7
1344 868 1540 898 mittebantur
1551 879 1605 909 pro
1616 872 1797 901 Hannibalis
1817 874 1951 904 hostibus
1962 896 1969 909 ,
1991 876 2098 906 nostris
2111 877 2161 906 so-

1204 908 1267 936 ciis.
1291 909 1373 947 Qid
1384 907 1480 939 simile
1490 912 1631 944 tandem?
1648 923 1703 942 nos
1713 914 1752 942 ad
1759 915 1848 943 civem
1861 919 2016 946 mittemus
2027 937 2035 950 ,
2048 928 2085 947 ne
2096 919 2157 948 im-

1202 957 1369 988 peratorem
1388 952 1493 990 populi
1504 954 1598 983 Rom.
1614 964 1651 984 ne
1670 958 1856 990 exercitum,
1876 967 1913 987 ne
1933 959 2085 989 coloniam
2104 962 2158 989 cii—

1202 991 1371 1022 cumsedcat
1380 1012 1388 1026 ‚
1406 1003 1444 1022 ne
1454 1003 1606 1035 oppugnet
1617 1015 1625 1029 ,
1643 1006 1679 1026 ne
1689 1007 1771 1039 agros
1783 998 1996 1039 depopuletur,
2012 1010 2049 1030 ne
2062 1000 2093 1030 sit
2104 1002 2159 1030 ho-

1204 1031 1277 1062 stis?
1298 1036 1361 1074 Age
1372 1054 1380 1067 ‚
1396 1033 1416 1064 si
1429 1039 1561 1075 paruerit
1570 1056 1577 1070 ‚
1598 1038 1654 1068 hoc
1663 1040 1728 1068 cive
1740 1042 1782 1069 uti
1794 1049 1844 1070 aut
1854 1042 1995 1071 volumus
2007 1061 2015 1074 ,
2032 1051 2081 1072 aut
2091 1043 2160 1081 poso

1203 1074 1328 1104 sumus?
1371 1079 1449 1106 Ante
1465 1077 1546 1107 diem
1557 1088 1594 1108 XI
1604 1088 1614 1108 1
1625 1090 1651 1108 1.
1664 1081 1811 1112 Kalendas
1820 1083 1887 1124 Jan.
1898 1083 2023 1113 decretis
2039 1084 2154 1118 vestris,

1202 1126 1273 1146 eum
1284 1117 1472 1148 concidistis:
1494 1119 1690 1151 constituistis
1701 1143 1709 1156 ,
1731 1132 1763 1152 ut
1773 1124 1833 1154 haec
1843 1124 1877 1154 ad
1888 1134 1943 1154 vos
1954 1125 2083 1155 Kalend.
2092 1126 2157 1167 Jan.

1202 1157 1380 1189 referrentur
1390 1179 1399 1194 ‚
1410 1170 1475 1200 quae
1484 1161 1586 1191 referri
1598 1163 1705 1193 videtis
1718 1184 1725 1197 ‚
1737 1164 1772 1194 de
1783 1166 1950 1196 honoribus
1961 1187 1969 1200 ‚
1983 1167 2015 1197 δε
2025 1169 2158 1207 praemii's

1205 1199 1280 1230 bene
1295 1200 1330 1231 de
1346 1211 1405 1241 rep.
1418 1205 1597 1234 meritorum
1609 1224 1617 1238 ,
1638 1205 1671 1235 &
1682 1209 1864 1237 merentium
1878 1218 1883 1237 z
1903 1218 2032 1249 quorum
2043 1210 2156 1248 princi-

1200 1242 1468 1281 pemjudicavistis
1478 1255 1549 1275 eum
1561 1266 1568 1279 ‚
1580 1248 1632 1286 qui
1643 1246 1701 1277 fuit
1711 1268 1718 1279 ‚
1732 1250 1913 1279 CCaesaretn
1925 1270 1933 1283 ‚
1949 1252 2001 1290 qui
2012 1253 2157 1291 M.Anto—

1201 1284 1245 1313 nii
1268 1285 1398 1324 impetus
1414 1285 1552 1316 nefarios>
1563 1288 1599 1318 ab
1619 1289 1689 1318 urbe
1708 1284 1763 1319 8in
1774 1292 1903 1321 Galliam
1921 1294 2025 1322 vertit:
2045 1292 2155 1322 dein‘de

1200 1326 1314 1355 milites
1324 1335 1490 1361 veteranos,
1501 1331 1552 1369 qui
1561 1332 1653 1369 primi
1664 1331 1806 1362 Caesarem
1820 1333 1908 1363 secuti
1919 1334 2001 1363 sunt:
2014 1343 2078 1364 tum
2089 1334 2155 1363 illas

1199 1367 1355 1402 coelesteis,
1366 1368 1539 1411 divinasque
1549 1372 1694 1412 legiones,
1707 1375 1844 1404 Martiam
1855 1394 1863 1408 ‚
1876 1375 1908 1405 &
1918 1378 2072 1414 Qartam,
2084 1376 2153 1416 qui-

1199 1408 1253 1438 bus
1263 1429 1272 1442 ‚
1285 1409 1357 1439 cum
1365 1412 1522 1442 consulem
1533 1413 1619 1443 suurn
1630 1424 1693 1445 non
1706 1414 1801 1445 modo
1810 1415 1995 1457 reliquissent
2005 1437 2013 1450 ,
2030 1417 2078 1447 sed
2089 1417 2155 1446 bel-

1197 1450 1228 1480 lo
1242 1460 1331 1481 etiam
1346 1453 1589 1493 persequerentur
1599 1476 1607 1489 ,
1628 1457 1757 1487 honores
1769 1457 1800 1487 &
1810 1460 1932 1497 praemia
1942 1457 2155 1498 spopondistis:

1196 1492 1363 1534 eodemque
1373 1494 1424 1524 die
1437 1497 1564 1526 D.Bruti
1574 1516 1582 1530 ,
1592 1497 1821 1537 praestantiffimi
1830 1502 1904 1529 civis
1916 1521 1924 1533 ‚
1936 1500 2038 1530 edicto
2047 1500 2147 1533 allato,

1196 1543 1282 1575 atque
1291 1534 1441 1575 proposito
1454 1556 1462 1570 ‚
1484 1537 1599 1568 fatstum
1614 1539 1677 1576 ejus
1690 1540 1912 1571 collaudavistis
1924 1552 1929 1570 :
1951 1541 2091 1582 quodque
2101 1542 2154 1571 ille

1200 1575 1315 1606 bellum
1328 1578 1443 1618 privato
1460 1578 1585 1609 consilio
1601 1580 1782 1620 susceperat,
1802 1582 1833 1612 id
1847 1584 1901 1613 vos
1915 1583 2089 1614 auctoritate
2098 1593 2155 1623 pu-

1197 1617 1273 1648 blica
1285 1619 1512 1659 comprobastis.
1536 1622 1618 1663 Qid
1633 1625 1721 1664 igitur
1733 1624 1789 1654 illo
1803 1624 1851 1654 die
1863 1624 1944 1654 aliud
1958 1624 2057 1666 egistis
2068 1645 2076 1659 ‚
2095 1624 2151 1655 nisi

1195 1669 1226 1689 ut
1236 1669 1266 1689 re
1278 1659 1393 1690 hostem
1404 1662 1572 1699 judicaretis
1584 1666 1775 1695 Antonium?
1794 1667 1839 1696 liis
1853 1665 1956 1696 vestris
1969 1668 2095 1697 decretis
2104 1676 2154 1697 aut

1192 1701 1243 1731 ille
1261 1712 1316 1731 vos
1335 1712 1421 1743 aequo
1439 1706 1543 1734 animo
1559 1705 1707 1745 adspicere
1720 1710 1845 1746 poterit,
1865 1717 1915 1738 aut
1925 1719 1979 1738 vos
1989 1709 2078 1738 illum
2091 1707 2152 1738 sine

1193 1743 1315 1773 summo
1333 1744 1439 1775 dolore
1457 1746 1621 1776 videbitis?
1643 1748 1773 1779 Exclusit
1788 1749 1878 1779 illum
1896 1749 1912 1779 a
1929 1760 1991 1790 rep.
2003 1749 2149 1783 distraxit.

1196 1785 1371 1826 segregravit
1381 1796 1444 1816 non
1455 1786 1555 1818 solum
1568 1789 1660 1819 scelus
1672 1788 1760 1830 ipfius
1769 1811 1776 1824 ,
1790 1791 1838 1821 sed
1848 1793 1938 1822 etiarn
1951 1811 1960 1825 ,
1972 1800 2005 1822 ut
2015 1793 2092 1822 mihi
2102 1794 2152 1822 vi-

1195 1826 1300 1860 detur,
1320 1827 1441 1859 fortuna
1454 1830 1590 1870 quaedarn
1603 1833 1675 1871 reip.
1686 1834 1739 1872 qui
1758 1831 1778 1861 fi
1797 1833 1899 1874 legatis
1915 1835 2063 1872 paruerit,
2084 1836 2150 1864 Ro-

1192 1877 1335 1909 mamque
1350 1870 1486 1901 redierit:
1509 1881 1583 1902 num
1597 1874 1718 1913 quando
1731 1873 1853 1913 perditis
1866 1875 1984 1904 civibus
1998 1876 2147 1909 varmum,

1188 1909 1250 1949 quo
1261 1920 1439 1942 concurrant
1449 1932 1458 1946 ,
1479 1912 1653 1944 defuturum
1670 1917 1777 1954 putatis
1789 1916 1798 1940 ?
1819 1915 1876 1946 Sed
1896 1917 1953 1946 hoc
1973 1916 2079 1946 minus
2097 1927 2149 1946 ve—

1190 1961 1266 1980 reor.
1290 1952 1358 1982 sunt
1366 1953 1432 1986 alia,
1443 1953 1482 1983 ob
1492 1964 1557 1994 quae
1567 1958 1660 1996 magis
1669 1966 1836 1996 numquam
1849 1958 1962 1997 parebit
1971 1959 2023 1987 ille
2033 1958 2147 1999 legatis.

1190 1994 1265 2022 novi
1276 1994 1414 2024 hominis
1423 1996 1569 2025 insaniam
1581 2016 1589 2030 ‚
1601 2000 1798 2038 arrogantiam
1810 2009 1815 2028 1
1828 2001 1903 2029 novi
1914 2000 2026 2039 perdita
2037 1999 2149 2040 consilia

1187 2034 1360 2069 amicorum,
1381 2036 1489 2076 quibus
1507 2038 1559 2067 ille
1577 2037 1619 2068 est
1636 2039 1764 2070 deditus.
1786 2042 1897 2071 Lucius
1914 2041 2038 2082 quidem
2057 2040 2147 2072 frater

1187 2076 1251 2111 ejus
1263 2096 1270 2109 ,
1283 2086 1384 2117 utpote
1393 2080 1446 2118 qui
1456 2079 1574 2120 peregre
1586 2079 1759 2121 depugnarit
1769 2101 1776 2115 ,
1791 2081 1939 2113 familiam
1951 2083 2041 2113 ducit.
2064 2081 2084 2111 fi
2094 2093 2146 2123 per

1186 2118 1284 2157 seipse
1298 2119 1384 2149 sanus
1395 2140 1404 2153 ‚
1425 2120 1509 2160 quod
1518 2131 1686 2162 numquam
1696 2125 1770 2157 erit3
1791 2134 1842 2164 per
1857 2125 1912 2154 hos
1925 2123 1984 2154 effe
1998 2127 2024 2154 ei
2042 2134 2145 2155 tamen

1185 2169 1248 2189 non
1260 2160 1369 2190 licebit.
1394 2164 1521 2192 Teretur
1535 2164 1645 2193 interea
1657 2173 1777 2205 tempus
1789 2177 1794 2194 ·.
1814 2166 1888 2196 belli
1897 2175 2047 2206 apparatus
2057 2165 2143 2196 refri-

1183 2202 1310 2241 gescent.
1335 2202 1415 2233 unde
1430 2202 1473 2233 est
1490 2203 1584 2234 adhuc
1604 2205 1719 2236 bellum
1731 2227 1738 2240 ‚
1760 2206 1815 2237 nisi
1825 2217 1863 2238 ex
1873 2208 2069 2238 retardatione
2080 2228 2088 2241 ‚
2109 2208 2142 2238 δε

1185 2253 1263 2272 mora
1275 2248 1286 2271 ἕ
1304 2254 1336 2274 ut
1350 2243 1485 2284 primum
1503 2245 1570 2285 post
1582 2246 1740 2278 discefi‘um
1756 2249 1876 2280 latronis
1888 2269 1896 2283 ‚
1917 2250 1964 2279 vel
1979 2252 2078 2290 potius
2091 2250 2143 2279 de-

1185 2286 1327 2325 speratam
1339 2285 1441 2327 fugam
1453 2307 1461 2321 ‚
1485 2288 1578 2317 libere
1591 2289 1707 2319 senatus
1716 2290 1816 2321 haberi
1826 2293 1944 2331 potuit3
1962 2292 2076 2331 semper
2088 2290 2142 2320 fla-

1180 2329 1272 2368 gitavi
1283 2348 1292 2361 ‚
1311 2336 1341 2358 ut
1358 2338 1605 2359 convocaremur.
1636 2341 1696 2371 quo
1710 2331 1757 2362 die
1771 2342 1905 2372 primum
1921 2342 2078 2364 convocati
2093 2333 2143 2362 su-

1184 2378 1250 2398 mus
1261 2388 1270 2402 ,
1284 2368 1356 2399 cum
1367 2368 1506 2412 designati
1517 2372 1653 2402 consules
1668 2383 1730 2403 non
1741 2373 1871 2405 adessent
1883 2395 1891 2408 ,
1903 2376 1982 2415 jeci,
1999 2376 2142 2405 sententia

1181 2420 1247 2441 inea
1258 2431 1266 2444 ,
1289 2414 1425 2442 maximo
1444 2412 1541 2444 vestro
1567 2414 1713 2445 consensu
1729 2435 1737 2449 ‚
1754 2417 1944 2455 fundamenta
1963 2417 2027 2457 reip.
2048 2416 2141 2445 serius

1180 2455 1312 2483 omnino
1323 2473 1331 2487 ‚
1346 2454 1435 2494 quatri
1449 2454 1562 2486 decuit:
1582 2466 1638 2486 nec
1653 2459 1736 2486 enim
1749 2460 1817 2489 ante
1828 2460 1929 2498 potui:
1950 2458 1998 2488 sed
2009 2467 2109 2488 tamen
2119 2457 2142 2487 fi

1180 2504 1218 2524 ex
1228 2504 1265 2524 eo
1276 2503 1411 2535 tempore
1420 2496 1485 2526 dies
1495 2497 1597 2527 nullus
1609 2497 1793 2529 intermissus
1804 2498 1873 2529 esset
1884 2520 1892 2533 ‚
1912 2500 2026 2529 bellum
2037 2499 2140 2539 profe-

1182 2535 1230 2566 eto
1241 2537 1363 2567 nullum
1374 2538 1562 2568 haberemus·
1586 2541 1640 2568 ΟΜ
1646 2549 1688 2568 NE
1702 2549 1832 2570 MALUM
1850 2541 1972 2571 nascens
1983 2540 2070 2571 facile
2081 2551 2140 2581 op-

1180 2580 1338 2617 primitur:
1360 2582 1578 2612 inveteratum,
1596 2580 1628 2610 fit
1637 2581 1812 2621 plerumque
1823 2581 1983 2612 robustius.
2005 2582 2139 2613 sedtum

1182 2619 1424 2659 exspeRabantur
1434 2621 1575 2651 Kaiendae
1585 2623 1651 2662 Jan.
1666 2620 1784 2652 fortasse
1802 2633 1868 2653 non
1885 2623 1977 2654 recle.
2021 2623 2138 2655 Verum

1179 2670 1325 2700 praeterita
1334 2663 1522 2692 omittamus.
1535 2664 1666 2693 etiamne
1676 2665 1791 2694 hanc'm
1797 2675 1879 2695 oram
1889 2663 2057 2699 afferemus,
2063 2666 2138 2696 dum

1179 2701 1402 2742 proficiscantur
1411 2704 1497 2744 legati
1510 2707 1521 2733 ἓ
1541 2704 1614 2736 dum
1625 2710 1832 2737 revertantur?
1846 2717 1977 2748 quorum
1987 2708 2140 2748 exspee’m-

2093 2760 2138 2780 tio

211 2806 234 2824 ι.
253 2798 308 2826 <Ad
321 2800 401 2824 urbem
419 2806 549 2824 venturum
568 2809 618 2825 cum
636 2800 765 2832 exercitus]
788 2800 830 2823 Sic
849 2799 928 2824 nostri
940 2799 967 2824 ἅτ
987 2797 1052 2825 olim
1064 2800 1125 2826 cufi.
1147 2809 1150 2831 ¹.
1173 2800 1264 2835 legati.
1285 2801 1392 2827 habetis
1403 2809 1490 2827 autem
1504 2803 1642 2834 Aasalcum.
1665 2810 1693 2828 tit
1705 2803 1787 2829 fuerit
1797 2804 1880 2835 foi-te,
1890 2809 1921 2830 ¹1³.
1931 2807 2092 2831 ValeriumA.
2102 2809 2136 2832 N*

171 2833 244 2862 Man.
255 2836 284 2860 &
294 2834 518 2867 Lambfittnrum.
528 2834 545 2861 si
556 2838 570 2861 ὸ
584 2835 721 2871 pluteariis
733 2834 820 2865 libris,
830 2833 956 2870 approbo.

207 2878 236 2896 2.
254 2870 309 2898 <Ad
315 2872 395 2896 urbem
407 2889 415 2903 ,
424 2873 498 2896 velin
507 2873 587 2896 urbi-m
601 2872 706 2905 potina]
728 2871 792 2896 Nou
803 2871 880 2896 aliter
891 2879 997 2906 quoque
1010 2869 1066 2896 Pal.
1077 2869 1127 2896 see.

172 2905 244 2931 retro
251 2897 291 2931 im
312 2906 368 2933 reffi
380 2913 482 2933 tantum
496 2926 504 2938 ‚
516 2907 549 2933 ad
555 2909 635 2934 urbem
649 2911 728 2941 potius
734 2919 744 2940 ‚-
759 2913 884 2943 tanquam
895 2906 912 2932 li
923 2906 991 2932 illud
1001 2908 1074 2932 vclin
1083 2916 1128 2932 ur-

158 2940 160 2942 ’
174 2942 234 2972 bem,
244 2941 282 2967 fui
304 2949 332 2968 et
342 2941 423 2968 lectio
435 2943 548 2969 varians.

209 2983 235 3010 3·
255 2974 417 3011 Qssmquam}
426 2979 477 3008 &a
486 2979 591 3013 tamem]
614 2979 657 3007 13st
669 2978 704 3006 sic
712 2988 817 3016 quoque
827 2978 853 3005 in
865 2978 922 3005 Pal.
933 2976 983 3005 sec.
994 2987 1046 3005 non
1060 2978 1125 3005 utin

171 3010 236 3037 oiim
248 3011 398 3047 publicatis,
409 3014 471 3046 cam,
481 3015 532 3046 &a
543 3023 629 3042 tamen.

205 3054 234 3079 4.
254 3050 305 3073 Non
317 3050 434 3082 proftc'hu
443 3051 668 3085 efflfidprofugit]
691 3051 780 3078 Habet
790 3052 839 3077 hoc
849 3052 930 3078 etiam
943 3051 999 3077 Pal.
1011 3050 1061 3077 see.
1073 3060 1122 3077 ne-

168 3083 242 3117 gatio
252 3083 322 3108 enirn
333 3084 425 3110 ceteris
436 3084 497 3111 edd.
511 3087 616 3114 vetustis
625 3087 705 3119 abest,
716 3088 779 3115 item
785 3089 838 3121 fid.

208 3127 233 3151 5.
252 3121 284 3143 P.
295 3120 411 3144 Valerium
421 3122 556 3155 Flaccum]
578 3123 677 3158 Repeti
687 3123 713 3149 in
731 3124 787 3150 Pal.
798 3123 846 3149 sec.
858 3122 929 3160 quod
940 3123 1088 3154 Ferrarius,
1099 3123 1124 3148 iu

167 3153 217 3181 suis
230 3173 238 3189 ,
258 3154 368 3183 mininie
378 3154 476 3185 scilicet
494 3159 636 3187 convenire
645 3168 704 3187 cum
717 3160 830 3196 vulgatis
840 3161 867 3189 in
879 3160 1038 3195 cognomine
1049 3159 1090 3195 λιιι]
1097 3168 1124 3186 us

1174 2839 1295 2863 Flaccum.
1307 2838 1355 2863 hoc
1364 2838 1411 2868 est,
1421 2840 1478 2864 Auli
1490 2841 1614 2872 “Kspotem.
1633 2838 1675 2864 sed
1686 2839 1744 2874 quis
1755 2839 1801 2865 ille
1811 2840 1925 2867 eximius
1939 2845 1949 2867 ,ἓ

1206 2872 1234 2898 6.
1258 2874 1310 2907 Nr'fi
1322 2876 1434 2905 paruerit
1442 2876 1570 2905 Anto-(mor,
1582 2882 1609 2899 ne
1619 2877 1703 2907 Imper.
1712 2876 1763 2906 &c.
1773 2882 1881 2909 oppugnet
1892 2878 1926 2911 ἓ]
1949 2877 1991 2904 Est
2001 2877 2033 2903 ab
2043 2877 2134 2904 omni-

1172 2907 1218 2933 bus
1231 2908 1287 2934 mss.
1301 2909 1425 2939 Ferrarii,
1439 2909 1588 2944 stabilitque
1599 2910 1657 2936 Pal.
1668 2910 1716 2937 sec.
1732 2912 1800 2938 male
1810 2912 1935 2939 haetenus
1947 2913 2043 2940 tolera*
2052 2915 2133 2945 imus,

1170 2946 1288 2970 Antonim
1300 2948 1309 2970 ἓ
1328 2945 1361 2970 ad
1369 2948 1442 2970 eim-m
1451 2947 1550 2978 nostrum
1560 2949 1687 2979 mittimus,
1696 2956 1724 2972 nc
1733 2950 1905 2982 imperatorem,
1916 2950 1968 2980 &0-
1979 2958 2036 2985 quae
2047 2950 2134 2977 inedia

1171 2979 1221 3005 huc
1231 2980 1360 3007 inculcata
1369 2990 1401 3006 ex
1413 2981 1444 3006 iis
1457 2990 1514 3016 quse
1529 2990 1591 3008 mox
1603 2982 1698 3009 deinde
1709 2982 1860 3019 sequentur.

1205 3023 1233 3049 7.
1253 3018 1433 3044 diluebantur
1447 3025 1490 3049 pro
1500 3019 1641 3044 Hannibalis
1651 3021 1752 3052 hostibm
1763 3039 1771 3052 ,
1790 3021 1871 3053 nostrie
1882 3021 1976 3055 ficiis]
2000 3021 2077 3049 Nihil
2088 3021 2132 3047 di-

1171 3052 1252 3077 vertit
1262 3051 1293 3077 ab
1303 3053 1349 3078 hac
1358 3052 1485 3088 scriptura
1497 3053 1552 3079 Pal.
1564 3053 1612 3080 sec.
1625 3055 1670 3081 uili
1683 3054 1754 3091 quod
1765 3057 1885 3092 pra-ferat
1897 3059 2040 3083 Hannibale.
2063 3058 2130 3084 Vul-

1168 3095 1229 3121 gata
1243 3088 1365 3115 vetustius
1378 3108 1386 3120 ‚
1405 3092 1466 3115 mim
1476 3097 1517 3122 pro
1527 3092 1661 3117 Hannibale
1670 3093 1749 3120 holffib.
1767 3093 1848 3125 nostris
1857 3093 1968 3127 &flumin
1987 3094 2128 3130 posterior,

1169 3126 1256 3149 mittes.
1269 3124 1300 3149 ad
1310 3127 1465 3150 lla‘mwalcm
1472 3135 1514 3157 pro
1524 3128 1630 3160 hospitib.
1641 3129 1723 3160 nostri}
1733 3128 1761 3159 ὼ
1773 3129 1852 3161 stelio.

1205 3160 1230 3188 8.
1250 3163 1278 3188 Iu
1289 3162 1390 3189 coz-*inm
1399 3163 1500 3198 ‘nort-‚1
1525 3162 1670 3192 Lambinus
1681 3164 1791 3199 avertit,
1802 3164 1874 3202 quod
1885 3166 1912 3193 ὃ(
1925 3165 1950 3194 in
1961 3165 2030 3193 libro
2042 3166 2131 3218 Mssff'

2034 3210 2044 3228 Ι
2053 3220 2058 3227 .
2070 3209 2130 3226 -')1'-

2185 1098 2221 1123 rt

2165 2636 2206 2659 12
