2295 3400
185 106 278 172 308
592 85 1086 157 M.Tur.1.11

182 186 315 227 quidque
325 186 478 219 ostendere
489 209 497 222 ‚
509 198 585 230 quos
594 190 640 220 illi
649 190 817 232 mystagogos
824 199 934 221 vocant
944 211 951 226 ‚
963 191 1138 222 conversam

181 239 245 269 μω
257 229 364 260 liabent
375 229 666 262 demonstrationem
677 234 769 263 suam.
796 242 877 265 nam,
889 242 922 262 ut
933 233 1000 263 ante=
1011 233 1141 263 demon-

186 269 315 301 strabant
324 291 332 304 ‚
343 271 414 311 quid
426 272 538 313 ubique
547 272 634 303 esset:
655 276 694 305 ita
705 285 787 305 nunc
796 295 804 308 ‚
827 274 900 315 quid
913 275 1047 316 undique
1063 275 1142 306 abla—

188 321 256 342 tum
268 310 298 341 sit
309 333 317 346 ‚
329 311 500 344 ostendunt.
521 314 603 355 Qid
613 324 679 346 tum
690 319 700 346 ?
711 316 897 347 mediocrine
907 317 1028 347 tandem
1038 317 1143 347 dolore

188 363 240 383 eos
251 352 371 384 affe-&os
382 353 439 384 esse
450 355 655 390 arbitramini?
667 360 781 388 nonita
790 358 982 398 est‚judices:
993 358 1141 399 primum,

189 394 272 436 quod
284 405 394 425 OMNES
409 397 555 437 religione
569 408 746 430 moventur:
766 400 799 429 δε
809 400 880 430 deos
890 402 1014 440 patrios,
1039 410 1114 441 quos
1129 400 1144 430 a

188 437 357 482 majoribus
366 447 552 478 acceperunt,
563 441 706 472 colendos
719 441 771 472 fibi
782 441 941 482 diligenter
952 462 961 476 ‚
973 443 1004 472 &
1014 445 1145 472 retinen—

191 478 245 507 dos
258 476 315 522 esse
325 479 517 510 arbitrantur:
540 481 648 512 deinde
658 485 707 513 hic
717 492 837 513 ornatus
848 504 856 516 ‚
870 484 932 514 haec
943 494 1032 524 opera
1041 504 1050 518 ‚
1061 493 1147 524 atque

190 521 324 563 attihcia,
336 518 413 562 signa
422 541 430 554 ,
441 522 546 552 tabulae
558 523 655 563 pffi'cae,
667 527 786 555 Graecos
797 526 938 555 homines
949 527 1048 556 nimio
1059 535 1147 565 opere

190 562 348 592 delectant.
371 565 472 603 Itaque
482 566 654 596 exiliorum
671 568 847 607 querimoniis
862 568 1027 609 intelligere
1047 565 1148 607 pofl'u-

191 612 262 632 mus
271 623 279 637 ,
295 605 356 634 haec
366 605 428 634 illis
438 605 619 637 acerbiffima
629 608 741 642 videti3
754 619 819 649 quae
830 607 949 639 forsitan
959 609 1048 639 nobis
1058 610 1146 640 levia,

191 645 226 674 ἃ.
244 646 468 677 contemnenda
490 646 548 678 esse
570 649 735 680 videantur.
767 652 846 680 mihi
862 651 973 681 credite
982 671 989 683 ,
1010 651 1125 689 judices
1137 669 1146 682 ,

191 686 201 721 ί
215 685 327 716 tametsi
342 688 540 729 vosmetipsos
557 691 620 721 haec
635 692 740 722 eadem
760 692 861 722 audire
877 692 958 722 certo
977 694 1056 731 scio)
1074 691 1145 722 cum

192 729 303 758 multas
312 731 478 769 acceperint
495 741 546 771 per
565 733 653 763 hosce
663 744 758 763 annos
768 735 859 767 socii,
880 743 967 775 atque
978 743 1083 763 exterae
1094 742 1146 762 na-

190 771 292 799 tiones
306 771 486 802 calamitates
496 793 504 806 ,
518 773 550 804 8(
559 775 681 812 injurias
692 795 701 808 ,
722 776 819 806 nullas
829 778 924 805 Graeci
934 777 1075 805 homines
1086 784 1149 814 gra—

192 810 262 840 vius
273 812 404 843 tulerunt
413 833 422 847 ,
442 824 498 844 nec
507 814 609 846 ferunt
620 837 629 849 ,
647 817 739 857 quam
759 817 968 856 hujuscemodi
977 818 1151 855 spoliationes

184 852 334 891 fanorum,
344 863 431 895 atque
441 856 632 896 oppidorum.
653 860 739 889 Licet
750 858 802 888 iste
813 859 889 888 dicat
899 858 1003 888 emisse
1014 859 1052 891 se,
1067 856 1149 887 sicuti

190 895 268 924 solet
277 895 391 925 dicere:
412 898 523 927 credite
535 899 593 928 hoc
604 901 698 933 mihi,
712 900 840 936 iudices:
860 901 943 930 nulla
953 909 1096 940 umquam
1107 900 1149 928 ci-

192 938 269 966 vitas
280 946 341 968 tota
349 936 423 972 Asia,
437 939 468 969 &
478 942 599 974 Graecia,
613 945 622 960 ¹
635 940 752 982 signum
764 942 872 975 ullum,
884 942 1014 972 tabulam
1024 941 1145 981 pisiam,

191 978 293 1008 ullum
303 978 433 1020 denique
442 991 657 1012 ornamentum
667 983 748 1013 urbis
759 1003 766 1017 ‚
784 984 833 1013 sua
843 984 997 1013 voluntate
1006 985 1147 1023 cuiquam

189 1020 340 1051 vendidit.
363 1020 419 1051 nisi
429 1021 507 1052 forte
517 1023 695 1054 existimatis
706 1044 713 1057 ‚
733 1024 922 1065 posteaquhm
932 1025 1044 1064 judicia
1054 1026 1151 1064 fi’vsra

193 1062 303 1092 Romae
315 1061 378 1092 fieri
388 1062 527 1094 desierint
536 1084 543 1097 ‚
564 1067 683 1096 Graecos
692 1068 833 1096 homines
845 1069 906 1097 haec
919 1066 1072 1096 venditare
1088 1076 1148 1095 coe-
1168 1077 1170 1084 ¹

192 1102 285 1147 pisse,
304 1114 370 1145 quae
380 1114 447 1135 tum
456 1115 520 1135 non
532 1107 626 1137 modo
641 1118 703 1137 non
717 1109 930 1142 venditabant,
951 1107 1022 1138 cum
1041 1108 1150 1145 judicia

193 1145 323 1178 nebant,
335 1149 534 1177 verumetiam
546 1150 737 1180 coemebant:
751 1149 804 1179 nisi
815 1150 1012 1183 arbitramini,
1022 1152 1056 1180 L.
1067 1150 1149 1179 Cras—

191 1187 244 1219 so,
265 1189 478 1226 QScaevolae,
506 1192 538 1219 C.
555 1191 682 1220 Claudio
693 1211 701 1225 ,
718 1191 930 1231 potentiffimis
948 1192 1127 1222 hominibus
1140 1211 1148 1224 ,

192 1237 324 1267 quorum
334 1229 487 1260 aedilitates
497 1230 693 1262 ornatillimas
702 1233 1071 1266 vidimus,commercium
1081 1233 1148 1263 ista-

193 1279 262 1299 rum
274 1280 373 1300 rerum
383 1282 453 1301 cum
465 1275 575 1303 Graecis
585 1275 762 1304 hominibus
773 1285 836 1304 non
845 1274 934 1305 fuiffe
945 1286 951 1304 z
963 1276 1011 1308 iis,
1022 1277 1074 1315 qui
1084 1274 1150 1315 post

128 1307 178 1341 60
190 1311 380 1352 judiciorum
389 1312 617 1349 dissolutiones,
637 1316 739 1346 aediles
749 1315 818 1346 fa&
833 1317 918 1350 sunt,
940 1315 1038 1347 fuiss‘e.
1062 1321 1152 1347 Acer-

196 1353 315 1384 biorem
326 1356 418 1385 etiam
428 1356 531 1386 scitote
543 1355 600 1386 effe
612 1358 781 1388 civitatibus
784 1358 892 1397 falficm
905 1357 985 1394 istam
997 1379 1005 1392 ‚
1021 1359 1151 1400 &fimu-

193 1395 289 1424 latam
301 1397 449 1425 emtionem
462 1418 470 1430 ,
486 1398 579 1439 quam
595 1397 617 1428 si
636 1402 703 1440 quis
720 1400 799 1430 clam
816 1401 968 1440 surripiat,
990 1410 1040 1430 aut
1049 1403 1152 1440 eripiat

194 1438 294 1476 palam
305 1457 313 1471 ‚
324 1446 410 1478 atque
423 1438 542 1469 auferat.
568 1451 637 1471 nam
648 1441 869 1481 turpitudinem
878 1443 1029 1472 summam
1040 1441 1098 1472 effe
1107 1453 1152 1472 ar-

195 1478 345 1509 bitrantur
353 1500 362 1513 ,
372 1479 474 1510 referri
484 1484 516 1511 in
526 1482 637 1512 litteras
647 1483 791 1522 publicas,
803 1486 898 1523 pretio
908 1484 963 1514 add
969 1484 1065 1514 ustam
1077 1486 1153 1514 civi-

195 1527 305 1566 tatem,
319 1521 351 1551 δε
361 1524 456 1561 pretio
465 1533 557 1563 parvo
567 1543 575 1555 ,
588 1534 630 1558 ea,
643 1535 707 1565 quae
719 1523 871 1565 accepisset
880 1521 897 1554 ὰ
907 1525 1069 1565 majoribus,
1080 1536 1154 1556 ven-

196 1561 303 1592 didisse
321 1583 330 1596 ‚
355 1572 442 1604 atque
462 1564 610 1595 alien-affe.
641 1568 756 1596 etenim
777 1568 951 1598 mirandum
972 1569 1005 1597 in
1015 1568 1153 1602 ,modum

199 1605 295 1634 Graeci
305 1604 393 1634 rebus
405 1605 467 1635 istis
480 1627 487 1639 ‚
498 1616 569 1647 quas
579 1617 636 1637 nos
646 1611 886 1642 contemnimus,
897 1608 1076 1638 describantur.
1094 1612 1153 1639 Ita-

195 1655 255 1685 que
265 1647 324 1685 maj
328 1656 393 1676 ores
411 1647 505 1677 nostri
514 1648 602 1678 facile
611 1650 809 1688 patiebantur,
822 1651 883 1680 haec
891 1649 947 1680 effe
958 1651 1048 1692 quam
1058 1651 1153 1692 pluri-

195 1696 248 1718 ma
263 1687 341 1726 apud
349 1688 446 1719 socios
458 1710 466 1722 ‚
482 1698 514 1719 ut
524 1691 653 1730 imperio
664 1691 767 1721 nostro
779 1692 870 1733 quam
884 1692 1076 1726 ornatissimi,
1092 1692 1151 1723 flo-

195 1727 416 1770 :rentiffimique
433 1729 535 1761 efl'ent.
566 1732 642 1772 apud
659 1743 710 1763 eos
727 1743 826 1764 autem
838 1755 846 1768 ‚
868 1744 944 1774 quos
962 1734 1150 1776 vectigaleis,

193 1779 245 1799 aut
257 1770 464 1810 stipendiarios
480 1771 622 1807 fecerant,
636 1784 735 1804 tamen
746 1776 808 1805 haec
817 1776 1035 1816 relinquebant,
1049 1786 1080 1806 ut
1092 1777 1149 1811 illi,

197 1811 310 1851 quibus
322 1813 491 1852 eajucunda
506 1815 583 1848 sunt,
593 1826 657 1856 quae
671 1817 759 1846 nobis
770 1817 847 1848 levia
854 1818 1050 1852 videbantur,
1062 1819 1151 1848 habe-

195 1862 265 1899 rent
276 1855 337 1884 haec
346 1854 582 1890 oble8tamenta,
606 1857 750 1896 &fialatia
758 1859 914 1898 ftrvitmis.
937 1860 1018 1901 Qid
1031 1860 1152 1890 arbitra·

195 1897 278 1924 mini
288 1897 444 1936 Rheginos
453 1917 462 1931 ,
479 1899 531 1938 qui
539 1899 601 1937 jam
611 1901 692 1929 cives
702 1902 836 1930 Romani
848 1901 927 1934 sunt,
937 1912 1049 1931 merere
1060 1902 1150 1935 velle,

193 1939 209 1954 ²
224 1945 255 1966 ut
272 1937 308 1967 ab
326 1939 369 1967 eis
382 1948 548 1970 marmorea
557 1943 660 1970 Venus
679 1942 730 1971 illa
748 1942 914 1972 auferatur?
931 1943 1004 1984 quid
1014 1946 1152 1974 Tarenti-

196 1987 265 2011 nus,
277 1988 310 2009 ut
322 1982 472 2020 Europam
485 1983 518 2011 in
532 1990 614 2011 tauro
628 1982 780 2013 sedentem
791 1986 948 2015 amittant?
959 1994 991 2014 ut
1001 1988 1149 2025 Satyrum,

197 2022 251 2065 qui
261 2021 338 2060 apud
348 2021 418 2051 illos
431 2024 461 2052 in
473 2022 534 2052 aede
545 2023 641 2054 Vestae
651 2024 711 2055 cst?
728 2030 882 2056 utcetera?
898 2027 970 2068 quid
981 2028 1150 2067 Thespien-

195 2063 268 2095 icis,
286 2071 317 2092 ut
326 2063 485 2103 Cupidinis
495 2063 611 2106 fignum
623 2087 630 2099 ‚
656 2070 798 2107 3-propt0r
810 2068 893 2108 quod
907 2079 1004 2098 unum
1013 2069 1151 2099 visuntur

197 2104 337 2143 Thespiae
349 2107 359 2134 ?
377 2105 450 2146 quid
459 2107 584 2136 Cnidios
595 2126 603 2140 ,
628 2117 660 2137 ut
670 2111 820 2138 Venerem
835 2119 1033 2140 marmoream
1046 2113 1057 2139 ?
1078 2111 1151 2151 quid

196 2153 231 2173 ut
239 2145 351 2184 piCtam
361 2166 370 2180 ,
390 2149 489 2177 Coos?
511 2148 583 2188 quid
601 2148 741 2189 Ephesios
752 2171 760 2184 ,
781 2160 813 2180 ut
832 2151 1056 2181 Alexandrum?
1077 2152 1149 2193 quid

198 2188 368 2226 Cyzicenos
379 2208 387 2220 ‚
408 2197 442 2218 ut
450 2190 570 2228 Ajacem
583 2211 591 2224 ,
611 2200 661 2220 aut
675 2191 838 2221 Medeam?
855 2193 928 2233 quid
936 2193 1076 2223 Rhodios
1087 2213 1095 2227 ,
1119 2203 1152 2224 ut

193 2229 329 2269 Jalysum
339 2231 431 2270 ?quid
443 2232 651 2262 Athenienseis
662 2253 672 2265 ,
684 2241 718 2262 ut
727 2243 764 2262 ex
778 2244 927 2264 marmore
937 2236 1088 2268 Iacchum,
1102 2244 1151 2265 aut

194 2270 333 2301 ,Paralum
343 2270 460 2310 Fidium
471 2293 479 2306 ‚
491 2281 540 2303 aut
549 2284 588 2304 ex
601 2284 657 2304 aere
665 2294 673 2307 ,
686 2276 822 2313 Myronis
833 2275 973 2305 buculam
984 2278 1148 2318 ?Longum

196 2310 240 2341 est
251 2333 259 2344 ‚
282 2312 315 2341 &
324 2323 389 2342 non
400 2313 594 2344 necessarium
605 2336 614 2349 ,
629 2325 868 2346 commemorare
878 2337 887 2350 ‚
908 2327 973 2357 quae
982 2318 1058 2358 apud
1068 2319 1151 2359 quos-

199 2363 254 2393 que
264 2354 451 2394 vifindaficnr
461 2364 522 2386 tota
532 2356 597 2387 Asia
606 2357 638 2386 &
647 2359 761 2387 Graecia
771 2368 776 2387 :
786 2357 892 2388 verum
904 2359 979 2388 illud
990 2358 1151 2399 est,quam-

196 2395 304 2424 obrem
314 2397 377 2427 haec
385 2400 653 2428 commemorarim
665 2410 674 2433 3
687 2398 770 2439 quod
780 2399 950 2430 existimare
960 2411 1013 2430 vos
1027 2402 1085 2430 hoc
1093 2411 1149 2431 vo—

198 2436 229 2467 lo
240 2457 248 2470 ,
268 2441 285 2463 4
296 2440 408 2468 mirum
419 2439 570 2479 quendam
584 2440 722 2470 dolorem
736 2441 867 2471 accidere
885 2443 940 2475 iis,
966 2452 1003 2471 ex
1019 2452 1148 2482 quorum

132 2476 153 2507 6
166 2484 176 2507 1
198 2478 320 2509 urbibus
335 2481 397 2510 haec
405 2480 584 2511 auferantur.
608 2485 706 2522 Atque
717 2502 724 2515 ,
738 2491 891 2513 utceteros
901 2485 1097 2516 omittamus,
1113 2483 1150 2513 de

196 2519 264 2559 ipsis
273 2522 458 2560 Syracusanis
469 2523 654 2564 cognoscite:
667 2523 701 2554 ad
712 2534 786 2564 quos
796 2535 852 2565 ego
861 2523 934 2555 cum
943 2523 1101 2558 venissem,
1112 2524 1149 2556 fic

196 2562 298 2602 primi>
308 2563 515 2594 existimabam
526 2585 536 2598 ,
547 2574 579 2595 ut
588 2567 696 2595 Romae
707 2576 744 2595 ex
754 2565 837 2596 istius
845 2568 950 2596 amicis
959 2576 1127 2606 acceperam
1138 2586 1147 2600 ‚

193 2605 346 2633 civitatem
358 2606 564 2644 Syracusanam
576 2615 696 2646 propter
704 2608 833 2638 Heraclii
850 2608 1043 2638 hereditatem
1056 2628 1064 2642 ‚
1082 2618 1146 2638 non

198 2645 303 2675 minus
311 2644 369 2675 efl'e
379 2646 426 2676 isti
436 2657 574 2681 amicam,
585 2651 675 2688 quam
687 2651 899 2680 Mamertinam
908 2658 1027 2689 propter
1035 2650 1147 2689 praeda-

199 2696 264 2716 tum
276 2707 283 2720 ‚
300 2696 331 2716 ac
339 2686 488 2718 furtorum
500 2692 643 2719 omnium
657 2690 824 2721 societatem
837 2702 842 2719 z
865 2690 952 2721 simu]
965 2692 998 2721 &
1007 2692 1127 2721 verebar
1136 2711 1145 2725 ,

196 2737 234 2758 ne
251 2728 416 2758 mulierum
438 2730 610 2765 nobilium,
637 2731 877 2762 &formosarum
894 2734 983 2774 gratia
993 2753 1001 2767 ,
1021 2743 1147 2774 quarum

195 2768 248 2801 istc
264 2768 380 2800 arbitrio
390 2778 539 2812 praeturam
557 2781 604 2814 per
621 2774 899 2815 tri'enninmrgeffizrat
906 2795 915 2810 ,
936 2776 1130 2815 virorumque
1138 2794 1147 2808 ,

188 2876 317 2888 ψ

233 2926 243 2943 ι
251 2938 256 2943 .
275 2921 368 2950 Signum
377 2920 458 2950 nuum,
469 2921 575 2945 rabulam
582 2921 695 2955 pimini]
717 2922 904 2950 Arbitrabatur
914 2923 1074 2950 Gulielmius
1086 2922 1143 2950 fot-

193 2961 253 2981 “an
267 2953 345 2979 verbo
356 2955 469 2989 repetito
481 2954 656 2986 scribendum,
663 2959 752 2990 figmcm
762 2961 841 2989 ullum,
849 2962 921 2985 ullam
930 2961 1141 2992 rabulampift‘am.

188 3025 190 3027 ‚
227 2997 256 3015 2.
277 2992 307 3014 Ut
323 2991 351 3014 ab
362 2991 392 3014 tis
402 2999 531 3016 marmorea
540 2995 614 3017 zeum
632 2996 672 3018 illa
691 2996 843 3029 unstrutam]
864 2997 905 3021 Ita
915 2999 929 3021 e
941 2994 987 3022 ms.
1001 2995 1140 3021 Turnebus

189 3024 236 3052 lib.
248 3033 318 3065 v¹¹.¹·
330 3034 440 3065 cap312.
452 3035 534 3087 negue
544 3027 622 3053 aliter
632 3029 734 3064 Cujacii
745 3030 839 3057 codex.
861 3031 977 3066 vulgara,
988 3033 1028 3057 illa
1037 3041 1064 3056 ne
1074 3033 1142 3064 aufe-

188 3068 269 3087 ratur.
287 3059 368 3086 iidem
379 3060 439 3086 libri
449 3071 480 3087 au
512 3071 570 3088 ores
581 3062 654 3089 fuere
667 3084 674 3096 ,
693 3075 738 3091 cur
748 3066 825 3092 etiam
838 3076 900 3093 mox
911 3067 1093 3094 striberemus:
1114 3074 1141 3092 ut

188 3100 307 3129 Europam
317 3116 325 3127 ,
335 3098 386 3126 &aa
396 3106 444 3132 pro
455 3107 506 3133 quo
516 3098 588 3133 prius
600 3099 663 3125 editi
678 3120 685 3132 ‚
696 3109 722 3126 ut
731 3111 758 3126 nc
769 3106 896 3135 Europam.

224 3140 250 3168 3-
271 3135 369 3166 Propter
385 3134 445 3169 quod
461 3143 533 3162 unum
551 3135 690 3172 visuntur-J
712 3137 763 3168 Vix
776 3138 813 3168 cst
824 3146 916 3170 utnon
925 3139 959 3171 fit
966 3138 1139 3171 adnotamen-

1168 110 1700 157 Cicanonrs

1180 191 1358 232 quibuscum
1370 192 1428 223 illae
1440 201 1539 233 nuptae
1549 201 1631 223 erant
1642 212 1657 226 ,γ
1669 191 1766 222 nimia
1776 191 1808 221 in
1820 189 1911 222 istum
1922 192 1937 219 *ἕ
1946 200 2010 222 non
2020 191 2133 224 lenitu-

1182 234 1270 268 dine,
1292 233 1339 264 sed
1357 236 1446 264 etiam
1464 234 1638 264 liberalitate
1655 243 1857 275 oppugnarer,
1878 232 1973 274 siquid
1983 244 2021 263 ex
2032 234 2138 264 litteris

1181 276 1429 315 Syracusanorum
1442 278 1662 317 conquirerem.
1695 279 1795 315 Itaque
1813 273 1956 315 Syracusis
1978 285 2048 305 cum
2064 277 2140 305 civi-

1184 317 1237 347 bus
1248 320 1398 348 Romanis
1417 328 1496 347 eram
1510 329 1514 346 :
1534 327 1640 348 eorum
1655 318 1768 347 tabulas
1779 316 1974 358 exquirebam
1987 327 1992 345 :
2015 318 2147 357 injurias

1183 360 1410 400 cognoscebam.
1434 358 1509 389 cumr
1525 358 1639 389 diutius
1658 362 1690 388 in
1701 361 1842 399 negotio,
1863 368 1989 399 curaque
2004 357 2138 388 fueram:

1185 410 1216 430 ut
1228 401 1441 441 requiescerem
1453 422 1460 433 ‚
1483 410 1645 441 curamque
1662 402 1757 430 animi
1775 402 1976 433 remitterem,
1995 399 2030 429 ad
2041 400 2144 439 Carpi-

1187 445 1259 472 natii
1273 443 1421 481 praeclaras
1434 443 1544 472 tabulas
1555 442 1734 471 revertebar:
1746 442 1797 471 ubi
1808 452 1878 471 cum
1892 441 2042 482 equitibus
2052 443 2091 471 R„
2102 450 2142 471 ex

1187 484 1242 513 illo
1252 493 1406 513 conventu
1416 483 1638 515 honestiffimis,
1649 484 1718 513 illos
1730 485 1896 515 νει-1111103,
1908 483 1945 512 de
1954 482 2063 523 quibus
2073 482 2142 513 ant&

1187 525 1269 566 dixi,
1291 525 1494 565 explicabam:
1522 525 1734 565 aSyracusunis
1747 525 1866 564 prorsus
1880 525 1958 554 nihil
1976 524 2143 562 adjumenti

1188 577 1284 607 neque
1297 566 1417 606 publice.
1427 588 1435 600 ,
1460 577 1557 608 neque
1575 568 1714 607 privatim
1728 565 1950 606 exspestabam:
1974 575 2071 606 neque
2085 573 2145 596 erat

1188 610 1218 637 in
1231 610 1335 638 animo
1344 608 1500 648 postulare.
1523 608 1602 639 Cum
1613 610 1674 639 haec
1689 618 1805 649 agerem
1819 629 1826 640 ,
1842 606 1962 647 repente
1982 607 2017 637 ad
2033 617 2082 637 me
2092 617 2146 636 ve-

1189 651 1234 679 nit
1246 652 1400 680 Heraclius
1412 652 1434 680 is
1445 670 1453 683 ,
1472 652 1525 691 qui
1544 659 1611 680 tum
1630 649 1832 691 magistratum
1844 647 1985 689 Syracusis
2002 648 2125 678 habebat
2133 667 2149 682 ‚.

1189 693 1284 721 homo
1294 692 1407 721 nobilis
1419 712 1427 725 ‚
1446 695 1498 732 qui
1509 691 1641 722 sacerdos
1649 693 1736 734 Jovis
1750 689 1868 725 fuiss‘et,
1888 693 1941 731 qui
1954 692 2051 720 honos
2064 689 2141 730 apud

1187 734 1379 772 Syracusanos
1391 733 1433 763 est
1442 732 1648 774 amplissimus.
1671 735 1730 774 agit
1739 743 1871 766 mecum,
1885 733 1918 762 &
1927 742 1997 762 cum
2007 731 2145 773 eratre

1190 785 1260 804 meo
1273 796 1280 807 ,
1294 784 1326 804 ut
1336 796 1344 808 ,
1360 772 1479 804 sinobis
1492 775 1650 808 videretur,
1661 777 1811 805 adiremus
1825 774 1862 804 ad
1872 783 1978 804 eorum
1989 774 2122 803 senatum
2135 783 2143 803 :

1187 814 1369 856 frequenteis
1380 815 1436 846 eff:
1448 827 1479 846 in
1489 819 1569 846 curia
1582 827 1587 845 ι
1609 815 1724 856 sejull'u
1732 816 1874 846 senatusva
1884 815 1974 846 nobis
1982 823 2080 855 petere
2089 834 2099 848 ,
2109 823 2144 846 ut

1188 867 1372 887 veniremus.
1403 858 1505 888 Primo
1528 858 1616 888 nobiti
1635 858 1693 888 suit
1710 858 1864 890 dubiumy
1877 857 1949 898 quid
1969 867 2121 897 ageremus
2133 867 2145 890 :⁴

1188 898 1298 929 deinde
1310 899 1371 930 cito
1392 902 1475 929 venit
1489 902 1523 929 in
1534 909 1671 930 mentem
1683 920 1691 934 ,
1711 910 1762 928 non
1772 898 1820 936 affe
1831 899 1981 928 vitandum
1990 898 2088 927 nobis
2108 898 2148 928 il·

1191 940 1255 970 lum
1268 951 1472 974 conventum,
1499 941 1655 972 &locum.
1687 944 1788 981 Itaque
1806 943 1839 970 in
1858 943 1971 970 curiam
1991 942 2144 970 venimus.
2163 939 2211 974 62

1194 982 1372 1012 Honorifice
1385 983 1452 1013 sane
1462 983 1657 1024 consurgitur.
1681 993 1738 1013 nos
1755 992 1856 1024 rogatu
1874 981 2057 1023 magistratus
2073 980 2146 1012 affe-

1193 1024 1303 1053 dimus.
1328 1026 1439 1064 Incipit
1449 1027 1472 1054 is
1483 1025 1566 1065 loqui
1576 1044 1584 1059 ‚
1599 1027 1650 1065 qui
1661 1023 1876 1055 &auetoritate
1887 1044 1895 1057 ‚
1909 1025 1940 1053 δε
1950 1033 2043 1057 aetate,
2057 1023 2099 1056 δε,
2112 1032 2146 1054 ut

1193 1067 1270 1095 mihi
1289 1067 1388 1096 visum
1406 1066 1448 1096 est
1459 1087 1467 1100 ‚
1487 1068 1540 1096 usu
1550 1077 1649 1096 rerum
1666 1066 1872 1098 antecedebat,
1894 1064 2075 1095 6Diodorus
2089 1066 2148 1095 Ti-

1193 1107 1375 1137 marchides:
1392 1118 1476 1147 cujus
1488 1111 1589 1138 omnis
1600 1110 1694 1138 oratio
1705 1109 1779 1137 hanc
1794 1107 1896 1137 habuit
1910 1106 2011 1146 primi>
2026 1107 2147 1137 senten-

1191 1150 1266 1179 tiam
1280 1152 1462 1180 :SENATUM
1473 1170 1481 1183 ,
1493 1151 1702 1189 populumque
1712 1149 1924 1188 Syracusanum
1937 1147 2073 1182 moleste,
2082 1158 2148 1189 gra-

1191 1193 1323 1232 viterque
1333 1190 1408 1221 ferre
1416 1211 1426 1224 ‚
1437 1191 1519 1232 quod
1531 1202 1596 1232 ego,
1608 1190 1679 1220 cum
1692 1194 1724 1220 in
1733 1192 1836 1220 ceteris
1846 1191 1952 1220 Siciliae
1963 1191 2147 1224 civitatibus,

1192 1233 1327 1262 senatum
1339 1253 1347 1266 ‚
1359 1234 1565 1273 populumque
1575 1231 1738 1262 docuissem
1749 1252 1758 1266 ‚
1769 1232 1840 1272 quid
1849 1234 1891 1261 eis
1903 1232 2036 1261 utilitatis
2046 1251 2054 1265 ,
2072 1231 2148 1272 quid

1193 1274 1292 1304 salutis
1303 1273 1442 1304 afferrem
1454 1295 1462 1309 ‚
1475 1275 1507 1304 ὃς
1518 1274 1589 1304 cum
1599 1275 1634 1304 ab
1644 1274 1787 1304 omnibus
1800 1273 1934 1303 mandata
1944 1293 1952 1306 ,
1962 1274 2083 1313 legatos,
2095 1274 2148 1304 lit-

1193 1324 1266 1345 teras
1276 1335 1284 1349 ,
1307 1315 1536 1357 testimoniaque
1546 1315 1712 1346 sumsissem
1721 1336 1730 1349 ,
1749 1317 1781 1345 in
1791 1315 1842 1345 illa
1850 1316 1969 1345 civitate
1979 1315 2057 1344 nihil
2068 1315 2149 1354 ejus-

1195 1357 1281 1387 modi
1291 1356 1428 1388 facerem.
1451 1357 1624 1397 Respondi,
1637 1368 1733 1398 neque
1743 1359 1851 1387 Romae
1860 1359 1892 1386 in
1901 1365 2053 1387 conventu
2062 1360 2149 1387 Sicu-
2184 1376 2191 1383 -

1193 1399 1303 1433 lorum,
1312 1398 1383 1429 cum
1393 1399 1408 1429 a
1419 1410 1468 1429 me
1476 1400 1624 1430 auxilium
1634 1401 1794 1429 communi
1805 1400 1946 1428 omnium
1961 1399 2147 1440 legationum

1193 1440 1318 1471 consilio
1328 1441 1494 1481 petebatur,
1515 1442 1655 1482 causaque
1666 1443 1756 1471 totius
1771 1440 1805 1471 ad
1819 1451 1867 1470 me
1878 1441 1984 1470 Siciiiae
1996 1439 2146 1472 defereba-

1195 1492 1240 1512 tur
1250 1503 1257 1515 ,
1277 1483 1386 1523 legatos
1396 1484 1643 1523 Syracusanorum
1660 1481 1788 1513 affuiss'c:
1812 1492 1909 1522 neque
1920 1492 1969 1511 me
1978 1481 2125 1522 postulare
2136 1502 2146 1516 ,

1196 1533 1228 1554 ut
1237 1525 1401 1565 quidquam
1412 1534 1515 1555 contra
1529 1528 1562 1555 C„
1575 1528 1700 1555 Verrem
1708 1525 1913 1554 decerneretur
1922 1526 1954 1553 in
1965 1526 2086 1554 eacuria
2097 1545 2105 1557 ,
2116 1525 2147 1554 in

1194 1576 1253 1607 qua
1263 1574 1426 1595 inauratam
1438 1571 1466 1597 C.
1479 1565 1693 1602 Verrusr'arciam
1706 1566 1838 1595 viderem.
1857 1566 1945 1607 Qod
1954 1565 2147 1607 posteaquam

1195 1608 1260 1637 dixi
1273 1628 1280 1641 ,
1292 1617 1389 1638 tantus
1399 1608 1441 1639 est
1449 1610 1578 1651 gemitus
1590 1608 1685 1639 sanstus
1694 1607 1833 1647 adspetfssu
1844 1607 1954 1640 statuae,
1966 1608 1999 1637 &
2009 1618 2148 1638 comme-

1195 1652 1374 1682 moratione,
1387 1660 1418 1681 ur
1428 1651 1502 1681 illud
1513 1653 1544 1680 in
1557 1652 1637 1680 curia
1646 1649 1774 1690 positum
1785 1657 1994 1678 monumentum
1999 1649 2148 1688 scelerum,

1193 1702 1256 1721 non
1270 1691 1486 1722 beneficiorum
1497 1692 1662 1722 videretur..
1691 1695 1774 1722 Tum
1785 1701 1838 1731 pro
1849 1692 1875 1721 se
1885 1691 2011 1731 quisque
2021 1711 2029 1724 ‚
2051 1702 2148 1733 quan-

1193 1743 1257 1763 tum
1277 1733 1405 1764 dicendo
1426 1733 1537 1775 ali'equi
1554 1743 1682 1774 poterat,
1709 1734 1813 1763 docere
1823 1743 1872 1762 me
1881 1735 1972 1772 coepit
1983 1754 1992 1766 ,
2008 1743 2040 1763 ea
2049 1753 2058 1766 ,
2078 1743 2145 1774 quae

1190 1775 1293 1815 paullo
1303 1775 1372 1805 ante
1381 1779 1619 1806 commemoravi
1632 1787 1637 1804 :
1653 1776 1807 1816 spoliatam
1819 1774 1936 1807 urbem,
1948 1773 2014 1805 fana
2023 1774 2145 1815 direpta:

1191 1827 1229 1846 ex
1242 1818 1371 1848 Heraclii
1383 1818 1553 1851 hereditate,
1566 1818 1656 1859 quam
1668 1816 1830 1857 palaestritis
1839 1814 2030 1849 conceffisser,
2045 1817 2156 1848 multo'

1193 1861 1358 1889 maximam
1376 1869 1487 1899 partem
1506 1861 1603 1899 ipsum
1622 1857 1772 1889 abstulisse
1789 1869 1794 1887 :
1816 1868 1912 1898 neque
1929 1857 2143 1898 postulandum

1189 1899 1276 1929 fuiss'e
1287 1921 1294 1933 ‚
1315 1910 1346 1930 ut
1365 1902 1415 1930 ille
1429 1901 1596 1941 palaestritas
1609 1902 1762 1942 diligeret,
1782 1902 1833 1941 qui
1848 1901 1938 1930 etiam
1952 1901 2145 1932 inventorem

1190 1943 1250 1971 olei
1261 1942 1351 1972 deum
1363 1942 1536 1973 sustulisset:
1556 1953 1653 1984 neque
1664 1943 1748 1972 illam
1762 1941 1886 1972 statuam
1901 1941 1958 1971 ess‘e
1978 1952 2011 1970 ex
2025 1944 2144 1983 pecunia

1184 1982 1301 2024 publica
1311 2005 1319 2017 ,
1342 1995 1442 2025 neque
1449 1983 1560 2026 publice
1570 1986 1668 2014 tiaram
1677 1996 1688 2012 .·
1706 1983 1755 2014 sed
1766 1993 1815 2013 eos
1825 2003 1833 2017 ,
1855 1985 1907 2024 qui
1919 1983 2086 2014 hereditatis
2096 1984 2144 2014 di-

1188 2025 1331 2065 ripiendae
1350 2029 1504 2067 participes
1524 2025 1645 2057 fuifl'ent
1659 2047 1668 2060 ,
1691 2025 1858 2056 faciendam
1869 2045 1877 2059 ,
1898 2024 2141 2067 statuendamque

1189 2062 1317 2097 curass'e‘:
1335 2068 1456 2098 eosdem
1467 2071 1577 2099 Romae
1587 2067 1674 2099 fuiffe
1683 2069 1791 2109 legatos
1802 2088 1810 2100 ,
1831 2068 1913 2097 illius
1921 2067 1966 2104 adj
1972 2076 2069 2106 utores
2078 2070 2140 2097 im—

1189 2109 1343 2149 probitatis
1354 2131 1363 2143 ,
1378 2110 1474 2140 socios
1484 2110 1633 2140 furtorum
1643 2130 1651 2143 ,
1666 2110 1801 2140 conscios
1811 2107 1993 2150 flagitiorum
2006 2118 2011 2137 ε
2031 2119 2068 2138 eo
2079 2110 2141 2138 mi-

1189 2161 1246 2180 nus
1257 2153 1358 2181 mirari
1368 2161 1417 2181 me
1427 2161 1562 2192 oportere
1572 2173 1580 2185 ‚
1595 2151 1615 2182 si
1626 2152 1671 2181 illi
1681 2152 1840 2181 communi
1851 2154 2015 2190 legatorum
2026 2150 2140 2180 volun-

1188 2194 1258 2225 tati,
1279 2193 1406 2223 &saluti
1416 2194 1524 2223 Siciliae
1534 2192 1703 2223 defuissent.
1726 2193 1789 2228 Ubi
1799 2201 1903 2221 eorum
1913 2192 2030 2221 dolorem
2047 2202 2085 2222 ex
2101 2192 2140 2222 il·
2156 2197 2208 2241 63,

1188 2235 1245 2263 lius
1257 2235 1374 2273 injuriis,
1385 2244 1450 2264 non
1461 2233 1558 2264 modo
1566 2245 1631 2264 non
1641 2236 1805 2266 minorem,
1818 2233 1865 2263 sed
1875 2233 1966 2274 prope
1979 2235 2140 2274 majorem,

1188 2276 1457 2317 quamceterorum
1466 2277 1637 2306 Siculorum
1651 2274 1708 2305 effe
1718 2277 1849 2315 cognovi
1862 2286 1867 2304 ;
1883 2285 2063 2306 tumimeum
2073 2277 2138 2306 ani-

1191 2327 1277 2347 mum
1288 2319 1320 2346 in
1330 2317 1398 2346 illos
1409 2338 1417 2351 ,
1429 2320 1568 2347 tum'mei
1582 2316 1716 2349 consilii,
1733 2318 1906 2357 negotiique
1915 2319 2006 2347 totius
2016 2317 2141 2357 suscepti

1188 2359 1303 2389 causam
1312 2378 1320 2392 ,
1335 2360 1542 2399 rationemque
1552 2359 1707 2399 proposui:
1727 2368 1793 2388 tum
1805 2368 1856 2388 eos
1867 2361 1998 2388 hortatus
2009 2359 2072 2389 sum
2085 2379 2093 2392 ,
2105 2367 2145 2389 ut*

1187 2400 1279 2430 causa:
1289 2402 1447 2430 communi
1459 2420 1467 2433 ‚
1493 2402 1635 2441 salutique
1653 2411 1691 2430 ne
1702 2398 1847 2430 deessent:
1866 2410 1899 2430 ut
1909 2403 1936 2430 ei
1945 2401 2030 2430 illam
2041 2400 2140 2431 lauda—

1188 2443 1305 2472 tionem
1317 2462 1324 2473 ,
1340 2451 1428 2482 quam
1440 2443 1467 2472 se
1478 2443 1511 2471 vi
1521 2462 1529 2475 ‚
1550 2453 1582 2471 ac
1598 2450 1675 2471 meru
1689 2441 1795 2471 mastos
1805 2462 1813 2476 ,
1833 2444 1931 2482 paucis
1942 2442 2004 2471 illis
2012 2442 2116 2472 diebus
2128 2461 2139 2476 ‚

1188 2482 1315 2513 decresse
1325 2483 1478 2517 dicebant,
1492 2484 1643 2514 tollerent.
1676 2487 1776 2524 Itaque
1788 2504 1796 2517 ‚
1819 2484 1931 2520 iudices
1941 2504 1951 2517 ,
1970 2484 2140 2523 Syracusani

1188 2526 1252 2554 haec
1260 2524 1374 2554 faciunt
1384 2545 1392 2558 ,
1403 2525 1487 2555 istius
1497 2526 1630 2559 clientes,
1641 2533 1728 2566 atque
1737 2527 1827 2555 amici
1839 2524 1990 2565 :primum
2001 2526 2078 2555 mihi
2089 2526 2140 2556 lit·-

1186 2575 1260 2596 teras
1268 2566 1399 2605 publicas
1409 2567 1423 2600 ,ἶ
1433 2577 1503 2607 quas
1518 2569 1550 2597 in
1563 2569 1664 2597 aerario
1675 2566 1819 2597 funestiore
1829 2567 1961 2598 conditas
1971 2566 2118 2598 habebant
2126 2587 2137 2602 ,

1186 2607 1358 2647 proferunt,
1379 2610 1411 2638 in
1430 2609 1540 2649 quibus
1556 2608 1721 2638 ostendunt
1739 2610 1844 2638 omnia
1855 2628 1863 2642 ,
1880 2619 1946 2649 quae
1963 2608 2028 2638 dixi
2046 2608 2139 2639 ablata

1186 2648 1244 2679 effe
1256 2670 1262 2681 ,
1278 2651 1432 2689 perscripta
1444 2670 1452 2683 ,
1472 2651 1598 2690 &plura
1607 2653 1696 2680 etiam
1708 2670 1716 2683 ,
1737 2649 1828 2690 quam
1847 2660 1904 2691 ego
1920 2651 2006 2689 potui
2023 2649 2140 2680 dicere:

1186 2691 1339 2731 perscripta
1348 2700 1446 2721 autern
1458 2694 1515 2721 hoc
1523 2691 1617 2721 modo
1626 2712 1634 2725 ,
1647 2702 1736 2732 Qon
1750 2701 1794 2721 ax
1810 2701 1886 2721 ΞΜ.
1900 2701 2069 2721 MINERVAE
2080 2692 2139 2722 hoc

1189 2734 1221 2762 δε
1230 2733 1305 2763 illud
1317 2732 1439 2762 abess'et:
1459 2732 1542 2774 quod
1559 2743 1598 2762 ex
1617 2733 1678 2763 aede
1689 2734 1775 2774 Jovis
1785 2752 1794 2766 ‚
1815 2732 1897 2773 (111ὸά
1908 2743 1945 2762 ex
1954 2733 2014 2763 aede
2025 2733 2143 2763 Liberi.

1188 2775 1354 2815 utquisque
1373 2776 1416 2805 cis
1432 2775 1518 2805 rebus
1530 2775 1649 2806 tuendis
1660 2796 1669 2808 ,
1689 2774 1956 2815 conservandisque
1965 2773 2136 2818 praefuerat,

2100 2824 2145 2846 lta

1188 2929 1243 2950 tuin
1257 2923 1353 2950 scribi-e.

1220 2967 1247 2992 4-
1268 2964 1378 2987 OElt'rum
1396 2960 1512 2994 quendam
1528 2959 1624 2984 dolorem
1633 2959 1738 2984 accidere
1755 2958 1809 2993 im]
1829 2958 1969 2984 Turnebus
1979 2957 2018 2985 ait
2028 2957 2140 2986 fuissel'n

1184 2996 1295 3031 antiquo
1306 2996 1351 3022 suo
1361 3006 1367 3022 τ
1389 2999 1444 3021 mir.
1455 3006 1478 3029 q.
1490 2996 1533 3020 dol.
1544 2997 1646 3025 accipere
1654 3003 1700 3020 ens.

1222 3041 1247 3063 5.
1268 3037 1328 3067 Qun
1346 3031 1498 3064 lenitudineq
1520 3029 1664 3056 Lambinus
1676 3030 1815 3056 invexerat
1826 3048 1834 3060 ,
1855 3039 1900 3055 nan
1918 3030 1979 3055 modu
1996 3031 2122 3057 lenitudine
2130 3040 2142 3056 x,

1184 3067 1293 3103 quod-St
1303 3068 1328 3093 111
1341 3066 1388 3093 ms.
1399 3066 1528 3093 Tui-nebi.
1539 3064 1676 3101 gratiosius
1688 3073 1775 3092 tamen
1787 3064 1966 3092 subaudiatur.
2100 3091 2106 3095 ,

1220 3104 1248 3128 6.
1267 3103 1381 3129 Diodorus
1389 3102 1574 3136 rimarchi'dcs]
1595 3101 1756 3127 Membrana:
1766 3101 1867 3133 Cuiacii
1881 3120 1889 3132 ,
1906 3102 2058 3128 wmarchidi.
2079 3108 2141 3128 tan-

1183 3148 1262 3176 quam
1272 3138 1448 3176 fitgeuitivus
1459 3138 1583 3174 antiquus
1596 3156 1606 3172 2
1617 3137 1921 3174 subaudiaturquefilaem.
2068 3175 2137 3209 Ram

2034 3181 2046 3200 1
2053 3192 2058 3199 .
