2295 3400
167 127 265 194 356
571 125 1087 194 M·.T⁰LL1²

162 206 288 247 spexiss'e
304 206 497 238 morientem.
528 209 602 247 Qae
613 209 739 247 pecunia
748 208 870 238 mulieri
881 208 973 249 legata
981 215 1041 237 erat
1056 207 1072 237 a
1083 205 1118 236 fi-

163 249 220 282 lio,
233 248 304 289 siqui
317 258 400 279 natus
410 247 491 280 esset,
507 258 571 278 eain
584 250 758 288 praesentem
769 252 950 289 Oppianicus
960 259 1022 279 non
1033 248 1119 279 debi-

166 299 228 320 tam
240 291 361 320 mulieri
373 290 478 320 solvit:
494 288 514 318 fi
525 290 586 319 hacc
598 290 706 320 solutio
717 291 891 332 legatorum,
905 291 937 320 &
948 301 1012 321 non
1021 300 1119 319 merces

166 332 335 362 abortionis
343 331 515 370 appellanda
524 329 574 361 est.
607 334 676 371 Qo
688 333 737 362 illa
746 334 841 372 pretio
850 341 969 371 accepto
982 353 990 365 ,
1003 332 1120 362 multis—

167 384 226 413 que
236 382 372 412 praeterea
381 372 557 402 muneribus
565 393 574 406 ‚
590 384 656 414 quae
666 383 731 403 tum
744 384 782 404 ex
792 374 899 404 tabulis
909 376 1066 415 Oppianici
1075 383 1120 403 re-

164 415 340 447 citabantur,
353 414 432 453 spem
446 414 542 447 illam,
557 425 645 455 quam
657 417 688 444 in
698 416 766 445 alvo
776 416 1022 446 commendatam
1032 416 1047 445 a
1057 417 1122 444 v'iro

167 456 359 489 continebat,
372 455 450 485 vista
457 458 576 486 avaritia
585 457 685 486 sceleri
696 459 852 497 Oppianici
862 458 1010 488 vendidit.
1031 456 1121 487 Nihil

166 495 248 537 posse
265 499 327 536 jam
347 496 382 527 ad
403 498 477 528 hanc
496 498 721 537 improbitatem
740 499 808 529 addi
826 500 957 530 videtur.
980 498 1122 529 attendite

166 541 295 569 exitum.
307 542 381 580 Qa:
392 539 502 568 mulier
511 539 709 570 obtestatione
720 542 777 571 viri
787 541 891 571 decem
901 542 963 571 illis
973 539 1124 570 mensibus

166 590 205 610 ne
215 580 343 610 domum
353 581 477 620 quidem
489 582 580 611 ullam
593 601 601 615 ,
621 580 676 611 nisi
696 583 795 612 socrus
808 583 864 612 suae
874 603 883 616 ,
899 582 983 613 nosse
1000 582 1105 612 debuit
1115 600 1123 614 ,

166 623 230 652 haec
239 624 345 662 quinto
356 623 459 652 mense
471 622 537 662 post
553 625 610 653 viri
627 633 758 654 mortem
768 623 821 664 ipsi
832 627 998 665 Oppianico
1016 621 1121 663 nupsit.

165 674 232 703 quae
244 665 355 703 nuptiae
367 674 430 694 non
441 664 589 694 diuturnae
599 664 730 696 fuerunt.
753 675 835 697 erant
845 669 928 696 enim
945 676 1011 696 non
1023 666 1124 695 matri-

168 706 309 735 moniidi
333 708 434 740 nitate,
447 706 936 747 sedfcelerissbcz'erareconjun&ae.
961 707 1042 747 Qud
1054 710 1062 735 ἓ
1074 705 1123 734 illa

165 747 262 777 caedes
282 751 308 777 Α
321 749 376 777 inii
394 749 541 778 Larinatis
559 768 568 781 ,
589 749 783 779 adolescentis
804 748 955 789 pecuniosi
967 769 976 782 ‚
1006 753 1014 767 ¹
1034 747 1125 788 quarn

169 790 244 819 clara
259 798 324 819 tum
336 810 344 822 ‚
366 791 479 819 recenti
497 792 548 819 re?
565 790 655 831 quam
675 793 820 821 omnium
840 792 978 821 sermone
995 789 1124 819 celebra-

105 833 146 867 ¹3
171 833 217 861 ta?
240 834 254 849 ²
269 833 336 861 Fuit
352 831 471 861 Avilius
491 831 612 872 quidam
637 834 758 862 Larinas
775 832 889 872 perdita
909 833 1041 872 nequitia
1060 851 1068 863 ‚
1094 830 1126 859 Sc

169 872 289 903 summa
305 872 429 913 egestate
441 893 449 906 ‚
471 876 483 900 3
494 882 554 903 arte
570 874 695 914 quadam
707 874 845 913 praeditus
856 873 889 903 ad
902 873 1044 903 libidines
1054 871 1126 901 ado-

169 915 406 944 lescentulorum
425 914 595 944 excitandas
604 915 830 945 accommodata
845 926 849 944 :
873 917 942 956 qui,
962 914 1032 944 utse
1042 913 1126 943 blan-

166 956 269 988 ditiis,
293 956 325 986 &
337 954 581 986 afl'entationibus
592 958 624 986 iri
634 955 728 986 Asinii
741 956 991 987 consuetudinem
1010 956 1128 995 penitus

169 996 333 1031 immersit,
354 1000 534 1038 Oppianicus
543 1000 689 1028 continuo
699 999 810 1038 sperare
819 1000 909 1038 coepit
919 1018 927 1032 ,
943 999 1001 1028 hoc
1015 997 1042 1026 se
1054 998 1129 1026 Avi-

167 1040 214 1070 ]io
227 1060 234 1072 ‚
248 1048 389 1081 tanquam
400 1040 496 1080 aliqua
504 1040 642 1070 machina
650 1040 770 1071 admota
780 1060 788 1074 ,
808 1050 910 1080 capere
922 1039 1018 1070 Asinii
1028 1038 1128 1068 adole-

168 1082 313 1112 scentiam
325 1102 332 1115 ,
356 1080 532 1111 &fortunas
542 1079 607 1121 ejus
616 1084 718 1121 patrias
729 1092 897 1123 expugnare
916 1080 1006 1122 poffe.
1038 1081 1128 1110 Ratio

168 1126 336 1164 excogitata
347 1124 450 1152 Larini
464 1121 524 1153 est:
543 1132 588 1152 res
600 1123 732 1154 translata
741 1127 884 1154 Romam.
908 1125 981 1153 iniri
997 1124 1082 1152 enim
1098 1121 1128 1150 id

169 1164 332 1195 consilium
342 1164 458 1194 facilius
468 1165 496 1193 in
507 1164 677 1203 [blandina
690 1165 793 1205 perfici
803 1176 867 1195 rem
883 1165 1129 1202 ejusmodicom-

170 1207 295 1237 modius
315 1208 343 1235 in
363 1205 447 1235 turba
463 1205 544 1246 posse
561 1207 692 1236 arbitrati
710 1208 790 1237 sunt.
814 1205 933 1237 Asinius
943 1216 1014 1236 cum
1026 1205 1129 1235 Avilio

169 1251 306 1280 Romam
317 1247 359 1277 est
369 1247 529 1287 profeffluis.
550 1250 615 1278 Hos
625 1248 756 1289 vestigiis
767 1250 946 1288 Oppianicus
955 1248 1129 1278 consecutus

170 1289 222 1320 est.
235 1291 304 1331 Jam
317 1299 348 1319 ut
359 1292 469 1320 Roma:
478 1291 620 1323 vixerint,
634 1291 742 1331 quibus
751 1292 915 1323 conviviis,
926 1290 1035 1330 quibus
1046 1287 1129 1329 flagi-

168 1334 364 1373 tiis‚quantis,
375 1332 408 1361 δῖ.
417 1331 508 1372 quam
518 1331 643 1372 profusis
655 1332 880 1366 sumtibusmon
892 1330 985 1362 modo
996 1331 1128 1363 conscio,

172 1374 222 1404 sed
233 1376 322 1404 etiam
333 1376 471 1408 conviva,
484 1374 515 1404 ὃς
525 1374 658 1414 adjutore
670 1376 851 1415 Oppianico:
863 1375 989 1415 longum
999 1372 1041 1402 est
1053 1373 1129 1401 mihi

169 1415 443 1455 dicere‚praesertim
452 1416 487 1446 ad
497 1417 552 1446 alia
561 1419 740 1456 properanti.
754 1419 879 1447 Exitum
890 1417 978 1455 hujus
986 1414 1132 1454 affimula-

169 1458 423 1497 ufamiliariratu
431 1459 609 1498 cognoscite.
622 1459 701 1488 Cum
711 1458 781 1489 esset
791 1458 876 1489 adole
882 1459 962 1488 scens
972 1456 1049 1497 apud
1061 1466 1129 1485 mu-

168 1500 325 1530 lierculam
336 1499 586 1541 quandam,atque
597 1500 639 1530 ibi
649 1500 843 1540 pernofiiaret,
858 1504 875 1526 4
885 1500 917 1529 &
929 1499 971 1529 ibi
982 1499 1064 1529 diem
1075 1508 1131 1538 po-

170 1540 283 1571 sterum
293 1551 531 1579 commoraretur
542 1553 547 1571 z
558 1543 724 1576 Avilius,ut
734 1551 793 1572 erat
803 1538 1132 1574 constitutum,fimulat

170 1583 201 1613 se
212 1591 349 1624 aegrotare
359 1603 368 1617 ,
390 1584 421 1613 3:
429 1582 640 1614 testamentum
650 1583 744 1614 facere
757 1584 845 1614 velle.
869 1585 1049 1624 Oppianicus
1061 1580 1130 1621 obfi-

167 1633 299 1665 gnarures
309 1625 344 1655 ad
355 1627 492 1666 eum‚qui
501 1623 990 1667 nequeAsinium‚nequeAvilium
1000 1622 1129 1657 nossent,

169 1666 294 1697 adducit
304 1687 312 1700 ‚
326 1667 457 1697 &illum
466 1687 473 1699 ,
488 1665 626 1696 Afinium
637 1668 778 1708 appellat:
790 1668 849 1707 ipse
860 1667 1036 1697 testamento
1046 1686 1054 1699 ,
1067 1664 1130 1695 Asi-

169 1711 217 1738 nii
229 1711 355 1738 nomine
364 1707 516 1751 obsignato
528 1729 535 1742 ‚
550 1708 684 1739 discedit.
716 1710 836 1742 Avilius
847 1708 930 1739 illico
940 1708 1128 1738 convalescit.

170 1748 292 1781 Afinius
301 1754 400 1781 autem
413 1750 497 1780 brevi
517 1750 571 1780 illo
587 1759 738 1791 tempore,
761 1750 839 1792 quasi
861 1753 892 1781 in
908 1750 1046 1780 hortulos
1062 1752 1128 1783 iret,

171 1793 208 1822 in
219 1794 362 1822 arenarias
370 1791 510 1833 quasdam
521 1800 604 1822 extra
615 1802 732 1833 portam
744 1794 942 1833 Esquilinam,
956 1791 1126 1832 perduAEtus,

171 1833 329 1864 occiditur.
352 1836 404 1875 qui
422 1832 494 1864 cum
507 1836 692 1875 unumjam,
714 1835 747 1865 ὃς
756 1835 882 1866 alterum
894 1835 975 1864 diem
987 1832 1129 1863 desidera-

169 1885 268 1906 retur:
291 1886 388 1916 neque
405 1877 437 1905 in
451 1877 489 1904 iis
507 1876 582 1905 locis
592 1896 600 1909 ,
622 1876 672 1905 ubi
684 1886 722 1906 ex
741 1876 960 1906 consuetudine
980 1875 1129 1915 quaereba-

169 1926 220 1947 tiir
229 1937 238 1950 ‚
258 1919 443 1948 inveniretur
452 1937 460 1951 ,
481 1917 513 1946 &
523 1919 703 1957 Oppianicus
722 1920 755 1947 in
766 1917 834 1948 foro
843 1919 1029 1948 Larinatium
1041 1916 1130 1946 diffl-

168 1967 243 1989 taret
252 1979 260 1991 ,
282 1969 377 1998 nuper
392 1960 437 1993 se,
464 1959 496 1988 &
513 1959 583 1989 suos
603 1962 716 1989 amicos
737 1959 949 1990 testamentum
971 1960 1034 1997 ejus
1053 1957 1131 1988 obsi-

167 1999 285 2041 gnaffe:
305 2002 404 2030 liberti
417 1999 521 2034 Asinii,
536 2001 569 2031 ὃς
579 2001 723 2031 nonnulli
741 2003 843 2035 amici,
858 2000 940 2042 quod
952 2011 988 2030 eo
998 2000 1056 2034 die,
1067 2011 1127 2040 quo

168 2042 360 2083 postremum
372 2041 490 2072 Asinius
500 2043 581 2072 visus
592 2050 661 2076 erat,
679 2043 816 2073 Avilium
827 2053 897 2073 cum
915 2052 951 2072 eo
959 2040 1058 2076 fuiss'e,
1071 2043 1103 2072 ὅ(
1113 2042 1129 2072 ὲ

171 2085 278 2114 multis
288 2085 387 2114 visum
398 2083 455 2114 effe
464 2084 623 2118 constabat,
634 2086 666 2114 in
678 2095 749 2115 eum
760 2085 956 2118 invadunt‚&
967 2085 1129 2114 hominem

169 2135 239 2156 ante
256 2127 345 2166 pedes
355 2127 526 2167 QManilii
537 2147 544 2159 ‚
558 2128 609 2167 qui
620 2135 685 2156 tum
694 2136 754 2157 erat
771 2128 919 2160 triumvir,
929 2125 1127 2156 constituunt.

168 2171 270 2208 Atque
290 2169 341 2197 ille
360 2167 509 2198 continuo
519 2188 527 2202 ,
550 2168 639 2198 nullo
655 2167 726 2198 teste
737 2187 746 2201 ‚
776 2169 862 2198 nullo
880 2168 981 2198 indice
990 2188 999 2201 ,
1022 2169 1131 2197 recentis

168 2208 304 2247 maleficii
317 2210 483 2249 conscientia.
494 2210 661 2251 perterritus
669 2229 678 2243 ,
689 2211 805 2241 omnia,
821 2218 853 2239 ut
863 2209 878 2239 a
889 2219 937 2239 me
947 2210 1049 2249 paullo
1061 2209 1126 2239 ante

169 2250 250 2282 diE'ta
264 2251 346 2284 sunt,
367 2253 517 2290 exponit,
531 2250 728 2291 Afiniumque
737 2251 773 2281 ab
784 2251 811 2280 se
821 2270 830 2284 ,
848 2250 973 2281 consilio
983 2253 1128 2290 Oppiani—

169 2294 199 2324 ci
209 2313 217 2326 ,
234 2292 428 2322 interfectum
438 2292 553 2323 fatetur.
568 2294 742 2323 Extrahitur
751 2292 846 2323 domo
856 2293 971 2322 latitans
982 2294 1126 2332 Oppiani-

168 2344 224 2365 cus
241 2333 256 2364 a
273 2335 404 2364 Manilio
418 2345 423 2363 z
442 2334 665 2364 index-Avilius
681 2344 720 2364 ex
729 2335 818 2364 altera
827 2342 907 2373 parte
923 2333 1024 2363 coram
1045 2343 1127 2363 tene-

166 2384 231 2406 tur.
256 2374 314 2406 Hic
329 2377 393 2415 jam
411 2375 483 2416 quid
500 2376 613 2417 reliqua
630 2377 761 2417 quaeritis
780 2379 791 2405 ἒ
814 2375 977 2405 Manilium
995 2375 1129 2415 plerique

172 2419 297 2448 noratis.
321 2426 388 2447 non
402 2419 454 2447 ille
470 2419 620 2447 honorem
631 2417 646 2447 a
656 2419 799 2457 pueritia,
811 2427 876 2446 non
888 2416 984 2447 studia
995 2419 1126 2450 virtutis,

169 2469 236 2490 non
249 2459 348 2489 ullum
367 2457 579 2494 existimatiotm
592 2457 661 2488 bonae
669 2458 800 2497 frustum
816 2469 960 2499 umquam
971 2460 1126 2498 cogitcuat:

168 2501 223 2531 sed
236 2511 274 2531 ex
289 2500 446 2540 petulanti,
462 2510 547 2541 atque
558 2501 699 2540 improbo
711 2501 816 2533 scurra,
829 2503 862 2530 in
879 2500 1035 2530 discordiis
1052 2501 1128 2529 civi-

168 2544 242 2573 tatis
259 2543 294 2572 ad
315 2553 381 2572 eam
399 2543 574 2573 columnam
585 2562 593 2576 ,
605 2543 640 2573 ad
650 2553 740 2583 quam
750 2543 918 2572 multorum
935 2541 1009 2582 saepe
1019 2543 1127 2571 convi—

169 2585 221 2614 tiis
230 2583 389 2623 perduEffls
399 2593 468 2618 erat,
477 2595 548 2614 cum
558 2583 701 2625 suffragiis
711 2585 815 2624 populi
834 2592 1014 2624 pervenerat.
1026 2586 1127 2623 Itaque

168 2634 236 2655 rem
248 2636 317 2655 cum
330 2626 495 2665 Oppianico
504 2626 654 2666 transigit:
671 2629 830 2666 pecuniam
840 2625 920 2656 abeo
929 2626 1034 2665 accipit
1045 2635 1049 2653 z
1059 2635 1127 2655 cau—

169 2667 234 2697 sam
253 2667 286 2696 δε
308 2668 465 2706 susceptam
477 2688 485 2701 ‚
505 2668 538 2698 &
556 2667 746 2698 manifestam
764 2668 841 2698 relin
865 2668 919 2697 uit.
946 2670 990 2698 Ac
1009 2675 1074 2696 tum
1095 2668 1127 2696 in

171 2710 330 2749 Oppianici
339 2710 432 2742 causa,
443 2711 560 2741 crimen
573 2710 632 2740 hoc
642 2708 821 2740 Asinianum
834 2719 905 2740 cum
914 2707 1037 2739 testibus
1047 2709 1129 2738 mul-

1164 125 1715 177 CicERoNIs

1155 207 1204 240 tis,
1216 215 1280 238 tum
1298 207 1371 238 vero
1384 208 1499 238 indicio
1512 208 1604 239 Avilii
1613 208 1799 248 probabatur.
1824 207 1857 238 in
1874 211 1971 250 quo,5¹
1980 208 2059 240 inter
2067 209 2112 246 alf

1156 248 1262 290 ligatos
1273 270 1280 283 ,
1298 251 1454 290 Oppianici
1473 260 1588 280 nomen
1599 269 1608 284 ,
1624 251 1752 291 primum
1770 248 1828 280 effe
1846 250 2015 284 constabat,
2034 252 2116 291 ejus,

1157 300 1248 330 quem
1265 301 1320 321 vos
1335 292 1476 322 miserum
1487 300 1594 333 ‚atque
1605 293 1800 322 innocentem
1813 313 1821 326 ,
1838 291 2036 332 falsojudicio
2053 295 2115 322 cir⁴
2131 299 2134 300 ⁷

1157 342 1357 363 cumventum
1376 332 1435 363 effe
1445 333 1554 363 dicitis.
1578 333 1680 372 de?
1697 335 1794 364 aviam
1812 343 1914 368 tuam,
1937 336 2112 373 Oppianice,
2132 348 2177 383 ¹4

1159 376 1290 404 Dineam
1303 395 1312 409 ,
1332 376 1421 404 cuitu
1433 384 1462 404 es
1474 375 1556 404 heres
1568 395 1576 407 ,
1597 384 1676 413 pater
1690 384 1758 405 tuus
1769 385 1833 405 non
1851 374 2113 406 manifesto-neca-

1158 416 1223 445 vit?
1240 417 1274 446 ad
1286 426 1376 456 quam
1386 416 1458 446 cum
1475 414 1643 445 adduxiss'et
1661 417 1815 447 medicum
1827 417 1915 447 illum
1931 418 2034 450 suum,
2050 417 2115 456 jam

1157 460 1327 497 cognitum,
1340 458 1372 488 ὃς
1384 458 1457 497 saepe
1471 456 1631 490 vistorem,
1645 455 1684 496 [6
1693 467 1843 498 perquem
1855 458 2039 488 interfecerat
2047 459 2117 498 plu-

1160 499 1277 539 rimos]
1299 499 1410 528 mulier
1428 498 1593 532 exclamat,
1614 498 1642 528 se
1656 498 1692 528 ab
1711 509 1747 528 eo
1768 500 1855 529 nullo
1873 500 2052 530 modove-lle
2062 511 2117 530 cu-

1159 542 1223 573 rari,
1237 550 1298 580 quo
1308 549 1427 570 curante
1446 541 1512 570 suos
1527 541 1624 569 omneis
1633 540 1800 581 perdidisset.
1825 544 1908 571 Tum
1920 542 2041 581 repente
2052 544 2119 571 An-

1158 583 1336 611 conitanum
1356 581 1505 621 quendam
1518 602 1527 614 ,
1553 582 1741 613 L-Clodium
1753 602 1761 615 ,
1778 583 2040 623 pharmacopolam
2059 585 2119 613 cii·-

1160 622 1403 655 cumforaneum,
1419 625 1471 663 qui
1484 623 1550 653 casu
1562 632 1627 653 tum
1639 625 1782 654 Larinum
1795 622 1931 658 veniffet,
1942 624 2117 666 aggreditur,

1164 665 1196 694 &
1214 674 1284 694 cum
1302 675 1338 695 eo
1357 675 1410 694 H-s
1429 665 1553 705 quadrin
1577 666 1672 698 entis,
1693 665 1723 694 id
1734 665 1814 705 quod
1828 664 2119 706 ipfiustabulistum.

1162 705 1204 735 est
1215 705 1451 736 demonstratum
1463 726 1470 740 ,
1491 675 1631 747 transigit.
1655 708 1690 736 L.
1709 707 1832 737 Clodius
1845 727 1853 741 ,
1871 709 1924 748 qui
1940 717 2119 747 properaret,

1161 749 1210 776 cui
1219 746 1283 778 fora
1296 749 1392 778 multa
1400 747 1550 781 restarent,
1563 746 1650 777 simul
1667 756 1755 788 atque
1771 748 1961 779 introdu&us
1972 748 2013 779 est
2023 769 2031 783 ,
2049 759 2119 781 rem

1164 788 1312 819 confecit:
1334 792 1430 829 prima
1446 791 1553 827 potione
1571 790 1733 819 mulierem
1753 790 1884 821 sustulit:
1906 801 2002 832 neque
2018 790 2121 830 postea

1165 832 1266 860 Larini
1277 830 1425 870 punitum
1435 830 1478 860 est
1488 833 1632 871 temporis
1643 841 1860 862 commoratus.
1880 833 1990 862 Eadem
2001 833 2053 862 hac
2062 835 2121 863 Di-

1163 881 1218 901 nea
1227 872 1437 902 testamentum
1448 871 1586 906 faciente,
1597 871 1668 902 cum
1680 873 1790 903 tabulas
1803 872 2003 914 prehendisset
2012 876 2122 914 Oppia-

1165 915 1261 947 nicus,
1274 916 1326 954 qui
1336 924 1427 955 gener
1435 914 1500 952 ejus
1509 912 1618 946 fuiffet,
1630 914 1725 955 digito
1736 915 1827 956 legata
1835 916 1958 946 delevit:
1982 917 2014 946 δε
2023 937 2030 950 ‚
2045 915 2121 947 cum

1165 955 1195 984 id
1206 956 1312 985 multis
1325 956 1401 985 locis
1412 953 1536 989 feciss‘et,
1547 955 1613 995 post
1623 965 1756 986 mortem
1765 960 1883 995 ejus,ne
1893 958 1989 988 lituris
2001 959 2122 998 coargui

1165 995 1258 1036 poffet
1269 1017 1278 1030 ‚
1296 997 1551 1027 testamentumin
1565 998 1634 1027 alias
1652 998 1765 1028 tabulas
1781 1000 2004 1039 transscriptum
2015 1020 2022 1033 ‚
2037 1000 2123 1041 fignis

1167 1038 1327 1068 adulterinis
1344 1038 1520 1080 obsignavit.
1551 1039 1647 1069 Multa
1664 1049 1805 1079 praetereo
1823 1042 1972 1071 consulto.
2005 1043 2122 1072 etenim

1167 1090 1283 1113 vereor,
1297 1091 1334 1110 ne
1348 1081 1411 1110 haec
1421 1080 1480 1120 ipsa
1489 1082 1622 1110 nimium
1640 1082 1736 1111 multa
1753 1081 1810 1112 effe
1819 1083 1984 1113 videantur.
2008 1092 2124 1113 voua-

1168 1126 1242 1153 men
1261 1132 1332 1152 eum
1346 1121 1477 1152 similem
1494 1122 1538 1152 sui
1556 1121 1644 1152 fuiffe
1657 1128 1671 1150 7
1684 1125 1716 1152 in
1727 1126 1828 1154 ceteris
1840 1134 1958 1165 quoque
1978 1126 2047 1154 vitae
2056 1134 2123 1164 par-

1167 1164 1246 1194 tibus
1266 1163 1436 1194 existimare
1453 1163 1608 1193 debebitis.
1633 1165 1725 1194 Illum
1745 1165 1856 1195 tabulas
1875 1166 2006 1205 publicas
2020 1167 2123 1196 Larini

1167 1205 1313 1235 censorias
1323 1203 1676 1245 corrupistbdecmiones
1687 1205 1815 1236 universi
1826 1208 2040 1240 iudicaverunt.
2050 1218 2123 1238 cum

1168 1247 1222 1277 illo
1238 1248 1301 1287 jam
1320 1257 1413 1276 nemo
1429 1248 1577 1276 rationein
1592 1266 1600 1279 ,
1620 1257 1713 1276 nemo
1726 1258 1789 1277 rem
1810 1249 1902 1279 ullam
1913 1250 2103 1280 contrahebat
2118 1260 2126 1279 ε

1168 1299 1261 1318 nemo
1278 1289 1368 1318 illum
1382 1299 1420 1318 ex
1432 1297 1492 1318 tam
1513 1289 1616 1317 multis
1629 1290 1761 1329 cognatis
1773 1310 1781 1323 ‚
1795 1290 1827 1319 ὃς
1837 1289 1978 1320 affinibus
1994 1301 2125 1322 tutorem

1170 1340 1316 1370 umquam
1327 1331 1429 1360 liberis
1439 1330 1498 1360 suis
1508 1328 1616 1369 scripsit
1628 1341 1632 1358 :
1645 1341 1737 1360 nemo
1747 1332 1836 1361 illum
1846 1332 2035 1366 aditu,nem0
2047 1344 2124 1364 con-

1168 1371 1323 1414 gressione,
1336 1382 1429 1402 nemo
1439 1372 1576 1401 sermone
1587 1391 1595 1404 ,
1611 1382 1704 1401 nemo
1718 1375 1862 1403 convivio
1872 1374 1999 1416 dignum
2012 1375 2125 1408 iudica-

1169 1416 1229 1445 bat.
1252 1424 1360 1444 omnes
1370 1413 1605 1453 aspernabantur,
1618 1424 1725 1443 omnes
1734 1413 1915 1445 abhorrebant
1925 1436 1933 1450 ‚
1945 1426 2052 1447 omnes
2063 1438 2073 1450 ,
2091 1425 2126 1449 ut

1168 1457 1299 1497 aliquam
1309 1458 1489 1488 immanem,
1499 1465 1532 1485 ac
1541 1456 1738 1494 perniciosam
1751 1456 1884 1489 bestiam,
1895 1457 2066 1500 pestemque
2075 1458 2124 1489 fu-

1166 1499 1295 1540 giebant.
1321 1500 1412 1527 Hunc
1429 1505 1530 1527 tamen
1549 1497 1708 1526 hominem
1724 1506 1783 1527 tam
1800 1499 1954 1532 audacem,
1966 1509 2024 1530 tam
2040 1500 2127 1532 nefa-

1167 1543 1245 1570 rium
1259 1560 1267 1573 ‚
1285 1548 1345 1569 tarn
1355 1548 1528 1571 nocentem,
1540 1548 1709 1579 numquam
1719 1539 1874 1570 accusasset
1883 1543 1990 1571 Avitus
2000 1542 2126 1580 judices,

1169 1581 1188 1612 si
1203 1582 1233 1611 id
1252 1582 1487 1621 praetermittere,
1501 1581 1581 1609 silvo
1599 1582 1692 1620 capite
1703 1581 1754 1611 suo
1766 1602 1775 1615 ‚
1795 1581 1944 1621 potuiffet.
1968 1587 2036 1614 Erat
2051 1585 2126 1615 huic

1168 1625 1312 1654 inimicus
1321 1624 1501 1662 Oppianicus
1514 1632 1518 1650 :
1531 1631 1604 1652 erat:
1618 1622 1664 1651 sed
1680 1633 1778 1652 tamen
1789 1631 1848 1653 erat
1864 1625 2004 1653 vitricia—.-
2016 1626 2124 1656 crude-

1166 1667 1204 1696 lis
1216 1686 1224 1698 ‚
1239 1666 1270 1696 δε
1282 1666 1352 1694 huic
1362 1663 1467 1694 infesta
1480 1673 1589 1693 mater:
1608 1673 1738 1694 attamen
1754 1673 1855 1694 mater.
1878 1665 2032 1706 postremo
2044 1667 2125 1698 nihil

1166 1719 1227 1739 tam
1238 1716 1391 1737 remotum
1400 1706 1437 1736 ab
1446 1707 1629 1736 accusatione
1638 1726 1645 1738 ,
1666 1706 1757 1746 quam
1769 1708 1925 1738 Cluentius
1935 1728 1943 1741 ,
1963 1708 1996 1738 &
2007 1718 2125 1744 natura,

1168 1751 1201 1781 &
1217 1750 1372 1780 voluntate
1383 1768 1391 1782 ,
1404 1747 1578 1778 &instituta
1594 1750 1710 1777 ratione
1720 1750 1801 1779 vitae.
1824 1749 1880 1778 Sed
1894 1748 1964 1779 cum
1977 1748 2048 1780 esset
2061 1752 2124 1781 haec

1167 1793 1213 1822 illi
1229 1789 1375 1832 proposita
1387 1790 1525 1820 conditio
1538 1811 1546 1823 ‚
1560 1799 1593 1819 ut
1603 1799 1652 1819 aut
1662 1789 1737 1828 juste
1748 1810 1756 1823 ‚
1777 1792 1883 1831 pieque
1893 1792 2060 1826 accusaret,
2073 1801 2125 1823 aut:

1167 1833 1290 1867 acerbe,
1310 1832 1494 1873 indigneque
1510 1841 1692 1861 moreretur:
1716 1833 1859 1871 accusare,
1883 1843 2007 1874 quoquo
2029 1834 2124 1864 modo

1166 1874 1365 1917 posteaquam
1376 1875 1430 1903 illo
1441 1873 1536 1904 modo
1545 1873 1639 1906 emori,
1651 1874 1758 1903 maluit
1780 1878 1888 1915 Atque,
1899 1884 1930 1904 ut
1944 1877 2005 1906 haec
2016 1877 2056 1906 ita
2064 1874 2123 1906 effe

1168 1918 1329 1958 perspicere
1342 1914 1453 1955 polsitis
1463 1935 1472 1949 ,
1485 1925 1635 1955 exponam
1654 1915 1743 1945 vobis
1753 1918 1908 1956 Oppianici
1922 1915 2038 1947 facinus
2057 1928 2123 1949 ma-

1168 1958 1278 1990 nifesto
1289 1967 1479 1997 compertum
1490 1977 1497 1991 ,
1509 1966 1595 1998 atque
1605 1957 1824 1996 deprehensum
1838 1969 1843 1987 :
1862 1969 1900 1988 ex
1910 1969 1970 1999 quo
1980 1958 2068 1989 simul
2086 1970 2123 1989 u-

1167 2011 1306 2041 trumque
1318 2020 1326 2033 ,
1346 2000 1378 2029 &
1390 2000 1471 2034 huic,
1482 1999 1611 2029 accusare
1623 2019 1631 2033 ,
1652 2000 1685 2029 &
1696 1999 1784 2029 illum
1794 2000 1989 2031 condemnari
2007 2000 2121 2031 neceffe

1166 2041 1265 2075 fuifl'e,
1279 2043 1462 2082 intelligetis.
1485 2042 1634 2071 Martiales
1643 2041 1764 2082 quidam
1775 2043 2119 2082 Lariniappellabantur,
2138 2061 2149 2085 1

1167 2084 1299 2115 ministri
1312 2083 1425 2124 publici
1436 2085 1556 2116 Martis,
1575 2092 1662 2123 atque
1682 2085 1710 2112 ei
1729 2083 1786 2113 deo
1800 2084 1948 2114 veteribus
1963 2084 2118 2118 institutis,

1165 2126 1421 2167 religionibusque
1430 2126 1616 2155 Larinatium
1633 2126 1812 2155 consecrati:
1831 2136 1961 2166 quoium
1971 2125 2043 2156 cum
2054 2127 2123 2156 satis

1166 2177 1293 2209 magnus
1303 2177 1447 2197 numerus
1458 2166 1539 2200 effer,
1550 2176 1680 2207 cumque
1689 2169 1775 2201 item,
1786 2170 1860 2197 utin
1870 2169 1970 2197 Sicilia
1978 2169 2123 2207 permulti

1166 2211 1294 2240 Venerei
1308 2209 1391 2238 sunt:
1412 2207 1448 2238 fic
1460 2209 1505 2238 illi
1516 2210 1619 2238 Larini
1636 2211 1668 2237 in
1679 2211 1782 2238 Martis
1794 2208 1910 2238 familia
1926 2219 2123 2240 numeraren-

1165 2260 1228 2282 tur:
1246 2251 1366 2290 repente
1379 2252 1558 2289 Oppianicus
1569 2259 1619 2278 eos
1639 2251 1758 2279 omneis
1769 2270 1778 2282 ‚
1799 2248 1895 2279 liberos
1904 2249 1960 2288 ‘'ffi'r
1971 2252 2122 2292 civeisque

1165 2294 1354 2331 Rom.coepit
1365 2291 1535 2321 defendere.
1547 2292 1682 2320 Graviter
1690 2290 1721 2320 id
1731 2291 1908 2322 decuriones
1921 2295 2119 2328 Larinatium,

1165 2333 1326 2374 cunfflque
1337 2334 1506 2372 municipes
1517 2333 1658 2362 tulerunt.
1682 2335 1782 2373 Itaque
1793 2333 1828 2363 ab
1838 2336 1929 2364 Avito
1938 2336 2120 2375 petiverunt,

1166 2385 1198 2406 ut
1214 2385 1280 2405 eam
1296 2375 1412 2404 causam
1425 2375 1600 2413 susciperet,
1619 2373 1797 2415 publiceque
1807 2374 1990 2406 defenderet.
2012 2379 2122 2407 Avitus

1166 2417 1239 2447 cum
1258 2417 1286 2446 se
1298 2416 1333 2446 ab
1343 2418 1430 2445 omni
1441 2415 1590 2455 ejusmodi
1601 2418 1723 2456 negotio
1734 2415 1907 2447 removisset
1917 2438 1925 2451 ‚
1945 2427 2046 2448 tamen
2064 2428 2120 2458 pro

1167 2460 1247 2491 loco,
1256 2467 1309 2498 pro
1320 2460 1493 2498 antiquitate
1502 2459 1618 2497 generis
1627 2458 1682 2491 sui,
1693 2468 1747 2497 pro
1759 2469 1805 2492 eo,
1817 2458 1897 2499 quod
1917 2460 1944 2489 se
1962 2470 2029 2489 NON
2046 2469 2121 2491 stus

1166 2499 1266 2531 solum
1279 2499 1453 2529 commodis
1462 2519 1469 2533 ‚
1482 2499 1530 2529 sed
1547 2501 1638 2529 etiam
1649 2500 1772 2541 suorum
1784 2502 1974 2541 municipum
1986 2521 1994 2535 ,
2006 2510 2121 2532 cetero-

1165 2551 1291 2582 rumque
1301 2539 1528 2571 necessariorum
1547 2550 1652 2570 natum
1668 2540 1725 2571 effe
1735 2542 1943 2576 arbitrabatur,
1960 2551 2046 2573 tantae
2062 2553 2120 2574 vo-

1166 2584 1274 2613 luntati
1295 2583 1505 2613 universorum
1528 2584 1713 2613 Larinatium
1732 2581 1827 2612 deesse
1850 2584 1960 2615 noluit.
1984 2585 2122 2625 suscepta

1165 2626 1260 2658 causa,
1272 2627 1463 2664 Romamque
1472 2624 1576 2658 delata,
1588 2634 1702 2664 magnae
1716 2625 1851 2665 quotidie
1871 2627 2053 2656 contentiones
2069 2629 2122 2656 in-

1165 2676 1209 2697 ter
1219 2669 1356 2698 Avitum,
1370 2666 1401 2696 &
1412 2668 1613 2706 Oppianicum
1624 2676 1662 2695 ex
1671 2667 1822 2706 utriusque
1831 2665 1929 2697 studio
1937 2667 2120 2699 defensionis

1163 2708 1380 2740 excitabantur.
1392 2711 1460 2740 Erat
1470 2708 1530 2749 ipse
1539 2709 1680 2742 immani,
1693 2708 1853 2749 acerbaque
1864 2718 1968 2740 natura
1976 2711 2121 2750 Oppiani-

2054 2761 2121 2782 cus.

210 2843 219 2860 ι
228 2853 234 2859 .
252 2833 329 2867 Qsim
340 2837 406 2861 clara
418 2843 466 2861 tum
478 2856 486 2868 ,
505 2840 591 2862 racemi
601 2847 625 2861 re
636 2837 668 2871 ?]
691 2838 732 2864 Est
745 2837 776 2863 ab
786 2837 876 2864 codice
887 2839 914 2863 5.
926 2837 1042 2864 Victoris
1055 2847 1126 2864 rece-

167 2869 260 2906 pitque
273 2870 415 2897 Lambinus
429 2891 436 2902 ‚
455 2882 539 2908 neque
549 2873 625 2898 aliter
636 2873 754 2908 plerique
767 2874 834 2901 Pali.
853 2874 901 2900 nisi
912 2873 982 2909 quod
1001 2874 1020 2899 ii
1043 2878 1127 2900 recenti

164 2907 228 2940 fuit.
249 2905 361 2940 Vulgata
374 2917 379 2932 z
393 2906 464 2940 tymim
474 2911 542 2934 clara
552 2909 602 2934 cltm
612 2911 747 2942 recensfuir
757 2914 768 2936 ,ἲ

207 2950 235 2967 2.
255 2945 311 2967 Fuit
319 2945 416 2967 Avilim
426 2944 546 2978 tvuidamj]
569 2946 608 2970 Ita
622 2944 706 2970 editio
716 2946 799 2981 prima
810 2965 819 2977 ‚
838 2946 865 2971 8<
878 2945 933 2972 fei-e
943 2945 1012 2972 Pali.
1024 2946 1103 2972 nostri
1116 2964 1124 2977 ,

169 2977 199 3002 Sc
211 2977 237 3002 S.
249 2976 364 3003 ViCtoris
377 2988 382 3004 ε
397 2979 441 3004 etsi
452 2979 558 3014 quidam
568 2981 605 3006 ita
617 2980 702 3016 scripti
714 2981 763 3008 fiiit
775 3002 782 3012 ‚
796 2989 826 3008 ut
836 2982 912 3017 pollit
922 2982 1008 3018 putari
1017 2984 1125 3016 Asillius,

1163 2838 1230 2865 Pall.
1244 2840 1324 2865 ceteri
1336 2840 1363 2865 δί
1375 2841 1402 2865 S.
1414 2837 1530 2864 Vic'toris
1540 2857 1547 2869 ‚
1563 2838 1810 2870 &ibidtmposterum

1203 2884 1228 2907 5.
1247 2879 1313 2901 Inter
1323 2875 1454 2908 alligatos]
1478 2874 1520 2900 Est
1532 2875 1547 2900 a
1557 2873 1675 2899 Turnebi
1686 2872 1838 2906 conjeftura
1849 2892 1857 2904 ,
1868 2882 1945 2908 quam
1956 2872 2075 2909 prodidit
2088 2872 2124 2899 li-

1164 2909 1212 2936 bro
1222 2920 1271 2937 xx.
1286 2920 1343 2947 cap.
1357 2920 1382 2944 5.
1394 2909 1535 2936 Adversar.
1546 2908 1611 2936 editi
1622 2910 1693 2935 enim
1703 2910 1730 2935 &
1741 2908 1829 2944 scripti
1840 2919 1932 2935 omnes
1942 2911 2059 2942 allegatos,
2073 2908 2123 2936 iiiii

1164 2946 1234 2981 quod
1247 2947 1303 2973 Pal.
1314 2956 1354 2982 pr.
1365 2949 1410 2972 iter
1421 2946 1454 2971 eid
1462 2948 1556 2979 legatos.

1198 2983 1228 3008 6.
1246 2986 1293 3008 Per
1310 2992 1376 3016 quem
1393 2983 1542 3014 inteisecerat
1556 2980 1696 3014 plurimos]
1717 2979 1862 3007 Lambinus
1874 2980 1958 3007 isthaec
1968 2990 2015 3016 pro
2026 2980 2121 3017 spuriis

168 3020 201 3039 ut
210 3020 285 3039 antea
296 3013 486 3048 publicabatur.
509 3015 671 3042 Gulielmius
682 3017 804 3044 emendat
814 3022 846 3043 A.
857 3021 948 3044 Wllim.

207 3056 233 3083 3.
252 3053 326 3088 (Ar-te
334 3050 635 3089 quadampraeditm‚&c.
655 3054 851 3087 accommodata]
873 3053 1021 3080 Giilielmio
1039 3053 1123 3089 suspe-

168 3083 243 3110 &um
265 3084 316 3110 fuit
335 3084 401 3110 illud
416 3087 540 3117 praeditm.
560 3087 587 3112 8<
601 3096 663 3114 vero
683 3098 740 3115 cuni
761 3090 786 3115 in
806 3089 935 3126 plerisque
945 3089 1122 3117 Pall.&edd.

167 3120 253 3155 antiq.
265 3121 349 3147 exstet
363 3122 556 3153 accommodatur,
569 3124 677 3150 omnino
690 3125 760 3151 venit
772 3125 930 3152 tollendum.

201 3163 230 3190 4.
249 3159 282 3183 Et
290 3158 324 3184 ihi
332 3158 535 3195 drempqstrrum]
545 3158 589 3187 Sic
599 3159 706 3197 quidem
716 3161 774 3192 Pal.
784 3160 833 3190 sec.
845 3163 872 3190 δι
883 3161 968 3193 editio
979 3168 1066 3192 vetus.
1079 3160 1124 3190 sed.

1162 3017 1284 3044 ducebat.
1305 3028 1363 3044 cuni
1376 3025 1463 3043 tamen
1474 3016 1559 3043 sintin
1570 3015 1692 3042 omnibus
1711 3015 1812 3052 scriptis
1825 3036 1833 3049 ‚
1853 3026 1904 3043 iion
1915 3017 1980 3051 ejeci
1991 3016 2098 3053 quidem
2109 3035 2121 3049 ‚

1161 3053 1205 3080 sed
1216 3053 1306 3080 inclusi
1317 3053 1400 3080 uncis.
2027 3055 2041 3070 ¹

1197 3097 1225 3124 7.
1243 3093 1272 3114 In
1282 3090 1361 3115 ceteris
1371 3098 1458 3123 qunque
1475 3090 1533 3114 ὐἱέι
1548 3089 1660 3120 partibus
1670 3089 1804 3114 exmimare
1813 3088 1947 3122 debebitis]
1971 3087 2014 3114 Est
2024 3088 2039 3113 a
2050 3086 2118 3114 Pau.

1160 3125 1292 3151 omnibus.
1313 3134 1396 3160 neque
1407 3124 1485 3151 aliter
1496 3123 1568 3150 Visst.
1579 3122 1662 3150 codex
1675 3123 1722 3150 ms.
1738 3123 1802 3159 qiiid
1814 3123 1884 3159 quod
1895 3124 1923 3149 &
1932 3122 1977 3149 ed.
1988 3130 2063 3149 vetus
2073 3124 2120 3149 ha·
2145 3141 2148 3143 -

1159 3161 1204 3190 bet
1211 3161 1281 3191 illud
1290 3171 1388 3198 quoque.
1399 3160 1533 3198 posterius
1543 3159 1607 3195 cufi,
1616 3163 1642 3188 In
1652 3160 1731 3189 ceteras
1740 3164 1873 3196 vitaepart.
1882 3161 2016 3196 excstImare
2025 3158 2118 3221 ᾔεριῖω.

1997 3203 2021 3223 ι.
2045 3200 2071 3220 tu
2096 3203 2118 3227 ο,
