2250 3358
717 74 1095 132 Hrsr

152 176 244 216 addit
254 174 304 211 his
316 172 419 208 Coss.
443 169 510 206 Cn.
525 165 724 206 Domitium
738 166 941 204 Tribunum
956 169 1044 216 pleb.
1057 170 1105 206 le-

144 238 229 275 gem
240 221 350 259 tuliffe
363 246 372 259 .
385 229 424 255 ut
434 217 620 255 sacerdotes
631 242 640 257 ,
653 228 739 267 quos
749 226 848 252 antea
858 215 1000 263 collegae
1012 218 1104 252 suffi-

145 274 280 311 ciebant
296 296 305 310 ‚
327 267 474 317 populus
495 276 635 302 crearet·
670 276 770 312 CUJUS
795 264 957 300 meminit
979 267 1105 301 Sueto—

144 323 221 359 nius
235 319 272 355 in
286 321 430 355 Nerone
442 342 451 357 ‚
465 318 500 352 &
513 315 638 350 Cicero
652 313 792 360 Agraria
802 312 948 349 secunda
960 314 1012 349 his
1027 326 1104 349 ver-

145 370 216 406 bis:
242 368 285 404 de
305 365 496 402 sacerdotiis
520 365 590 401 Cn.
602 362 778 399 Domitius
794 361 974 398 Tribunus
996 362 1103 411 plebis

142 419 200 455 vir
209 415 407 453 clarissimus
427 413 529 452 tulit,
551 411 647 461 quod
659 410 806 460 populus
828 423 887 459 per
898 411 1103 459 religionem

140 466 323 504 sacerdotia
334 463 496 500 mandare
507 475 580 498 non
593 472 726 511 poterat
738 485 749 499 ,
769 471 807 498 ut
822 461 939 497 minor
950 473 1025 508 pars
1039 474 1103 507 po-

138 516 211 564 puli
235 511 440 550 vocaretur}
464 512 505 547 ab
523 524 562 548 ea
581 522 676 560 parte
697 509 756 558 qui
781 509 862 546 effet
881 509 989 546 faStus
1003 534 1013 548 ‚
1035 523 1062 545 is
1085 511 1103 546 a

138 563 286 609 collegio
306 571 537 609 cooptaretur.
562 560 605 596 de
616 560 736 596 eadem
754 559 828 606 lege
841 558 996 594 Domitia
1008 558 1101 594 idem

142 615 178 649 in
202 610 410 648 Corneliana
431 609 523 658 apud
544 608 733 645 Asconium
746 631 756 645 ‚
778 608 838 643 ubi
861 606 948 643 illud
960 620 1102 656 quoque

137 661 283 709 legimus
295 684 305 699 ‚
327 659 524 695 Domitium
536 657 719 693 tribunum
742 658 792 691 M.
805 656 962 692 Silanum
973 657 1099 692 consu-

133 711 241 746 larem
267 708 449 745 hominem
474 705 655 742 vexaviffe-
693 704 830 740 Orestes
853 705 889 740 in
921 704 1099 752 magistra-

134 771 173 796 tu
197 769 355 795 mortuus
376 756 450 792 fuit.
476 757 596 802 Itaque
619 753 749 790 Marius
772 753 791 788 e
812 753 922 790 Gallia
945 749 1099 790 Ro'mam

133 807 308 856 profe<5³ms
329 804 471 840 comitia
494 803 685 839 consularia
708 802 829 842 habuit
850 828 860 844 ,
886 802 1011 851 quibus
1032 803 1102 852 ipse

75 880 78 881 ν
133 856 250 893 consul
264 854 427 904 quantum
439 862 572 889 creatus
584 852 643 893 est,
656 851 857 887 Plutarchus
869 851 906 887 in
920 852 1045 889 Mario,

1134 174 1139 233 l

197 956 317 991 eAnno
327 951 414 988 urbis
427 963 529 987 nem.
540 951 697 987 Ciceronis
714 961 748 985 v-
761 950 867 985 Coss.
872 948 1023 997 fuerunt,

203 1030 244 1065 C.
273 1029 502 1064 MARIUS
530 1028 599 1062 IV.
636 1026 1017 1073 QLUTATIUS

449 1076 756 1112 CATULUS.

229 1156 283 1191 Oc
306 1167 400 1192 anno
424 1153 555 1190 Marius
576 1155 760 1191 Teutonos
783 1156 817 1191 Sc
838 1153 1032 1190 Ambronas
1054 1153 1095 1190 ad

227 1217 327 1253 aquas
340 1203 469 1241 Sextias
480 1216 589 1252 prope
602 1203 783 1240 Massiliam
795 1203 924 1239 delevit
938 1227 948 1242 ,
971 1203 1093 1239 Strabo

127 1253 186 1291 lib.
199 1267 229 1297 4.
258 1252 532 1294 Orosiuslibr-5·
554 1265 625 1300 cap.
644 1256 694 1288 16.
719 1264 758 1288 ut
770 1252 854 1287 alios
868 1253 1027 1290 mittam,
1051 1252 1094 1288 de

129 1303 252 1351 quibus
276 1302 310 1337 in
335 1301 502 1337 Orosium
521 1301 643 1349 scripfi.
680 1302 895 1347 QCatulus
917 1312 1011 1349 pater
1033 1301 1092 1346 est3

127 1353 173 1387 de
185 1351 283 1399 cujus
297 1350 433 1387 dicendi
445 1362 572 1398 genere
584 1350 694 1386 multa
707 1351 833 1386 Cicero
846 1351 882 1386 in
895 1351 1015 1387 Bruto.
1030 1352 1090 1386 In—

126 1399 289 1437 terfeelus
302 1399 349 1436 est
363 1401 381 1436 a
395 1399 557 1436 Marianis
570 1412 663 1436 anno
678 1411 836 1435 DCLXVi·
852 1399 986 1436 Eodem
997 1413 1090 1436 anno

126 1452 178 1486 M.
188 1449 362 1485 Antonius
376 1451 506 1485 Orator
517 1473 528 1488 ‚
550 1449 608 1498 qui
622 1448 774 1486 triennio
786 1448 863 1497 post
874 1474 884 1490 ,
908 1449 970 1485 fiio
982 1449 1090 1485 nimi-

126 1511 206 1544 rum
217 1510 321 1536 anno,
335 1498 454 1534 consul
466 1497 533 1534 fuit
546 1524 556 1539 ‚
570 1509 696 1546 praetor
707 1498 899 1534 maritimos
912 1498 1090 1547 praedones

123 1546 162 1583 in
175 1547 333 1583 Ciliciam
345 1548 538 1596 persecutus
550 1546 618 1584 fuit
631 1574 640 1589 ‚
652 1558 692 1584 ut
702 1546 749 1583 est
760 1548 796 1583 in
807 1548 960 1596 epitoma
972 1547 1089 1584 Livia-

123 1610 169 1633 na
180 1596 268 1632 libro
283 1599 305 1631 6
310 1600 339 1633 8.
364 1599 480 1646 Atque
492 1597 581 1633 hanc
595 1609 670 1633 rem
690 1596 757 1644 ipse
770 1596 946 1634 Antonius
959 1597 1089 1633 intelli-

121 1658 221 1693 gens,
231 1645 308 1682 libr.
329 1657 358 1683 1.
370 1646 414 1682 de
427 1648 578 1682 Oratore
588 1646 714 1696 inquit,
728 1646 821 1682 Cum
835 1646 1040 1694 proconsule
1050 1646 1087 1681 in

120 1694 284 1731 Ciliciam
307 1694 522 1742 proficiscens
543 1697 694 1732 Athenas
714 1695 881 1732 veniffem
895 1722 904 1737 ,
926 1695 1088 1744 complu-

123 1756 177 1781 res
198 1755 276 1780 tum
294 1743 342 1779 ibi
360 1744 430 1780 dies
451 1745 525 1781 sum
537 1756 680 1794 propter
697 1745 884 1793 navigandi
902 1744 1088 1781 difficulta-

120 1803 197 1829 tem
216 1805 465 1830 commoratus,
501 1794 676 1830 Corradus
698 1807 773 1830 non
795 1794 1087 1836 animadvertens,

98 1837 107 1855 ⁵
121 1842 327 1889 proconsule
348 1842 416 1878 dici
437 1843 541 1879 etiam
554 1869 563 1884 ,
587 1844 647 1892 qui
671 1855 750 1879 ante
770 1844 990 1880 consulatum
1003 1855 1086 1880 cum

120 1891 267 1938 imperio
289 1891 459 1927 consulari
482 1892 518 1927 in
541 1893 758 1940 provinciam
774 1893 925 1928 mittitur
938 1916 948 1932 ‚
960 1891 1088 1940 scripfit

122 1939 386 1976 MqAntonjum
398 1940 475 1988 post
496 1941 713 1977 consulatum
732 1942 769 1978 in
787 1942 948 1978 Ciliciam
969 1943 1086 1991 profe-

123 1986 232 2022 &um
261 1987 319 2020 Tu
344 1987 418 2032 lege
432 1990 723 2025 commentarium
746 1989 908 2027 nostrum
930 1991 968 2025 in
982 1991 1085 2038 Liga-

118 2035 263 2071 rianam.
308 2036 422 2080 Atque
442 2034 498 2067 hic
521 2037 570 2068 cst
592 2039 765 2068 Antonius
789 2038 846 2068 ille
868 2038 1086 2080 triumphalis

119 2084 175 2120 vir
187 2108 197 2122 ‚
217 2081 315 2130 cujus
327 2080 433 2117 filiam
445 2081 464 2116 εἰ
476 2080 695 2129 praedonibus
714 2092 848 2129 captam
860 2081 959 2116 fuisse
971 2105 980 2119 ‚
1004 2084 1084 2117 Plu-

118 2132 256 2169 tarchus
275 2131 312 2167 in
331 2129 497 2178 Pompejo
519 2129 633 2167 tradit.
660 2130 754 2166 unde
775 2130 901 2166 Cicero
923 2143 988 2178 pro
1009 2130 1085 2178 lege

119 2181 283 2218 Manilia:
305 2182 360 2216 An
373 2179 538 2225 ignoratis
559 2191 601 2216 ex
616 2179 749 2215 Miseno
762 2178 835 2226 ejus
846 2178 950 2228 ipsius
962 2178 1082 2220 libros,

115 2230 177 2280 qui
199 2242 282 2266 cum
304 2228 526 2277 praedonibus
545 2238 645 2265 antea
667 2228 714 2264 ibi
733 2228 866 2264 bellum
876 2228 1038 2276 gesserat,
1064 2229 1082 2264 a

113 2278 335 2328 praedonibus
356 2277 422 2313 effe
433 2277 606 2314 sublatos?
625 2277 662 2312 in
674 2276 773 2324 cujus
792 2277 861 2312 loci
874 2277 1079 2326 interpreta-

113 2329 211 2364 tione
222 2326 436 2364 dostiffimus
446 2329 670 2363 Hotomanus
692 2339 870 2375 perperam
889 2328 983 2362 hunc
1004 2330 1078 2363 An-

113 2377 253 2414 tonium
265 2389 348 2413 cum
370 2375 444 2424 ejus
455 2375 529 2412 filio
544 2402 553 2417 ‚
576 2378 635 2425 qui
648 2388 789 2412 curator
808 2388 878 2412 orae
897 2376 1080 2412 maritimae

112 2426 192 2467 suit,
202 2437 241 2463 ut
251 2425 340 2463 infra
351 2425 677 2466 demonstrabimus,
690 2423 888 2464 confundit.
917 2425 979 2461 His
990 2438 1079 2462 con-

114 2474 240 2512 sulibus
252 2475 415 2511 Archiam
426 2475 564 2523 po'e'tam
574 2477 727 2511 Romam
739 2474 868 2511 venisse
879 2499 888 2513 ,
902 2475 1028 2511 Cicero
1042 2475 1077 2510 in

113 2525 272 2561 oratione
282 2537 347 2573 pro
359 2536 401 2560 eo
414 2524 528 2560 habita
540 2523 653 2560 scribit
666 2537 673 2560 :
699 2527 734 2561 ὃς
745 2524 838 2559 addit
852 2548 861 2562 ,
873 2524 975 2560 illum
989 2524 1047 2560 fibi
1062 2524 1081 2560 a

113 2573 223 2622 prima
234 2573 379 2622 pueritia
389 2573 584 2622 principem
604 2573 645 2609 ad
664 2573 910 2622 suscipiendam
923 2576 957 2610 &
970 2573 1010 2610 ad
1023 2574 1080 2609 in-

113 2622 336 2668 grediendam
358 2623 530 2658 rationem
552 2622 695 2659 suorum
715 2621 911 2659 studiorum
922 2623 1079 2660 extitisse.

116 2672 202 2708 Usus
225 2671 321 2708 enim
343 2671 409 2708 fuit
433 2672 558 2707 Cicero
588 2684 674 2719 puer
703 2672 831 2707 Graecis
863 2671 1079 2713 doCtOribus,

115 2721 210 2769 quod
223 2721 289 2769 ipse
310 2721 347 2756 in
368 2720 460 2768 epist.
473 2720 515 2757 ad
527 2723 578 2756 M.
590 2721 794 2757 Titinnium
811 2720 980 2757 referente
992 2723 1078 2757 Sue-

115 2769 214 2805 tonio
237 2770 280 2805 de
301 2769 399 2806 claris
424 2769 636 2806 Rhetoribus
658 2770 706 2806 ita
727 2769 877 2818 scripsit:
906 2770 1079 2818 Equidem

116 2819 284 2854 memoria
293 2829 396 2854 teneo
416 2819 528 2867 pueris
541 2819 640 2855 nobis
652 2819 806 2867 primum
820 2819 942 2855 Latine
952 2819 1078 2856 docere

92 2869 98 2877 “
112 2865 254 2915 coepiffe
277 2870 316 2903 L.
328 2867 481 2904 Plotium
500 2869 675 2917 quendam
690 2882 696 2904 :
717 2868 759 2904 ad
771 2881 878 2917 quem
890 2881 972 2904 cum
984 2867 1080 2905 fieret

115 2915 301 2952 concursus
313 2942 323 2958 ,
346 2916 442 2965 quod
463 2917 722 2954 studiofiffimus
734 2919 878 2966 quisque
894 2918 983 2967 apud
996 2931 1078 2954 eum

114 2976 333 3002 exerceretur
344 2991 354 3006 ,
368 2965 528 3002 dolebam
540 2967 626 3002 mihi
639 2966 733 3002 idem
747 2979 820 3003 non
833 2967 947 3003 licere.
976 2968 1008 3003 C
1010 2980 1077 3003 on-

114 3013 249 3049 tinebar
259 3025 374 3050 autem
396 3013 674 3051 doffiffimorum
687 3016 876 3052 hominum
890 3016 1077 3052 auetorita-

114 3071 163 3113 ες,
172 3062 232 3111 qui
244 3061 482 3100 existimabant
492 3064 620 3102 Graecis
630 3065 934 3103 exercitationibus
946 3066 989 3102 ali
1003 3077 1077 3102 me-

118 3108 183 3147 hus
194 3111 331 3159 ingenia
342 3111 447 3161 posse.

453 3190 586 3247 ,ὑπ-,β

1170 96 1561 135 ΟΚῙΑ.

1210 192 1328 228 &dnm
1339 189 1426 227 urbia
1438 202 1557 228 DCLn.
1569 192 1725 230 Ciceronis
1742 204 1792 231 vr.
1808 195 2070 248 Cossfuermtt,

1203 257 1247 292 C.
1276 259 1518 297 MARIUS
1555 262 1599 298 V.
1642 264 1691 299 M.
1719 263 2082 311 AQILLIUS.

1158 331 1340 408 MArii
1363 337 1398 372 in
1420 336 1546 385 quinto
1567 337 1759 373 Consulatu
1780 337 1926 386 Collega
1949 338 2015 375 fuit
2039 342 2117 376 Ma»

1268 393 1351 433 ’nius
1365 386 1543 432 Aquillius.
1572 386 1665 422 Hinc
1677 387 1851 422 Antonius
1876 388 1965 433 apud
1978 388 2122 424 Cicero-

1156 439 1236 481 nem
1253 428 1341 464 libro
1358 442 1388 465 2.
1405 434 1447 468 de
1460 436 1608 471 Oratore
1620 435 1677 475 ait,
1690 435 1769 471 sein
1783 436 1925 483 Aquillii
1938 438 2034 473 causa
2047 440 2124 474 Ma-

1155 489 1246 512 num
1257 477 1379 532 crebro
1392 483 1592 532 appellando
1603 484 1773 532 collegam
1783 485 1813 520 ei
1823 486 1923 521 flium
1934 498 2119 522 commen·

1153 524 1252 561 dasse.
1278 527 1470 574 Aquillium
1496 532 1593 567 Marii
1617 534 1651 569 in
1675 534 1799 582 quinto
1813 535 1993 570 consulatu
2015 535 2122 579 colle-

1152 585 1232 620 gam
1255 574 1412 612 adversus
1438 577 1601 624 fugitivos
1625 583 1661 616 in
1686 582 1835 619 Siciliam
1860 584 1999 619 miffum
2014 608 2024 622 ‚
2043 584 2118 619 bel-

1153 622 1296 676 lumque
1309 624 1427 661 servile
1439 649 1448 664 ,
1463 627 1659 664 Athenione
1671 631 1758 667 duce
1771 632 1955 668 interiet-[lo
1972 658 1980 672 ‚
1994 634 2117 669 confe-

1151 672 1230 708 ciffe
1243 696 1252 710 ‚
1277 673 1452 710 Diodorus
1467 676 1600 711 Siculus
1615 678 1701 712 libro
1720 684 1771 722 36.
1797 680 1923 729 scripsit
1936 706 1945 720 ,
1969 681 2005 717 in
2018 681 2120 723 cuius.

1150 732 1309 769 excerpta
1322 722 1461 759 historia
1473 724 1513 758 ab
1527 725 1682 760 I-Ienrico
1696 729 1867 775 Stephano
1891 730 2013 766 Latine
2024 725 2115 766 edita,

1151 769 1206 823 hic
1219 770 1353 807 Consul
1376 773 1417 807 C.
1430 773 1557 809 Acilius
1583 787 1644 822 per
1657 776 1824 812 mendum
1841 791 1997 815 vocatur.
2025 780 2117 828 apud

1150 818 1360 872 Ciceronem
1382 834 1523 870 quoque
1548 823 1690 870 Agraria
1708 837 1736 859 2.
1762 825 1850 860 mal-2
1873 827 2034 875 scriptum
2055 829 2116 870 est,

1150 868 1272 904 Siciliae
1304 869 1502 906 civitatibus
1533 871 1625 907 bello
1656 872 1886 920 fugitivorum
1915 878 1962 911 M.
1992 877 2116 913 Atilius

1148 917 1254 954 etiam
1276 930 1443 955 mutuum
1461 920 1680 957 frumentum
1694 922 1789 958 dedit
1801 949 1810 963 ,
1835 923 1893 958 ubi
1909 926 1972 958 M’.
1991 927 2117 968 Aquil—

1147 965 1211 1001 lius
1223 967 1455 1005 scribendum.
1481 981 1519 1005 ut
1539 971 1640 1006 initio
1662 971 1819 1006 Verrinae
1839 972 1990 1019 septimo:
2005 998 2012 1011 ‚
2033 973 2116 1011 Nos

1146 1015 1221 1062 post
1232 1015 1267 1051 id
1280 1017 1411 1054 bellum
1426 1045 1434 1058 ,
1455 1019 1549 1067 quod
1565 1022 1613 1055 M.
1628 1020 1798 1068 Aquillius
1812 1021 1963 1056 confecit
1977 1046 1986 1059 2
1999 1021 2041 1057 sic
2054 1036 2112 1058 ac-

1144 1064 1298 1111 cepimus
1314 1079 1320 1101 :
1354 1067 1505 1104 Nullum
1528 1069 1564 1104 in
1591 1069 1705 1105 Sicilia
1727 1069 1858 1105 bellum
1881 1070 2114 1117 fugitivorum

1144 1112 1254 1148 fuiffe.
1283 1116 1453 1164 Aquillius
1475 1117 1599 1153 deinde
1619 1118 1753 1154 causam
1777 1118 1820 1154 de
1840 1119 1992 1167 pecuniis
2016 1132 2114 1169 repe-

1143 1162 1261 1216 tundis
1272 1164 1361 1200 dixit
1376 1178 1383 1199 :
1402 1178 1554 1215 eumque
1566 1169 1615 1202 M.
1628 1167 1800 1203 Antonius
1814 1167 1937 1204 acriter
1948 1168 2114 1207 defendit.

1147 1222 1186 1247 ut
1200 1212 1321 1248 Livius
1336 1213 1424 1250 libro
1441 1227 1494 1259 70·
1507 1216 1633 1251 Cicero
1647 1216 1739 1253 lib-2.
1752 1216 1795 1251 de
1809 1218 1968 1255 Oratore,
1979 1220 2014 1254 &
2025 1220 2115 1254 Ver-

1145 1261 1220 1314 rina
1231 1261 1371 1310 septima
1381 1263 1557 1301 testantur.
1581 1266 1678 1301 Idem
1690 1278 1755 1314 pro
1770 1266 1888 1302 Flacco
1901 1279 1908 1302 z
1922 1268 2111 1317 M'.Aquil·

1144 1309 1231 1346 hum
1242 1322 1353 1358 patres
1363 1313 1470 1349 nostri
1483 1314 1602 1350 multis
1613 1314 1761 1351 avaritiae
1774 1315 1979 1351 criminibus
1992 1340 2001 1354 ,
2015 1316 2113 1352 testi·

1143 1359 1337 1409 moniisque
1348 1362 1552 1399 convietum
1568 1387 1576 1401 ‚
1602 1364 1683 1413 quia
1694 1376 1778 1400 cum
1798 1363 1955 1412 fugitivis
1975 1364 2112 1402 fortiter

1140 1407 1272 1444 bellum
1285 1410 1428 1457 gefferat
1441 1438 1451 1452 ,
1458 1411 1595 1460 judicio
1609 1412 1853 1449 liberaverunt·
1884 1413 2020 1449 Eodem
2033 1428 2111 1462 per·

1140 1457 1228 1494 tinet
1239 1458 1326 1495 illud
1347 1473 1411 1509 pro
1425 1461 1570 1497 Fonteio
1585 1474 1593 1497 :
1619 1466 1737 1510 Qam
1752 1462 1862 1498 multa
1873 1463 1923 1497 M.
1937 1463 2110 1511 Aquillius

1139 1506 1273 1543 audivit
1295 1508 1331 1544 in
1346 1509 1575 1558 suojudicio?
1597 1511 1767 1547 aecufiivit
1780 1511 1973 1559 Aquillium
1986 1514 2026 1547 L.
2041 1514 2110 1549 Fu-

1138 1554 1258 1594 fius‚ut
1270 1557 1396 1594 Cicero
1409 1560 1446 1594 in
1460 1560 1567 1595 Bruto
1581 1559 1706 1596 scribit.
1723 1560 1839 1609 itaque
1851 1560 1944 1596 reete
1957 1573 2053 1596 nunc
2065 1561 2109 1597 Ii-

1137 1604 1201 1640 bro
1217 1617 1247 1642 2.
1270 1606 1313 1642 de
1327 1605 1461 1644 Officiis
1482 1609 1630 1657 legitur:
1655 1609 1690 1644 in
1712 1609 1901 1645 accusando
1923 1610 2028 1645 etiam
2041 1612 2109 1650 Μ’.

1137 1655 1291 1703 Aquillio
1315 1658 1354 1692 L.
1369 1656 1456 1692 Fufii
1483 1658 1624 1706 cognita
1644 1657 1811 1694 industria
1833 1657 1890 1694 est.
1920 1658 1989 1694 Ubi
2012 1659 2106 1706 prius

1139 1704 1286 1744 Manlio,
1297 1717 1463 1755 corrupte
1473 1707 1636 1755 scriptum
1649 1718 1731 1743 erat.
1764 1707 1804 1742 C·
1817 1706 1948 1743 Marius
1961 1708 2047 1743 Cos.
2060 1708 2105 1743 V.

1139 1754 1173 1788 &
1184 1753 1398 1800 Qutatius
1410 1768 1542 1804 procos.
1559 1756 1721 1793 Cimbros
1733 1756 1771 1792 in
1784 1756 1931 1792 Venetia
1942 1756 1983 1792 ad
1996 1757 2108 1792 Athe·

1138 1800 1201 1837 firn
1214 1804 1364 1840 Veronae
1378 1805 1529 1842 fluvium
1543 1805 1760 1846 vicerunt,de
1773 1819 1840 1854 qua
1852 1805 2001 1841 victoria
2011 1807 2107 1841 Oro-

1139 1850 1203 1887 fius
1217 1852 1333 1889 noster
1344 1853 1401 1889 lib·
1412 1866 1444 1895 5.
1458 1867 1489 1894 c.
1505 1858 1555 1893 16.
1577 1855 1632 1891 Sic
1646 1855 1775 1891 Marius
1788 1853 1973 1890 influentes
1986 1854 2023 1890 in
2038 1856 2107 1890 Ita-

1136 1899 1220 1936 liam
1233 1902 1417 1939 Gallorum
1429 1903 1596 1941 maximas
1608 1905 1721 1951 copias
1735 1903 1887 1951 repressit
1902 1917 1908 1937 :
1933 1913 1972 1939 ut
1984 1903 2030 1939 ait
2042 1903 2107 1938 Ci-

1135 1961 1216 1985 cero
1228 1950 1272 1987 de
1284 1952 1472 2000 provinciis
1485 1953 1590 1989 Coss.
1604 1964 1706 2001 atque
1720 1953 1853 1989 Italiam
1868 1951 2048 1987 obfidione
2060 1952 2104 1987 li-

1135 1998 1281 2036 beravit.
1308 2001 1405 2036 Idem
1419 2001 1494 2049 post
1506 2002 1606 2037 redit.
1617 2002 1658 2037 ad
1673 2002 1839 2047 QiriteS.
1862 2001 2028 2036 Meminit
2041 2013 2104 2045 pro

1135 2047 1302 2086 Rabirio,
1325 2051 1360 2085 δε
1380 2049 1416 2085 in
1439 2049 1579 2085 Catilin.
1592 2062 1623 2092 4.
1658 2048 1863 2094 Qlatulus
1876 2048 1919 2084 de
1931 2049 2106 2084 manubiis·

1133 2095 1319 2144 Cimbricis
1344 2097 1520 2140 porticum
1545 2097 1581 2130 in
1608 2097 1732 2143 palatio
1758 2097 1795 2133 in
1817 2108 1894 2133 area
1920 2099 1969 2133 M.
1983 2097 2099 2134 Fulvii

1133 2138 1242 2175 Flaccr
1255 2139 1337 2177 fecit
1347 2166 1357 2181 ‚
1371 2143 1496 2181 Cicero
1508 2157 1572 2193 pro
1586 2145 1707 2182 domo.

1180 2242 1276 2275 Anno
1288 2240 1375 2277 urbis
1389 2253 1523 2279 notin.
1538 2244 1694 2281 Ciceronis·
1710 2253 1776 2279 Vn.
1789 2243 2051 2293 Coss-fuerunt,

1180 2301 1223 2337 C.
1246 2304 1488 2345 MARIUS
1524 2307 1586 2342 VI
1606 2331 1616 2345 ,
1656 2309 1696 2343 L.
1731 2307 2048 2344 VALERIUS

1469 2356 1495 2391 F
1507 2358 1536 2392 L
1547 2358 1578 2392 A
1590 2357 1621 2391 C
1634 2356 1665 2391 C
1679 2358 1713 2391 U
1726 2357 1761 2392 S.

1131 2429 1225 2508 H
1235 2428 1351 2464 Orum
1365 2429 1549 2465 consulum
1563 2429 1722 2479 frequens
1734 2429 1782 2466 est
1794 2431 1927 2466 mentio
1938 2430 2028 2479 apud
2038 2431 2100 2468 Ci-

1231 2488 1397 2513 ceronem
1409 2491 1471 2525 pro
1485 2479 1628 2515 Rabirio
1642 2504 1651 2517 ‚
1664 2480 1699 2515 in
1713 2481 1834 2517 Bruto,
1846 2479 1881 2514 in
1895 2480 2097 2518 Catilinam,

1130 2525 1213 2561 &in
1225 2527 1433 2563 Antonium·
1473 2528 1610 2577 Qibus
1630 2531 1669 2564 L.
1682 2527 1869 2576 Appulejus
1890 2529 2097 2565 Saturninus

1129 2574 1333 2612 seditionem
1356 2577 1471 2613 movit
1493 2590 1500 2612 t
1536 2578 1563 2612 is
1585 2577 1680 2613 enim
1701 2590 1784 2613 cum
1810 2590 1904 2613 anno
1925 2579 2099 2625 superiore

1131 2624 1348 2661 Tribunatus
1369 2625 1637 2674 competitorem
1660 2651 1669 2666 ,
1698 2628 1739 2662 A.
1761 2628 1923 2662 Nonium
1947 2627 2002 2674 (de
2023 2639 2097 2675 quo

1130 2674 1275 2709 nomine
1288 2674 1366 2710 vide
1378 2676 1630 2712 Annotationes
1643 2675 1773 2711 nostras
1786 2676 1822 2710 in
1834 2687 1907 2723 cap.
1934 2688 1944 2711 1
1958 2688 1984 2719 7.
1994 2676 2052 2712 lib.
2064 2686 2096 2716 5·

1133 2721 1262 2768 Orofii)
1288 2722 1475 2771 adjuvante
1498 2723 1539 2759 C·
1554 2725 1667 2760 Mario
1690 2723 1888 2765 occidisset,
1912 2737 2019 2772 eaque
2039 2737 2096 2760 ra·

1130 2771 1226 2807 tione
1240 2772 1419 2808 Tribunus
1441 2773 1533 2821 pleb.
1554 2774 1681 2810 iterum
1700 2773 1808 2809 fastus
1825 2799 1834 2814 ‚
1859 2773 1971 2820 legem
1983 2776 2092 2821 Agra-

1130 2821 1216 2857 riam
1237 2833 1297 2869 per
1317 2822 1391 2858 vim
1411 2822 1539 2858 tulisset
1552 2847 1561 2861 ‚
1582 2823 1618 2858 in
1631 2835 1735 2870 quam
1748 2823 1765 2858 a
1779 2821 1919 2868 singulis
1933 2821 2096 2858 senatori-

1131 2869 1311 2918 busjurari
1326 2870 1439 2907 voluit
1451 2898 1460 2912 ‚
1482 2872 1684 2918 Qletello
1698 2871 1890 2907 Numidico
1902 2896 1911 2911 ‚
1927 2871 1986 2918 qui
2004 2882 2095 2906 unus

1130 2919 1168 2954 in
1181 2931 1256 2954 eam
1262 2918 1382 2967 jurare
1393 2921 1613 2960 noluit‚diem
1625 2920 1723 2956 dixit.
1735 2920 1894 2955 Metellus
1907 2918 2092 2958 autem‚cui

1131 2969 1246 3016 patriae
1259 2968 1342 3004 lalus
1353 2968 1490 3006 dulcior
1502 2994 1512 3009 ,
1533 2982 1637 3018 quam
1651 2969 1852 3016 conspeetus
1871 2978 1942 3004 erat
1952 2991 1964 3005 ,
1987 2967 2030 3003 de
2040 2968 2091 3002 ci-

1130 3018 1235 3052 vitate
1247 3017 1389 3056 maluit,
1413 3018 1519 3067 quam
1538 3019 1581 3055 de
1600 3018 1765 3054 sententia
1783 3016 1956 3052 dimoveri
1972 3030 1978 3052 z
2004 3018 2038 3051 Sc
2050 3015 2091 3050 C.

1132 3066 1244 3100 Mario
1257 3066 1392 3102 sextum
1406 3068 1560 3106 consuli,
1582 3070 1616 3104 &
1634 3066 1706 3114 ejus
1726 3065 1865 3101 invidiis
1885 3064 2091 3116 legionibus,

1131 3126 1175 3150 ne
1190 3115 1292 3155 armis
1303 3114 1508 3165 confligeret
1517 3140 1528 3158 ‚
1539 3115 1736 3153 cedendum
1749 3114 1814 3152 effe
1823 3112 1921 3151 duxit
1935 3139 1944 3154 ,
1965 3113 2090 3147 Cicero

1591 3166 1634 3211 (a)
1663 3175 1682 3201 2
2019 3170 2085 3207 pro
