2337 3400
133 126 231 175 734

538 102 603 148 M.
676 97 1658 145 TULLii-Cicizizonis

133 191 170 221 de
181 201 207 221 te
222 190 253 219 &
267 185 404 218 sfflsfflm
415 202 423 215 ,
441 181 473 210 δε
484 179 670 220 praedicarim
683 197 691 211 ‚
706 178 828 206 omneis
840 196 848 210 ‚
863 176 915 216 qui
926 176 1025 207 solent
1036 176 1098 205 haee
1120 182 1124 216 ³,
1141 183 1214 204 nem
1233 184 1299 204 non
1317 175 1438 215 putabo.
1468 179 1518 208 Tu
1535 197 1544 211 ‚
1568 180 1614 209 mi
1634 179 1711 218 Appi
1726 197 1736 213 ‚
1759 176 1948 209 conservabis
1965 184 2102 208 amorem

133 230 367 262 animadvertere
382 246 389 257 ,
412 222 510 253 testeis
521 221 678 251 habemus.
703 217 918 249 Gravissimum
933 218 1005 248 vero
1017 217 1098 258 judi-
1111 219 1126 236 ⁷⁴
1141 226 1230 246 tuum
1250 214 1314 255 (etsi
1332 227 1417 247 more
1437 220 1530 258 magis
1550 220 1609 250 hoc
1626 222 1751 261 quidem
1768 221 1863 252 scribo
1875 240 1883 253 ‚
1903 218 2064 260 quamquo
2076 226 2104 250 te

134 283 216 303 cium
227 271 263 300 de
274 277 340 298 mea
351 265 409 296 fide
419 284 427 298 ,
441 265 474 294 δε
485 264 521 294 de
531 261 697 294 constantia
709 259 805 290 fecisti
814 280 822 294 ‚
833 259 905 291 cum
919 281 927 294 ,
941 259 1007 300 post
1019 268 1103 289 mor-

136 323 197 343 tem
220 311 339 342 Caesaris
369 309 401 339 δε
421 315 520 337 totum
543 315 570 335 te
598 304 633 334 ad
653 304 820 334 amicitiam
844 312 945 332 meam
973 301 1103 333 contuli-

136 354 180 384 sti.

1122 237 1125 276 ι

1122 280 1125 346 l.

1143 258 1374 305 admonendum
1385 262 1502 300 putem)
1513 270 1638 302 meaque
1648 265 1752 293 omnia
1764 263 1884 294 tuebere
1896 272 1901 290 :
1919 271 1984 302 quae
1995 261 2051 290 tibi
2067 269 2106 290 ne

1146 309 1248 348 ignota
1257 299 1352 331 eflent
1362 321 1370 335 ‚
1383 303 1484 332 Attico
1495 303 1651 333 mandavi:
1667 304 1683 334 a
1694 314 1744 335 me
1752 314 1851 336 autem
1865 325 1873 338 ‚
1884 302 1956 333 cum
1966 299 2104 342 paullum

213 351 304 391 Quod
323 358 410 379 tuum
430 348 598 385 judicium,
620 344 675 375 nisi
686 355 752 375 mea
770 345 888 374 summa
897 344 1106 375 benivolentia
1124 353 1126 382 ζ
1147 342 1292 373 otiinaffi
1303 345 1434 377 erimus,
1447 343 1600 375 uberiores
1611 345 1721 376 litteras
1730 346 1908 388 exspeCfflto.
1926 347 1974 376 Da
1982 351 2105 385 operam.

136 405 201 438 erga
212 404 239 425 ω
250 415 259 429 ,
283 391 484 431 omnibusque
497 390 611 420 mei-itis
621 386 822 428 comprobato
832 405 841 420 ,
862 386 924 427 ipse
939 396 989 418 me
1002 387 1106 417 homi·
1125 383 1127 428 Ἰ
1148 394 1183 416 ut
1192 385 1296 416 valeas.
1319 386 1378 417 hoc
1388 386 1467 416 mihi
1477 387 1586 427 gratius
1596 384 1688 418 facexe
1699 389 1776 419 nihil
1786 398 1884 430 potes.

473 503 563 564 hi
656 501 1059 563 TULL11

1155 500 1773 562 CICERONIS

141 605 481 685 EPIST
503 603 858 682 OLAR
878 599 1071 690 ΠΜ
1112 616 1221 669 AD
1256 596 2056 681 FAMILIAREIS
2083 646 2112 681 2

547 717 866 775 LIBER
941 714 1694 784 DUODECIMUS,

1072 810 1114 853 A

1150 811 1193 856 D

377 893 458 955 C.
553 885 1160 966 CAss-iurvi,
1249 888 1395 949 ET
1475 888 1885 952 Atros.

359 1025 446 1053 MT.
459 1024 490 1051 C.
517 1022 550 1050 C.
565 1021 683 1050 CASS
696 1020 757 1051 10,
779 1020 808 1049 S.
820 1019 903 1049 RD.

362 1083 378 1107 l
441 1066 530 1093 INEM
549 1062 667 1092 nullam
679 1060 757 1091 facio
769 1080 779 1095 ,
798 1061 877 1090 mihi
900 1057 986 1088 crede
999 1077 1008 1091 ,
1029 1055 1113 1090 casti,

239 1105 244 1109 ”
282 1093 315 1112 ²³¹
330 1096 356 1111 '⁴'
370 1098 413 1154 (7
442 1105 478 1135 de
488 1113 516 1134 te
528 1124 536 1138 ‚
550 1104 583 1134 &
593 1103 628 1134 de
640 1105 732 1133 Bruto
742 1101 846 1133 nostro
856 1121 864 1136 ,
884 1101 915 1131 id
925 1099 968 1130 est
978 1120 987 1134 ‚
1003 1099 1040 1129 de
1051 1108 1112 1130 tota

282 1126 416 1236 ³6⁶2&
444 1146 546 1186 repub.
572 1145 724 1187 cogitandi
739 1165 747 1179 ‚
769 1145 855 1184 cujus
873 1143 978 1173 omnis
997 1142 1060 1213 spe}
1080 1142 1112 1170 in

282 1193 295 1203 ‘³
406 1200 417 1217 r
442 1188 532 1219 vobis
541 1187 584 1218 est
617 1188 649 1218 δε
661 1189 694 1217 in
705 1188 852 1217 D.Bruto.
909 1194 976 1214 uam
1008 1185 1039 1213 ui
1062 1191 1112 1212 em

282 1225 359 1268 Q·
367 1210 412 1257 Q
441 1231 505 1271 jam
516 1207 615 1260 habe’o
628 1230 689 1270 ipse
704 1229 865 1259 meliorem
876 1187 1008 1266 Piepubl.
1019 1225 1035 1255 a
1045 1227 1114 1254 Do-

225 1299 232 1302 .
281 1238 412 1340 Q·
445 1272 553 1303 labella
562 1281 633 1302 meo
643 1269 862 1312 praeclariffime
870 1267 957 1310 gesta.
973 1266 1114 1297 Manabat

184 1304 352 1344 vwx-:l-i-
365 1304 416 1335 ’Ὗ
449 1316 534 1344 enim
547 1313 624 1344 illud
638 1314 754 1344 malum
765 1312 915 1342 urbanum
928 1329 936 1344 ‚
957 1309 990 1340 δε
1000 1311 1039 1340 ita
1048 1318 1115 1339 cor-

151 1360 345 1394 roborabatur
352 1356 493 1399 quotidie
504 1376 512 1390 ,
532 1364 628 1397 utego
637 1355 763 1397 quidem
774 1354 807 1384 &
818 1353 895 1384 Urbi
907 1372 916 1388 ‚
934 1351 967 1382 &
978 1353 1044 1382 otio
1054 1349 1116 1381 dif—

152 1404 278 1436 fiderem
296 1401 419 1431 urbano.
443 1401 457 1419 ²
469 1398 525 1429 Sed
535 1400 574 1429 ita
583 1395 788 1438 compreffum
799 1395 842 1427 est
852 1415 862 1430 ‚
882 1392 1114 1425 utmihividea·

150 1456 221 1478 mur
231 1454 325 1475 omne
332 1445 397 1483 jam
407 1440 442 1472 ad
452 1450 572 1481 tempus
584 1440 687 1471 abillo
696 1439 839 1470 duntaxat
848 1434 1052 1468 sordidissimo
1061 1444 1114 1475 pe·

150 1487 248 1520 riculo
259 1488 315 1516 tuti
325 1485 428 1515 futuri.
452 1483 582 1524 Reliqua
591 1501 599 1517 ,
613 1491 720 1523 magna
729 1481 797 1511 sunt
807 1500 816 1514 ,
829 1490 861 1510 ac
871 1479 985 1509 multa:
999 1477 1048 1508 sed
1058 1486 1114 1517 po-

150 1529 201 1560 sita
215 1529 321 1559 omnia
335 1529 367 1556 in
378 1525 475 1556 vobis.
498 1534 681 1565 quamquam
691 1525 825 1563 primum
836 1520 970 1563 quidque
979 1519 1114 1560 explice-

152 1580 233 1603 mus.
258 1572 338 1600 Nam
350 1587 359 1602 ‚
380 1576 413 1598 ut
422 1566 516 1597 adhuc
525 1566 650 1607 quidem
661 1565 762 1596 afilum
773 1563 815 1594 est
825 1584 833 1598 ‚
854 1573 918 1594 non
930 1571 1023 1604 regno
1033 1581 1042 1595 ‚
1062 1560 1112 1591 sed

153 1623 221 1655 rege
240 1612 355 1642 liberati
372 1609 522 1640 videmur.
547 1607 712 1638 InterfeRO
729 1609 813 1637 enim
833 1615 900 1647 rege
911 1624 919 1639 ,
943 1608 956 1632 3
967 1605 1064 1645 regios
1078 1612 1115 1632 0-

154 1656 255 1686 mneis
274 1661 364 1683 nutus
379 1660 510 1681 tuemur.
533 1652 642 1691 Neque
659 1647 731 1679 vero
749 1649 780 1679 id
799 1646 920 1681 solum,
940 1646 989 1677 sed
1007 1647 1112 1678 etiam,

155 1707 221 1738 quae
232 1695 353 1736 ipseille
363 1714 371 1727 ‚
383 1693 403 1722 si
415 1695 549 1725 viveret,
561 1701 625 1722 non
634 1690 742 1722 faceret
752 1711 761 1724 ,
770 1700 804 1720 ea
813 1699 867 1720 nos
877 1709 885 1723 ,
897 1686 977 1730 quafi
986 1688 1114 1728 cogitata

155 1740 191 1770 ab
201 1739 257 1769 illo
267 1758 275 1771 ‚
291 1735 464 1777 probamus.
489 1736 555 1765 Nec
566 1734 591 1774 ej
597 1743 629 1763 us
638 1732 762 1774 quidem
772 1734 814 1762 rei
824 1730 918 1762 finem
929 1730 1030 1761 video.
1054 1731 1114 1759 Ta—

154 1781 234 1812 bulae
255 1778 405 1820 figuntur:
426 1778 637 1806 immunitates
655 1775 778 1805 dantur:
797 1774 958 1813 4pecuniae
970 1771 1113 1802 maximae

154 1821 355 1853 discribuntur
365 1830 371 1848 2
386 1818 504 1848 exsules
512 1817 711 1847 reducuntur:
731 1815 981 1846 senatusconsulta
989 1812 1060 1843 falsa
1070 1821 1116 1841 re-

153 1864 289 1895 feruntur
300 1873 305 1891 ;
316 1871 348 1892 ut
357 1858 572 1891 tantummodo
583 1859 690 1889 odium
701 1857 778 1887 illud
789 1858 926 1887 hominis
937 1857 1068 1895 impuri,
1081 1853 1114 1883 &

153 1906 306 1937 servitutis
316 1903 405 1934 dolor
414 1901 552 1942 depulsus
561 1899 619 1931 effe
629 1899 780 1930 videatur:
798 1898 913 1939 respub.
921 1899 1016 1937 jaceat
1025 1897 1058 1926 in
1069 1896 1116 1925 his

154 1945 446 1989 perturbationibus,
464 1945 497 1973 in
513 1952 585 1984 quas
602 1952 669 1973 eam
688 1942 740 1971 ille
756 1942 895 1981 conjecit.
920 1941 994 1970 Haec
1011 1939 1116 1968 omnia

153 1990 242 2020 vobis
251 1989 321 2019 sunt
330 1982 523 2027 expedienda.
547 1995 602 2015 nec
611 1985 670 2014 hoc
680 1982 874 2025 cogitandum
886 2001 894 2016 ‚
916 1982 983 2012 satis
991 1981 1054 2020 jam
1065 1981 1117 2009 ha-

155 2033 226 2063 bere
236 2029 375 2070 rempub.
387 2029 402 2059 a
411 2028 507 2059 vobis.
524 2027 623 2057 Habet
632 2026 683 2056 illa
693 2025 817 2067 quidem
828 2033 957 2057 tantum,
968 2030 1116 2064 quantum

158 2082 327 2113 numquam
338 2072 417 2101 mihi
427 2072 459 2100 in
471 2078 608 2099 mentem
618 2070 702 2098 venit
712 2077 813 2108 optare
823 2087 830 2101 ,
842 2066 892 2097 sed
901 2074 1043 2096 contenta
1053 2073 1117 2094 non

157 2115 201 2146 est
213 2135 221 2149 ,
241 2116 273 2145 &
285 2134 293 2148 ‚
313 2123 367 2154 pro
377 2111 588 2153 magnitudine
598 2111 631 2140 ὃ(
640 2111 757 2143 animi,
779 2109 811 2140 &
822 2106 966 2139 beneficii
975 2105 1065 2137 vestri
1078 2125 1087 2140 ‚
1105 2104 1121 2136 a

158 2157 249 2188 vobis
266 2165 372 2197 magna
389 2153 542 2185 desiderat.
574 2153 682 2183 Adhuc
699 2152 760 2182 ulta
778 2151 843 2181 suas
861 2151 986 2190 injurias
1004 2147 1049 2179 est
1067 2157 1119 2188 per

156 2209 231 2232 vos,
250 2200 371 2228 interitu
381 2196 500 2236 tyranni
513 2206 518 2224 z
539 2195 618 2225 nihil
628 2194 768 2234 amplius.
792 2195 976 2223 Ornamenta
984 2189 1058 2221 vero
1069 2190 1120 2220 sua

160 2250 227 2282 quae
239 2240 441 2279 recuperavit?
459 2247 496 2267 an
510 2235 593 2278 quod
606 2237 634 2266 ei
650 2244 772 2265 mortuo
785 2243 867 2275 paret
877 2255 885 2268 ,
905 2243 999 2275 quem
1011 2235 1120 2262 vivum

162 2283 239 2314 ferre
250 2291 313 2312 non
323 2281 457 2321 poterat?
473 2283 485 2306 5
493 2280 579 2319 cujus
588 2275 646 2309 aeta'
654 2276 778 2318 refigere
789 2276 972 2307 debebamus
982 2295 991 2309 ‚
1002 2275 1066 2316 ejus
1077 2283 1119 2304 et-

1133 1022 1135 1036 *
1151 1019 1214 1050 iam
1224 1019 1418 1059 chirographa
1427 1017 1641 1049 defendimus?
1654 1027 1681 1050 at
1691 1019 1774 1049 enim
1785 1020 1824 1050 ita
1834 1018 2033 1050 decrevimus.
2057 1022 2112 1052 F'e-

1153 1063 1251 1091 cimus
1262 1060 1293 1090 id
1304 1060 1428 1100 quidem
1441 1080 1449 1093 ‚
1464 1061 1651 1100 temporibus
1665 1061 1818 1092 cedentes:
1841 1071 1905 1102 quae
1915 1062 2014 1092 valent
2024 1064 2057 1092 in
2068 1072 2113 1093 re-

1154 1102 1224 1142 pub.
1236 1102 1416 1141 plui'imum.
1439 1101 1496 1132 Sed
1512 1102 1711 1132 immoderate
1725 1103 1849 1143 quidam
1860 1123 1868 1136 ,
1888 1104 2043 1145 &ingrate
2054 1114 2114 1134 no-

1155 1143 1210 1174 stra
1226 1143 1367 1173 facilitate
1380 1142 1518 1173 abutitur.
1542 1145 1656 1173 Verum
1676 1144 1737 1174 haec
1753 1145 1928 1184 propediem
1941 1165 1950 1178 ,
1973 1146 2005 1176 δε
2019 1146 2115 1177 muita

1132 1210 1134 1215 ,
1154 1185 1211 1216 alia
1223 1194 1337 1215 coram.
1361 1185 1488 1215 Interim
1506 1184 1599 1215 velim
1619 1183 1725 1215 sic'tibi
1743 1186 1932 1225 persuadeas,
1953 1187 2114 1218 mihicum

1153 1227 1267 1268 reipub.
1277 1236 1368 1268 quam
1381 1227 1497 1266 semper
1506 1226 1596 1257 habui
1607 1225 1782 1258 cariffimam
1796 1247 1803 1261 ‚
1823 1226 1889 1257 turn
1900 1230 2010 1258 amoris
2020 1228 2114 1258 nostri

1153 1269 1252 1303 causa,
1267 1270 1410 1299 maximae
1420 1278 1497 1299 curae
1506 1267 1563 1299 effe
1574 1277 1655 1300 tuam
1665 1269 1854 1310 dignitatem.
1878 1272 1925 1301 Da
1933 1279 2052 1311 operam
2062 1289 2071 1304 ,
2083 1279 2116 1302 u:

1155 1311 1262 1343 valeas.

1159 1394 1471 1471 VEussMENTER
1484 1395 1569 1426 laetor
1581 1416 1589 1429 ,
1609 1396 1666 1426 tibi
1683 1396 1803 1436 probari
1814 1397 1991 1427 sententiam
2005 1395 2039 1426 &
2048 1393 2115 1426 ora-

1255 1440 1372 1468 tionem
1387 1439 1505 1468 meam:
1525 1447 1582 1478 qua
1597 1436 1616 1467 si
1635 1437 1738 1477 saepius
1753 1439 1796 1468 uti
1810 1438 1912 1468 liceret
1923 1458 1931 1471 ‚
1952 1438 2031 1468 nihil
2044 1435 2116 1467 effet

1155 1480 1282 1520 negotii,
1292 1479 1472 1513 libertatem,
1484 1479 1517 1509 &
1527 1489 1622 1519 remp.
1633 1481 1805 1520 reciperare.
1825 1479 1882 1510 Sed
1893 1481 1988 1510 homo
1999 1489 2115 1514 amens,

1159 1522 1332 1562 &perditus
1344 1541 1352 1556 ‚
1373 1522 1532 1562 multoque
1543 1523 1672 1562 nequior
1682 1541 1691 1554 ‚
1711 1521 1803 1562 quam
1818 1521 1870 1551 ille
1879 1522 1940 1562 ipse
1951 1542 1960 1556 ,
1979 1531 2070 1562 quem
2084 1530 2117 1552 tu

1156 1562 1372 1604 nequiffimum
1391 1563 1525 1593 occisum
1543 1561 1600 1592 effe
1618 1562 1740 1597 dixisti,
1759 1563 1848 1593 caedis
1859 1564 1981 1593 initium
1994 1565 2116 1604 quaerit:

1157 1606 1334 1646 nullamque
1350 1605 1438 1635 aliam
1460 1604 1500 1635 ob
1518 1605 1636 1635 causam
1654 1614 1704 1634 me
1723 1604 1877 1634 au&orem
1894 1603 1982 1635 fuisse
1996 1604 2119 1635 Caesaris

1156 1646 1358 1690 interficiendi
1368 1648 1555 1680 criminatur,
1566 1645 1620 1676 nifi
1629 1666 1638 1680 ,
1651 1648 1726 1676 utin
1737 1656 1786 1676 me
1798 1648 1929 1677 veterani
1940 1648 2118 1677 incitentur.

1157 1689 1248 1732 Qod
1257 1699 1313 1731 ego
1323 1688 1492 1729 periculum
1504 1698 1568 1718 non
1578 1688 1755 1722 extimesco,
1767 1688 1862 1719 modo
1872 1687 1961 1718 vestri
1970 1687 2041 1718 faeti
2051 1689 2120 1728 glo-

1156 1734 1232 1763 riam
1250 1741 1321 1761 cum
1342 1740 1409 1760 mea
1421 1729 1507 1761 laude
1521 1731 1743 1760 communicet.
1767 1732 1811 1760 Ita
1820 1739 1875 1760 nec
1884 1730 2004 1763 Pisoni,
2022 1731 2118 1770 quiin

1157 1783 1228 1804 eum
1240 1774 1358 1813 primus
1368 1770 1505 1802 investus
1513 1771 1554 1802 est
1565 1792 1574 1806 ,
1588 1772 1674 1801 nullo
1683 1769 1858 1802 assentiente
1871 1782 1876 1798 τ
1888 1781 1943 1801 nec
1954 1773 2032 1801 mihi
2045 1791 2054 1804 ,
2066 1773 2120 1812 qui

1156 1815 1239 1846 idern
1259 1812 1407 1845 tricesimo
1425 1812 1493 1853 post
1511 1813 1560 1843 die
1576 1812 1652 1844 feci:
1673 1822 1728 1843 nec
1738 1815 1767 1843 P.
1780 1813 1908 1843 Servilio
1924 1834 1931 1846 ,
1952 1815 2005 1854 qui
2016 1823 2066 1843 me
2076 1812 2120 1844 est

1157 1857 1353 1889 consecutus,
1375 1855 1441 1886 tuto
1460 1858 1494 1885 in
1512 1855 1646 1885 senatum
1667 1856 1770 1884 venire
1790 1854 1868 1885 licet.
1892 1854 2014 1885 Caedem
2030 1857 2121 1887 enim.

1158 1898 1302 1940 gladiator
1313 1899 1427 1938 quaerit,
1438 1896 1560 1938 ejusque
1570 1898 1693 1928 initium
1705 1896 1742 1927 ad
1752 1906 1789 1926 xr
1800 1906 1844 1926 11.
1856 1897 1982 1927 Kalend.
1996 1895 2120 1927 Ostobr.

1160 1943 1176 1972 a
1189 1950 1238 1970 me
1249 1940 1278 1970 se
1287 1939 1437 1970 faCtururn
1447 1941 1571 1980 putavit.
1595 1936 1611 1958 ⁶
1622 1941 1662 1969 At
1671 1938 1761 1980 qulam
1772 1947 1884 1979 paratus
1894 1948 2014 1969 venerat
2024 1958 2032 1972 ‚
2047 1937 2120 1969 cum

1159 1984 1192 2013 in
1202 1982 1278 2013 villa
1289 1982 1406 2012 Metelli
1422 1981 1606 2020 complureis
1620 1980 1685 2011 dies
1703 1990 1925 2011 commentatus
1942 1979 2021 2012 ess'et.
2046 1982 2121 2021 Qae

1158 2034 1260 2056 autern
1273 2044 1281 2058 ‚
1303 2025 1335 2053 in
1349 2022 1448 2054 lustris
1460 2043 1469 2057 ‚
1487 2023 1522 2053 δε
1541 2024 1574 2053 in
1592 2025 1667 2054 vino
1684 2024 1904 2054 commentatio
1924 2024 2023 2063 potuit
2040 2022 2121 2053 effe?

1160 2069 1264 2108 Itaque
1275 2066 1420 2096 omnibus
1432 2064 1474 2096 est
1483 2065 1563 2095 visus
1574 2085 1582 2099 ,
1604 2074 1637 2095 ut
1649 2064 1684 2095 ad
1698 2074 1725 2095 te
1739 2064 1825 2095 ante-‘1
1836 2064 1932 2105 scripsi
1944 2085 1952 2098 ‚
1972 2069 1986 2094 7
1996 2073 2120 2095 vomere

1161 2109 1216 2139 suo
1234 2118 1319 2138 more
1330 2127 1338 2141 ‚
1359 2117 1424 2138 non
1442 2107 1549 2141 dicere.
1574 2109 1672 2149 Qare
1688 2105 1770 2147 quod
1787 2106 1891 2137 scribis
1910 2116 1938 2137 te
1955 2104 2119 2141 confidere,

1161 2149 1346 2184 audioritatffi
1359 2150 1392 2181 &
1401 2150 1574 2191 eloquentia
1584 2148 1683 2179 nostra
1691 2148 1804 2189 aliquid
1815 2147 1920 2188 profici
1929 2146 2010 2189 pofle
2023 2157 2028 2176 :
2041 2152 2122 2178 non-

1162 2193 1259 2226 nihil,
1279 2201 1313 2222 ut
1328 2194 1361 2222 in
1379 2193 1467 2222 tantis
1484 2191 1571 2221 maiis
1583 2211 1591 2224 ‚
1609 2190 1653 2221 est
1668 2190 1847 2230 profes-Ilum.
1871 2190 2018 2230 Intelligit
2032 2190 2117 2219 enim

1349 1355 1394 1383 M.
1409 1355 1449 1384 T.
1465 1355 1498 1384 C.
1522 1355 1772 1388 GCASSIO,
1795 1356 1917 1385 S.P.D.

1161 2244 1232 2275 pop.
1247 2236 1344 2264 Rom.
1361 2235 1430 2264 treis
1443 2231 1500 2263 effe
1512 2233 1712 2266 consulareis‚
1736 2234 1786 2273 qui
1804 2253 1812 2265 ‚
1835 2233 1906 2273 quia
1918 2231 1954 2261 de
1967 2241 2027 2271 rep.
2042 2230 2122 2261 bene

1162 2277 1327 2310 senserint,
1348 2275 1441 2306 libere
1454 2275 1548 2306 locuti
1557 2275 1645 2309 sunt,
1664 2274 1731 2305 tuto
1748 2284 1779 2304 in
1793 2274 1927 2303 senatum
1941 2275 2043 2303 venire
2058 2282 2124 2345 no?

2058 2324 2098 2355 ΡΟ
2113 2331 2128 2336 “

167 2418 189 2435 1.
240 2406 493 2440 Incmnnllamfacio]
515 2406 578 2432 Non
591 2403 747 2431 habetillud
767 2403 849 2439 vulgo
869 2409 1004 2439 receptum
1024 2403 1123 2433 nullum,

242 2443 374 2470 Palatinus
385 2451 426 2478 pr.
437 2442 519 2469 Grut.
531 2440 767 2468 stewechMedic.
779 2447 808 2466 ut
819 2446 897 2466 notat.
908 2438 1024 2475 Baptista
1038 2439 1139 2472 Egna-,

163 2483 228 2507 tius.
251 2479 284 2506 fic
293 2479 370 2514 supra
389 2478 436 2504 lib.
448 2487 477 2504 x.
498 2487 539 2514 cp.
553 2485 599 2513 3²-
610 2475 748 2503 emendavi
762 2495 771 2508 ‚
791 2485 824 2502 ex
846 2475 970 2511 Hittorp.
991 2473 1127 2500 stewech.

163 2516 282 2544 editione
293 2514 407 2542 ViCtorii
419 2525 424 2541 :
447 2515 550 2547 Qornm
559 2515 611 2548 quis·
628 2514 700 2539 ullam
712 2515 788 2547 finem
797 2518 841 2537 aut
850 2512 939 2538 modum
951 2511 1064 2545 futurum
1078 2518 1128 2543 pu-

167 2561 243 2579 tavit.

202 2598 231 2615 2.
249 2588 294 2613 Sed
302 2590 339 2614 ita
349 2586 470 2620 compressa
479 2585 539 2620 effi]
561 2586 603 2612 Ita
619 2584 755 2612 ViCtorius
766 2583 868 2616 edidit,
889 2583 918 2610 δε
940 2582 972 2609 sic
991 2582 1128 2609 Palatinus

165 2635 208 2661 pr.
219 2632 299 2660 atque
309 2623 375 2650 adeo
385 2622 469 2649 editio
481 2623 601 2659 princeps
614 2641 622 2654 ,
632 2623 713 2648 Grut.
729 2622 791 2647 vero
804 2620 963 2654 comprehensa
973 2621 1008 2644 eff
1018 2618 1127 2644 solemni

169 2661 325 2687 mutatione.
346 2667 463 2686 ceterum
476 2660 501 2686 in
513 2658 680 2695 sequentibus
693 2657 726 2684 sic
736 2658 877 2683 Vaticanus
889 2667 895 2683 :
912 2662 938 2681 ut
948 2658 1006 2681 milii
1015 2655 1131 2680 videnum<

166 2707 241 2728 omne,
252 2696 337 2723 nescio
348 2705 429 2732 quare
443 2706 448 2722 :
471 2696 498 2721 8<
511 2696 567 2721 Pal.
579 2703 619 2730 pr.
631 2695 714 2721 Grut.
728 2693 852 2728 Hittorp.
864 2692 999 2718 stewech.
1019 2692 1068 2716 tut?
1078 2699 1130 2717 non

167 2736 214 2757 tuti
225 2732 294 2768 quod
306 2742 357 2759 non
370 2731 541 2758 temerarium
556 2750 563 2763 ,
573 2731 657 2757 inimo
668 2739 759 2757 verum
771 2730 835 2756 mihi
848 2728 964 2756 videtur.
983 2727 1131 2764 Vulgatum

171 2769 219 2799 est,
230 2770 384 2802 compreffiim.

209 2811 235 2838 3.
255 2807 332 2837 Regios
343 2813 418 2830 omnes
429 2810 504 2830 nutus
513 2803 630 2837 immun]
643 2803 700 2839 Qi
712 2812 763 2829 non
774 2808 900 2838 ceperunt
911 2800 1070 2836 elegantiam
1083 2800 1130 2826 hu-

169 2839 212 2872 jus
223 2838 300 2871 dieti,
313 2840 435 2875 legerunt
444 2844 574 2865 inruemur.
586 2839 629 2865 sed
640 2840 688 2865 hoc
699 2839 783 2874 magis
796 2837 886 2865 vitreis
898 2836 990 2863 frueris
1003 2836 1130 2862 frivolum

172 2875 218 2901 est.
239 2876 414 2902 Gruteriauus
427 2887 432 2903 :
454 2879 531 2909 Regios
541 2884 616 2902 omnes
625 2882 685 2902 num
696 2881 805 2901 tuemur.-
824 2873 910 2901 nescio
921 2882 974 2909 quo
985 2872 1056 2900 sensu
1068 2873 1132 2899 mihi

173 2910 341 2938 sincerissima
352 2912 460 2947 vulgata
468 2912 515 2938 est.

209 2955 238 2979 4.
260 2950 365 2972 Pecunia
383 2952 483 2974 maxime
501 2948 687 2982 distribuantur]
711 2946 941 2973 Hancleffionem
961 2955 995 2972 ex
1012 2944 1133 2972 Mediceo

174 2990 250 3009 notat
264 2983 392 3018 Egnatius
405 3002 412 3013 ‚
431 2984 494 3010 licet
504 2983 639 3010 Victorius
651 2983 675 3009 se
693 2983 856 3017 desirribuntur
876 2982 998 3018 reperisse
1007 2981 1134 3008 affirmet.

173 3018 278 3046 secutus
290 3028 395 3054 quoque
405 3019 440 3044 est
452 3020 554 3046 Μαι-,ομ
574 3030 602 3047 ac
614 3019 711 3046 Lamb.
723 3019 780 3046 Pal.
799 3028 840 3056 pr.
852 3019 977 3055 Hittorp.
999 3019 1134 3052 describun-

174 3062 226 3081 tur.
248 3055 350 3090 Vulgati
363 3065 368 3080 z
391 3055 572 3087 distributivum.

215 3100 241 3125 5.
264 3094 338 3125 Cujue
347 3100 394 3117 ,ενα
404 3093 477 3125 refigei
485 3100 494 3115 ε
504 3092 666 3125 debebamus]
689 3093 754 3118 Haec
765 3091 891 3127 scriptura
903 3091 988 3118 solum
1000 3091 1035 3118 est
1046 3091 1071 3117 in
1085 3091 1134 3116 Pa-

170 3127 257 3154 latino
269 3128 351 3154 tertio
362 3127 467 3162 integro
478 3128 504 3152 &
519 3128 709 3165 Hittorpiano:
733 3137 790 3154 nam
802 3128 902 3164 priinus
916 3147 924 3160 ‚
935 3136 1044 3163 quartus
1059 3147 1066 3158 ,
1086 3136 1135 3160 ejus

173 3165 299 3201 procujm
308 3163 335 3193 iu
346 3164 441 3192 ceteris
452 3172 511 3190 cuni
523 3164 603 3192 tertio
614 3164 749 3192 iacientes.
771 3163 897 3193 secundus
910 3183 918 3197 ‚
938 3166 1004 3199 cujus
1013 3172 1060 3191 aera
1070 3163 1136 3196 resu-

1160 2410 1213 2434 gere
1225 2412 1230 2425 .·
1250 2401 1337 2435 quint.
1357 2400 1407 2434 ejus
1416 2409 1459 2425 era
1468 2401 1578 2433 reficgere.
1601 2399 1682 2426 Grut.
1693 2408 1720 2425 ea
1730 2408 1771 2424 era
1781 2400 1885 2432 rifi-igere
1897 2410 1901 2423 .·
1919 2398 2080 2425 Gulielmius
2091 2407 2127 2426 ex

1168 2436 1270 2462 duobus
1283 2435 1326 2462 libi
1337 2435 1461 2471 inspetffis
1473 2446 1478 2461 :
1500 2445 1566 2461 eram
1575 2437 1719 2469 restm‘ngere‚
1732 2435 1800 2461 unde
1810 2435 1919 2468 conjicit
1931 2446 1936 2461 z
1960 2444 2029 2460 aram
2040 2436 2129 2469 rest-ln-

1161 2482 1226 2505 gere.
1245 2471 1316 2508 quod
1328 2479 1416 2498 tamen
1427 2471 1512 2498 eidem
1526 2481 1576 2498 non
1588 2471 1684 2507 placet.
1705 2472 1764 2497 Nos
1777 2471 1896 2497 usitatam
1908 2471 2062 2507 icriptnram
2074 2480 2127 2498 non

1167 2516 1268 2534 temere
1279 2507 1458 2535 solicitandam
1473 2507 1671 2534 existimamus:
1693 2507 1877 2543 proposuimus
1897 2516 1984 2533 autem
1998 2506 2126 2534 librorum

1165 2545 1317 2571 nostrorum
1329 2544 1496 2576 varietatem,
1511 2551 1540 2570 ut
1551 2544 1567 2570 si
1581 2543 1652 2571 forte
1663 2545 1703 2570 cui
1716 2545 1802 2571 minus
1816 2543 1922 2579 vulgata
1934 2542 2074 2576 satisfacit,
2085 2543 2128 2569 ul-

1169 2581 1250 2607 terius
1262 2580 1333 2607 ssiam
1344 2579 1496 2617 indaginem
1507 2580 1635 2616 explicet.

1204 2618 1232 2643 6.
1249 2620 1297 2644 (At
1306 2616 1626 2652 quamparatmvenerat]
1648 2616 1705 2653 Q'i
1724 2615 1757 2642 de
1776 2615 1904 2652 scriptura
1921 2615 2027 2642 dubitet
2038 2634 2046 2646 ‚
2065 2623 2126 2641 eum

1169 2662 1219 2689 ego
1231 2652 1301 2680 sensu
1314 2653 1448 2680 communi
1468 2661 1555 2679 carere
1566 2659 1668 2688 putem.
1688 2652 1766 2678 Nihil
1778 2652 1823 2678 illa
1834 2651 1960 2687 liquidius
1975 2671 1982 2683 ,
1995 2650 2060 2677 nihil
2072 2650 2128 2677 ele-

1169 2689 1286 2725 gantius.
1310 2689 1432 2716 Habetin·
1441 2689 1489 2715 illa
1499 2689 1525 2716 in
1535 2688 1654 2716 editione
1664 2688 1779 2715 Victorii
1792 2708 1800 2719 ‚
1812 2689 1899 2714 Vatic.
1910 2687 2054 2722 excerptis,
2064 2696 2128 2722 pro-

1169 2726 1301 2763 baturque
1314 2726 1446 2753 Manutio.
1466 2733 1494 2752 at
1505 2725 1649 2752 Lambinus
1663 2744 1671 2756 ‚
1690 2732 1720 2752 ut
1730 2723 1829 2751 cauffim
1839 2722 1981 2750 adnotandi
1993 2723 2020 2748 &
2030 2722 2129 2750 diffen-

1169 2801 1282 2836 pflmus,
1295 2800 1494 2835 Hittorpianus,
1505 2797 1641 2824 stewech.
1652 2796 1735 2823 editio
1745 2795 1836 2831 prista.

1206 2845 1234 2870 7.
1255 2836 1389 2869 lvmerefiao
1398 2843 1468 2865 mora,
1477 2843 1522 2859 non
1531 2833 1631 2867 dicem]
1654 2833 1712 2858 Pal.
1723 2832 1773 2858 sec.
1791 2840 1820 2857 ac
1831 2831 1918 2866 quint.
1930 2834 2019 2856 lamere
2036 2840 2080 2856 non
2091 2830 2131 2856 ‹is-

1171 2882 1219 2898 cere
1229 2871 1362 2908 expuncta
1374 2871 1420 2897 illa
1430 2869 1490 2905 biga
1502 2868 1702 2901 vocularnmfiw
1713 2877 1781 2892 more.
1801 2868 1914 2893 Gruter.
1933 2871 2014 2900 iraque
2023 2868 2129 2892 ommbm

1172 2911 1207 2934 ef?
1216 2909 1286 2942 vesus
1296 2927 1303 2939 ,
1323 2914 1351 2933 ut
1361 2908 1394 2933 ad
1401 2914 1424 2932 te
1433 2905 1592 2938 antcafiripfi
1604 2923 1612 2936 ‚
1621 2913 1712 2929 vomere
1721 2912 1824 2934 vomere,
1835 2913 1879 2928 71071
1890 2903 1973 2928 dicere.
1995 2912 2051 2938 quae
2063 2902 2128 2929 mihi

1172 2945 1300 2981 scriptura
1310 2953 1361 2970 non
1375 2951 1437 2969 vana
1447 2941 1557 2968 omnino
1567 2939 1672 2965 videtur
1685 2959 1693 2971 ,
1712 2938 1927 2974 ‹piandoquidem
1940 2938 2053 2965 Palatini
2065 2939 2130 2964 reli-

1153 2993 1154 3009 ς
1173 2982 1232 3018 qui,
1241 2990 1282 3016 pr.
1295 2988 1358 3006 tert.
1369 2978 1556 3014 qiiart.si·ripfi,
1566 2985 1781 3005 von1c7¹csz·otn-:1·e,
1794 2986 1838 3000 mn
1849 2975 1923 3000 dicere
1934 2974 2129 3010 repraesentant.

1175 3017 1246 3043 Illud
1260 3025 1365 3052 quoquc
1377 3012 1521 3041 monendus
1533 3011 1664 3039 (3111εᾶοτ
1676 3031 1684 3042 ‚
1705 3011 1855 3047 ubicunque
1866 3011 1974 3037 verbum
1990 3011 2025 3038 est
2036 3018 2130 3043 recupe-

1175 3062 1230 3078 rare
1241 3072 1248 3084 ,
1260 3051 1410 3078 Mediceum
1425 3069 1433 3081 ‚
1445 3057 1474 3076 ut
1484 3056 1591 3075 annotat
1604 3048 1730 3083 Egnatius
1744 3067 1751 3079 ,
1763 3047 1875 3074 scribere
1887 3051 2017 3080 reciperare
2029 3066 2037 3077 ‚
2058 3046 2130 3082 quod

1177 3089 1240 3115 mibi
1252 3087 1349 3114 reetius
1360 3087 1470 3113 omnino
1483 3084 1598 3111 ridetur.
1622 3084 1637 3110 ii
1650 3094 1700 3110 non
1713 3084 1812 3120 {emper
1824 3083 1961 3109 immutavi
1977 3102 1983 3114 ,
2004 3091 2132 3108 verecun-

1175 3125 1224 3150 diae
1242 3132 1307 3150 meae
1326 3123 1496 3151 tribuendum
1515 3121 1561 3149 est.
1582 3120 1657 3158 supra
1667 3120 1740 3148 redte
1753 3140 1761 3154 ,
1780 3122 1910 3147 libertatem
1919 3121 1948 3152 ἀπ’
1957 3120 2060 3152 rempub.
2072 3121 2133 3143 rect*—

1170 3169 1268 3195 perat-e.
2129 3167 2133 3170 ⁴

2037 3198 2062 3215 r.
2081 3189 2138 3217 PA-

2133 1358 2155 1384 t)

1169 2762 1253 2790 tiendi
1265 2763 1383 2795 haberet,
1394 2763 1480 2803 poluit
1491 2762 1612 2796 adquam.
1633 2761 1709 2787 Libri
1720 2761 1786 2787 alias
1797 2761 1831 2786 ad
1837 2769 1902 2794 quem
1914 2758 1977 2785 sicut
1991 2759 2128 2785 Palatinus
2153 2765 2158 2772 '
