2297 3389
53 1335 105 1380 :14
119 1339 216 1377 piam:
243 1346 298 1378 ego
308 1345 408 1367 autem
418 1336 473 1366 tibi
484 1346 549 1366 non
559 1335 713 1367 satisdabo.

623 111 936 161 ‘ORATro
988 116 1106 163 Pa'o
1158 115 1206 163 P.
1252 117 1571 186 Qru‘rxo.

2028 137 2118 187 195

137 202 246 235 'tamen
256 210 263 233 τ
273 197 484 233 concedamus.
507 195 602 230 Nou,
610 194 710 236 inquit
719 213 728 228 ‚
739 193 771 225 id
780 203 836 237 ago
849 215 857 229 ‚
869 194 1023 236 C-‘Aquill'i
1034 216 1043 230 ‚
1056 205 1111 227 ne—
1159 196 1224 228 ullo
1235 199 1331 231 modo
1340 200 1434 242 posse.
1457 201 1530 233 cum
1541 208 1641 234 autem
1651 200 1687 234 ad
1699 211 1737 239 te,
1749 203 1782 235 C.
1797 202 1924 245 Aquilii,
1933 204 2050 238 oeulos,
2062 206 2125 235 ani-

140 255 200 287 que
218 245 251 275 in
267 254 305 274 eo
323 251 405 273 nunc
425 239 540 271 laboro.
563 240 690 278 pecunia
708 246 776 267 mea
794 245 840 267 tot
858 246 954 268 annos
973 239 1068 268 utitur
1077 241 1107 269 P.

137 287 295 327 Qintius.
308 281 484 315 utatursane
505 291 511 310 ε
529 290 596 312 non
605 289 686 320 peto.
709 278 792 319 Qid
803 280 895 320 igitur
903 289 942 319 pu
965 282 1037 310 nas?
1057 289 1106 313 an,

139 327 224 369 quod
235 327 308 367 Repe
321 326 427 356 multis
436 326 472 357 in
481 323 556 353 locis
566 321 671 352 dixisti
680 341 689 355 ‚
709 331 747 351 ne
757 323 792 351 in
801 322 921 352 civitate
944 324 989 351 it?
1010 331 1049 352 ne
1060 322 1107 352 lo-

137 379 209 401 cum
220 369 307 399 suum
319 389 328 402 ‚
348 376 441 409 quem
450 365 548 397 adhuc
555 362 762 395 honestiffime
773 361 912 394 defendit
921 382 930 397 ,
948 363 1107 395 obtineat?

137 421 178 442 ne
187 419 362 441 numeretur
370 411 449 440 inter
458 409 546 438 vivos
557 410 569 437 ?
584 406 723 437 decernat
732 405 768 436 de
776 406 837 436 vita
847 426 856 439 ,
872 405 906 436 δε
916 407 1104 436 ornamentis

136 454 198 485 suis
207 452 366 483 omnibus?
377 450 453 492 apud
459 450 596 491 judicem
607 449 724 480 causam
733 449 834 489 priore
844 448 914 479 loeo
924 447 1016 479 dicat:
1032 451 1041 467 ¹
1055 447 1099 482 &,

137 504 204 526 eam
222 493 295 526 cum
313 497 420 528 orarit,
442 502 510 524 turn
526 492 658 534 denique
667 492 775 522 vocem
793 491 971 522 accusatoris
990 489 1103 521 audiat?

135 536 210 580 quid
234 539 244 566 ?
266 538 326 568 hoc
343 535 405 578 quo
423 536 571 576 pertinet?
595 543 740 574 utocyus
760 532 795 563 ad
814 541 905 563 tuum
923 534 1102 573 pervenias?

131 583 193 613 ‘At‚‚
217 577 278 609 siid
291 579 388 609 velles
399 599 406 613 ‚
425 576 608 619 jampridem
623 575 726 607 a&um
746 574 804 606 effe
813 583 936 614 poterat.
963 578 1007 606 Ut
1020 576 1100 604 hone-

126 620 212 658 stiore
233 621 344 660 judicio
375 618 550 652 conflifilaere
574 630 580 649 ε
611 621 652 649 At
679 620 763 648 SlNE
784 618 906 648 summo
936 617 1044 647 scelere
1067 619 1099 647 P.

133 664 298 703 Quintium
324 685 333 697 ,
360 665 568 704 propinquum
591 669 679 692 tuum
702 680 712 694 ,
739 658 873 700 jugulare
905 669 970 689 non
1001 666 1096 700 potes.

131 707 177 737 Ut
192 704 311 737 facilius
331 706 487 746 judicium
506 703 540 735 fit
559 706 570 733 ἓ
602 706 642 733 At
662 711 761 743 neque
779 703 810 732 C.
823 701 976 742 Aquillius
995 702 1031 732 de
1049 711 1095 732 ca-

129 748 191 788 'pite
203 748 329 779 ‘alterius
339 747 470 778 libenter
479 746 613 788 judicat,
637 744 671 775 &
685 743 878 785 QHortenfi
884 752 916 773 us
926 752 1031 775 contra
1049 753 1098 774 ca-

128 796 184 830 put
198 799 263 820 non
281 789 388 821 didicit
403 790 510 820 dicere.
535 787 617 830 Qid
636 786 651 817 ὲ
670 787 760 817 nobis
775 794 875 816 autern
887 805 896 819 ,
921 788 954 816 C.
967 785 1095 828 Aquini,

129 831 257 863 refertur
272 835 283 862 ?
304 834 466 863 Pecuniam
482 831 565 871 petit.
590 838 734 870 negamus
752 828 863 859 deberi.
879 827 1033 868 judicium
1046 826 1097 858 fiat

129 873 230 905 statim
242 886 247 904 ε
268 884 331 905 non
341 874 522 905 recusamus.
546 875 561 891 ²
572 870 735 913 Numquid
754 872 912 911 praeterea?
933 869 1093 912 silveretur,

129 923 236 950 utres,
257 916 370 953 judicio
378 914 458 946 faeto
471 936 480 949 ‚
498 912 652 955 paratafit:
668 912 838 954 judicatum
849 913 926 943 solvi
940 913 1096 952 fiammi-

125 958 203 999 piat.
217 958 326 999 quibus
336 957 351 988 a
361 968 412 988 nie
421 957 521 988 verbis
532 958 599 987 satis
609 955 803 996 accipiet2iisd
809 965 857 985 em
868 955 939 996 ipse,
948 955 1030 995 quod
1041 964 1094 995 pe-

124 1008 168 1033 to,
181 1000 307 1030 satisdet.
339 999 442 1030 aetum
449 1000 512 1040 jam
523 996 623 1040 potest
632 997 690 1028 este
701 1019 709 1031 ,
731 1000 762 1028 C.
774 998 901 1040 Aquilli.
921 997 986 1037 jam
997 1006 1027 1027 tu
1038 1006 1095 1038 po-

123 1047 167 1072 tes
177 1041 327 1072 discedere
337 1042 478 1072 liberatus
491 1039 639 1075 molestia,
651 1038 745 1081 prope
755 1039 855 1071 dicam
865 1059 874 1073 ‚
885 1049 949 1070 non
960 1040 1092 1073 minore,

121 1082 213 1125 quarn
224 1085 378 1126 Qintius.
408 1084 490 1126 Qiid
500 1085 628 1125 agimus,
641 1080 783 1113 Hortensi
795 1084 806 1111 ?
824 1081 897 1123 quid
908 1081 945 1113 de
954 1081 1009 1111 hac
1018 1091 1092 1111 con-

120 1127 237 1156 ditione
249 1127 380 1156 dicimus
390 1129 401 1155 ?
410 1124 569 1166 possumus
579 1124 752 1167 aliquando,
765 1124 906 1165 depositis
915 1126 1017 1157 armis,
1030 1121 1092 1153 fine

118 1168 255 1208 periculo
264 1167 467 1202 fortunarum,
478 1168 514 1199 de
524 1178 554 1199 re
562 1169 734 1209 pecuniaria
744 1166 902 1207 disceptare
913 1164 1091 1206 .>pofl·umus

118 1212 159 1241 ita
168 1218 233 1240 rem
243 1209 376 1241 nostram
386 1211 542 1251 persequi,
553 1219 587 1240 ut
597 1210 734 1240 hominis
743 1209 908 1250 propinqui
917 1216 1007 1248 caput
1017 1228 1025 1241 .
1042 1218 1090 1238 in-

118 1251 242 1283 colume
265 1251 324 1282 effe
335 1255 506 1293 patiamur?
521 1250 680 1293 poss‘umus
688 1253 825 1293 petitoris
834 1251 993 1291 personam
1004 1259 1090 1290 cape-

118 1304 151 1325 re
163 1314 172 1328 ‚
191 1294 367 1325 accusatOris
379 1294 528 1334 deponere
540 1297 551 1323 ?
569 1292 674 1324 Immo
682 1313 691 1328 ,
703 1294 804 1335 inquit
813 1311 822 1326 2
834 1293 885 1323 abs
896 1302 925 1322 te
935 1293 1003 1323 satis
1012 1294 1089 1322 acci-

760 1336 837 1376 Qs
856 1334 979 1366 tandem
999 1334 1090 1364 nobis

119 1377 173 1409 ista
178 1379 251 1418 jura
262 1386 323 1407 tam
332 1388 410 1420 aequa
418 1377 579 1409 describit?
598 1379 665 1419 quis
675 1378 734 1408 hoc
745 1376 846 1408 statuit
856 1397 864 1410 ‚
874 1376 957 1418 quod
967 1386 1088 1418 aequum

118 1419 153 1452 sit
161 1422 196 1451 in
205 1421 369 1462 Qintium
381 1441 390 1454 ‚
403 1420 435 1450 id
445 1422 589 1462 iniquum
600 1418 658 1451 effe
668 1421 701 1450 in
712 1421 879 1450 Naevium?
901 1421 1022 1461 Qintii
1034 1418 1090 1449 bo-

120 1472 176 1498 na,
193 1464 314 1504 inquit,
335 1471 374 1493 ex
384 1461 486 1493 edicto
494 1463 631 1504 praetoris
639 1460 767 1503 poss'efi'a
776 1461 855 1493 sunt.
888 1464 928 1492 Er
949 1471 967 1491 o
979 1481 988 1494 ‚
1011 1461 1042 1491 id
1057 1470 1090 1491 ut

115 1503 269 1540 confitear,
281 1503 413 1546 postulas
424 1516 432 1539 3
452 1514 494 1540 ut,
527 1504 588 1535 uod
599 1514 768 1546 numquam
778 1503 894 1535 faetum
905 1514 920 1534 e
945 1502 962 1533 'e
969 1502 1088 1544 judicio

115 1546 308 1584 defendimus
320 1567 329 1582 ‚
350 1547 381 1578 id
390 1567 398 1581 ‚
419 1549 510 1588 proin
533 1557 549 1578 e
568 1545 649 1589 quasi
657 1545 773 1577 faelium
784 1544 819 1576 fit
828 1567 837 1581 ‚
858 1545 962 1576 nostro
970 1547 980 1585 j
985 1545 1087 1575 udicio

88 1622 93 1628 ,
114 1587 345 1622 confirmemus.
369 1591 505 1620 Inveniri
514 1591 600 1624 ratio,
613 1592 646 1620 C.
657 1587 775 1631 Aquilli
785 1609 794 1622 ‚
804 1599 870 1619 non
879 1587 977 1629 potest
987 1608 995 1623 ‚
1008 1597 1041 1618 ut
1051 1587 1088 1617 ad

61 1644 77 1654 ·»
89 1631 93 1644 ⁵
109 1631 198 1675 {imm
206 1632 329 1674 quisque
338 1631 429 1673 quam
437 1630 578 1674 primum
588 1628 649 1662 fine
657 1632 834 1683 cujusquam
851 1630 999 1666 'dedecore
1008 1650 1017 1664 ,
1036 1632 1085 1661 in-

114 1673 217 1712 famia,
228 1675 419 1716 pernicieque
429 1676 585 1715 perveniat
593 1677 606 1704 ?
627 1673 768 1705 Pi·ofe&o
779 1694 788 1708 ‚
799 1672 821 1703 fi
831 1673 904 1715 quid
916 1673 1080 1707 deberetur,

113 1713 243 1765 peteret:
263 1722 328 1747 non
339 1718 446 1747 omnia
452 1716 567 1756 judicia
577 1714 643 1747 fieri
654 1716 768 1751 mallet,
781 1715 873 1758 quam
885 1725 982 1746 unum
994 1715 1081 1749 illud,

98 1761 100 1763 ’
114 1758 194 1789 unde
213 1759 277 1790 haec
295 1761 402 1789 omnia
412 1759 581 1790 nascuntur.
614 1760 676 1800 Qii
686 1760 765 1789 inter
775 1767 822 1789 tot
829 1768 925 1790 annos
936 1768 974 1789 ne
981 1758 1083 1798 appel-

111 1800 180 1836 latit
187 1800 312 1843 quidem
321 1803 497 1842 Qintium,
508 1800 579 1833 cum
590 1800 717 1842 potestas
727 1799 800 1831 effet
807 1800 916 1842 agendi
926 1800 1063 1842 quotidie
1077 1811 1082 1830 :

125 1845 179 1877 'ui,
190 1853 252 1885 quo
263 1851 399 1884 tempore
407 1842 545 1884 primum
552 1844 634 1875 male
642 1854 726 1886 agere
735 1845 838 1885 coepit,
852 1846 886 1874 in
895 1842 1083 1873 vadimoniis

134 1884 288 1916 ifferendis
307 1893 426 1926 tempus
445 1895 540 1917 omne
557 1887 774 1917 consumserit:
800 1889 812 1913 3
825 1888 877 1927 qui
886 1884 988 1926 postea
996 1884 1082 1915 vadi-

115 1928 261 1958 monium
279 1935 400 1968 quoque
417 1926 544 1958 missum
560 1927 666 1959 fecerit
675 1949 684 1962 ,
703 1929 785 1959 hunc
803 1938 857 1968 per
873 1925 993 1958 insidias
1002 1929 1033 1958 vi
1045 1927 1083 1958 de

107 1979 183 2011 agro
193 1971 356 1999 communi
365 1969 508 2009 dejecerit
520 1980 525 1999 :
544 1972 609 2011 qui,
620 1969 694 2000 cum
703 1969 740 2000 de
748 1980 779 2000 re
789 1969 916 2010 agendi,
936 1969 1023 1999 nullo
1034 1979 1081 1999 re—

110 2011 231 2042 cusante
241 2030 251 2044 ,
269 2010 398 2051 potestas
407 2009 525 2046 fuisset,
536 2010 730 2052 sporifionem
741 2011 778 2041 de
786 2011 900 2052 probro
908 2009 1004 2041 facere
1012 2020 1078 2041 ma-

109 2052 218 2083 luerit:
238 2054 291 2094 qui
302 2072 311 2086 ‚
322 2051 395 2082 cum
406 2060 563 2084 revocetur
571 2053 608 2084 ad
618 2053 649 2084 id
660 2053 809 2092 judicium
820 2073 828 2088 ,
848 2052 929 2084 unde
937 2052 1003 2084 haec
1012 2062 1080 2084 nata

110 2096 180 2127 sunt
189 2096 295 2124 omnia
305 2115 314 2128 ‚
340 2095 552 2134 conditionem
563 2094 759 2137 aequiffimam
769 2095 922 2136 repudiet.
938 2094 1078 2129 fateatur,

108 2137 139 2169 se
157 2143 223 2168 non
234 2136 384 2178 pecuniam
393 2157 401 2171 ‚
423 2137 473 2168 sed
492 2138 588 2167 vitam
606 2138 640 2168 &
650 2138 827 2179 sanguinem
838 2146 950 2178 petere:
974 2139 1000 2167 is
1012 2147 1078 2167 non

107 2180 171 2211 hoc
183 2180 284 2222 pamm
299 2178 395 2209 dicit?
418 2180 496 2209 mihi
508 2178 612 2221 siquid
622 2179 797 2214 deberetur,
815 2189 949 2220 peterem
961 2199 969 2213 ‚
990 2188 1075 2221 atque

108 2220 185 2253 adeo
191 2221 373 2262 jampridem
384 2220 578 2252 abstulissem.
609 2222 689 2253 nihii
698 2222 758 2253 hoc
765 2231 849 2252 tanto
858 2224 984 2262 negotio
993 2241 1002 2256 ‚
1026 2223 1076 2252 ni-

109 2264 155 2295 hil
173 2272 235 2294 tarn
253 2262 409 2294 invidioso
424 2264 543 2303 judicio
555 2284 564 2300 ‚
585 2264 665 2295 nihil
679 2272 741 2295 tam
750 2264 870 2306 copiosa
877 2265 1075 2295 advocatione

108 2315 206 2337 uterer
216 2327 224 2340 ‚
245 2304 266 2335 fi
275 2305 442 2346 petendum
451 2304 535 2337 effer:
560 2306 804 2348 extorquendum
815 2305 858 2337 est
867 2311 884 2334 4
894 2308 992 2337 invito
1004 2327 1014 2340 ‚
1033 2315 1077 2337 at-

109 2358 168 2390 que
178 2349 312 2390 ingratiis
322 2367 331 2382 ‚
350 2347 433 2390 quod
442 2357 506 2379 non
515 2349 622 2380 debet:
643 2349 834 2389 eripiendum
848 2369 857 2383 ‚
875 2357 964 2390 atque
976 2351 1077 2389 expri-

110 2390 260 2421 mendum
277 2389 338 2421 est:
358 2390 395 2420 de
414 2389 545 2422 fortunis
560 2391 705 2422 omnibus
713 2394 747 2422 P.
759 2392 905 2433 Qintius
914 2391 1076 2422 deturban—

107 2432 164 2463 dus
174 2431 232 2463 est:
255 2440 393 2473 potentes
404 2451 413 2467 ‚
431 2433 534 2463 diserti
545 2454 554 2467 ,
564 2434 686 2464 nobiles
694 2443 803 2464 omnes
812 2433 978 2465 advocandi
988 2433 1056 2464 sunt
1069 2444 1074 2463 :

110 2474 278 2506 adhibenda
286 2477 332 2506 vis
341 2473 385 2505 est
393 2476 534 2505 veritati:
558 2479 572 2503 5
581 2479 674 2506 minae
687 2477 699 2516 j
703 2475 840 2507 anemur
851 2486 856 2505 :
876 2476 1007 2517 pericula
1025 2477 1074 2506 in—

109 2516 283 2547 tendantur:
302 2516 485 2548 formidines
494 2527 685 2559 opponantur
695 2538 703 2552 ,
724 2527 758 2549 ut
766 2520 804 2548 iis
814 2518 902 2548 rebus
911 2518 1074 2560 aliquando

109 2558 206 2590 vidtus
216 2579 224 2593 ,
244 2559 278 2590 δε
296 2561 468 2600 perterritus
486 2562 548 2602 ipse
565 2560 658 2591 cedat.
690 2562 764 2602 Qae
774 2560 947 2591 mehercule
957 2562 1074 2595 omnia,

109 2599 182 2632 cum
192 2621 201 2636 ‚
214 2600 376 2643 quicontra
384 2611 521 2643 pugnent
529 2623 538 2637 ‚
550 2603 642 2633 video
653 2623 662 2636 ‚
674 2603 707 2634 δε
718 2601 791 2634 cum
802 2603 892 2633 illum
902 2601 1074 2634 conseffum

108 2642 263 2675 considero
273 2664 283 2680 ‚
293 2642 389 2675 adess'e
398 2664 408 2679 ‚
418 2653 506 2686 atque
512 2644 690 2686 impendere
700 2645 844 2677 videntur
852 2665 861 2680 ‚
877 2655 976 2688 neque
987 2647 1074 2677 vitari

1159 248 1306 286 mumque
1315 245 1403 274 retuli
1415 255 1420 274 :
1436 254 1499 286 quo
1507 246 1621 285 majore
1632 254 1753 280 conatu,
1769 245 1928 288 studioque
1937 248 2074 287 aguntur,
2086 257 2124 277 eo

1155 288 1264 327 femora
1272 303 1280 318 ,
1292 283 1521 328 infirmioraque
1529 287 1684 319 existimo.
1709 289 1800 319 Nihil
1810 289 1901 329 igitur
1911 287 2036 322 debuit,
2048 298 2082 320 ut
2092 298 2123 320 tu

1155 324 1224 373 1ΡΓΕχ
1234 326 1384 364 praedicas.
1406 329 1488 369 Qid
1499 327 1521 359 si
1530 329 1696 361 debuisset?
1713 333 1903 362 continuone
1914 331 1999 362 causa
2009 330 2119 364 fuiss'et,

1154 373 1206 411 cur
1216 377 1231 395 a
1241 376 1365 406 praetore
1374 370 1549 410 postulares,
1561 380 1594 403 ut
1604 372 1683 404 bona
1692 372 1852 414 poffideres
1864 376 1874 402 ?
1896 383 1961 404 non
1970 375 2081 414 opinor
2089 373 2120 406 id

1152 406 1277 446 quidem
1291 411 1515 451 nequejuscffe,
1529 424 1626 456 neque
1634 417 1774 456 cuiquam
1785 414 1937 457 expedire.
1970 415 2052 457 Qid
2064 417 2121 457 igi-

1152 447 1413 499 turdemonstrat?
1432 454 1644 487 vadimonium
1657 455 1710 488 sibi
1719 460 1759 488 ait
1767 457 1825 488 esi'e
1835 457 1997 489 desertum.
2025 460 2118 488 Ante-

1150 499 1244 538 quarn
1254 491 1363 526 doceo.
1375 494 1405 525 id
1417 494 1530 527 faetum
1544 508 1607 528 non
1617 498 1676 529 effe
1687 520 1694 533 ‚
1707 500 1781 530 libet
1791 502 1882 533 mihi,
1895 503 1927 530 C.
1941 500 2068 541 Aquini,
2080 510 2119 530 ex

1150 530 1246 563 officii
1255 536 1371 566 ratione
1379 556 1388 569 ‚
1408 546 1494 579 atque
1502 549 1541 569 ex
1551 543 1693 571 omnium
1707 542 1926 573 consuetudine
1935 552 1998 572 rem
2009 542 2115 583 ipsam,

1150 572 1307 607 &fastum
1317 576 1407 609 simul
1417 582 1487 610 Sex.
1500 583 1601 612 Naevii
1611 582 1805 615 considerare.
1841 585 1887 615 Ad
1900 584 2116 615 vadimonium

1143 625 1217 666 non
1224 627 1356 654 venerat,
1367 629 1403 650 ut
1411 622 1461 655 ait,
1476 623 1511 656 is,
1523 626 1648 663 quicum
1660 625 1714 655 tibi
1724 627 1858 666 affinitas,
1866 627 1995 666 sacietas,
2006 636 2116 657 omnes

1148 657 1277 706 denique
1288 662 1381 693 causae
1392 682 1400 697 ,
1413 663 1446 694 ὃς
1459 664 1688 696 neceffitudines
1698 678 1811 698 veteres
1822 668 2055 700 intercedebant.
2078 670 2115 699 il·

1147 700 1248 732 licone
1258 703 1292 734 ad
1305 713 1465 744 praetorem
1478 708 1518 736 ire
1539 708 1703 738 convenit?
1725 712 1913 741 continuone
1931 722 2039 742 verum
2057 710 2116 742 suit

1145 741 1293 783 postulare
1306 766 1314 780 ‚
1336 755 1368 777 ut
1387 757 1424 778 ex
1443 747 1546 779 edieco
1559 749 1637 780 bona
1646 749 1790 791 posiidere
1800 753 1922 784 liceret?
1939 753 1975 784 ad
1986 755 2048 784 haev:
2062 763 2116 784 ex-

1145 794 1238 833 trema
1248 806 1257 822 ‚
1271 787 1304 818 δε
1314 789 1521 821 inimicissima
1532 792 1595 829 jura
1603 800 1664 823 tam
1674 793 1781 833 cupide
1793 794 1966 826 decurrebas
1979 816 1986 829 ,
2006 798 2049 826 uti
2060 796 2114 827 tibi

1145 828 1224 858 nihil
1236 831 1267 859 in
1276 830 1443 871 posterum,
1455 833 1538 874 quod
1548 836 1677 875 gravius,
1689 844 1775 876 atque
1783 837 1930 867 crudelius
1942 837 2035 868 facere
2044 839 2116 878 pos«

1145 869 1198 918 ses,
1211 873 1392 904 reservares?
1415 877 1497 905 Nam
1518 885 1605 916 Qm
1624 887 1756 907 trorum
1773 878 1871 918 potest
1883 882 1998 919 turpius
2010 900 2018 912 ,
2039 880 2113 921 quid

1145 921 1211 942 viro
1222 914 1373 949 miserius,
1383 926 1433 946 aut
1442 917 1576 948 acerbius
1587 919 1639 949 usu
1651 921 1753 950 venire
1765 930 1770 948 :
1785 920 1867 961 quod
1879 929 1996 951 tanturn
2007 925 2112 952 eveni-

1145 964 1174 984 re
1186 954 1331 987 dedecus:
1351 969 1417 999 quae
1430 968 1508 990 tanta
1518 961 1667 991 calamitas
1678 963 1810 992 inveniri
1820 962 1917 1003 potest
1927 966 1936 992 ?
1948 966 2111 995 Pecuniam

1144 995 1164 1026 si
1172 999 1303 1039 cuipiam
1314 999 1436 1031 fortuna
1447 1002 1573 1036 ademit,
1585 1012 1633 1033 aut
1644 1001 1664 1033 si
1674 1005 1799 1045 alicujus
1809 1006 1920 1045 eripuit
1930 1006 2039 1044 injuria
2051 1017 2055 1035 1
2069 1016 2111 1036 ta«

1144 1048 1227 1074 men,
1240 1040 1314 1072 dum
1325 1041 1498 1079 existimatio
1507 1043 1552 1074 ess?
1558 1046 1684 1087 integra,
1696 1046 1784 1077 facile
1794 1047 1965 1077 consolatur
1974 1047 2111 1078 honestas

1140 1081 1311 1122 egestatem.
1343 1087 1382 1115 At
1392 1096 1457 1116 non
1467 1096 1562 1117 nemo
1571 1098 1621 1118 aut
1631 1090 1801 1128 ignominia
1809 1087 1934 1119 affeelus
1944 1110 1952 1123 ‚
1972 1099 2022 1120 aut
2032 1091 2109 1126 {udi-

1139 1127 1188 1154 cio
1199 1127 1279 1165 turpi
1288 1126 1449 1158 convietus
1462 1148 1470 1162 ‚
1494 1128 1585 1159 bonis
1605 1130 1731 1171 quidem
1749 1132 1808 1162 suis
1826 1133 1922 1161 utitur
1936 1142 1941 1160 ς
1963 1130 1977 1151 ⁶
1989 1134 2109 1162 alterius

1140 1176 1210 1207 opes
1220 1187 1229 1201 ‚
1242 1168 1272 1198 id
1283 1168 1365 1209 quod
1377 1170 1583 1201 miserrimum
1595 1172 1638 1202 est
1651 1193 1658 1206 ‚
1680 1183 1744 1203 non
1753 1172 1919 1213 exspeE‘mt:
1940 1174 1998 1203 hoc
2007 1183 2107 1205 tamen

1138 1211 1171 1239 in
1188 1210 1318 1241 miseriis
1335 1212 1514 1253 adjumento
1535 1214 1567 1244 &
1585 1215 1691 1245 solatio
1707 1215 1885 1246 sublevatur.
1919 1217 2013 1256 Cujus
2034 1217 2108 1247 vero

1138 1250 1218 1282 bona
1226 1254 1402 1284 venierunt:
1420 1256 1506 1294 cujus
1518 1266 1581 1286 non
1594 1256 1690 1287 mod‘o
1700 1257 1758 1287 ill-a:
1769 1256 1956 1297 ampliffimae
1965 1258 2105 1293 fortunae,

1138 1293 1186 1323 sed
1204 1296 1295 1325 etiarn
1305 1295 1404 1326 νιξὶυε
1416 1316 1424 1330 ,
1444 1297 1626 1339 vestitusque
1637 1297 1812 1329 neceflarius
1823 1300 1876 1329 sub
1886 1310 2022 1340 praecone
2033 1312 2103 1332 cum

1137 1335 1283 1367 dedecore
1302 1337 1453 1378 subJ'eOEtus
1472 1339 1515 1370 est
1527 1351 1531 1368 z
1551 1343 1577 1370 is
1588 1351 1652 1371 non
1664 1341 1760 1371 modo
1771 1352 1808 1371 ex
1818 1352 1948 1372 numero
1958 1345 2102 1373 vivorum

1136 1378 1323 1409 exturbatur:
1335 1380 1398 1414 sed,
1412 1380 1432 1410 fi
1445 1380 1507 1412 fieri
1518 1382 1624 1423 potest,
1636 1389 1650 1411 7
1662 1383 1739 1414 infra
1749 1386 1839 1414 etiam
1850 1393 1988 1415 mortuos
2001 1396 2105 1417 aman-

1134 1419 1230 1450 datur.
1273 1424 1396 1452 Etenim
1418 1433 1505 1454 mons
1526 1435 1678 1456 noxas-rii
1700 1426 1773 1466 saepe
1792 1428 1887 1457 vitam
1905 1437 2027 1468 quoque
2044 1437 2107 1458 tur-

1133 1472 1203 1502 pem
1213 1473 1350 1495 exornat:
1364 1467 1427 1495 vita
1441 1468 1533 1506 turpis
1545 1462 1559 1486 8
1571 1477 1607 1497 ne
1616 1470 1710 1498 morti
1719 1467 1845 1509 quidem
1856 1469 1988 1499 honestae
2000 1470 2107 1505 locum

1133 1505 1286 1546 relinquit.
1318 1509 1397 1548 Ergo
1408 1509 1528 1538 hercule
1539 1530 1546 1543 ,
1559 1511 1608 1550 cuj
1611 1520 1644 1540 us
1656 1510 1736 1540 bona
1746 1520 1784 1540 ex
1794 1509 1896 1540 edieto
1906 1510 2104 1551 possidentur.

1133 1548 1222 1588 hujus
1232 1550 1336 1579 omnis
1346 1550 1439 1584 fama,
1451 1551 1484 1580 &
1495 1551 1683 1582 existimatio
1690 1562 1763 1583 cum
1774 1553 1865 1583 bonis
1876 1551 1965 1584 simul
1974 1553 2103 1594 posfide-

1132 1598 1189 1620 tur:
1201 1590 1308 1637 dequo
1318 1591 1415 1622 libelli
1427 1595 1460 1622 in
1469 1593 1674 1624 celeberrimis
1685 1595 1761 1625 locis
1770 1605 1993 1636 proponuntur,
2005 1601 2019 1623 9
2029 1597 2101 1627 huic

1123 1641 1170 1662 ne
1187 1636 1279 1673 perire
1290 1634 1406 1675 quidem
1423 1634 1495 1665 certe*
1511 1636 1617 1671 tacite,
1636 1636 1822 1679 obscureque
1841 1638 2027 1669 conceditur.
2050 1642 2100 1670 cui

1122 1674 1265 1715 ‘magistri
1273 1674 1352 1706 fiunt
1363 1697 1371 1711 ,
1384 1677 1418 1707 &
1428 1677 1550 1708 domini
1559 1677 1800 1710 constituuntur:
1821 1682 1874 1721 qui
1885 1700 1894 1714 ‚
1905 1690 1962 1721 qua
1972 1681 2035 1723 Iege
2046 1702 2054 1715 ,
2065 1682 2098 1713 δε

1130 1727 1187 1758 qua
1195 1717 1374 1749 conditione
1383 1728 1482 1760 pereat
1493 1740 1501 1754 ‚
1524 1723 1728 1761 pronuncient
1739 1732 1745 1751 1
1767 1721 1806 1752 de
1814 1732 1876 1763 quo
1885 1723 2014 1753 homine
2024 1734 2100 1764 prae-

1121 1761 1217 1790 -conis
1227 1770 1290 1791 vox
1299 1761 1447 1801 praedicat,
1460 1762 1494 1792 &
1501 1765 1632 1803 pretium
1642 1762 1768 1795 conficit
1777 1784 1785 1798 ‚
1798 1766 1869 1795 huic
1876 1763 2098 1797 acerbissimum

1129 1802 1383 1846 vivo‚videntique
1394 1805 1519 1844 ¹0ftmus
1529 1805 1675 1835 indicitur:
1687 1804 1708 1836 fi
1718 1805 1811 1836 funus
1825 1807 1854 1837 id
1866 1807 2041 1838 habendum
2053 1807 2096 1842 fit,

1130 1843 1193 1886 quo
1205 1855 1270 1876 non
1281 1849 1371 1877 amici
1381 1849 1574 1878 conveniunt
1582 1848 1617 1878 ad
1627 1849 1780 1889 exsequias
1790 1848 2037 1884 cohonestandas,
2048 1850 2098 1882 sed

1129 1887 1284 1918 bonorum
1295 1899 1426 1919 emtores
1437 1909 1445 1924 ,
1457 1898 1489 1920 ut
1498 1888 1652 1920 carnifices
1663 1910 1670 1924 ‚
1692 1891 1728 1920 ad
1736 1890 1877 1932 reliquias
1887 1893 1955 1922 vitae
1968 1892 2099 1924 laceran-

1128 1929 1178 1960 das
1188 1949 1197 1964 ,
1217 1929 1250 1960 &
1261 1930 1476 1962 distrahendas.
1520 1934 1623 1973 Itaque
1636 1932 1764 1969 maiores
1774 1932 1869 1963 nostri
1886 1933 1953 1964 raro
1971 1934 2003 1965 id
2021 1937 2097 1966 acci—

1127 1971 1196 2001 dere
1206 1972 1370 2003 voluerunt
1380 1983 1385 2002 :
1396 1982 1536 2014 praetores
1545 1993 1554 2007 ‚
1566 1983 1599 2004 ut
1608 1972 1790 2005 considerate
1799 1973 1893 2008 fieret,
1904 1985 2099 2017 comparave-

1127 2022 1207 2043 runt.
1231 2015 1289 2044 viri
1308 2014 1382 2045 boni
1394 2035 1403 2049 ‚
1424 2014 1495 2046 cum
1505 2015 1603 2056 palam
1613 2014 1787 2047 fraudantur
1797 2036 1806 2051 ,
1830 2015 1902 2047 cum
1913 2019 2096 2058 experiundi

1126 2054 1253 2096 potestas
1262 2066 1327 2087 non
1339 2056 1390 2091 est,
1402 2057 1511 2089 timide
1521 2066 1633 2092 tamen,
1645 2058 1678 2088 &
1687 2058 1875 2099 pedetentim
1886 2059 1963 2091 istuc
1972 2059 2097 2092 descen·

1125 2097 1212 2131 dunt,
1226 2099 1257 2128 vi
1266 2109 1299 2129 ac
1309 2097 1473 2130 necestitate
1484 2099 1591 2134 coaffl,
1603 2101 1693 2130 inviti
1703 2112 1712 2135 3
1728 2101 1835 2131 multis
1845 2101 2033 2133 vadimoniis
2043 2103 2095 2134 de-

1124 2140 1207 2170 sertis
1219 2161 1228 2174 ,
1242 2141 1316 2180 saepe
1327 2139 1406 2171 illusi
1416 2162 1424 2175 ‚
1436 2152 1468 2172 ac
1479 2141 1623 2173 destituti.
1654 2141 1850 2174 considerant
1859 2145 1944 2174 enim
1955 2165 1964 2179 ‚
1975 2145 2048 2186 quid
2060 2146 2094 2177 ἃ

1122 2191 1270 2223 quantum
1280 2182 1448 2217 sit,alterius
1459 2184 1539 2215 bona
1548 2184 1737 2225 proscribere.
1767 2187 1954 2227 JUGULARE
1966 2197 2091 2223 curem,

1124 2233 1162 2254 ne
1170 2224 1238 2264 jure
1249 2225 1375 2266 quidem
1386 2227 1545 2268 quisquam
1556 2227 1654 2257 bonus
1665 2227 1742 2258 vult.
1765 2228 1883 2259 mavult
1901 2231 1986 2259 enim
2003 2240 2090 2261 com-

1123 2276 1301 2302 memorare,
1314 2268 1342 2298 se
1353 2288 1361 2302 ‚
1374 2269 1446 2299 curn
1457 2268 1552 2309 pofl'et
1562 2269 1696 2309 perdere,
1706 2268 1867 2310 pepercisse
1877 2290 1886 2305 ,
1897 2270 1988 2312 quam
1998 2291 2006 2306 ‚
2017 2271 2091 2304 cum

1121 2318 1238 2349 parcere
1257 2312 1390 2350 potuerit
1398 2330 1406 2345 ,
1427 2310 1596 2351 perdidisse.
1624 2315 1649 2332 ¹¹
1662 2314 1735 2342 Haec
1744 2314 1778 2342 in
1788 2313 1932 2343 homines
1950 2313 2091 2345 alieniffi·

1125 2361 1194 2381 mos
1205 2371 1214 2386 ‚
1233 2350 1365 2393 denique
1375 2351 1601 2384 inimicissimos
1613 2374 1621 2388 ‚
1641 2356 1701 2385 viri
1708 2354 1783 2384 boni
1793 2353 1908 2385 faciunt
1918 2375 1926 2389 ,
1940 2356 1974 2386 δε
1984 2357 2091 2387 homi-

1123 2403 1200 2423 num
1211 2393 1445 2426 existimationis
1453 2417 1463 2429 ‚
1489 2395 1523 2426 &¹
1531 2398 1708 2426 communis
1718 2397 1913 2427 humanitatis
1923 2398 2007 2428 causa
2020 2409 2025 2428 z
2045 2408 2088 2434 ut,

1121 2434 1194 2466 cum
1205 2434 1258 2476 ipsi
1267 2437 1345 2466 nihil
1354 2438 1439 2468 alteri
1449 2438 1575 2468 scientes
1583 2438 1936 2473 incommodarint‚nihil
1945 2439 2014 2480 ipfis
2021 2441 2090 2481 jure

1122 2478 1317 2510 incommodi
1327 2479 1429 2510 cadere
1439 2478 1534 2520 poffit.
1547 2480 1594 2510 Ad
1604 2481 1818 2511 vadimonium
1829 2491 1892 2511 non
1901 2483 1997 2512 venit:
2007 2484 2091 2524 quis?

1122 2522 1322 2562 Propinquus.
1346 2524 1377 2552 Si
1391 2532 1434 2552 res
1446 2521 1499 2552 ista
1507 2521 1673 2563 gravissima
1682 2522 1731 2552 sua
1741 2522 1846 2562 sponte
1855 2523 2006 2555 videretur
2017 2545 2026 2559 ‚
2046 2534 2089 2556 ta-

1122 2573 1195 2593 men
1205 2564 1268 2604 ejus
1276 2566 1413 2595 atrocitas
1427 2564 1621 2604 ncceffitudinis
1631 2565 1740 2594 nomine
1749 2565 1907 2595 levaretur.
1939 2566 1987 2597 Ad
2006 2567 2091 2598 vadi-

1122 2607 1266 2636 monium
1286 2616 1352 2636 non
1372 2608 1467 2637 venit.
1490 2608 1556 2647 quis
1568 2609 1578 2637 ἒ
1597 2609 1713 2638 Socius.
1736 2608 1828 2637 etiam
1847 2609 1964 2648 gravius
1974 2609 2090 2651 aliquid

1121 2648 1149 2678 ei
1159 2647 1282 2679 deberes
1293 2648 1456 2680 concedere
1468 2658 1473 2676 t
1493 2650 1617 2690 quicum
1627 2658 1655 2680 tc
1666 2657 1714 2680 aut
1723 2648 1856 2679 voluntas
1874 2649 2088 2692 congregass'et,

2039 2704 2090 2725 aut

100 2745 2087 2763 Μ

148 2792 158 2810 1
167 2805 173 2811 .
193 2787 226 2810 Et
234 2793 285 2811 eam
295 2785 345 2811 ciam
354 2785 458 2821 amrin]
482 2786 612 2813 Monente
624 2787 783 2814 Hotomano
789 2788 911 2820 per0›·arit
923 2805 932 2819 ,
952 2785 995 2812 sed
1006 2786 1076 2814 invi-

108 2818 145 2850 tis
155 2820 214 2847 mss.
222 2824 300 2848 orarit
310 2840 318 2854 ,
337 2820 364 2847 id
383 2821 420 2848 est
433 2840 442 2855 ,
461 2822 604 2859 explicarit
616 2842 625 2855 ,
644 2830 674 2850 ut
683 2826 782 2851 inorata
792 2823 864 2858 caustz
874 2823 909 2850 est
919 2825 1076 2857 ineprIcata.

108 2864 158 2891 pro
168 2857 308 2885 Amerino.

146 2901 174 2918 π..
194 2895 317 2929 Numquis!
318 2901 434 2928 preterea
442 2895 468 2931 ἒ]
480 2896 522 2923 Ita
531 2896 616 2924 {olum
628 2895 686 2923 Pal.
697 2895 764 2933 sept.
774 2905 834 2924 nam
846 2896 933 2933 quint.
944 2899 997 2923 Non
1008 2897 1074 2931 quid.

109 2928 202 2956 Ceteri
212 2937 239 2955 ut
248 2931 315 2965 quid.

146 2972 173 3000 3.
192 2967 241 2998 φεῖ
254 2969 329 3000 pqflea
346 2969 510 2996 vadimonium
523 2978 611 3006 quoque
619 2969 710 3005 mi'fficm
721 2969 835 3005 flurin]
855 2969 898 2997 Sic
908 2978 1000 2998 omues
1012 2968 1074 2996 cdd.

109 3009 201 3028 omnen
210 3002 269 3029 mss.
279 3003 371 3031 nostri.

146 3044 174 3077 4.ς
193 3040 271 3065 [mito
279 3047 351 3074 atque
359 3041 496 3077 ingratia]
518 3043 639 3070 Manavit
651 3043 666 3069 a
677 3041 800 3078 Cujacio.
819 3041 966 3070 inclinabat
985 3050 1072 3070 tamen

109 3072 272 3101 Gulielmius
283 3075 371 3111 legere
382 3077 529 3105 &meroris
540 3079 602 3106 libri
612 3079 674 3111 fide,
686 3082 792 3112 ingrato,
802 3078 874 3115 quod
884 3079 912 3105 ὅ(
923 3080 950 3106 in
964 3079 1020 3105 Yal.
1029 3088 1071 3115 pr.

109 3136 112 3140 ,
147 3117 178 3150 5..
193 3112 418 3148 Minaejqc‘renmr.]
430 3114 488 3141 Pal.
497 3123 589 3151 quart.
598 3116 686 3152 quint.
697 3114 766 3142 sext.
776 3115 843 3153 sept.
854 3116 936 3143 Grut.
947 3116 975 3142 &
986 3116 1014 3141 S.
1026 3115 1073 3142 Vi-

110 3143 193 3171 erotis
205 3165 213 3177 ‚
224 3146 288 3172 item
299 3147 383 3175 editio
392 3151 494 3177 Veneta
502 3152 563 3178 anni
574 3161 731 3178 ccccnxxx
739 3172 744 3178 .
753 3153 867 3177 locentur.

145 3181 175 3212 6·
194 3184 303 3210 Altcrt'm
310 3191 360 3218 opes
369 3194 414 3213 non
422 3188 568 3223 κριθή]
588 3187 762 3224 Manuscripti
775 3188 924 3217 Hotomani
936 3206 944 3222 ‚
957 3189 1053 3216 altiores
1064 3206 1073 3222 ,

1120 2787 1163 2816 scd
1174 2787 1208 2814 sic
1217 2789 1284 2815 nulli
1296 2792 1310 2815 ὸ
1322 2788 1429 2820 nosti-is,
1441 2797 1526 2825 neque
1535 2787 1597 2815 huic
1607 2787 1666 2813 loco
1677 2786 1812 2814 convenit.

1154 2833 1183 2859 7.
1202 2826 1269 2858 Infra
1278 2829 1349 2851 etiam
1359 2832 1459 2852 mortuos
1469 2824 1643 2860 amandatum]
1655 2822 1819 2850 Membranae
1829 2824 1923 2851 uostrae
1933 2832 2024 2851 omnes
2035 2832 2089 2851 uno

1119 2871 1165 2888 ore
1177 2862 1336 2888 mandamur.

1154 2897 1181 2925 8.
1202 2901 1238 2924 Ne
1255 2901 1324 2924 moi-ri
1340 2899 1431 2933 qm'dcm
1450 2898 1567 2933 honesta]
1600 2897 1772 2926 Hotomanus
1791 2896 1895 2923 divinat
1907 2915 1916 2929 ‚
1935 2896 2028 2932 quidem
2046 2897 2086 2922 cb-

1110 2935 1154 2969 [ιιι
1158 2945 1186 2960 ⁷·ae
1190 2954 1195 2960 .

1152 2979 1182 3006 9.
1203 2972 1264 2996 Huic
1273 2979 1301 2996 ne
1306 2974 1385 3003 perire
1394 2971 1485 3005 quidem
1495 2971 1553 2997 tm?
1563 2971 1634 2997 tacit?
1647 2990 1655 3004 ‚
1673 2971 1808 3006 obscur-que
1827 2969 1986 3004 conceditur]
2005 2968 2088 2997 Nihil

1118 3007 1214 3033 horum
1225 3006 1342 3041 :ignoscit
1355 3007 1412 3033 Pil.
1422 3007 1471 3033 sec.
1482 3015 1528 3034 aut
1540 3014 1604 3034 tert.

1157 3052 1199 3070 ιο.
1219 3046 1302 3068 anm
1311 3044 1455 3078 indii-imin]
1467 3044 1510 3070 Sic
1522 3044 1578 3071 Pal.
1588 3043 1749 3081 pr.sec.tert.
1760 3043 1824 3070 item
1836 3041 1898 3069 edd.
1909 3042 2085 3077 antiquiores.

1117 3089 1176 3105 nam
1188 3077 1343 3106 Vitem-'mna
1353 3080 1379 3105 &
1392 3079 1463 3116 stqq.
1474 3080 1579 3107 ducimr.
1599 3079 1736 3117 quomodo
1755 3080 1840 3107 exstat
1859 3080 1884 3108 iu
1905 3079 2000 3105 ceteris
2016 3077 2085 3104 Pau.

1117 3117 1145 3141 ἃ*
1158 3117 1270 3142 Gruter.

1156 3160 1165 3177 1
1174 3161 1183 3177 1
1191 3171 1197 3177 .
1218 3154 1268 3177 Hs:
1278 3154 1304 3177 in
1313 3153 1414 3179 homines
1425 3153 1525 3190 aliem'ff.
1531 3154 1629 3190 denique
1639 3151 1828 3187 ifzimicIffldec]
1839 3150 1964 3180 Lambini
1976 3149 2020 3176 hic
2029 3148 2087 3185 spe-

1116 3186 1160 3215 &a
1171 3188 1350 3217 temeritatem
1364 3190 1370 3217 Σ

1613 3225 1704 3253 Bb2
2033 3221 2092 3249 1.ςὶ

2121 1935 2164 1969 16
