2360 3400
490 132 576 166 nta
658 117 760 166 bia
788 131 820 165 Τ
851 132 885 165 v
913 132 948 166 R
977 134 1007 165 A

485 257 576 319 hm
667 219 1068 320 TULL11

1057 356 1112 410 Ι)

247 448 1116 618 NATURAA

589 657 685 725 M.

470 783 876 832 LIBER

298 908 308 918 1
353 908 356 911 -
435 892 464 921 U
475 899 507 920 ιε
526 888 599 919 cum
612 891 702 919 Cotta
720 886 862 922 dixisset,
881 893 947 918 turn
968 887 1115 923 Velleius,

369 935 378 943 '
387 929 410 957 1'
437 934 495 962 Nae
507 941 563 971 ego
572 950 581 965 ‚
595 932 696 971 inquit
706 949 714 963 ‚
727 931 863 960 incautus
875 948 883 963 ,
895 930 1029 969 quicum
1042 933 1118 961 Aca-

387 971 390 975 ’
437 972 560 1004 demico
571 993 580 1006 ‚
600 972 633 1003 δε
644 972 754 1002 eodem
769 972 885 1001 rhetore
903 972 1047 1013 congredi
1064 982 1117 1003 co-

399 1018 415 1042 Ι.
440 1024 526 1046 natus
542 1015 619 1045 sum.
643 1016 724 1044 Nam
739 1024 836 1054 neque
850 1013 1030 1044 indisertum
1042 1018 1116 1046 Aca-

234 1002 243 1005 ,
282 1009 299 1044 ἣν
307 999 354 1048 ’,δὲ

269 1059 277 1066 ’
309 1040 352 1101 ,ἢ
380 1043 412 1101 j
439 1057 596 1088 demicum
607 1054 839 1096 pertimuissem,
851 1065 906 1086 nec
916 1054 976 1086 fine
985 1055 1038 1087 ista
1046 1058 1116 1097 phi-

163 1096 172 1103 *
199 1113 206 1121 x
243 1099 251 1110 ‘¹
276 1110 279 1115 s
295 1128 299 1130 ,
312 1107 328 1123 ff
363 1100 417 1134 xz.
440 1099 577 1140 Iosophia
585 1099 748 1132 rhetorem,
760 1100 898 1139 quamvis
906 1098 1099 1139 eloquentem
1107 1120 1114 1128 .

251 1147 262 1154 ²
351 1150 374 1154 ··
389 1153 409 1162 «·
442 1151 540 1182 neque
558 1143 642 1171 enim
655 1138 785 1170 flumine
798 1140 964 1170 conturbor
972 1142 1113 1171 inanium

148 1185 312 1217 verborum
323 1205 334 1218 ,
346 1194 400 1215 nec
408 1183 569 1214 subtilitate
578 1182 790 1213 sententiarum
802 1202 810 1215 ,
822 1180 842 1211 si
853 1183 998 1213 orationis
1006 1182 1050 1213 est
1061 1181 1115 1214 fic-

151 1229 234 1259 ciras.
258 1230 307 1257 Tu
318 1235 418 1257 autem
430 1246 439 1260 ,
462 1228 550 1256 Cotta
560 1245 570 1258 ,
591 1233 712 1264 utraque
731 1234 762 1253 re
771 1222 900 1254 valuisti.
924 1234 1036 1255 corona
1045 1224 1112 1259 tibi,

149 1269 310 1308 &judices
320 1268 490 1299 defuerunt.
513 1266 568 1298 Sed
582 1265 617 1297 ad
630 1266 683 1296 ista
697 1264 778 1296 alias.
802 1275 883 1296 nunc
891 1266 1049 1297 Lucilium
1061 1287 1072 1301 ,
1091 1265 1112 1297 fi

148 1310 203 1353 ipfi
214 1310 416 1342 commodum
428 1308 488 1343 cst,
509 1308 676 1339 audiamus.
700 1311 784 1338 Tum
796 1308 904 1338 Balbus
916 1328 924 1341 ,
948 1311 959 1327 ¹
972 1308 1111 1340 Eundem

145 1353 291 1395 equidem
305 1352 427 1382 mallem
441 1351 543 1382 audire
556 1353 674 1381 Cottam
686 1370 695 1383 ,
706 1350 781 1380 dum
791 1369 799 1384 ,
811 1360 868 1390 qua
876 1350 1048 1391 eloquentia
1058 1350 1113 1382 fal-

148 1397 196 1427 sos
206 1395 280 1425 deos
291 1393 427 1427 sustulit,
449 1392 552 1423 eadem
563 1401 653 1422 veros
662 1391 792 1422 inducat.
817 1390 858 1421 est
871 1394 954 1422 enim
968 1393 1000 1422 &
1009 1393 1113 1432 philo-

147 1437 236 1478 sophi
248 1457 257 1470 ‚
279 1433 492 1476 &pontificis‚
513 1434 547 1463 δε
558 1436 651 1464 Cottae
662 1453 674 1466 ,
689 1432 726 1463 de
745 1433 1040 1464 diisimrnortalibus
1060 1435 1113 1466 ha-

148 1479 219 1510 bere
229 1488 292 1508 non
302 1485 450 1506 errantem
461 1495 470 1510 ,
486 1475 520 1505 &
530 1484 632 1515 vagam
646 1493 655 1508 ‚
672 1483 704 1504 ut
715 1473 888 1504 Academici
899 1494 908 1508 ,
924 1476 973 1505 sed
981 1496 993 1509 ‚
1009 1485 1042 1506 ut
1051 1486 1112 1506 no-

151 1520 221 1554 stri,
228 1518 360 1555 stabilem
370 1537 379 1552 ,
387 1526 550 1558 certamque
553 1517 733 1556 sementiam.
751 1525 820 1546 nam
829 1525 936 1546 contra
946 1519 1110 1556 Epicurum

149 1562 220 1592 satis
230 1580 239 1595 ‚
254 1561 398 1601 superque
408 1559 527 1590 diEltum
538 1557 580 1589 est
593 1569 599 1588 z
611 1561 626 1578 ²
635 1557 693 1589 Sed
702 1567 778 1588 aveo
788 1557 901 1591 audire,
914 1566 943 1588 tu
957 1559 1027 1598 ipse,
1039 1561 1112 1590 Cot-

147 1611 176 1634 ta
185 1622 195 1638 ,
207 1602 282 1643 quid
296 1602 413 1633 sentias.
437 1604 498 1636 An,
509 1602 608 1642 inquit
618 1619 627 1634 ,
638 1600 756 1630 oblitus
766 1609 797 1629 es
808 1619 817 1634 ,
826 1600 909 1641 quod
920 1599 1012 1630 initio
1023 1600 1112 1631 dixe-

147 1647 209 1676 rim
219 1664 230 1679 ,
248 1643 367 1675 facilius
381 1654 432 1674 me
440 1664 451 1677 ,
472 1643 580 1674 talibus
599 1642 758 1683 praesertim
781 1641 816 1672 de
837 1642 923 1674 rebus
933 1662 942 1676 ,
960 1642 1034 1683 quid
1047 1653 1112 1674 non

144 1687 290 1718 sentirem
302 1705 311 1720 ,
332 1695 421 1727 quam
429 1685 503 1726 quid
516 1684 656 1715 sentirem
668 1703 677 1718 ‚
690 1681 773 1724 posse
782 1683 880 1714 dicere
893 1693 903 1716 3
927 1684 1019 1725 Qod
1028 1683 1048 1721 si
1058 1686 1110 1716 ha-

145 1728 251 1760 berem
262 1727 389 1769 aliquid,
399 1726 482 1768 quod
494 1727 622 1767 liqueret
632 1737 636 1755 :
647 1734 749 1756 tamen
758 1734 786 1755 te
794 1724 922 1756 viciffim
933 1725 1035 1756 audire
1045 1728 1107 1757 vel·

145 1771 208 1801 lem
221 1790 230 1804 ‚
248 1769 321 1801 cum
334 1769 394 1810 ipse
405 1779 465 1800 tam
479 1769 575 1799 multa
584 1765 738 1798 dixiffem.
761 1770 846 1797 Tum
858 1767 967 1797 Balbus
977 1787 986 1801 ,
998 1769 1107 1798 Geram
1129 1786 1131 1815 3

145 1813 204 1844 tibi
227 1822 346 1842 morem
361 1831 372 1845 ‚
392 1811 424 1842 &
443 1820 526 1852 agam
545 1810 636 1850 quam
657 1806 828 1839 breviffime
847 1818 962 1849 potero.
992 1811 1107 1841 etenim

142 1854 300 1886 conviffis
317 1855 439 1894 Epicuri
458 1853 610 1883 erroribus
629 1872 637 1885 ,
658 1852 747 1892 longa
766 1851 802 1881 de
822 1860 888 1881 mea
905 1851 1108 1891 disputatione

140 1895 274 1927 detraCh
281 1898 378 1926 oratio
386 1894 439 1925 est.
460 1897 600 1925 Omnino
610 1893 753 1924 dividunt
762 1892 856 1923 nostri
866 1902 960 1924 totam
973 1892 1057 1924 istam
1071 1893 1107 1924 de

144 1938 206 1969 diis
225 1937 451 1968 immortalibus
467 1935 668 1977 quaestioncm
687 1937 721 1964 in
739 1937 846 1975 parteis
867 1945 1018 1976 quattuor.
1041 1936 1106 1966 Pri-

144 1979 236 2011 mum
247 1980 358 2010 docent
368 1978 416 2016 effe
424 1979 485 2008 deos
496 1990 507 2005 .·
525 1978 635 2009 deinde
647 1997 655 2011 ,
666 1978 762 2019 quales
774 1977 830 2018 fint
843 1988 848 2008 :
869 1986 934 2008 tum
946 1998 954 2011 ,
969 1977 1106 2007 mundum

138 2021 181 2052 *ab
190 2023 228 2051 hu
237 2020 446 2057 administrari:
469 2019 622 2060 postremo
633 2040 642 2053 ‚
663 2019 800 2059 consulere
818 2029 858 2049 eos
878 2018 956 2049 rebus
970 2021 1105 2049 humanis.

144 2067 214 2095 Nos
232 2073 332 2094 autem
353 2064 411 2094 hoc
431 2063 570 2093 sermone
586 2072 653 2103 quae
665 2064 763 2102 priora
775 2061 837 2092 duo
852 2062 920 2092 sunt
931 2062 1104 2093 sumamus:

141 2108 268 2137 tertium
287 2126 297 2139 ‚
328 2105 361 2136 ὃς
381 2113 540 2146 quartum,
564 2106 633 2146 quia
651 2104 765 2143 majora
782 2104 852 2134 sunt
869 2123 878 2138 ‚
902 2113 975 2144 puto
996 2103 1055 2134 effe
1072 2106 1105 2134 in

142 2147 225 2179 aliud
249 2157 367 2188 tempus
389 2146 562 2178 differenda.
598 2148 733 2177 Minime
752 2144 825 2177 vero
844 2165 854 2181 ,
882 2148 984 2187 inquit
1000 2148 1105 2177 Cotta:

140 2198 214 2221 nam
224 2190 258 2220 &
267 2186 354 2220 otiosi
365 2189 469 2220 sumus
479 2208 488 2223 ,
510 2189 543 2219 &
556 2190 591 2218 iis
602 2188 640 2218 de
650 2188 737 2218 rebus
746 2190 864 2229 agimus
875 2208 884 2222 ,
902 2198 969 2230 quae
984 2188 1107 2219 suntet-

106 2238 129 2263 2
142 2232 204 2263 iam
225 2233 359 2273 negotiis
376 2230 605 2271 anteponendae·
646 2232 731 2260 Tum
750 2230 889 2260 Lucilius
908 2250 916 2264 ,
950 2233 999 2260 Ne
1021 2240 1105 2271 egere

141 2273 269 2315 quidem
295 2273 416 2304 videtur
434 2293 443 2307 ,
474 2273 574 2313 inquit
591 2292 600 2306 ,
632 2274 768 2302 oratione
793 2273 893 2312 prima
920 2281 995 2313 pars.
1029 2272 1104 2313 quid

143 2317 228 2346 enim
243 2314 341 2356 potest
351 2314 410 2345 effe
421 2324 482 2346 tam
491 2323 627 2355 apertum
639 2333 648 2347 ,
668 2322 789 2355 tamque
799 2315 990 2354 perspicuum
1001 2334 1010 2348 ‚
1030 2314 1102 2345 cum

139 2358 253 2388 caelum
280 2357 470 2397 suspeximus
501 2376 510 2390 ‚
547 2355 732 2396 caelestiaque
761 2357 957 2396 contemplati
980 2356 1083 2387 sumus
1094 2376 1103 2390 ,

140 2398 232 2440 quam
250 2398 299 2437 effic
317 2399 433 2440 aliquod
443 2409 542 2428 numen
552 2396 795 2437 praestantisfimae
808 2400 920 2428 mentis
933 2418 942 2432 ‚
963 2408 1026 2438 quo
1041 2400 1103 2429 haec

138 2449 279 2482 regantur
290 2444 302 2469 ἓ
321 2441 404 2481 quod
415 2443 448 2471 ni
463 2442 504 2470 ita
515 2439 586 2471 ess'et
595 2460 604 2475 ,
623 2437 676 2482 qui
683 2438 826 2481 potuiffet
835 2437 950 2470 ass'ensu
959 2442 1103 2471 omnium

136 2481 242 2514 >dicere
253 2484 371 2513 Ennius
384 2485 395 2511 ?

234 2524 360 2563 Adspice
370 2525 417 2554 hoc
420 2523 544 2565 sublime
553 2524 670 2555 candens
680 2544 689 2560 ‚
709 2534 793 2567 quem
804 2524 938 2556 invocant
946 2535 1038 2556 omnes
1045 2525 1104 2565 Jo—

274 2576 348 2595 vem,

139 2606 234 2639 Illum
245 2607 318 2638 vcro
330 2608 362 2638 δε
373 2609 484 2650 Jovem
495 2628 504 2642 ‚
524 2609 794 2640 &dominatorem
803 2618 903 2640 rerum
917 2628 928 2645 ‚
951 2608 985 2641 &
994 2611 1101 2642 omnia

139 2658 218 2682 nutu
229 2659 384 2691 regentem
399 2671 407 2684 ,
428 2651 474 2684 ὃς,
485 2660 516 2681 ut
526 2651 610 2681 idem
622 2652 751 2685 Ennius,

235 2700 374 2734 »patrem
381 2692 539 2734 divumque
550 2713 558 2727 ‚
578 2694 778 2734 hominumque
787 2712 795 2728 ‚

143 2732 177 2764 ec
185 2735 361 2775 praesentem
376 2755 384 2769 ‚
403 2744 436 2765 ac
449 2744 666 2775 praepotentem
679 2735 780 2766 deum.
804 2735 895 2806 Ῥοά
907 2736 960 2777 qui
970 2735 1099 2770 dubitet,

135 2776 220 2806 *haud
242 2776 309 2807 sane
327 2777 486 2817 intelligo,
506 2787 558 2807 cur
568 2787 632 2808 non
643 2777 724 2808 idem
736 2798 746 2812 ,
767 2777 810 2808 sol
832 2786 872 2812 it,
893 2788 930 2808 an
942 2778 1044 2808 nullus
1054 2777 1098 2812 fit,

139 2816 274 2848 dubitare
292 2817 387 2859 poffit.
410 2819 493 2857 Quid
512 2821 596 2849 enim
616 2818 657 2850 est
666 2821 725 2850 hoc
735 2820 790 2850 illo
801 2819 998 2850 evidentius?
1019 2820 1101 2861 quod

139 2857 196 2888 nisi
205 2863 362 2900 cognitum
376 2881 385 2895 ‚
395 2861 708 2903 comprehensumque
717 2863 829 2892 animis
839 2861 1026 2896 haberemus,
1038 2872 1101 2892 non

138 2909 202 2931 tam
223 2901 338 2933 stabilis
360 2904 467 2943 opinio
485 2913 692 2943 permaneret,
713 2914 759 2933 nec
768 2902 1102 2943 confirmareturdiutur-

147 2943 239 2972 nitate
257 2946 397 2985 tempores,
420 2955 475 2976 nec
487 2946 626 2977 una-cum
636 2946 752 2976 saeculis
763 2966 772 2980 ,
792 2945 987 2986 aetatibusque
996 2947 1101 2976 homi—

139 2993 219 3015 num
236 2986 400 3017 inveterare
419 2986 574 3028 potuisset.
598 2990 722 3020 Etenim
731 2988 873 3019 videmus
884 3008 893 3021 ‚
915 2989 1102 3030 ceteras-opi-

1089 117 1432 168 I>E<³R.vra
1512 123 1666 170 [rra.

1734 121 1798 170 11
2002 117 2125 186 &123

1165 257 1780 323 ClcERONis

1151 358 2015 617 JEoRuM,

834 656 883 716 B
976 656 1031 716 R
1126 655 1182 713 υ
1275 655 1331 715 T
1428 658 1485 715 U
1582 659 1676 735 M,

1024 780 1790 830 SECUNDUS.

1161 889 1272 920 niones
1282 887 1386 924 fifi’cas,
1408 897 1594 931 atquevanas
1608 911 1617 924 ‚
1637 891 1831 922 diuturnitate
1840 889 2014 922 extabuisse.
2038 892 2117 935 Qis

1160 933 1245 961 enim
1259 933 1530 972 hippocentaurum
1545 932 1643 967 fuisse,
1653 941 1703 964 aut
1711 934 1885 964 chimaeram
1896 942 1979 974 putat
1992 934 2117 975 ?quaeve

1159 982 1236 1003 auus
1254 981 1314 1004 tam
1325 984 1431 1005 excors
1441 976 1574 1005 inveniri
1585 975 1682 1016 potest
1693 995 1701 1008 ,
1721 985 1787 1016 quae
1797 976 1864 1010 illa,
1885 986 1951 1017 quae
1963 977 2119 1016 quondam

1158 1015 1367 1050 credebantur,
1377 1016 1454 1057 apud
1465 1016 1578 1047 inferos
1588 1026 1724 1058 portenta
1736 1038 1745 1051 ‚
1755 1018 1929 1048 extimescat
1941 1021 1952 1046 ἓ
1976 1028 2120 1050 0P1.N10-

1160 1066 1239 1088 NUM
1258 1067 1354 1089 nium
1365 1069 1558 1093 COMMENTA
1572 1069 1679 1090 nara-r
1691 1069 1765 1089 mas
1782 1070 1787 1089 ε
1808 1069 2117 1098 NATURAEJumcrA

1159 1109 1374 1131 coNF1RMAT.
1397 1103 1500 1142 Itaque
1518 1102 1551 1132 &
1578 1103 1610 1132 in
1629 1101 1734 1132 nostro
1752 1102 1867 1142 populo
1881 1121 1889 1135 ,
1909 1101 1941 1131 &
1960 1104 2119 1138 incereris„

1158 1141 1287 1173 deorum
1304 1143 1402 1174 cultus
1412 1144 1657 1185 religionumque
1668 1143 1836 1174 sancititates
1849 1142 1995 1177 exsistunt
2009 1154 2042 1174 in
2051 1145 2118 1176 dies

1159 1185 1307 1224 majores,
1326 1194 1412 1227 atque
1432 1186 1584 1216 meliores.
1609 1185 1704 1226 quue
1720 1187 1895 1216 evenitnon
1904 1186 2018 1215 temere
2031 1205 2039 1219 ‚
2061 1196 2118 1218 nec

1158 1227 1246 1260 casu,
1264 1227 1314 1257 sed
1332 1226 1415 1269 quod
1430 1228 1606 1269 praeftritiam
1625 1228 1700 1267 saepe
1722 1227 1786 1258 divi
1798 1228 1879 1258 suam
1892 1227 2058 1257 declarant:
2082 1237 2117 1261 ut

1160 1268 1194 1299 &
1213 1268 1290 1309 apud
1311 1269 1469 1311 Regillum
1489 1270 1570 1300 bello
1589 1269 1768 1300 Latinorum
1781 1290 1789 1304 ,
1812 1268 1885 1299 cum
1896 1271 1932 1299 Α.
1944 1268 2119 1302 Postumius

1158 1309 1287 1341 diaator
1301 1321 1373 1342 curn
1393 1310 1521 1342 OCtavio
1535 1311 1678 1343 Mamilio
1689 1312 1863 1342 Tusculano
1872 1311 1982 1351 proelio
1991 1310 2121 1344 dimica«

1156 1362 1219 1386 ret,
1240 1354 1273 1383 in
1292 1353 1392 1384 nostra
1407 1355 1469 1384 acie
1488 1353 1591 1384 Castor
1610 1374 1619 1388 ,
1639 1353 1672 1384 δε
1690 1353 1801 1384 Pollux
1819 1363 1859 1383 ex
1880 1354 1964 1393 equis
1987 1362 2121 1394 pugnare

1155 1394 1211 1425 visl
1229 1395 1313 1426 sunt:
1335 1395 1368 1426 &
1378 1398 1545 1426 recentiore
1555 1397 1703 1426 memoria
1711 1395 1806 1425 iidem
1816 1394 1999 1435 Tyndaridae
2012 1397 2120 1428 Persen

1156 1436 1274 1467 vietum
1287 1439 1512 1468 nuntiaverunt.
1536 1440 1569 1468 P.
1580 1439 1664 1468 enim
1672 1439 1819 1468 Vatienus
1830 1457 1839 1470 ,
1860 1446 1933 1466 avus
1942 1437 2033 1475 hujus
2042 1438 2120 1469 ado-

1155 1478 1296 1509 leicentis
1314 1499 1324 1513 ,
1354 1478 1427 1509 cum
1447 1478 1659 1519 e-praefeffmra
1676 1481 1804 1510 Reatina
1824 1480 1959 1508 Romam
1977 1480 2117 1511 venienti

1157 1519 1252 1551 noan
1263 1520 1325 1551 duo
1332 1522 1460 1560 juvenes
1469 1531 1540 1551 curn
1552 1523 1636 1562 equis
1647 1521 1722 1551 albis
1731 1519 1877 1550 dixiffent
1889 1539 1896 1552 ‚
1917 1522 2034 1560 Regem
2046 1524 2120 1551 Per-

1155 1562 1208 1592 sen
1226 1562 1282 1591 illo
1299 1561 1349 1592 die
1369 1571 1490 1602 captum
1502 1581 1511 1596 ,
1531 1563 1644 1592 senatui
1661 1563 1812 1592 nuntiavit
1824 1580 1832 1593 ‚
1852 1560 1998 1600 &primo
2010 1581 2019 1594 ,
2037 1561 2122 1604 quass

1155 1603 1255 1632 temer&
1271 1603 1304 1632 de
1320 1611 1373 1645 rep.
1396 1604 1506 1633 locutus
1518 1624 1526 1637 ,
1547 1605 1581 1634 in
1600 1613 1748 1634 carcerem
1757 1600 1914 1642 conjeaus
1924 1603 1966 1632 est
1980 1603 2081 1643 :post,
2101 1604 2118 1637 'z

1154 1645 1258 1676 Paullo
1276 1645 1384 1676 litteris
1397 1645 1512 1679 allatis,
1530 1645 1603 1676 eum
1620 1646 1703 1675 idem
1714 1644 1778 1675 dics
1787 1641 1982 1675 constitisset:
2001 1645 2116 1688 &agro

1152 1687 1168 1717 a
1188 1687 1310 1721 senatu,
1331 1687 1365 1718 &
1383 1690 1540 1718 vacatione
1561 1687 1689 1718 donatus
1709 1685 1760 1717 est·
1784 1690 1882 1726 Atque
1891 1687 1980 1716 etiam
1995 1686 2068 1718 cum
2078 1687 2117 1719 ad

1152 1727 1285 1760 fluvium
1304 1732 1424 1770 Sagram
1447 1731 1638 1760 Crotoniatas
1647 1730 1738 1760 Locri
1751 1730 1893 1758 maximo
1907 1729 2016 1767 proelio
2028 1728 2118 1760 devi-

1151 1769 1255 1801 cifl'ent
1265 1791 1274 1804 ‚
1295 1781 1333 1801 eo
1352 1772 1416 1810 ipso
1425 1771 1474 1801 die
1483 1771 1615 1801 auditam
1628 1770 1687 1801 ess‘e
1696 1780 1761 1801 eam
1771 1778 1902 1811 pugnam
1913 1770 1992 1800 ludis
2004 1771 2117 1811 Olym-

1149 1814 1226 1852 piae,
1248 1815 1406 1842 memoriae
1424 1813 1582 1852 proditum
1603 1811 1654 1843 est.
1677 1815 1759 1852 Saepe
1779 1814 1950 1842 Faunorum
1961 1822 2117 1844 vocesex-

1150 1853 1347 1893 auditae,saepe
1358 1854 1428 1884 visae
1439 1853 1545 1884 formae
1556 1854 1840 1895 deorum‚quemvis
1851 1862 1915 1882 non
1923 1862 1972 1884 aut
1980 1853 2114 1890 hebetem,

1147 1903 1197 1925 aut
1209 1896 1341 1937 impium,
1355 1895 1428 1925 deos
1437 1896 1607 1935 praesenteis
1617 1894 1675 1925 effe
1686 1894 1826 1926 confiteri
1840 1895 2012 1935 coegerunt.
2035 1899 2112 1928 Prae-

1150 1936 1302 1968 distiones
1319 1936 1414 1971 vero,
1440 1937 1473 1967 δεῖ
1493 1936 1704 1977 praesenfiones
1729 1947 1830 1968 rerum
1850 1935 2017 1968 futurarum
2037 1939 2113 1979 quid.

1148 1979 1230 2010 aliud
1248 1979 1398 2010 declarant
1415 1999 1423 2013 ‚
1447 1978 1502 2009 nisi
1520 1980 1699 2010 hominibus
1716 1989 1748 2010 ca
1765 1998 1776 2013 ,
1795 1988 1861 2020 quae
1884 1977 1960 2014 sint,
1980 1979 2114 2017 ostendi,

1150 2020 1320 2056 monstrari,
1330 2021 1481 2062 portendi,
1491 2021 1615 2061 praedici
1629 2025 1640 2051 ?
1649 2032 1687 2052 ex
1696 2032 1759 2062 quo
1769 2021 1821 2051 illa
1830 2019 1956 2056 ostenta,
1966 2018 2113 2058 monstra,

1149 2072 1285 2104 portenta
1299 2083 1308 2097 ‚
1328 2064 1463 2105 prodigia
1483 2064 1634 2094 dicuntur.
1659 2063 1749 2106 Qod
1773 2062 1793 2092 si
1818 2073 1849 2094 ea
1872 2063 1941 2094 fi&a
1957 2064 2114 2095 credimus

1148 2107 1271 2136 licentia
1290 2105 1459 2137 fabularum
1473 2126 1481 2138 ,
1505 2106 1668 2146 Mopsum,
1688 2104 1834 2136 Tiresiam
1850 2125 1858 2139 ‚
1879 2107 2112 2146 Amphiaraum,

1149 2148 1342 2179 Calchantem
1353 2169 1362 2182 ,
1388 2149 1542 2178 Helenum
1556 2159 1561 2177 :
1580 2158 1656 2189 quos
1669 2157 1770 2178 tamen
1780 2157 1905 2190 augures
1916 2157 1953 2178 ne
1964 2148 2032 2188 ipsa:
2042 2150 2113 2190 qui-

1150 2189 1220 2220 dem
1231 2190 1339 2221 fabulae
1349 2188 1517 2221 ascivissent
1527 2210 1536 2224 ,
1555 2188 1575 2219 fi
1588 2200 1633 2221 res
1645 2192 1777 2220 omnino
1787 2190 1979 2230 repudiarent
1991 2200 1996 2219 :
2015 2201 2053 2220 ne
2062 2191 2112 2221 do-

1150 2230 1264 2268 mesticis
1288 2232 1404 2274 quidem
1414 2232 1540 2273 exemplis
1550 2230 1625 2261 dod‘h'
1638 2252 1647 2267 ‚
1667 2242 1785 2262 numen
1795 2231 1922 2263 deorum
1931 2232 2113 2272 comproba·
2148 2235 2151 2237 ’

1149 2274 1272 2304 bimus?
1293 2275 1374 2304 nihil
1392 2284 1449 2304 nos
1459 2277 1489 2305 P.
1500 2274 1638 2309 Claudii,
1658 2274 1741 2305 bello
1750 2275 1865 2305 Punico
1875 2276 1976 2314 primo
1986 2276 2111 2305 temeri-

1148 2324 1189 2347 tas
1207 2316 1347 2348 movebit
1364 2336 1373 2351 ,
1398 2318 1450 2357 qui
1473 2319 1562 2346 etiarn
1581 2326 1635 2357 per
1647 2317 1754 2356 jocum
1773 2316 1846 2346 deos
1863 2315 1988 2346 irridens
2000 2336 2008 2350 ‚
2032 2315 2109 2349 cum

1148 2368 1237 2389 cavea
1255 2358 1371 2389 liberati
1389 2359 1467 2399 pulli
1478 2368 1541 2388 non
1551 2359 1740 2399 pascerentur
1755 2377 1764 2392 ,
1790 2360 1884 2399 mergi
1895 2368 1946 2388 eos
1957 2360 1989 2388 in
1998 2368 2108 2399 aquam

1148 2399 1250 2441 juffit;
1270 2409 1305 2430 ut
1324 2400 1447 2431 biberent
1460 2420 1469 2435 ‚
1489 2401 1625 2442 quoniam
1642 2400 1690 2438 eff}
1707 2401 1817 2430 nollent.
1841 2402 1892 2441 qui
1905 2400 1980 2430 risus
1992 2421 2000 2434 ,
2018 2398 2107 2441 classe

1147 2442 1266 2474 devi&a
1275 2463 1284 2478 ,
1303 2443 1413 2473 multas
1424 2441 1476 2483 ipsi
1485 2444 1628 2483 lacrymas
1639 2463 1647 2476 ‚
1662 2452 1800 2484 magnam
1812 2442 1926 2482 populo
1937 2443 1975 2472 R.
1986 2440 2106 2473 cladem

1148 2485 1256 2516 attulit.
1287 2485 1370 2527 Qid
1388 2488 1399 2514 ?
1421 2485 1534 2526 collega
1550 2486 1614 2521 ejus
1634 2486 1746 2526 Junius
1767 2485 1875 2514 eodem
1896 2483 1978 2513 bello
1999 2493 2106 2514 nonne

1147 2526 1322 2568 tempestate
1340 2525 1460 2557 class'em
1482 2525 1599 2559 amisit,
1623 2526 1695 2556 cum
1717 2526 1855 2565 auspiciis
1871 2535 1935 2556 non
1955 2524 2111 2565 paruisset?

1145 2573 1244 2610 itaque
1267 2572 1298 2600 P.
1309 2569 1451 2600 Claudius
1466 2569 1482 2599 a
1502 2569 1616 2609 populo
1634 2567 1904 2599 condemnatusest
1916 2569 2040 2609 :Junius
2052 2569 2108 2598 ne-‘

1145 2621 1212 2642 cem
1237 2609 1290 2642 fibi
1307 2611 1369 2651 ipse
1386 2611 1544 2641 conscivit.
1581 2613 1613 2640 C.
1636 2611 1823 2640 Flaminium
1841 2610 1952 2640 Caelius
1975 2609 2107 2650 religione

1149 2651 1273 2694 neglesta
1291 2651 1430 2684 cecidisse
1450 2653 1528 2693 apud
1549 2651 1781 2682 Thrasimenum
1802 2652 1979 2682 scribitcum
1993 2662 2106 2694 magno

1146 2698 1219 2736 reip.
1233 2696 1369 2726 vulnere.
1393 2697 1531 2736 Qorum
1544 2696 1639 2724 exitio
1652 2694 1779 2735 intelligi
1792 2693 1888 2734 potest
1897 2715 1905 2728 ,
1916 2703 2009 2723 eorum
2018 2694 2108 2735 impe-

1148 2738 1195 2767 ria
1212 2746 1295 2779 remp.
1316 2737 1544 2779 amplificatam,
1571 2736 1622 2777 qui
1631 2734 1809 2776 religionibus
1816 2735 1977 2777 paruiffinr.
2004 2739 2061 2770 Et,
2082 2734 2105 2766 st

1145 2779 1282 2810 conferre
1304 2780 1447 2810 volumus
1464 2778 1563 2809 nostra
1583 2788 1653 2808 eum
1671 2780 1803 2809 externis
1815 2798 1823 2812 ‚
1842 2780 1948 2808 ceteris
1957 2777 2044 2808 rebus
2053 2786 2106 2809 aut

1144 2831 1245 2862 pares,
1268 2830 1317 2852 aut
1336 2820 1595 2852 etiaminfei·iores
1604 2822 1799 2860 reperiemur:
1820 2820 1966 2862 religione
1980 2840 1989 2854 ‚
2008 2818 2103 2855 idest,

1144 2864 1227 2894 cultu
1249 2864 1396 2897 deorum,
1417 2864 1516 2893 multo
1535 2863 1712 2902 superiores.
1738 2866 1785 2893 An
1804 2864 1880 2892 Attii
1898 2863 1990 2892 Navii
2009 2862 2104 2893 lituus

1142 2905 1214 2940 ille,
1235 2916 1296 2947 quo
1314 2906 1349 2936 ad
1368 2904 1609 2945 investigandum
1628 2905 1711 2934 suem
1733 2905 1870 2946 regiones
1891 2905 1988 2934 vineae
1997 2906 2106 2934 termi-

1148 2950 1232 2978 navit
1249 2968 1258 2981 ,
1284 2948 1526 2978 contemnendus
1548 2946 1609 2977 est?
1631 2947 1805 2980 crederem,
1824 2944 1880 2976 nifi
1899 2946 1962 2984 ejus
1984 2946 2104 2986 augurio

1141 2999 1196 3021 rex
1215 2989 1366 3021 Hostilius
1385 2991 1522 3021 maxima
1537 2988 1616 3020 bella
1632 2987 1769 3031 geffiss‘et.
1789 2988 1846 3020 sed
1855 2988 2104 3061 negligentiabnp-

2055 3041 2063 3060 ι
2079 3041 2105 3061 i·

218 3165 344 3200 Palatini,
357 3166 422 3194 item
434 3175 501 3194 uuus
511 3167 624 3196 Wouw.

138 3135 166 3155 1.

212 3129 304 3155 -vndcm
313 3130 416 3163 equidem
425 3130 515 3161 malleng
524 3130 635 3166 audire]
657 3133 701 3162 Est
711 3134 728 3162 ὸ.
736 3132 896 3163 Victor-iano
906 3142 916 3167 5
933 3142 1019 3170 neque
1028 3132 1107 3162 aliter

1181 3140 1211 3159 ι.
1231 3133 1275 3158 Sed
1292 3142 1349 3159 meo
1367 3133 1478 3169 audire]
1500 3133 1567 3166 Paliy
1581 3133 1662 3161 nostri
1673 3152 1682 3167 ‚
1700 3133 1868 3169 aliorumque
1879 3151 1888 3166 ‚
1908 3131 1992 3160 veteri
2004 3120 2107 3157 ratione

1126 3150 1129 3203 Ι
1144 3168 1279 3199 scribendi
1290 3170 1370 3197 habco.
1821 3182 1823 3184 ·
2094 3174 2098 3177 ”

1463 3208 1664 3234 cccccccz.
2020 3203 2112 3229 κλῶν-
