2297 3389
138 801 184 841 65
200 804 237 834 ab
249 804 305 834 illo
316 805 418 835 socero
430 806 493 841 ejus
505 824 512 837 ‚
532 808 546 823 2
557 804 589 833 &
606 804 642 833 ab
659 805 718 832 hoc
733 800 837 831 assecla
853 801 1037 841 negligatur?
1059 803 1097 830 Et
1105 810 1157 830 co-

670 146 982 191 OR-A-‘rio
1053 158 1192 190 1³¹Ro

207 219 780 267 inquibbeffiarios:lexestsci·iptade
789 222 1010 263 gladiatoribus.
1034 221 1160 253 Festive.
1183 232 1193 283 [

207 270 344 308 Accipite
361 265 474 307 aliquid
492 267 582 294 etiam
601 273 724 294 acutius.
748 264 822 294 dicit
841 264 869 294 se
888 274 950 294 non
968 263 1158 306 gladiatores,

207 309 258 340 sed
270 318 364 339 unum
375 307 569 348 gladiatorem
581 305 647 336 dare
657 324 666 338 ,
688 305 726 335 &-
737 315 831 336 totam
847 306 1022 336 aedilitatem
1040 307 1073 334 in
1092 314 1160 334 mu-

207 360 265 380 nus
280 352 336 380 hoc
346 346 533 379 transtulisse.
556 347 692 377 Praeclara
704 347 835 377 aedilitas.
862 357 938 377 unus
955 347 1020 376 leo:
1040 345 1162 376 ducenti

206 391 343 422 bestiarii.
367 387 481 418 Verum
501 397 598 418 utatur
615 390 670 418 hac
688 388 875 418 defensione:
898 389 989 427 cupio
1007 397 1079 418 eum
1102 387 1161 416 suae

205 433 296 463 causae
314 428 473 461 confidere.
497 430 579 459 Solet
597 432 682 460 enim
702 430 837 460 tribunos
853 430 932 470 pleb.
942 429 1086 469 appellare
1098 448 1106 461 ‚
1128 428 1161 457 &

204 477 236 503 vi
248 472 395 512 J'udicium
412 470 591 504 disturbare,
612 481 683 501 cum
694 471 815 502 diffidit.
839 481 931 512 quem
947 480 1011 501 non
1031 479 1092 500 tam
1110 469 1160 499 ad-

203 512 422 553 mirorsquod
434 523 534 542 meam
546 514 846 554 legem-contemnat,
868 514 1003 543 hominis
1022 513 1155 544 inimici,

202 555 292 596 quam
311 554 395 595 quod
415 554 443 584 se
463 553 563 584 statuit
579 557 712 584 omnino
727 556 916 585 consularem
931 555 1027 594 legem
1043 554 1158 582 nullam

202 605 312 636 putare.
328 600 347 631 ,¹
357 597 488 626 Aciliam
499 616 507 630 ,
520 596 644 626 Didiam
656 616 664 630 ,
677 599 828 627 Liciniam
838 617 846 630 ‚
856 597 978 638 Juniam
989 592 1157 625 contemsit.

203 638 437 678 Etiamne-ejus,
458 648 550 679 quem
567 639 618 668 sua
634 639 698 678 lege
711 659 720 671 ,
741 639 773 668 δε
784 639 837 668 suo
847 635 994 667 beneficio
1005 645 1156 668 ornatum,

201 682 359 709 munitum
371 700 380 712 ‚
402 689 549 710 armatum
568 680 642 709 solet
660 681 798 720 gloriari,
819 682 850 709 C.
863 678 979 708 Caesaris
1002 678 1099 717 legem
1113 676 1156 723 ‘de

199 723 336 760 pecuniis
348 721 518 761 repetundis
527 741 535 754 ,
550 731 613 751 non
623 720 770 760 putatesl'e
779 722 899 760 legem?
919 721 957 748 Et
966 719 1050 764 ajunt
1061 737 1069 751 ‚
1081 719 1157 747 alios

201 761 259 792 este
268 782 276 796 ,
297 765 350 803 qui
359 762 421 793 aista
431 763 549 793 Caesaris
559 762 741 794 rescindant,
760 761 832 790 cum
844 762 905 789 liaec
914 768 1030 798 optima
1042 759 1091 788 lex
1102 778 1110 792 ,
1123 759 1156 788 δε

200 846 313 876 hortari
322 847 407 876 ausus
416 845 458 876 est
469 846 615 875 accusator
624 846 658 873 in
669 845 720 873 hac
729 842 813 872 causa
823 852 877 872 vos
888 862 896 875 ,
913 841 1028 881 judices
1038 861 1047 876 ³
1059 851 1092 872 ut
1102 842 1158 871 ali-

199 887 321 928 quando
340 887 436 917 effetis
448 886 540 926 fi’veri
557 906 565 918 ‚
593 884 753 925 aliquando
772 883 954 914 medicinam
974 883 1154 913 adhiberetis

200 931 273 968 reip.
298 932 372 959 Non
392 939 449 958 iss-r
465 938 497 957 ea
507 927 673 960 medicina,
685 925 758 956 curn
769 926 842 956 sanae
855 927 929 966 parti
939 927 1073 965 corporis
1084 925 1156 955 scal—

199 971 313 1010 pellum
325 970 500 1002 adhibetur,
520 977 606 1008 atque
623 970 761 1009 integrae:
779 967 952 997 carnificina
970 966 1013 996 est
1028 966 1100 1000 ista,
1121 967 1154 996 δε

199 1012 366 1042 crudelitas.
389 1011 420 1040 hi
433 1010 590 1040 medentur
600 1012 672 1049 reip.
681 1011 734 1050 qui
744 1010 880 1039 exsecant
888 1007 1003 1048 pestem
1011 1009 1153 1048 aliquam,

198 1061 339 1093 tanquam
350 1050 494 1082 strumam
504 1053 643 1081 civitatis.
666 1051 722 1082 Sed
734 1071 742 1084 ,
762 1060 795 1081 ut
804 1060 974 1094 extremum
986 1050 1089 1080 babeat
1099 1050 1153 1079 ali-

195 1096 269 1134 quid
288 1096 384 1124 oratio
403 1103 489 1126 mea,
513 1093 545 1123 δε
565 1102 598 1123 ut
614 1103 670 1133 ego
689 1093 758 1122 ante
779 1092 899 1122 dicendi
920 1094 1012 1122 linem
1033 1091 1151 1125 faciam,

195 1135 288 1175 quam
309 1144 365 1164 vos
383 1145 434 1164 me
451 1144 510 1164 tam
523 1136 640 1165 >attente
658 1134 820 1167 audiendi,
840 1134 1020 1164 concludam
1032 1133 1107 1163 illud
1117 1133 1153 1163 de

194 1176 391 1216 optimatibus
402 1196 410 1210 ,
422 1186 588 1217 eorumque
596 1176 782 1216 principibus
792 1196 800 1208 ‚
812 1186 844 1205 ac
853 1178 924 1215 reip.
935 1174 1152 1205 defensoribus:

193 1218 324 1258 vosque,
341 1218 544 1248 adolescentes
555 1237 564 1251 ,
580 1218 612 1248 &
624 1238 633 1250 2
653 1220 706 1258 qui
716 1218 835 1247 nobiles
846 1216 932 1250 estis,
955 1217 989 1247 ad
1001 1217 1150 1256 majorum
1170 1239 1171 1242 η

192 1258 328 1290 vestrum
338 1261 545 1290 imitationem-
556 1259 693 1289 excitabo
703 1279 712 1293 ‚
735 1259 768 1289 &
778 1261 829 1299 qui
839 1259 964 1300 ingenio
974 1278 982 1292 ,
1001 1259 1033 1288 &
1045 1261 1151 1288 virtute

194 1301 387 1331 nobilitatem
400 1300 525 1341 >potestis
536 1302 696 1341 consequi,
716 1301 750 1331 ad
771 1311 836 1330 eam
853 1302 1001 1330 rationem
1014 1320 1022 1333 ,
1042 1302 1076 1329 in
1094 1310 1152 1340 qua

193 1343 286 1372 multi
302 1343 442 1373 homines
458 1345 530 1372 novi
546 1343 578 1372 &
596 1343 710 1371 honore
723 1362 731 1375 ,
751 1342 885 1381 &gloria
896 1340 1079 1374 floruerunt,
1099 1351 1151 1371 co·

194 1384 346 1414 hortabor.
371 1387 445 1413 Haec
456 1383 497 1413 est
506 1395 563 1412 una
572 1384 624 1412 via
634 1403 642 1416 ,
654 1384 732 1412 mihi
742 1384 853 1413 credite
862 1403 871 1417 ,
887 1383 1025 1413 &laudis
1035 1403 1043 1416 ,
1060 1383 1094 1413 Sc
1104 1383 1145 1413 di-

194 1427 314 1467 gnitatis
324 1445 333 1459 ,
354 1426 387 1455 &
397 1427 524 1455 honoris
537 1436 542 1454 1
563 1425 579 1455 a
595 1425 684 1455 bonis
694 1426 766 1454 viris
777 1444 785 1455 ‚
808 1425 987 1464 sapientibus
1000 1445 1008 1458 ,
1030 1425 1063 1454 ἄ
1074 1425 1150 1455 bene

193 1463 297 1498 natura
306 1466 476 1497 constitutis
488 1487 497 1501 ‚
515 1466 644 1499 laudari,
663 1466 696 1496 «Sc
706 1466 792 1507 diligi
805 1477 810 1495 τ
829 1465 912 1496 nosse
923 1466 1149 1506 discriptionem
1167 1476 1169 1508 ξ

191 1510 319 1538 civitatis
333 1528 341 1542 ,
364 1509 380 1539 a
400 1508 565 1547 majoribus
584 1507 693 1538 nostris
710 1506 924 1548 sapientissime
946 1507 1151 1538 constitutam:
1167 1510 1170 1521 ³

190 1551 244 1591 qui
261 1549 332 1580 cum
351 1560 454 1591 regum
472 1549 648 1591 potestatem
665 1548 873 1580 nontulifl'ent
884 1570 893 1583 ,
914 1552 952 1579 ita
962 1549 1150 1592 magistratus

188 1601 309 1622 annuos
320 1601 491 1623 creaverunt
501 1613 508 1626 ,
527 1601 560 1622 ut
568 1591 728 1622 consilium
741 1592 856 1621 senatus
866 1593 937 1631 reip.
947 1601 1150 1632 proponerent

191 1634 410 1675 sempiternum
421 1654 429 1670 ‚
451 1634 650 1678 deligerentur
663 1642 763 1665 autem
778 1633 850 1663 inid
862 1632 1021 1663 confilium
1033 1633 1069 1664 ab
1079 1636 1149 1663 uni-

187 1677 276 1708 verso
294 1679 424 1719 populo,
445 1678 600 1719 aditusque
618 1679 651 1708 in
669 1676 759 1707 illum
778 1676 933 1707 summum
952 1675 1090 1706 ordinem
1113 1686 1148 1706 o-

191 1721 315 1750 mnium
324 1721 439 1751 civium
450 1718 603 1756 industria,
625 1731 657 1751 ac
666 1720 774 1751 virtuti
782 1729 904 1762 pateret.
927 1719 1062 1752 senatum
1074 1721 1147 1762 reip.

187 1760 356 1795 custodem,
369 1761 792 1805 praefidem‚propugnatorem
802 1765 1024 1794 collocaverunt
1039 1774 1044 1793 2
1057 1765 1149 1803 hujus

190 1802 308 1831 ordinis
317 1803 491 1834 au&oritate
500 1807 542 1834 uti
557 1805 743 1846 magistratus
753 1825 761 1839 ,
784 1805 817 1835 &
827 1805 905 1846 quasi
917 1805 1072 1835 ministros
1082 1816 1147 1847 gra-

189 1841 302 1873 viffimi
312 1844 428 1875 consilii
438 1844 496 1875 effe
505 1847 683 1876 voluerunt:
696 1847 830 1877 senatum
840 1856 938 1877 autem
950 1848 1047 1886 ipsum
1058 1867 1065 1880 ,
1075 1857 1147 1887 pro-

128 1911 134 1916 ,
189 1885 348 1915 ximorum
366 1886 509 1917 ordinum
528 1888 684 1927 splendore
702 1887 893 1918 confirmari:
913 1889 1009 1928 plebis
1028 1889 1145 1919 liberta-

127 1925 173 1958 66
192 1934 253 1955 tem
262 1945 270 1960 ,
283 1926 488 1958 &commoda
498 1931 593 1962 tueri,
603 1938 689 1969 atque
699 1939 801 1970 augere
811 1926 985 1960 voluerunt.
1003 1933 1083 1960 ,Haec
1094 1931 1146 1970 qui

190 1977 244 2007 pro
261 1968 343 1997 virili
360 1977 440 2008 parte
458 1969 642 2003 defendunt,
663 1971 810 2010 optimates
823 1971 908 2004 sunt,
932 1972 1147 2012 cujuscumque

190 2006 248 2038 sint
256 2009 387 2039 ordinis:
409 2012 459 2051 qui
471 2019 573 2040 autem
586 2014 734 2051 praecipue
747 2011 805 2041 suis
815 2012 979 2041 cervicibus
988 2020 1068 2042 tanta
1077 2023 1147 2042 mu-

188 2052 239 2080 nia
251 2070 259 2083 ‚
280 2060 367 2092 atque
378 2052 594 2091 rempublicam
606 2052 771 2086 sustinent,
791 2054 813 2082 ii
831 2053 947 2093 semper
966 2054 1059 2083 habiti
1078 2054 1147 2084 sunt

187 2093 383 2130 optimatium
392 2096 539 2133 principes
549 2113 557 2127 ,
569 2093 701 2124 auum-es
710 2114 718 2127 ‚
732 2094 763 2124 &
773 2094 994 2125 conservatores
1005 2097 1143 2125 civitatis.

142 2135 157 2139 “
186 2134 270 2163 Huic
279 2135 442 2165 hominum
453 2138 554 2175 generi
564 2135 657 2166 fateor
670 2156 677 2168 ,
699 2145 730 2166 ut
739 2137 807 2166 ante
820 2136 903 2170 dixi,
916 2138 1031 2167 multos
1040 2137 1144 2167 adver-

185 2174 276 2205 farios
288 2195 296 2208 ‚
318 2178 477 2210 inimicos,
497 2177 622 2208 invidos
640 2176 698 2208 effe
709 2198 720 2211 ‚
742 2179 839 2208 multa
856 2180 985 2218 proponi
1001 2180 1145 2219 pericula,

186 2218 201 2243 3
211 2217 320 2247 multas
330 2217 435 2248 inferri
446 2219 568 2255 injurias
579 2238 587 2253 ,
608 2229 733 2260 magnos
745 2219 802 2249 effe
812 2220 1015 2260 experiundos
1026 2221 1058 2251 δε
1071 2221 1144 2250 sub—

184 2257 303 2289 eundos
316 2259 448 2289 labores:
469 2260 517 2290 sed
533 2262 612 2291 mihi
632 2263 735 2291 omnis
754 2263 849 2292 oratio
869 2261 912 2292 est
928 2272 999 2292 cum
1020 2265 1142 2296 virtute,

184 2309 250 2330 non
261 2310 331 2330 cum
343 2300 468 2331 desidia:
480 2310 549 2332 cum
561 2302 704 2343 dignitate
716 2323 724 2335 ,
736 2313 800 2333 non
810 2313 880 2333 cum
888 2304 1042 2343 voluptate
1054 2314 1058 2332 z
1070 2314 1140 2334 cum

184 2341 224 2371 iis
234 2361 243 2375 ,
261 2342 351 2383 quise
361 2345 461 2383 patriae
472 2363 482 2376 ,
500 2345 623 2383 quisuis
634 2345 749 2374 civibus
760 2364 768 2377 ,
783 2347 835 2385 qui
845 2345 924 2375 laudi
936 2365 944 2378 ,
963 2348 1015 2386 qui
1026 2346 1140 2386 glome,
1160 2359 1162 2385 g

183 2392 250 2413 non
263 2385 315 2424 qui
328 2384 437 2414 somno
447 2404 456 2418 ‚
480 2385 512 2415 &
527 2387 679 2415 conviviis
691 2406 698 2419 ‚
722 2387 754 2416 &
766 2385 958 2416 dele&ationi
970 2397 1054 2417 natos
1063 2388 1143 2417 arbi-

184 2432 306 2454 trantur.
330 2427 430 2460 Nam,
450 2425 524 2467 fiqui
540 2428 745 2467 voluptatibus
763 2428 932 2462 ducuntur,
952 2429 987 2458 &
1001 2429 1030 2458 se
1047 2430 1142 2459 vitio-

181 2475 250 2495 rum
261 2465 418 2502 illecebris,
431 2468 463 2498 &
473 2468 672 2508 cupiditatum
684 2469 847 2500 lenociniis
856 2470 1036 2501 dediderunt
1048 2480 1054 2499 :
1066 2472 1132 2501 mis
1128 2487 1142 2493 ·

182 2507 232 2537 sos
245 2506 351 2538 faciant
365 2510 495 2540 honores
506 2522 515 2545 3
537 2521 574 2541 ne
587 2513 733 2552 attingant
743 2511 973 2551 rempublicam.
992 2513 1141 2552 patiantur

181 2550 266 2578 viros
274 2548 378 2580 forteis
387 2550 486 2582 labore
498 2572 506 2585 ‚
523 2552 549 2581 se
560 2554 624 2582 otio
636 2553 688 2582 suo
699 2552 820 2592 perfrui.
846 2555 907 2594 Qii
916 2562 1016 2583 autern
1027 2553 1139 2584 bonam

181 2589 295 2620 rumam
308 2591 536 2634 bonorum‚quae
547 2594 608 2624 sola
617 2594 686 2624 vere
695 2594 948 2633 glortanominari
959 2594 1056 2634 potest
1064 2615 1072 2628 ³
1086 2606 1141 2626 ex-

181 2640 308 2671 petunt,
328 2633 395 2663 aliis
411 2637 510 2665 otium
527 2646 656 2676 quaercre
669 2635 780 2666 debent
792 2656 800 2670 ‚
825 2636 857 2665 &
871 2637 1055 2676 voluptates,
1075 2647 1140 2668 non

184 2671 250 2703 fibi.
273 2674 436 2705 sudandum
453 2676 495 2706 est
510 2678 556 2707 his
573 2687 627 2717 pro
643 2677 864 2708 communibus
874 2678 1048 2708 commodis
1059 2698 1068 2712 ‚
1087 2679 1139 2709 ad-

181 2715 288 2745 eundae
296 2719 466 2748 inimicitiae
477 2738 487 2751 ‚
504 2718 746 2759 subeundaesaepe
756 2729 810 2759 pro
821 2719 971 2759 republica
981 2719 1140 2760 tempesta-

182 2764 243 2786 tes:
263 2767 334 2787 cum
345 2759 449 2789 multis
459 2759 617 2790 audacibus
627 2781 635 2794 ,
657 2762 808 2801 improbis
819 2781 827 2794 ‚
848 2771 1082 2802 nonnumquam
1094 2772 1138 2792 et—

177 2798 237 2827 iam
253 2800 427 2838 potentibus
438 2820 447 2834 ,
469 2801 689 2833 dimicandum.
713 2805 787 2833 Haec
801 2802 972 2832 audivimus
988 2805 1025 2833 de
1038 2804 1137 2834 claris·

176 2836 322 2871 fimorum
331 2843 465 2873 virorum
476 2842 608 2874 consiliis
616 2864 625 2879 ,
639 2843 783 2877 &faetlffi
800 2846 863 2875 haec
874 2846 1043 2885 accepimus
1054 2865 1062 2879 ‚
1074 2845 1137 2876 haec

1262 142 1306 189 P.
1374 144 1672 193 SEXTi'o.
2070 164 2162 217 509

1205 222 1342 262 legimus.
1365 232 1463 264 neque
1474 235 1523 255 eos
1535 225 1564 255 in
1574 226 1761 269 laudepofitos
1769 228 1926 265 videmus,
1938 231 1989 272 qui
1998 231 2162 263 incitarunt

1202 264 1362 303 aliquando
1371 266 1477 305 populi
1488 269 1608 298 animos
1616 269 1651 299 ad
1662 271 1843 303 seditionem
1854 292 1871 307 ‚,
1879 282 1930 303 aut
1938 274 1990 314 qui
2001 272 2158 314 largitione

1202 314 1347 350 ceecarunt
1358 309 1487 337 menteis
1496 311 1708 349 imperitorum
1719 332 1727 346 ,
1747 323 1795 344 aut
1808 316 1860 355 qui
1872 313 1977 344 forteis
1988 334 1997 348 ‚
2020 315 2053 345 &
2062 316 2157 345 claros

1202 354 1282 375 viros
1294 366 1302 378 ,
1327 347 1359 376 δε
1374 348 1449 377 bene
1463 349 1499 379 de
1513 351 1663 390 republica
1676 357 1800 385 meritos
1814 359 1846 386 in
1860 356 2006 386 invidiam
2023 357 2154 397 aliquam

1203 395 1394 433 vocaverunt.
1420 391 1526 420 Leve‘is
1547 394 1602 422 hos
1621 394 1736 435 semper
1755 397 1850 427 nosti-i
1871 399 2014 428 homines
2026 417 2034 432 ‚
2056 399 2088 428 δε
2101 409 2155 429 au-

1203 426 1372 476 daceisg&
1393 432 1506 465 malos,
1528 434 1559 462 δε
1581 438 1761 473 perniciosos
1780 441 1874 469 civeis
1894 449 2082 479 putaverunt.
2114 443 2155 471 At

1201 477 1274 514 vero
1283 478 1333 508 qni
1344 470 1417 500 horu
1422 475 1593 516 tri-impetus
1604 496 1612 508 ,
1629 477 1662 507 δε
1672 488 1795 510 conatus
1806 480 2019 521 repress'erunt:
2038 483 2090 522 qui
2102 492 2155 512 aii-

1201 508 1335 556 &oritate
1347 529 1355 542 ,
1376 521 1427 556 qur
1444 514 1500 542 lide
1514 535 1521 546 ,
1542 519 1593 555 qui
1606 518 1770 551 constantia
1780 541 1788 555 ,
1808 525 1859 562 qui
1870 523 2078 564 magnitudine
2088 525 2155 554 ani-

1198 560 1242 597 ,¹3³¹
1253 570 1261 584 ‚
1278 549 1409 581 consiliis
1420 554 1576 598 audacium
1586 558 1772 591 restiterunt:
1789 565 1807 592 ii
1820 574 1919 601 graves
1931 585 1939 598 ,
1957 567 1980 594 ii
1989 567 2151 605 principes,

1196 602 1219 621 ii
1233 592 1322 637 duces
1335 612 1344 625 ,
1366 595 1413 621 ÷ii
1431 595 1566 625 :insitorcs
1582 599 1670 638 hujus
1689 603 1804 633 ordinis
1819 598 1854 634 ¹&
1871 600 2023 636 <limitans
2034 626 2042 640 ,
2062 616 2150 648 atque

1197 635 1319 680 impei‘li
1332 634 1447 673 semper
1462 636 1641 669 habitisunt.
1685 647 1727 673 Ar.-
1738 664 1745 676 ς
1767 656 1803 675 ne
1820 649 1887 686 quis
1903 634 1942 677 ‘gx
1959 647 2061 678 nostro
2073 669 2081 682 ,
2101 657 2151 679 aut

1196 674 1367 722 aliquorum
1378 685 1515 715 praeterea
1525 679 1591 709 casu
1603 682 1621 709 h
1630 691 1677 712 inc
1689 687 1755 715 rita:
1769 690 1845 717 viam
1860 690 2032 729 pfrrimefiur
2043 701 2056 717 .·
2073 700 2152 720 unus

1196 725 1230 762 in
1243 717 1294 745 hac
1305 726 1424 747 civitate
1436 737 1444 750 ‚
1459 728 1550 758 quem
1560 722 1685 760 quidem
1695 736 1750 765 ego
1761 728 1865 766 poffim
1877 731 1974 760 dicere
1987 753 1997 765 ,
2015 732 2152 762 praeclare

1196 766 1243 803 vir
1254 758 1290 787 de
1300 758 1400 797 repub.
1414 769 1537 790 meritus
1546 781 1553 795 ,
1570 765 1604 791 L.
1621 766 1760 804 Opimius
1772 788 1779 800 2
1796 770 1998 803 ind-gniffime
2009 761 2152 803 {ont-ldie

1196 809 1280 837 cujus
1302 809 1542 844 monumentum
1560 804 1793 838 celeberrimum
1811 812 1842 840 iii
1859 804 1942 846 thro,
1963 814 2151 853 sepulchrum

1195 839 1424 871 desertissimum
1442 843 1474 872 in
1487 844 1588 874 littore
1598 848 1809 886 Dyrrhacii-ino
1824 853 1963 884 relifftum
1977 855 2030 885 est..
2055 860 2076 886 Α
2083 867 2153 898 tque

1196 882 1276 931 bunc
1290 891 1391 912 tamen
1405 883 1576 924 flagrantem
1590 889 1706 921 invidia
1719 901 1840 932 propter
1853 896 2006 926 interitum
2018 900 2048 927 C.
2060 900 2154 929 Grac-

1193 933 1243 953 cni
1263 943 1271 958 ,
1301 924 1420 964 semper
1437 927 1497 966 ipse
1513 930 1642 967 populus
1662 933 1756 963 Rom.
1775 937 1909 974 periculo
1927 938 2071 969 liberavit.
2095 941 2152 971 alia

1193 965 1330 1013 quaedam
1346 977 1447 1015 qvem
1463 973 1614 1010 egregium
1631 974 1728 1015 iniqui
1740 976 1845 1014 judicii
1859 979 1987 1018 procella
1998 985 2149 1019 pervertit.

1193 1016 1285 1054 ceteri
1303 1018 1374 1037 vei-o
1394 1018 1442 1038 aut
1458 1015 1612 1050 repentina
1624 1017 1654 1044 vi
1669 1016 1791 1055 perculsi
1803 1039 1810 1052 ‚
1830 1029 1861 1049 ac
1874 1021 2043 1060 tempestate
2055 1032 2150 1062 popu„

1193 1049 1266 1081 lari,
1286 1058 1337 1088 per
1350 1051 1496 1098 populum
1511 1062 1611 1084 tamen
1621 1057 1718 1096 ipsum
1731 1062 1846 1089 mereari
1858 1062 1926 1092 sunt
1938 1083 1946 1096 ‚
1967 1072 2152 1104 atquerevo·-

1193 1099 1267 1135 cati-t
1279 1101 1336 1138 'aut
1353 1101 1484 1122 omnino
1506 1096 1705 1133 invulnerati,
1726 1103 1924 1144 inviolatique
1938 1106 2088 1135 vixerunt.
2112 1110 2152 1136 At

1192 1137 1266 1178 vcro
1276 1143 1300 1162 ii
1310 1152 1318 1164 ,
1330 1135 1382 1173 qui
1392 1134 1508 1181 senatus
1515 1137 1675 1170 consilium
1685 1161 1694 1175 ,
1705 1145 1755 1182 qui
1764 1143 1973 1176 auetoritatem
1983 1146 2150 1180 bonorum.

1189 1183 1242 1220 qui
1252 1174 1386 1223 instituta
1396 1185 1547 1216 majorum
1561 1182 1776 1222 neglexerunt,
1790 1186 1822 1216 &
1833 1188 1979 1228 imperit-2:
1991 1208 1999 1222 ,
2015 1198 2151 1219 autcon-

1191 1224 1285 1263 citatae
1295 1217 1619 1260 multitudinijucundi
1630 1224 1687 1254 effe
1697 1227 1874 1258 voluerunt:
1892 1239 2002 1260 omnes
2018 1230 2080 1261 fere
2091 1233 2150 1260 rei-

1189 1257 1315 1296 publicae
1326 1268 1428 1309 poenas
1438 1271 1486 1292 aut
1496 1265 1631 1303 praesenti
1644 1276 1740 1298 morte
1751 1288 1759 1303 ,
1779 1279 1828 1300 aut
1843 1272 1921 1311 turpi
1936 1270 2041 1302 exsilio
2051 1273 2148 1314 depen-

1188 1299 1299 1349 derunt.
1323 1302 1412 1339 Qod
1425 1301 1443 1332 si
1455 1306 1530 1343 apud
1542 1308 1768 1344 Atlienienseis,
1782 1312 1923 1342 homines
1934 1316 2064 1348 Graecos,
2079 1316 2148 1344 lon-

1188 1351 1225 1382 ge
1243 1352 1259 1372 a
1275 1342 1450 1390 nostrorum
1467 1347 1631 1378 hominum
1650 1354 1790 1391 gravitate
1810 1354 1979 1394 disjunSlbs
1991 1375 2000 1389 ,
2020 1366 2082 1386 non
2095 1356 2148 1386 de-

1189 1392 1270 1413 erant
1279 1394 1330 1433 qui
1340 1387 1556 1426 rempublicam
1567 1400 1671 1421 contra
1680 1395 1784 1433 populi
1797 1398 1994 1427 temeritatem
2005 1397 2150 1428 defende-

1189 1434 1257 1454 rent
1267 1445 1275 1458 ,
1294 1436 1364 1472 cum
1376 1437 1485 1458 omnes
1497 1449 1505 1463 ‚
1527 1434 1578 1470 qui
1588 1433 1629 1462 ita
1638 1433 1769 1465 fecerant
1778 1455 1787 1469 ,
1806 1436 1823 1465 ὁ
1835 1439 1951 1468 civitate
1961 1439 2148 1478 ejicerentur:

1188 1464 1208 1494 si
1219 1468 1460 1516 Themistoclem
1471 1471 1559 1500 illum
1572 1492 1580 1506 ,
1599 1475 1945 1519 conservatorem-patriar
1957 1499 1965 1513 ‚
1984 1489 2046 1509 non
2056 1481 2148 1509 derer-

1190 1515 1249 1554 riur
1259 1520 1274 1538 a
1285 1510 1387 1548 repub.
1398 1510 1587 1544 defendenda
1597 1525 1651 1546 nec
1660 1518 1806 1548 Miltiadis
1816 1522 1964 1551 calamitas
1976 1541 1984 1555 ,
1998 1524 2050 1562 qui
2062 1523 2145 1552 illam

1188 1558 1339 1579 civitatem
1351 1552 1454 1597 paullp
1464 1554 1531 1584 ante
1544 1556 1684 1592 servaram
1697 1569 1752 1590 nec
1763 1560 1900 1592 Aristidis
1909 1562 1978 1604 fuga
1987 1583 1994 1596 ‚
2007 1566 2056 1604 qui
2069 1574 2148 1593 unus

1189 1592 1612 1641 omniumju'stiilimusfuifl'e
1622 1600 1761 1631 traditur:
1783 1601 1803 1631 fi
1820 1603 1921 1643 postea
1938 1605 2049 1635 summi
2066 1606 2147 1645 ejus*-

1187 1633 1259 1678 dem
1267 1642 1394 1664 civitatis
1404 1638 1460 1665 viti
1473 1656 1481 1670 ,
1500 1647 1577 1677 quos
1595 1644 1780 1673 nominatim
1793 1647 1933 1685 appellari
1950 1657 2014 1677 non
2033 1647 2075 1678 est
2091 1658 2148 1678 ne-

1186 1673 1260 1726 cciie
1276 1695 1285 1724 .'
1301 1676 1459 1717 propositis
1473 1688 1516 1710 t0t
1529 1684 1677 1723 exemplis
1691 1686 1871 1722 iracundiae,
1894 1689 2079 1731 levitatisque
2088 1700 2147 1730 po-

1187 1727 1297 1760 pularis
1307 1741 1316 1755 ,
1337 1728 1437 1753 tamen
1454 1721 1535 1755 suani
1557 1727 1694 1767 rempub.
1712 1728 1796 1759 illam
1819 1729 2018 1762 defenderunt
2038 1743 2043 1761 :
2069 1732 2143 1773 quid

1187 1772 1243 1792 nos
1254 1763 1373 1794 tandem
1385 1764 1480 1796 facere
1491 1766 1654 1803 debemus,
1674 1771 1810 1810 primum
1829 1774 1861 1802 in
1880 1783 1912 1804 ea
1930 1774 2050 1804 civitate
2070 1777 2144 1809 nati,

1187 1804 1266 1834 unde
1276 1815 1339 1835 orta
1350 1808 1577 1847 mihigravitaa,
1591 1811 1623 1840 &
1634 1813 1811 1852 magnitudo
1821 1816 1917 1844 animi
1927 1815 2045 1845 viderur
2055 1819 2065 1845 ?
2076 1824 2144 1846 tum

1185 1848 1218 1876 in
1229 1855 1308 1877 tanta
1316 1849 1409 1887 gloria
1419 1849 1584 1881 insistentes
1596 1872 1605 1885 >
1623 1863 1654 1883 ut
1669 1856 1772 1884 omnia
1785 1856 1916 1886 humana
1927 1857 2037 1887 leviora
2049 1858 2144 1887 videri

1185 1887 1331 1918 debeant?
1349 1889 1458 1920 deinde
1469 1911 1483 1925 ‚,
1497 1892 1531 1922 ad
1543 1903 1608 1923 eam
1619 1896 1756 1935 rempub.
1769 1897 1908 1926 tuendam
1920 1897 2038 1938 aggreffi
2049 1919 2059 1933 ,
2077 1909 2145 1939 quae

1187 1938 1264 1958 tanta
1274 1929 1415 1970 dignitate
1425 1932 1468 1962 est
1477 1953 1484 1965 ,
1501 1942 1535 1963 ut
1543 1944 1608 1964 eam
1619 1936 1832 1968 defendentem
1843 1938 1977 1968 occidere
1987 1949 2050 1970 non
2060 1940 2142 1970 aliud

1187 1969 1239 2003 sit,
1258 1981 1349 2011 quam
1360 1982 1582 2014 oppugnantem
1599 1987 1698 2007 rerum
1715 1981 1826 2018 potiri?
1870 1982 2021 2011 Homines
2033 1984 2140 2016 Graeci,

1186 2022 1263 2052 quos
1272 2022 1357 2043 antea
1368 2017 1525 2045 nominavi
1539 2036 1547 2049 ,
1560 2019 1663 2058 inique
1673 2020 1688 2049 a
1699 2020 1758 2050 suis
1767 2021 1883 2051 civibus
1893 2023 2042 2057 damnati,
2053 2033 2141 2064 atque

1185 2052 1299 2092 expulsi
1310 2075 1318 2088 ‚
1340 2063 1440 2100 tamen
1452 2076 1460 2090 ,
1479 2058 1548 2096 quia
1557 2058 1633 2089 bene
1644 2061 1711 2091 sunt
1720 2062 1755 2092 de
1768 2063 1826 2092 suis
1839 2065 2008 2094 civitatibus
2026 2068 2139 2100 meriti,

1184 2104 1262 2125 tanta
1278 2096 1368 2127 hodie
1380 2099 1475 2137 gloria
1493 2099 1561 2130 sunt
1574 2121 1582 2133 ,
1603 2111 1666 2132 non
1681 2105 1712 2132 in
1723 2106 1835 2135 Graecia
1851 2105 1949 2135 solum
1961 2127 1968 2138 ,
1988 2107 2037 2136 sed
2048 2109 2139 2137 etiam

1186 2137 1264 2176 apud
1276 2148 1331 2168 nos
1342 2158 1350 2172 ‚
1369 2148 1456 2180 atque
1466 2143 1496 2170 in
1507 2144 1610 2172 ceteris
1621 2147 1704 2174 terris
1716 2165 1724 2178 ‚
1745 2155 1777 2175 ut
1791 2156 1842 2176 eos
1855 2168 1863 2180 ,
1883 2147 1898 2177 ἐι
1909 2148 2017 2188 quibus
2027 2149 2072 2178 illi
2084 2159 2141 2189 op—

1185 2177 1269 2218 preffi
1283 2180 1351 2210 sunt
1360 2200 1369 2214 ‚
1389 2191 1483 2211 nemo
1493 2186 1634 2215 nominet
1647 2196 1652 2214 :
1671 2187 1780 2217 horum
1791 2190 1988 2219 calamitatem
2000 2189 2141 2221 domina-

1172 2222 1263 2250 ‘tioni
1281 2222 1406 2252 illorum
1425 2233 1533 2254 omnes
1547 2235 1737 2267 anteponant.
1761 2232 1836 2268 Qis
1847 2230 2140 2272 Karthaginiensium

1183 2263 1277 2302 pluris
1288 2262 1347 2293 fuit
1355 2265 1505 2295 Annibale
1517 2287 1525 2299 ,
1544 2269 1672 2299 consilio
1684 2291 1694 2302 ,
1710 2273 1818 2301 virtute
1830 2292 1841 2305 ‚
1859 2272 1945 2302 rebus
1955 2272 2041 2314 gestis
2057 2285 2063 2303 z
2084 2275 2140 2314 qui

1184 2314 1263 2333 unus
1275 2315 1348 2335 cum
1361 2314 1405 2336 tot
1418 2308 1647 2346 imperatoribus
1661 2312 1769 2343 nostris
1786 2323 1837 2353 per
1853 2323 1897 2344 tot
1913 2324 2008 2344 annos
2023 2315 2060 2345 de
2076 2318 2138 2345 im-

1181 2355 1266 2385 perio
1277 2368 1285 2379 ,
1306 2347 1340 2377 δε
1353 2347 1390 2377 de
1402 2348 1504 2388 gloria
1513 2349 1692 2383 decertavit?
1708 2356 1788 2384 hunc
1800 2353 1819 2384 si
1831 2358 1911 2385 cives
1921 2358 1937 2386 e
1950 2358 2065 2386 civitate
2076 2368 2118 2391 eit
2127 2374 2138 2379 -

1182 2397 1304 2418 cerunt.
1325 2399 1381 2435 nos
1393 2391 1484 2420 etiam
1494 2391 1610 2423 hostem
1622 2396 1727 2425 litteris
1738 2396 1846 2426 nostris
1859 2419 1866 2431 ,
1887 2399 1919 2428 Sc
1932 2400 2078 2428 memoria
2091 2394 2138 2428 vi-

1183 2429 1290 2459 demus
1307 2429 1366 2460 esse
1381 2432 1571 2463 celebratum.
1605 2439 1701 2478 Qare
1720 2438 1865 2467 imitemur
1882 2439 1998 2469 nostros
2018 2442 2137 2474 Brutos,

1184 2472 1331 2502 Camillos
1342 2493 1350 2506 ,
1365 2473 1471 2503 Ahalas
1482 2494 1490 2507 ι
1506 2477 1617 2507 Decios
1629 2499 1636 2511 ‚
1653 2481 1759 2509 Curios
1768 2500 1775 2513 ‚
1792 2481 1938 2509 Fabricios
1949 2501 1957 2514 ,
1969 2483 2137 2516 Maximus,

1179 2515 1333 2552 Scipiones
1343 2534 1351 2547 ‚
1364 2516 1509 2545 Lentulos
1521 2536 1530 2549 ³
1542 2521 1685 2549 AEmilios
1696 2538 1709 2552 ⁷·
1718 2522 1968 2551 innumerabilem
1977 2523 2050 2552 alies
2059 2543 2066 2556 ‚
2082 2526 2136 2563 qui

1181 2556 1258 2585 hanc
1268 2556 1485 2595 rempublicam
1496 2557 1703 2591 stabiliverunt
1714 2573 1717 2576 ’
1727 2563 1949 2602 quosequidem
1962 2565 1993 2593 in
2005 2567 2135 2596 deorum

1181 2598 1405 2627 immortalium
1424 2607 1502 2628 coetu
1517 2620 1525 2632 ‚
1549 2611 1582 2641 ac
1601 2612 1729 2632 numero
1744 2623 1751 2635 ‚
1776 2613 1899 2643 repono.
1930 2615 2067 2635 amemus
2085 2616 2137 2646 pa-

1181 2641 1269 2668 triam
1282 2659 1291 2671 ,
1309 2648 1463 2678 pareamus
1481 2640 1611 2676 senatui,
1633 2645 1823 2674 consulamus
1841 2645 1930 2675 bonis
1943 2648 2136 2686 :ipraffinteis

1180 2679 1296 2725 frti-&us
1315 2681 1516 2721 negligamus,
1546 2684 1743 2723 rpostcncatis
1761 2688 1863 2726 gloriae
1884 2688 2045 2718 serviamus
2068 2701 2072 2718 ι
2102 2689 2133 2720 id

1182 2721 1240 2752 esse
1259 2731 1278 2751 o
1287 2732 1304 2750 1³
1313 2732 1332 2750 ‘r
1345 2731 1355 2751 1
1367 2732 1393 2750 M
1403 2733 1425 2752 U
1438 2732 1462 2751 Μ
1483 2733 1640 2762 putemus,
1655 2728 1736 2766 quod
1747 2730 1801 2758 erit
1810 2728 2005 2759 re&issiiiium
2018 2739 2028 2759 :¹
2038 2731 2136 2771 spere-

1183 2773 1252 2792 mus
1267 2772 1333 2803 quae
1346 2765 1487 2793 volumus
1498 2785 1505 2798 ‚
1526 2767 1574 2797 sed
1584 2768 1665 2808 quod
1676 2769 1814 2800 acciderit
1825 2790 1833 2803 ‚
1852 2770 1983 2801 feramus
1995 2782 2007 2800 ;Δ
2019 2782 2134 2813 cogte·

1182 2815 1250 2834 mus
1269 2806 1398 2845 denique
1408 2825 1416 2839 ‚
1443 2815 1489 2836 co
1499 2817 1519 2837 R
1531 2819 1546 2837 ia
1557 2820 1574 2838 υ
1589 2820 1601 2838 s
1624 2820 1758 2840 virorum
1770 2810 1894 2842 fortium
1908 2833 1916 2846 ,
1936 2823 2135 2854 magnorum-

1181 2856 1239 2887 que
1258 2848 1446 2881 hominum,
1465 2848 1522 2879 ess'e
1535 2852 1680 2882 mortale:
1698 2853 1876 2884 animiver‘o
1887 2865 2006 2890 motus,
2029 2856 2135 2887 &vir-

2062 2907 2133 2929 tutis

376 2935 2132 2958 Ἢ

179 2927 373 2938 κ

181 2964 206 3009 C
217 2952 403 2990 1...<Aciliam.]
434 2954 491 2981 Pal.
503 2964 588 2981 nonus
601 2974 609 2987 ‚
621 2946 730 2982 Gembl.
742 2958 769 2983 S.
784 2955 857 2983 vast.
868 2959 1000 2984 Anciliam.
1020 2957 1141 2985 attendat

209 2991 310 3012 titicus.

217 3028 245 3045 ει..
265 3023 298 3045 Et
306 3024 336 3047 ah
345 3025 385 3048 hoc
393 3024 663 3062 affeculamgligatur]
685 3028 844 3064 Exprimere
855 3027 922 3054 istud
933 3028 1006 3055 ausus
1019 3028 1086 3060 suni,
1098 3029 1140 3055 sii-

178 3053 474 3096 {tentatus-austoritave
492 3061 570 3088 codd.
581 3063 711 3090 Pal-noni
723 3079 735 3096 ,=
751 3066 778 3090 S.
790 3064 861 3090 Viti.
881 3074 911 3091 ac
930 3065 1136 3092 Geniblacenlis.

180 3098 267 3125 neque
277 3100 347 3117 cium
358 3096 497 3122 temeraria
507 3097 553 3123 illa
562 3097 671 3134 scriptio
681 3100 707 3126 in
721 3107 761 3126 tot
771 3100 857 3127 libris.

217 3132 244 3159 3.
265 3129 359 3154 Multas
375 3131 461 3162 inferri
476 3134 606 3169 Injnrian]
628 3135 686 3163 Pal.
703 3135 751 3164 'illc
764 3135 835 3164 idem
854 3137 883 3163 ὃ(
897 3138 924 3164 S.
935 3137 1007 3165 Viti.
1019 3138 1138 3170 invidias,

181 3160 254 3196 quod
265 3171 317 3189 uon
327 3161 454 3198 spernam.

1219 2968 1246 2992 4.
1268 2964 1290 2986 Ii
1299 2964 1403 2987 auft‘ores
1413 2964 1484 2996 hujus
1493 2964 1580 2990 ordinis
1589 2965 1618 2995 (Cy-
1627 2966 1758 2999 digyiiceitis,
1769 2968 1834 3002 &c.]
1848 2969 1924 2996 Bitias
1936 2970 2040 2996 voculas
2051 2970 2134 3004 adjeci

1182 2994 1234 3021 fide
1245 2996 1391 3023 editionum
1411 3005 1529 3024 veterum
1544 3018 1552 3031 ,
1571 3001 1633 3026 item
1647 3002 1714 3027 s'all.
1725 3004 1844 3030 ominum
1857 3024 1864 3035 ‚
1884 3013 1996 3042 excepto
2008 3016 2087 3033 nonu.
2107 3008 2133 3035 iu

1183 3040 1236 3066 quo
1249 3051 1256 3063 ‚
1276 3040 1303 3058 ut
1315 3040 1391 3059 antea
1403 3033 1515 3069 vulgatis
1529 3054 1536 3066 ,
1554 3038 1574 3061 ii
1583 3039 1687 3062 minores
1698 3040 1768 3072 lugius
1780 3039 1918 3073 :lignitatisg
1940 3041 2062 3079 quodque
2072 3042 2134 3069 ideo

1182 3067 1343 3094 Gulielmius
1357 3077 1486 3096 mutatum
1498 3072 1617 3107 cupiebat
1628 3074 1654 3099 in
1665 3076 1782 3101 visitatis.

1219 3112 1243 3135 5.
1262 3106 1407 3135 'Pisteritatis
1420 3107 1495 3138 κιζῖογίι
1504 3108 1669 3143 semitonus]
1690 3110 1871 3138 l’raestitistud
1892 3112 1969 3148 louge
1990 3113 2134 3149 publicato,

1178 3141 1308 3202 &sturmus
1325 3141 1354 3172 ὰ
1367 3144 1454 3175 gloriae.
1473 3143 1558 3170 exstat.
1573 3152 1662 3172 autern
1681 3146 1708 3173 in
1720 3147 1788 3175 Pill.
1808 3157 1877 3175 nouo
1890 3167 1897 3181 ,
1917 3150 1943 3175 iii
1955 3152 1982 3176 S.
1995 3150 2096 3180 Vix‘bor.
2108 3151 2133 3177 in

1209 3183 1250 3201 cm
1281 3184 1322 3202 ae.

1554 3216 1571 3242 S
1583 3225 1594 3243 s
1605 3225 1616 3242 s
1638 3224 1651 3252 3
2008 3229 2019 3248 ³
2028 3241 2032 3247 ,
2042 3223 2142 3248 Intimi·-

1326 3276 1342 3289 l

2169 647 2216 689 67

2158 1981 2206 2014 68
