2295 3400
115 159 215 210 454
523 135 1024 187 M.Tu1.1.11

118 227 204 259 rebus
224 225 308 270 gestis
328 244 336 259 ,
367 234 436 255 cum
457 226 491 253 A.
505 222 637 253 Gabinio
655 219 826 250 consociare
844 213 967 247 consilia
984 212 1074 255 pestis

123 279 198 299 meae
211 272 220 296 ?
233 278 294 298 non
306 276 331 296 te
343 266 424 295 iilius
436 272 657 305 unguentorum
668 260 754 292 odor,
768 269 830 290 non
840 260 906 288 vini
916 256 1076 289 anhelitus,

125 315 134 330 ¹
148 320 210 340 non
223 308 304 338 frons
314 305 471 337 calamistri
483 313 580 335 notata
589 302 768 344 vestigiis‚in
782 310 847 330 eam
862 299 1077 339 cogitationem

124 351 285 382 adducebat
296 369 304 382 ,
316 357 348 377 ut
362 368 370 380 ,
382 346 453 377 cum
464 347 546 377 illius
557 355 586 375 re
598 343 703 374 similis
712 340 813 372 fuisses
825 361 833 375 ‚
846 339 954 371 frontis
964 339 1019 369 tibi
1030 340 1079 369 in-

126 399 300 434 tegumento
316 389 351 419 ad
365 388 538 419 occultanda
553 396 630 417 tanta
645 385 752 426 flagitia
770 381 883 413 diutius
900 383 945 412 uti
961 390 1025 411 non
1040 380 1080 410 li-

125 435 223 464 ceret?
240 441 311 462 cum
323 432 380 461 boc
388 432 467 460 coire
478 429 565 460 ausus
576 438 606 458 es
617 448 624 461 ‚
645 437 678 457 ut
688 426 875 456 consularem
892 423 1076 464 dignitatem,

126 484 159 505 ut
175 473 298 514 reipubl.
312 472 419 503 statum
432 492 440 504 ‚
461 481 492 501 ut
502 471 618 502 senatus
628 467 836 498 auctoritatem
847 486 855 500 ,
878 466 992 496 utcivis
1003 466 1082 504 opti-

128 516 178 545 mc
198 516 298 545 meriti
317 513 451 544 fortunas
470 512 697 553 provinciarum
715 509 827 540 foedere
846 507 995 538 addiceres
1014 508 1025 534 ?
1054 515 1081 535 te

125 557 266 589 consule,
288 558 346 586 tuis
364 554 470 585 edistis
490 574 498 588 ,
527 554 559 584 δε
577 553 711 592 imperiis
731 571 738 585 ‚
760 551 891 585 senatui,
910 548 1082 589 populoque

128 601 272 629 Romano
283 607 347 627 non
358 596 400 627 est
410 597 529 626 licitum
539 616 547 629 ‚
567 605 630 625 non
643 592 736 624 mode>
747 593 901 623 sententiis
912 611 920 624 ,
937 600 1020 631 atque
1031 598 1082 617 au-

127 640 263 670 &oritate
273 639 321 668 sua
333 658 340 672 ,
358 638 406 668 sed
423 649 459 668 ne
477 636 560 667 luc‘tu
577 636 700 677 quidem
712 655 720 669 ‚
737 644 768 665 ac
777 632 885 664 vestitu
895 628 1083 674 reipubtfiab-

129 692 234 710 venire.
251 683 396 720 Capuaent·
407 689 434 710 te
445 679 564 719 putabas
574 699 582 711 ‚
594 688 624 708 in
633 688 690 719 qua
700 677 770 707 urbe
781 675 974 705 domicilium
986 682 1084 713 quon-

130 723 199 753 dam
212 722 352 761 superbiae
364 721 422 751 fuit
434 741 441 754 ,
463 721 619 751 consulem
637 717 695 749 ess'e
707 739 715 751 ,
736 717 806 747 sicut
817 727 876 746 eras
887 726 922 745 eo
934 722 1084 753 tempore:

129 774 166 794 an
177 767 285 794 Romae
299 784 306 797 ,
327 765 360 793 in
370 774 427 804 qua
435 765 554 794 civitate
564 770 672 792 omnes
683 770 748 790 ante
759 769 813 789 vos
823 757 962 788 consules
973 755 1085 786 senatui

129 807 314 846 paruerunt?
333 814 365 835 tu
384 815 414 835 es
431 805 517 834 ausus
535 806 567 834 in
579 805 665 833 Circo
676 802 826 832 Flaminio
842 797 1006 839 produCtus
1015 807 1085 827 curn

129 858 182 878 tuo
200 847 254 877 illo
270 848 331 887 pari
350 846 466 881 dicere,
484 855 511 876 te
528 847 644 885 semper
663 841 887 873 misericordem
896 838 1008 869 fuiss'e?
1027 848 1087 878 quo

129 889 222 919 verbo
233 889 368 919 senatum
382 909 390 921 ,
410 897 498 929 atque
507 888 629 917 omneis
639 886 736 914 bonos
748 893 811 913 tum
824 903 832 916 ,
857 886 869 901 2
879 880 949 911 cum
969 880 985 925 a
1000 881 1089 919 patria

130 930 245 971 pestem
263 929 442 970 depulissem
465 950 473 964 ‚
503 928 648 960 crudeleis
667 923 886 956 demonstrabas
906 920 1005 951 fuifle.
1038 923 1087 951 Tu

133 973 302 1003 misericors
314 981 362 1001 me
372 970 494 1001 affinem
505 979 591 1000 tuum
603 989 610 1002 ‚
623 977 718 1009 quum
729 967 862 996 comitiis
873 985 880 999 ,
890 963 1089 1005 praerogativae

131 1016 267 1055 primum
286 1012 441 1044 custodem
453 1011 622 1052 praefeceras
633 1030 640 1043 ‚
661 1019 754 1050 quem
769 1006 914 1037 Kalendis
923 1007 991 1047 Jan.
1003 1006 1090 1035 tertio

134 1058 204 1086 loco
216 1056 390 1085 sententiam
402 1063 516 1094 rogaras
526 1072 534 1086 ‚
553 1050 750 1082 constrstsskum
761 1051 896 1079 inimicis
907 1046 1020 1087 reipub.
1033 1055 1090 1077 tra—

134 1096 255 1128 didisti:
274 1106 306 1126 tu
328 1106 431 1125 meum
450 1103 615 1135 generum,
634 1096 839 1133 propinquum
855 1099 959 1121 tuum:
979 1098 1010 1118 tu
1026 1086 1091 1118 affi-

136 1149 209 1169 nem
222 1148 301 1168 tuam
314 1158 322 1170 ,
344 1135 437 1167 filiam
450 1146 548 1166 meam
561 1156 570 1169 ,
590 1132 799 1175 superbiffimis
809 1153 817 1167 2
839 1132 872 1162 δε
882 1128 1091 1162 crudeliffimis

133 1181 233 1210 verbis
250 1180 264 1209 Ξι
282 1179 408 1220 genibus
422 1180 481 1208 tuis
495 1176 647 1218 repulisti:
667 1176 808 1215 idemque
820 1183 851 1204 tu
860 1173 1020 1204 clementia
1030 1191 1038 1204 ‚
1060 1181 1091 1200 ac

137 1220 339 1252 misericordia
347 1218 483 1261 singulari
495 1240 504 1253 ‚
527 1217 599 1249 cum
614 1228 669 1258 ego
685 1227 742 1247 una
755 1226 826 1247 cum
838 1215 951 1255 republ.
964 1223 1029 1243 non
1040 1214 1090 1242 tri-

136 1263 258 1293 bunitio
267 1282 274 1295 ‚
286 1261 333 1292 sed
343 1262 492 1292 consulari
501 1260 563 1290 ictu
571 1257 767 1290 concidiss'em
779 1279 786 1290 ‚
797 1266 879 1287 tanto
890 1256 996 1286 scelere
1005 1274 1013 1287 ‚
1026 1262 1091 1283 tan-

135 1315 222 1346 taque
232 1305 463 1344 intemperantia
470 1301 553 1332 fuisti
567 1322 575 1335 ‚
591 1311 623 1331 ut
636 1311 673 1330 ne
688 1309 779 1330 unam
793 1298 917 1339 quidem
932 1298 1028 1326 horam
1042 1297 1091 1324 in-

135 1344 238 1378 teresse
246 1354 374 1386 paterere
385 1347 462 1374 inter
472 1354 569 1374 meam
581 1342 693 1384 pestem
706 1362 714 1376 ,
733 1341 766 1371 &
778 1350 859 1371 tuam
869 1339 1000 1379 praedam
1012 1349 1020 1371 3
1039 1337 1093 1367 sal-

136 1399 199 1418 tem
216 1388 290 1418 dum
307 1387 516 1417 conticesceret
532 1386 583 1415 illa
600 1385 792 1416 lamentatio,
813 1382 844 1412 &
858 1382 989 1423 gemitus
1000 1379 1091 1409 urbis.

140 1434 153 1458 3
165 1429 315 1460 Nondum
332 1428 430 1468 palam
449 1427 563 1458 saelum
578 1436 638 1456 erat
647 1422 787 1456 occidisse
797 1423 945 1463 rempubl.
955 1431 1025 1452 cum
1037 1420 1092 1450 tibi

135 1472 285 1502 arbitraria
301 1469 416 1500 funeris
437 1469 637 1500 solvebantur.
669 1477 751 1500 uno,
772 1465 941 1504 eodemque
960 1472 1095 1503 tempore

138 1514 252 1544 domus
268 1522 334 1542 mea
347 1511 541 1551 diripiebatur
552 1531 560 1544 ‚
579 1509 712 1540 ardebat:
733 1509 814 1538 bona
822 1505 858 1537 ad
868 1507 1006 1535 vicinum
1018 1514 1094 1539 con-

136 1555 232 1586 sulem
247 1553 283 1584 de
294 1554 404 1584 Palatio
416 1564 421 1581 ·.
441 1553 476 1583 de
486 1553 658 1583 Tusculano
672 1551 706 1580 ad
724 1551 797 1579 item
815 1549 952 1578 vicinum
966 1547 1092 1576 alterum

137 1596 294 1628 consulem
314 1594 542 1625 deferebantur:
565 1593 635 1623 curn
648 1612 656 1626 ,
676 1591 783 1622 iisdem
804 1591 902 1630 operis
920 1587 1091 1629 suffragium

137 1637 305 1668 ferentibus
317 1657 325 1670 ,
346 1636 452 1666 eodem
467 1635 626 1677 gladiatore
637 1635 726 1664 latore
739 1653 747 1666 ,
767 1641 861 1662 vacuo
880 1640 943 1660 non
963 1627 1058 1659 modo
1078 1628 1094 1659 a

139 1679 231 1709 bonis
241 1699 249 1712 ‚
266 1678 314 1708 sed
325 1680 414 1708 ctiam
424 1677 439 1707 a
449 1677 549 1706 liberis
561 1696 568 1710 ‚
583 1684 669 1716 atque
679 1676 763 1705 inani
772 1673 841 1703 foro
850 1693 857 1706 ‚
874 1673 968 1713 ignaro
978 1670 1092 1711 populo

139 1723 233 1752 Rom.
252 1719 325 1760 quid
341 1728 474 1760 ageretur
491 1738 499 1751 ,
523 1719 625 1748 senatu
643 1715 714 1747 vero
734 1713 870 1756 oppresso
884 1734 892 1748 ‚
917 1714 950 1743 &
968 1711 1091 1745 arnusto,

141 1762 259 1793 duobus
270 1763 373 1800 impiis
383 1781 391 1794 ‚
407 1759 584 1800 nefariisque
594 1758 768 1789 consulibus
778 1777 785 1791 ,
800 1758 934 1787 aerarium
945 1775 952 1788 ‚
968 1756 1092 1794 provin-

107 1806 124 1838 S
141 1805 194 1834 ciae
209 1824 218 1837 ,
241 1804 392 1843 legiones,
414 1803 539 1841 imperia
555 1801 750 1831 donabantur.
795 1801 916 1828 Horum
930 1796 1091 1827 consulum

140 1848 242 1877 ruinas
253 1854 307 1875 vos
316 1844 453 1874 consules
463 1842 556 1872 vestra
564 1844 674 1872 virtute
684 1839 815 1874 fulsisti53
828 1841 944 1870 summa
955 1838 1092 1868 tribuno-

140 1897 210 1918 rum
229 1887 323 1926 plebis
336 1905 344 1919 ‚
363 1894 521 1925 praetorum
546 1894 582 1913 ue
595 1882 653 1913 fide
665 1904 673 1916 ,
696 1883 728 1912 &
742 1882 896 1923 diligentia
913 1880 1092 1910 4sublevati.

141 1929 224 1970 Qid
242 1938 296 1969 ego
316 1927 352 1957 de
369 1895 604 1967 praestantissimo
614 1927 700 1958 viro,
716 1925 865 1954 T.Annio
877 1943 885 1955 ,
907 1922 1025 1952 dicam?
1045 1929 1095 1950 aut

142 1974 210 2011 quis
228 1969 264 1999 de
280 1969 330 1999 tali
347 1971 412 1999 cive
431 1969 496 1999 satis
514 1967 604 2009 digne
623 1975 768 2006 umquam
785 1965 943 2005 loquetur?
958 1961 1092 2003 quicum

139 2011 275 2044 videret,
296 2011 467 2041 sceleratum
486 2012 584 2040 civem
598 2028 606 2042 ,
630 2017 679 2038 aut
696 2005 898 2037 domesticum
918 2003 1019 2045 potius
1039 2004 1095 2033 ho-

143 2053 219 2084 stem
232 2074 240 2086 ,
260 2051 280 2082 fi
297 2051 402 2092 legibus
421 2053 464 2082 uti
482 2052 599 2084 liceret,
619 2049 733 2089 judicio
747 2047 804 2079 esse
813 2046 1011 2089 frangendum
1025 2057 1030 2074 :
1051 2044 1096 2075 fin

142 2095 205 2140 ipsa
219 2093 332 2134 judicia
347 2096 392 2124 vis
410 2093 587 2133 impediret,
607 2102 638 2122 ac
657 2091 791 2124 tolleret,
813 2089 963 2120 audaciam
975 2090 1095 2120 virtute,

144 2139 280 2168 intorem
297 2134 475 2165 fortitudine
495 2156 503 2168 ,
532 2135 730 2164 temeritatem
749 2130 874 2162 consilio
894 2151 903 2165 ,
937 2134 949 2158 5
970 2139 1095 2160 manum

147 2187 240 2208 manu
255 2197 264 2211 ‚
283 2179 349 2207 vim
361 2179 393 2207 vi
406 2175 464 2206 effe
477 2175 671 2216 superandam
687 2184 693 2202 t
715 2173 816 2213 primo
833 2173 869 2203 de
884 2174 911 2202 vi
927 2171 1096 2212 postulavit.

146 2219 338 2260 posteaquam
358 2219 394 2248 ab
413 2218 520 2248 eodem
535 2217 648 2257 judicia
665 2215 775 2245 sublata
792 2213 849 2243 ess'e
868 2214 944 2244 vidit
961 2224 966 2242 :
991 2223 1028 2242 ne
1049 2213 1099 2242 ille

147 2263 254 2292 omnia
264 2262 294 2291 vi
304 2258 398 2300 posset
405 2258 521 2289 efficere
533 2279 541 2292 ,
555 2259 686 2288 curavit:
705 2258 757 2296 qui
767 2255 885 2288 docuit,
901 2265 997 2295 neque
1007 2253 1092 2286 reita,

147 2312 246 2343 neque
256 2302 366 2341 templa
376 2321 384 2334 ,
405 2311 501 2341 neque
511 2299 612 2330 forum
624 2319 632 2333 ‚
652 2308 748 2338 neque
757 2299 868 2326 curiam
881 2315 888 2329 ‚
911 2295 970 2325 fine
981 2296 1099 2325 summa

148 2346 257 2376 virtute
269 2363 278 2378 ‚
297 2353 328 2374 ac
338 2344 480 2373 maximis
491 2342 598 2382 opibus
609 2360 618 2375 ,
639 2340 671 2370 &
680 2340 774 2379 copiis
783 2338 819 2368 ab
829 2336 973 2367 intestino
984 2337 1099 2367 latroci-

1101 131 1648 180 C1cER0N1s‘

1127 217 1179 246 nio
1197 212 1279 255 poss'e
1295 213 1418 262 defendi
1438 226 1445 245 ι
1466 219 1521 257 qui
1537 219 1654 258 primus
1666 237 1674 252 ‚
1697 215 1764 259 post
1780 226 1884 249 meum
1905 217 2075 254 discess‘um.

1128 255 1270 287 ⁶metum
1289 256 1394 290 bonis,
1417 257 1497 297 spem
1516 260 1692 293 audacibus,
1713 261 1855 290 timorem
1875 261 1945 290 huic
1962 261 2075 295 ordini,

1128 298 1302 329 servitutem
1323 298 1437 338 depulit
1450 301 1573 330 civitati.
1596 303 1694 343 Qam
1714 303 1861 332 rationem
1878 305 1940 343 pari
1957 305 2078 336 virtute,

1129 341 1252 387 animo,
1266 338 1324 370 fide
1334 359 1342 373 ,
1355 341 1508 370 P.Sextius
1518 341 1631 372 secutus
1642 364 1650 376 ,
1661 353 1715 383 pro
1727 353 1792 374 mea
1804 344 1891 374 salute
1904 365 1912 377 ,
1922 354 1977 384 pro
1987 343 2079 374 vestra

1129 381 1302 412 aritstoritate
1314 402 1321 415 ,
1335 391 1388 421 pro
1398 380 1471 412 statu
1481 384 1606 414 civitatis
1616 404 1624 417 ‚
1636 385 1731 415 nullas
1743 383 1795 415 fibi
1806 387 1981 417 inimicitias
1991 406 1999 420 ‚
2013 385 2083 416 nul-

1130 424 1190 453 lam
1209 426 1273 453 vim
1286 443 1294 456 ‚
1315 423 1416 453 nullos
1434 425 1564 464 impetus
1575 445 1584 459 ‚
1602 427 1722 456 nullum
1733 429 1801 457 vitae
1812 427 1972 458 discrimen
1983 430 2083 457 vitan-

1132 465 1205 510 dum
1217 475 1361 505 umquam
1372 467 1502 504 putavit:
1521 468 1573 507 qui
1583 477 1634 497 cau
1640 468 1698 497 sam
1710 469 1824 499 senatus
1835 472 2009 510 exagitatam
2019 480 2083 498 con-

1131 505 1252 535 cmmbm
1262 507 1471 546 improborum
1484 528 1492 540 ‚
1513 506 1550 538 fic
1564 509 1611 538 sua
1625 509 1780 550 diligentia
1793 510 1982 540 multitudini
1997 520 2084 540 com-

1134 547 1288 577 mendavit
1301 569 1307 580 ‚
1329 557 1360 577 ut
1372 549 1449 578 nihil
1459 558 1519 579 tam
1531 549 1672 590 populare
1683 570 1691 583 ,
1706 550 1798 590 quam
1808 550 1937 581 vestrum
1952 562 2083 582 nomen:

1134 590 1211 619 nihil
1227 598 1287 619 tam
1305 590 1448 620 omnibus
1466 601 1566 621 carum
1584 592 1744 632 aliquando
1756 612 1763 625 ‚
1779 591 1869 633 quarn
1880 592 1973 623 vestm
1981 592 2086 623 anasto-

1135 632 1203 661 ritas
1215 631 1378 661 videretur:
1394 633 1446 672 qui
1455 642 1505 662 me
1515 632 1587 662 cum
1598 633 1742 663 omnibus
1751 634 1838 663 rebus
1849 654 1857 666 ‚
1870 635 1978 675 quibus
1990 634 2086 665 tribu-

1134 683 1190 703 nus
1199 673 1279 713 pleb.
1289 675 1386 712 potuit
1396 673 1564 718 {defendiu
1581 683 1646 704 tum
1658 675 1779 715 reliquis
1790 674 1899 705 officiis
1910 696 1918 709 ,
1931 677 2015 716 juxta
2027 696 2034 710 ‚
2053 686 2087 706 ac

1135 712 1155 743 fi
1170 724 1254 744 meus
1261 714 1352 752 frater
1364 714 1434 745 esset
1446 736 1454 748 ‚
1477 715 1665 746 sustentavit:
1685 718 1770 755 cujus
1784 727 1838 757 ego
1848 718 2008 748 clientibus
2020 738 2028 750 ‚
2049 718 2089 748 li·-

1134 756 1224 786 bertis
1234 776 1242 790 ,
1254 757 1385 791 familia,
1397 759 1492 797 copiis
1501 777 1509 791 ,
1521 758 1628 787 litteris
1638 759 1679 788 ita
1688 758 1753 788 sum
1764 758 1938 789 sustentatus
1948 780 1956 793 ,
1968 769 1999 790 ut
2010 769 2086 790 mea:

1135 798 1310 827 calamitatis
1320 808 1383 828 non
1393 798 1510 838 adjutor
1521 799 1620 829 solum
1632 820 1640 833 ,
1654 798 1762 829 verum
1773 802 1862 830 etiam
1868 802 1960 840 [ὁσίης
1970 801 2085 831 videre—

1135 848 1193 869 tur.
1214 840 1281 880 Jam
1291 849 1456 870 ceterorum
1469 839 1567 871 officia
1577 861 1585 874 ‚
1605 840 1699 871 studia
1709 838 1824 871 vidistis
1838 853 1842 870 z
1862 843 1952 883 quam
1963 843 2088 882 cupidus

1138 882 1199 910 mei
1219 883 1274 911 7C.
1285 880 1442 916 Cestilius,
1460 885 1552 943 {inam
1567 881 1713 913 studiosus
1729 883 1835 917 vestri,
1857 884 1947 925 quam
1959 894 2023 914 non
2039 894 2090 914 va-

1138 924 1198 952 rius
1207 920 1297 952 fuerit
1307 924 1339 952 in
1346 924 1437 953 causa.
1485 924 1565 965 Qiid
1576 924 1733 964 Mosopius
1745 928 1754 954 ?
1764 927 1811 955 cui
1822 936 1877 966 ego
1890 924 1951 965 ipsi,
1964 925 2090 966 parenti,

1136 963 1276 1005 fratrique
1287 965 1349 1004 ejus
1361 985 1368 998 ‚
1381 965 1476 996 sentio
1485 975 1631 1007 quantum
1641 965 1781 997 debeam:
1804 966 1938 1008 quicum
1949 968 1965 997 Ξι
1976 977 2024 997 me
2035 977 2094 996 vo·-

1138 1006 1235 1035 luntas
1249 1016 1354 1036 eorum
1368 1008 1401 1036 in
1415 1009 1530 1046 privato
1542 1007 1659 1047 judicio
1672 1007 1741 1039 ess'et
1755 1006 1868 1039 offensa
1879 1029 1888 1042 ‚
1905 1008 2090 1049 publicimei

1138 1046 1277 1077 beneficii
1304 1058 1452 1079 memoria
1472 1050 1623 1090 privatam
1646 1049 1814 1090 offenfionem
1835 1050 2091 1081 oblitteraverunt.

1137 1090 1204 1129 Jam
1215 1089 1364 1119 T.Fadius
1375 1109 1383 1123 ,
1405 1092 1458 1130 qui
1468 1092 1545 1120 mihi
1556 1089 1681 1131 quaestor
1691 1091 1748 1121 fuit
1759 1111 1767 1125 ‚
1789 1094 1836 1121 M.
1848 1094 1968 1123 Curtius
1979 1113 1987 1126 ‚
2006 1092 2100 1131 cujus

1138 1140 1193 1171 ego
1203 1132 1276 1176 patri
1287 1130 1413 1171 quaestor
1422 1131 1464 1161 fui
1475 1152 1482 1164 ,
1500 1131 1598 1162 studio
1609 1152 1617 1164 ,
1631 1142 1732 1162 amore
1743 1153 1751 1166 ‚
1766 1135 1870 1163 animo
1881 1154 1889 1167 ,
1911 1135 1980 1163 huic
1989 1133 2091 1163 neces-

1139 1170 1259 1201 situdini
1271 1182 1335 1201 non
1345 1172 1512 1203 defuerunt.
1536 1174 1632 1203 Multa
1641 1173 1678 1203 de
1688 1184 1738 1203 me
1751 1178 1766 1201 9
1777 1177 1808 1204 C.
1818 1174 1939 1204 Meffius
1950 1196 1958 1208 ‚
1972 1175 2004 1205 δε
2013 1176 2092 1204 ami-

1139 1214 1228 1247 citiae,
1241 1213 1398 1253 &reipub.
1412 1215 1495 1244 causa
1505 1213 1585 1244 dixit
1605 1225 1610 1243 ;
1635 1218 1665 1233 ¹0
1675 1216 1770 1255 legem
1786 1216 1938 1255 separatim
1951 1215 2041 1246 initio
2056 1215 2094 1246 de

1139 1254 1229 1284 salute
1241 1264 1308 1285 mea
1316 1256 1529 1296 promulgavit.
1553 1256 1749 1294 QFabricius
1760 1277 1768 1290 ,
1780 1256 1801 1286 si
1810 1277 1818 1291 ,
1830 1267 1894 1298 quae
1904 1257 1940 1287 de
1948 1267 2000 1287 me
2009 1267 2093 1298 agere

1139 1305 1263 1326 conatus
1282 1296 1324 1327 est
1337 1317 1345 1331 ,
1359 1307 1392 1327 ea
1400 1306 1502 1327 contra
1511 1298 1575 1327 vim
1586 1317 1595 1331 ,
1617 1298 1650 1327 δε
1663 1297 1777 1328 ferrum
1786 1297 1926 1338 perficere
1935 1297 2074 1339 potuisset
2086 1309 2094 1328 :

1142 1338 1243 1368 mense
1260 1339 1403 1380 Januario
1424 1338 1562 1369 nostrum
1585 1338 1692 1369 statum
1714 1339 1973 1380 recuperaffemus.
2001 1350 2094 1382 quem

1143 1379 1177 1409 ad
1188 1380 1312 1410 salutem
1324 1390 1423 1410 meam
1433 1381 1574 1411 voluntas
1582 1382 1706 1421 impulit
1715 1401 1723 1415 ‚
1742 1383 1787 1411 vis
1799 1382 1972 1416 retardavit,
1991 1381 2096 1412 aueto-

1138 1423 1208 1451 ritas
1226 1421 1320 1453 vestra
1337 1424 1499 1452 revocavit.
1541 1423 1610 1464 Jam
1629 1421 1700 1452 vero
1718 1432 1856 1463 praetores
1870 1434 1930 1465 quo
1943 1426 2047 1454 animo
2063 1426 2095 1454 in

1140 1473 1189 1493 me
1203 1462 1315 1494 fuerint
1326 1484 1334 1497 ,
1348 1473 1404 1494 vos
1418 1463 1589 1494 existimare
1604 1463 1830 1504 potuistis,cum
1841 1467 1876 1495 L.
1888 1466 2024 1496 Caecilius
2035 1466 2096 1506 pri-
2111 1473 2135 1506 9

1143 1506 1235 1535 vatim
1247 1515 1296 1535 me
1306 1506 1365 1535 suis
1374 1505 1519 1536 omnibus
1527 1508 1623 1546 copiis
1633 1505 1780 1536 studuerit
1789 1506 1946 1537 sustentare
1957 1518 1962 1536 :
1973 1506 2094 1547 publice.

1143 1548 1340 1587 promulgarit
1356 1547 1393 1577 de
1411 1557 1479 1578 mea
1496 1548 1589 1578 salute
1605 1557 1676 1578 cum
1693 1548 1815 1590 collegis
1832 1549 1916 1589 paene
1930 1549 2094 1579 omnibus:

1141 1588 1340 1628 direptoribus
1350 1597 1449 1619 autem
1465 1598 1605 1619 meorum
1619 1589 1771 1620 bonorum
1789 1592 1822 1620 in
1835 1591 1885 1630 jus
1901 1590 2030 1621 adeundi
2040 1600 2097 1631 po-

1139 1629 1273 1660 testatem
1291 1640 1355 1660 non
1372 1629 1483 1661 fecerit.
1507 1632 1663 1660 M.autem
1673 1631 1805 1661 Calidius
1816 1652 1826 1664 ‚
1850 1631 1948 1662 statim
1962 1631 2097 1672 defigna-

1139 1681 1184 1701 tus
1196 1692 1204 1705 ,
1221 1672 1366 1702 sententia
1375 1672 1423 1702 sua
1433 1692 1442 1705 ,
1460 1672 1550 1712 quam
1561 1670 1701 1702 efl'etcara
1710 1671 1763 1702 fibi
1774 1682 1840 1702 mea
1850 1673 1926 1703 salus
1937 1693 1945 1706 ,
1966 1673 2094 1704 declara-

1139 1714 1192 1742 vit.
1216 1715 1327 1744 Omnia
1336 1712 1437 1743 officia
1446 1715 1626 1753 C.SePtimii
1636 1733 1644 1747 ‚
1660 1714 1822 1754 QValerii
1833 1734 1842 1748 ‚
1857 1717 1885 1744 Pv
1896 1713 1983 1744 Craffi
1993 1735 2001 1747 .
2017 1717 2085 1745 Sex.

1143 1756 1306 1796 Quintilii,
1323 1758 1355 1786 C.
1368 1758 1509 1786 Cornuti,
1529 1756 1645 1785 summa
1656 1755 1689 1784 &
1699 1765 1731 1784 in
1744 1765 1810 1789 me,
1828 1756 1860 1786 δε
1870 1758 1903 1785 in
1913 1766 2006 1796 remp.
2020 1766 2096 1786 con·-

1140 1796 1284 1826 stiterunt.
1308 1807 1373 1837 quae
1384 1795 1454 1826 curn
1466 1797 1814 1827 libentercommemoro
1825 1817 1833 1830 ,
1855 1805 1919 1828 tum
1936 1807 2000 1827 non
2014 1799 2098 1828 invi-

1141 1847 1186 1868 tus
1197 1840 1420 1869 nonnullorum
1439 1840 1471 1867 in
1491 1848 1540 1868 me
1556 1837 1668 1868 nefarie
1686 1837 1844 1869 commissa
1858 1848 2008 1879 praetereo.
2031 1849 2098 1870 non

1143 1878 1184 1909 est
1195 1882 1257 1910 mei
1266 1882 1410 1919 temporis
1421 1880 1542 1919 injurias
1553 1878 1725 1911 meminisse
1737 1890 1742 1908 :
1760 1890 1830 1921 quas
1843 1891 1858 1910 e
1880 1891 1898 1910 o
1912 1882 2002 1911 etiam
2017 1879 2038 1910 si
2050 1881 2097 1911 ul-

1142 1922 1211 1952 cisci
1228 1920 1342 1961 poss'em
1363 1942 1371 1956 ‚
1401 1931 1505 1951 tamen
1522 1921 1651 1960 oblivisci
1669 1922 1788 1950 mallem.
1819 1922 1878 1952 alio
1898 1921 2098 1954 transferenda

1144 1972 1210 1993 mea
1226 1972 1287 1994 tota
1305 1964 1366 1994 vita
1381 1962 1424 1993 est
1435 1983 1444 1996 ,
1465 1972 1498 1992 ut
1511 1963 1587 1992 bene
1598 1963 1634 1993 de
1645 1973 1694 1993 me
1704 1965 1818 1993 meritis
1828 1963 1953 1994 referam
1963 1966 2097 2005 gratiam:

1145 2008 1168 2024 ¹¹
1181 2006 1326 2035 amicitias
1341 2007 1408 2045 igne
1418 2004 1580 2045 perspeEias
1591 2014 1754 2035 tuearzcum
1767 2007 1874 2045 apertis
1887 2005 2021 2036 hostibus
2035 2005 2100 2036 bel-

1144 2048 1207 2077 lum
1219 2057 1321 2087 geram
1332 2058 1337 2076 z
1348 2046 1463 2076 timidis
1473 2048 1579 2076 amicis
1588 2049 1596 2076 i
1620 2047 1757 2077 noscam:
1770 2051 1798 2066 ¹2
1805 2047 2009 2087 proditoribus
2019 2049 2100 2078 meis

1145 2100 1209 2119 non
1219 2088 1350 2119 indicem
1361 2088 1498 2118 dolorem
1509 2057 1707 2128 professionis
1717 2099 1792 2119 meae
1808 2100 1812 2117 z
1835 2088 2004 2119 defensores
2017 2089 2098 2119 redi-

1146 2140 1192 2161 tus
1212 2130 1354 2170 dignitate
1371 2131 1520 2160 consoler.
1544 2130 1635 2171 Qod
1657 2129 1676 2160 sl
1695 2132 1772 2160 mihi
1791 2130 1912 2161 nullum
1929 2130 2010 2161 aliud
2024 2128 2099 2161 effe:

1146 2171 1282 2203 officium
1301 2174 1334 2202 in
1351 2174 1439 2202 omni
1452 2174 1514 2202 vita
1527 2173 1677 2213 reliquum
1689 2192 1697 2205 ‚
1717 2170 1772 2202 nifi
1784 2181 1816 2202 ut
1828 2182 1892 2214 erga
1907 2172 1996 2202 duces
2006 2172 2098 2212 ipsos,

1148 2215 1179 2244 &
1189 2215 1336 2254 principes
1350 2234 1358 2247 ‚
1376 2223 1463 2254 atque
1480 2212 1614 2243 audiores
1627 2213 1726 2243 salutis
1739 2223 1815 2243 rneae
1825 2232 1834 2246 ‚
1857 2215 1922 2243 satis
1937 2222 2036 2254 gratus
2048 2213 2099 2251 ju-

1143 2256 1270 2285 dicarer:
1291 2264 1390 2285 tamen
1404 2257 1547 2303 exiguum
1562 2255 1683 2295 reliqua:
1700 2256 1768 2283 vitae
1785 2263 1902 2293 tempus
1918 2264 1982 2284 non
2001 2253 2099 2284 modo

1145 2297 1180 2326 ad
1199 2297 1365 2335 referendam
1374 2316 1382 2329 ‚
1402 2305 1508 2326 verum
1519 2297 1609 2325 etiam
1619 2295 1654 2324 ad
1665 2294 1962 2325 commemorandam
1973 2297 2099 2336 gratiam

1149 2338 1377 2367 mihireli&um
1387 2346 1530 2376 putarem.
1554 2335 1683 2377 Qando
1701 2337 1785 2366 enim
1803 2346 1858 2376 ego
1876 2337 1948 2367 huic
1966 2339 2100 2372 homini,

1982 2389 2014 2409 ac
2025 2379 2102 2408 libe-

191 2480 199 2496 1
208 2490 214 2496 .
233 2474 283 2496 Non
293 2469 356 2496 fi‘ons
367 2469 495 2500 calamistri
504 2473 587 2492 notata
597 2465 726 2498 velfiefirs]
750 2464 792 2489 Sic
801 2462 895 2499 optimi
908 2461 964 2487 fere
975 2460 1100 2491 Palatini,

151 2515 209 2533 nani
221 2504 410 2541 quidumrorra.
430 2503 590 2529 Gulielmius
601 2501 714 2527 malt-bat
732 2509 789 2525 cuni
803 2497 971 2533 Lugdunenli
987 2496 1103 2522 editione

150 2545 250 2568 intorta.
270 2542 392 2576 primitus
403 2540 453 2566 culi
463 2539 627 2571 calamistrinis
637 2544 699 2563 torta
708 2536 819 2570 vestigiis.
831 2534 917 2561 noster
927 2542 1023 2565 nonus,
1035 2535 1103 2558 cala-

153 2580 228 2610 mistri
237 2587 280 2602 non
290 2584 356 2602 orata
365 2578 424 2608 vest.

190 2621 219 2638 2.
238 2615 295 2637 Cum
314 2612 328 2637 ii
344 2615 428 2645 patria
439 2613 521 2644 pestem
539 2609 692 2644 depulisti-m]
714 2609 822 2635 Secutus
842 2606 897 2633 sum
916 2605 973 2632 Pal.
991 2614 1103 2632 nonum.

158 2649 257 2684 vulgari
264 2667 271 2677 ,
281 2648 425 2680 c.x·p1e!4f]l·m,
434 2654 479 2673 aut
489 2648 633 2679 expellerent.

194 2693 220 2719 3.
236 2685 350 2718 Quium
365 2685 445 2714 palam
456 2684 551 2716 fai-‘lum
569 2689 621 2708 crat
637 2681 735 2712 occidisti:
753 2680 841 2713 remps]
863 2677 1018 2714 Metaphora
1028 2675 1106 2703 fune-

154 2720 209 2747 bris
222 2729 230 2750 ς
250 2720 282 2744 de
293 2728 344 2754 qua
352 2718 468 2745 diximus
480 2719 505 2744 in
518 2717 694 2754 Suspicionnm
707 2716 814 2742 libellis.
835 2714 946 2750 ideoque
957 2713 1038 2739 malui
1049 2716 1107 2739 occi-

155 2757 221 2790 dzffl,
232 2764 290 2781 cum
304 2754 375 2780 libris
388 2754 545 2790 potioribus,
556 2756 636 2789 quam
647 2761 676 2779 ut
688 2760 744 2778 erat
756 2752 781 2778 in
794 2751 899 2786 vulgata
910 2750 1034 2783 concidIffl.

193 2799 220 2824 4.
239 2791 387 2825 Summam]
409 2789 480 2816 idem
492 2791 572 2816 etiarn
584 2789 652 2816 l'all.
665 2787 861 2823 nostriAJulgati
873 2786 1044 2817 recentiores,
1065 2786 1109 2811 ub-

156 2829 261 2856 levastis.
933 2835 939 2839 -

197 2872 223 2896 5.
244 2866 346 2888 Manum
355 2871 427 2887 manu
441 2881 449 2894 ,
467 2865 518 2887 vim
528 2862 581 2896 vl]
603 2861 670 2888 Pall.
682 2860 783 2896 aliquot
796 2879 803 2890 ‚
814 2859 877 2886 item
889 2856 996 2884 Gembl.
1008 2857 1034 2883 ὃ(
1049 2856 1107 2882 Erf.

158 2906 253 2925 mamam
263 2899 338 2930 copiis.
358 2898 426 2933 quod
440 2898 454 2923 {i
464 2898 642 2930 admittimus,
653 2896 750 2924 rtCfius
762 2895 831 2923 forte
844 2895 925 2923 fuerit
935 2902 997 2920 mox
1008 2895 1060 2918 vim
1068 2896 1110 2918 vi-

157 2936 236 2966 ribus,
248 2942 276 2960 ut
288 2934 393 2963 coniicit
404 2935 574 2960 Qulielniius.

195 2975 224 3002 6.
244 2978 334 3002 Aletum
344 2975 405 2999 benis
417 2993 424 3004 ,
440 2977 503 3007 spem
513 2975 645 3000 audacibus
657 2993 665 3005 ,
684 2975 786 2999 timorem
799 2992 806 3003 ,
826 2972 892 3005 dyc]
916 2971 977 2997 Hoc
996 2967 1111 3007 κόμμα.

156 3023 222 3055 spem
232 3021 364 3046 audacibus
376 3039 383 3050 ,
403 3021 465 3054 quin
490 3018 604 3058 ’γνήσιον
621 3019 651 3045 sit
663 3028 740 3045 nemo
758 3017 898 3043 dubitabit.
919 3014 1002 3041 exstat
1022 3020 1109 3039 autem

161 3060 188 3087 in
201 3059 258 3086 Pal.
271 3070 340 3086 nono
350 3061 377 3086 &
389 3060 503 3094 Turing.
523 3068 570 3085 nec
581 3059 680 3086 recedit
698 3057 781 3084 editio
793 3065 866 3083 vetus
879 3066 886 3088 5
907 3054 954 3083 nisi
965 3052 1035 3090 quod
1053 3053 1112 3079 loco

156 3099 198 3130 spe
209 3095 294 3122 servet
303 3097 341 3126 &-

197 3139 225 3166 7.
245 3134 272 3157 C.
282 3131 414 3166 cestilmn]
435 3130 478 3158 Sic
487 3130 556 3158 Pau.
567 3129 674 3157 Gcmbl.
686 3131 712 3156 S.
723 3128 794 3157 ViSt.
808 3128 888 3164 vulgo
900 3147 909 3161 ‚
918 3128 1020 3162 Sestium
1031 3144 1039 3159 ,
1049 3124 1112 3153 alias
1131 3149 1135 3168 ί

162 3170 284 3195 Sextiam.

1184 2461 1210 2487 8.
1230 2462 1295 2493 Qin'
1303 2465 1341 2488 M.
1352 2460 1470 2494 Cispius]
1485 2458 1526 2485 13st
1538 2460 1552 2485 :i
1564 2458 1619 2485 Pal.
1633 2468 1714 2490 noim,
1725 2468 1784 2485 narn
1795 2459 1888 2490 ceteri,
1899 2462 1938 2484 M.
1949 2459 2045 2492 Θρῄκης
2057 2465 2104 2487 aut

1149 2498 1212 2523 vero
1225 2500 1353 2530 efflopfim.
1389 2500 1462 2530 Cispii
1481 2496 1580 2522 mentio
1601 2496 1626 2521 in
1647 2495 1786 2521 Planciana
1809 2504 1864 2530 cap.
1884 2503 1896 2530 3
1906 2504 1913 2521 i
1922 2515 1927 2521 .
1960 2495 1998 2528 cuj
2005 2504 2032 2520 us
2052 2495 2103 2522 loci

1149 2534 1275 2559 memoria
1289 2553 1296 2564 ,
1317 2533 1428 2559 editioni
1448 2531 1496 2558 sua:
1507 2530 1574 2558 istud
1593 2531 1720 2557 intulerat
1739 2532 1769 2557 P.
1781 2531 1917 2557 Manutius
1936 2530 2022 2564 ejefito
2042 2531 2103 2557 vul-

1147 2577 1222 2605 gato,
1232 2570 1384 2603 &ilasopiuffl
1405 2568 1475 2604 quod
1488 2569 1515 2595 ὃς
1526 2566 1635 2594 damnat
1645 2567 1752 2602 Pighius
1764 2567 1849 2594 noster
1867 2566 1898 2593 ad
1910 2576 2007 2594 annum
2018 2567 2056 2593 U.
2066 2568 2103 2594 C.

1148 2615 1183 2632 Dc
1189 2615 1267 2632 xcvi.

1182 2655 1209 2681 9.
1233 2649 1262 2672 C.
1274 2645 1394 2680 Meffim]
1408 2644 1488 2672 Haud
1499 2643 1569 2671 secus
1580 2644 1648 2671 Pall.
1659 2643 1750 2674 nostri.
1761 2643 1788 2669 Sc
1800 2643 1908 2669 Gembl.
1919 2645 1946 2669 S.
1958 2643 2030 2670 Vist.
2042 2642 2102 2670 Erf.

1149 2692 1199 2709 non
1212 2685 1345 2716 Mcffinim,
1356 2689 1385 2708 ut
1398 2681 1490 2717 vulgo.
1510 2690 1588 2716 quem
1599 2681 1663 2706 item
1675 2680 1803 2714 rejecerat
1813 2679 1840 2705 d.
1852 2679 1910 2705 loco
1922 2680 2041 2715 Pighius.

1188 2731 1228 2749 10.
1250 2726 1328 2755 Legem
1332 2725 1456 2756 speciatim
1465 2723 1502 2754 de,
1512 2722 1579 2756 dja]
1601 2722 1643 2748 lta
1652 2719 1721 2747 Pali.
1732 2721 1760 2746 ὃς
1772 2718 1883 2746 Erfurd.
1894 2729 1946 2746 non
1957 2720 2105 2754 separatim,

1150 2766 1179 2786 nt
1190 2758 1267 2785 hodie
1278 2759 1387 2794 legitur.
1932 2765 1936 2770 '

1190 2809 1199 2826 i
1210 2810 1231 2826 1.
1250 2803 1392 2828 manninas
1407 2803 1458 2834 igne
1464 2801 1595 2833 perspenas
1604 2798 1701 2832 tutan]
1721 2796 1872 2824 Clausulam
1891 2795 1963 2822 istam
1984 2795 2106 2822 tribuunt

1151 2835 1253 2862 auftori
1265 2837 1352 2863 nostro
1364 2836 1420 2863 Pal.
1431 2844 1515 2862 nonus
1527 2854 1535 2866 ,
1556 2834 1666 2861 Erfurd.
1686 2835 1714 2859 S(
1724 2836 1751 2859 S.
1763 2832 1879 2859 Vieim-is
1891 2850 1899 2862 ‚
1918 2831 1963 2857 nisi
1974 2831 2045 2865 quod
2065 2830 2106 2857 illi

1152 2871 1292 2908 praeferant
1303 2873 1367 2906 digne
1381 2873 1531 2905 perspeflaa>;
1551 2871 1592 2896 liic
1604 2891 1612 2902 ,
1630 2869 1887 2902 amicitIafignipersp.
1898 2875 1930 2892 ex
1943 2876 1995 2902 quo
2014 2867 2107 2893 elicuit

1153 2908 1315 2934 Gulielmius
1326 2911 1383 2941 igni.
1408 2907 1458 2934 sine
1477 2906 1558 2932 dnbio
1570 2909 1641 2932 vere.
1666 2904 1698 2930 {ic
1719 2913 1750 2930 uc
1760 2903 1830 2929 dixit
1841 2902 1927 2928 noster
1938 2902 2006 2929 libi-o
2019 2912 2054 2929 ii.
2074 2902 2107 2929 dc

1154 2943 1257 2971 Officiis
1267 2947 1317 2976 Igne
1329 2946 1470 2977 ἼΙ,Ι>ει“7.νιιιιι-,·
1490 2942 1534 2978 qui
1546 2942 1619 2968 nulla
1629 2950 1656 2967 re
1665 2914 1812 2966 ab‘lionesto
1821 2937 1971 2964 deducitur.

1192 2989 1233 3006 η.
1254 2980 1416 3006 'Proditoribus
1426 2979 1480 3004 meis
1491 2997 1499 3010 ,
1509 2978 1575 3011 ἀπ]
1597 2977 1640 3003 Sic
1651 2975 1732 3002 solum
1745 2974 1802 3000 Pal.
1813 2973 1862 3000 sec.
1872 2982 1901 2999 ac
1911 2981 1974 3000 tert.
1986 2983 2043 3000 nam
2056 2973 2108 3000 Er-

1154 3015 1226 3042 furd.
1238 3016 1302 3042 item
1319 3015 1374 3042 Pal.
1385 3025 1447 3042 non.
1458 3015 1485 3040 &
1496 3023 1537 3050 pr.
1543 3014 1671 3046 proditores
1682 3019 1740 3036 meus
1748 3020 1792 3036 non
1804 3010 1907 3043 judicem
1918 3020 1924 3034 .·
1941 3010 2036 3035 dolorem
2050 3017 2107 3043 pro-

1147 3052 1254 3085 ftflionis
1263 3062 1313 3077 mei:
1325 3071 1333 3083 ,
1352 3052 1441 3077 reditus
1449 3051 1560 3083 dignitate
1570 3049 1673 3081 confisa.
1693 3055 1779 3081 neque
1788 3046 1866 3072 :iliter
1884 3053 1971 3080 quart.
1991 3052 2038 3072 aut
2051 3044 2108 3071 ost.

1156 3087 1201 3113 nni
1212 3086 1282 3122 quod
1292 3088 1310 3113 ii
1321 3088 1448 3113 vindicem.
1469 3085 1601 3112 sententiae
1612 3083 1670 3110 sunt
1678 3083 1754 3108 bella:
1765 3093 1770 3108 :
1793 3081 1860 3108 haud
1872 3089 1958 3108 tamen
1969 3080 2107 3118 praeferam

1158 3122 1271 3158 vulgatis
1284 3143 1292 3156 ‚
1311 3133 1371 3151 cum
1389 3122 1537 3152 Gulielmio
1556 3139 1565 3154 ,
1593 3120 1638 3156 qui
1668 3117 1786 3146 videatur
1805 3117 1928 3146 Plautina
1948 3115 2107 3148 'I'rucnlenti

1158 3168 1212 3194 cap.
1227 3167 1255 3193 5.
2024 3196 2050 3217 ι.
2067 3186 2112 3213 w
