2360 3400
417 84 486 132 M.
524 81 589 132 T.
625 82 761 129 C1c.

197 196 604 315 *Qjsii
690 223 1095 286 TULL11

192 321 1138 505 jNATuRAD

816 541 1699 709 *BRAUTUNL

552 751 1004 798 LIBER

318 888 324 892 ,
374 887 389 900 Ὺ,
413 868 467 889 um
486 857 591 887 multae
609 864 656 887 res
679 858 712 886 in
732 857 927 897 philosophia
945 865 1136 898 nequaquam

363 903 393 940 ’,β
415 900 482 930 satis
492 899 588 929 adhuc
599 899 755 938 explicatae
766 897 822 929 sint
837 919 846 932 ,
859 904 924 929 turn
937 899 1136 939 perdifficilis,

368 940 374 946 ²
391 947 393 951 '
417 944 523 975 Brute,
544 940 638 981 (quod
658 949 690 970 tu
701 940 835 973 minime
845 944 964 983 ignoras
976 962 984 976 ‚
1006 942 1135 982 )&per—

296 988 311 998 “
343 1012 351 1019 ,
385 1016 389 1019 μ
416 984 539 1015 obscura
553 982 678 1023 quaestio
687 982 731 1013 est
739 983 776 1014 de
786 993 889 1014 natura
898 983 1042 1014 deorum:
1066 992 1133 1025 quse

420 1030 429 1047 ¹
443 1026 476 1057 &
486 1025 524 1054 ad
531 1026 704 1065 agnitionem
714 1025 806 1054 animi
815 1026 1018 1066 pulcherrirna
1027 1025 1069 1057 est
1081 1047 1090 1060 ‚
1103 1027 1136 1057 &

272 1101 283 1102 Π
344 1098 347 1103 ,
388 1069 400 1101 ,’
420 1068 458 1098 ad
475 1068 672 1098 moderandam
700 1068 861 1108 religionem
885 1066 1054 1099 neceflaria.
1088 1071 1136 1098 De

166 1121 224 1153 qua
237 1121 298 1142 tam
309 1115 397 1144 variae
408 1112 475 1143 sunt
487 1109 729 1141 doetiffimorum
742 1111 907 1140 hominum
920 1130 929 1145 ‚
953 1119 1073 1152 tamque
1088 1111 1132 1141 di-

164 1155 329 1194 screpantes
338 1155 514 1188 sententiae3
536 1156 550 1172 ²
562 1161 594 1183 ut
614 1162 726 1194 magno
747 1157 926 1194 argumento
944 1151 1003 1183 effe
1015 1153 1133 1186 debeat,

164 1197 281 1228 causam
293 1216 302 1230 ,
324 1197 355 1228 id
366 1196 408 1228 est
422 1217 430 1232 ,
449 1196 634 1236 principium
656 1195 857 1235 philosophiae
868 1215 877 1229 ,
897 1194 955 1225 efl'e
965 1195 1133 1226 scientiam:

161 1239 384 1281 prudenterque
396 1238 593 1270 Academicos
612 1235 630 1267 ἐι
650 1237 729 1267 rebus
750 1238 858 1266 incertia
874 1238 1047 1279 assenfionen'z
1057 1239 1133 1268 cohi-

162 1280 258 1320 buiffir.
282 1282 355 1322 quid
370 1280 412 1312 est
423 1282 507 1312 cnim
524 1282 713 1311 3temeritare
725 1278 834 1310 fortius
847 1283 858 1309 ?
875 1290 925 1311 aut
933 1281 1006 1321 quid
1018 1289 1077 1311 tam
1089 1289 1133 1310 te-

162 1325 348 1358 merarium,
370 1333 493 1365 tamque
513 1322 676 1362 indignum
701 1323 842 1362 sapientis
863 1326 1024 1364 gravitate,
1044 1331 1133 1364 atque

160 1364 345 1401 constantia,
366 1366 456 1407 quam
473 1364 640 1395 autfalsum
654 1365 761 1395 sentire
773 1383 781 1397 ‚
805 1374 872 1398 aut,
893 1364 975 1405 quod
991 1373 1054 1395 non
1066 1365 1132 1395 satis

161 1407 317 1448 explorate
324 1416 498 1449 perceptum
512 1405 545 1435 fit
555 1425 564 1439 ‚
584 1405 618 1435 &
629 1409 787 1447 cognitum
801 1425 809 1440 ‚
822 1404 884 1436 fine
895 1407 954 1437 ulla
965 1406 1131 1437 dubitatio-

159 1459 200 1480 ne
210 1448 372 1480 defendere
382 1452 392 1478 ?
402 1449 528 1479 velutin
536 1448 590 1478 hac
600 1448 767 1488 quaestione
776 1467 785 1480 ‚
807 1448 944 1488 plerique
958 1448 1052 1489 (quod
1066 1458 1132 1479 ma-

159 1490 247 1521 xime
257 1489 420 1520 verifimile
430 1489 484 1523 est,
494 1493 512 1516 4
523 1488 555 1519 &
566 1499 628 1530 quo
638 1498 748 1519 omnes
757 1487 831 1519 duce
841 1499 945 1519 natura
955 1491 1108 1525 vehimur,
1122 1492 1132 1531 )

158 1534 239 1563 nzos‘
258 1534 331 1562 'assu
341 1532 489 1563 dixerunt
500 1542 505 1560 :
523 1530 655 1561 dubitare
660 1532 690 1572 [ἑ
700 1534 874 1571 Protagoras
883 1542 895 1558 .-
914 1532 1002 1560 nudos
1010 1530 1058 1569 effi
1067 1542 1132 1561 om-

156 1574 223 1604 nino
234 1575 380 1615 Diagoras
400 1575 532 1607 Melius,
554 1573 587 1604 δε
606 1574 790 1604 Theodorus
800 1575 988 1613 'Cyrenaicus
1005 1583 1130 1613 putave-

158 1625 238 1647 runt.
262 1618 324 1656 Qi
334 1626 407 1647 vero
421 1617 494 1647 deos
506 1614 563 1646 effe
577 1615 741 1650 dixerunt,
769 1623 848 1646 tanta
858 1616 966 1646 suntin
977 1616 1128 1651 varietate,

146 1657 429 1692 ·5acdilsenfione‚
449 1667 483 1689 ut
500 1667 607 1688 eorum
628 1657 794 1689 molestum
816 1656 1049 1689 fitdinumerare
1060 1659 1128 1689 sen-

158 1701 277 1731 tentias.
302 1702 385 1730 Nam
397 1700 429 1730 &
440 1699 477 1730 de
480 1699 583 1740 figuris
593 1700 721 1731 deorum
733 1720 742 1735 3
764 1699 797 1730 &
807 1699 844 1729 de
853 1698 916 1730 locis
925 1719 933 1733 ,
957 1708 1044 1740 atque
1051 1700 1127 1740 sedi-

115 1775 120 1779 ,
157 1741 210 1773 bus
223 1762 231 1776 ,
253 1742 287 1772 &
308 1740 418 1772 ustione
435 1743 502 1772 vita
518 1742 615 1773 multa
623 1741 784 1774 dicuntur:
803 1739 818 1761 ⁶
829 1740 941 1783 [deque
951 1742 997 1771 his
1008 1742 1128 1773 summa

157 1784 414 1826 philosophorum
433 1782 614 1815 dissensione
628 1792 763 1814 certatur.
785 1782 802 1824 ]
813 1783 895 1824 quod
905 1782 976 1814 vero
987 1783 1128 1814 maxime

156 1835 223 1866 rem
232 1846 242 1861 ‚
257 1826 433 1868 causamque
443 1831 460 1855 7
471 1834 607 1857 continet
619 1846 630 1860 ,
649 1824 754 1856 utrum
766 1825 955 1866 nihilagant,
976 1825 1056 1855 nihil
1066 1831 1128 1855 mo-

156 1868 269 1898 liantur
279 1879 288 1904 3
300 1871 389 1899 omni
399 1869 566 1902 curatione,
577 1869 610 1899 ὃς
620 1868 882 1899 administratione
890 1877 993 1897 rerum
1005 1876 1128 1901 vacent,

156 1919 196 1941 an
207 1910 310 1941 contra
326 1909 364 1941 ab
379 1911 426 1940 his
445 1910 479 1941 &
498 1910 513 1941 a
522 1911 677 1951 principio
687 1911 795 1941 omnia
803 1908 880 1940 facta
892 1930 901 1944 ‚
923 1908 1129 1940 &constituta

156 1950 230 1986 sint,
254 1952 289 1983 &
307 1952 343 1983 ad
353 1952 512 1983 infinitum
524 1961 643 1993 tempus
653 1961 809 1994 regantur,
836 1960 924 1993 atque
933 1961 1128 1987 moveantur,

155 1995 358 2036 inprimisque
366 2005 476 2037 magna
486 1993 627 2025 dissensio
637 1994 688 2025 est.
713 2004 803 2036 eaque
813 1993 868 2024 nifi
879 1993 1062 2034 dijudicetur
1071 2014 1080 2029 ‚
1093 1995 1126 2025 in

157 2037 282 2068 summo
300 2047 400 2068 errore
419 2035 535 2068 neceffe
546 2036 588 2068 est
597 2038 741 2067 homines
752 2058 761 2071 ‚
780 2045 868 2077 atque
877 2038 909 2066 in
920 2038 1125 2067 maximarum

118 2094 141 2120 2
156 2088 256 2110 retum
267 2079 459 2120 ignoratione
477 2080 596 2109 versari.
618 2082 787 2110 Suntenim
800 2079 996 2119 philosophi,
1013 2079 1046 2109 &
1057 2078 1125 2109 fue-

155 2130 248 2155 runt,
269 2123 322 2162 qui
343 2124 476 2152 omnino
490 2122 597 2151 nullam
615 2120 1076 2153 haberecenserentlmmanarum
1085 2128 1127 2150 re-

154 2172 220 2193 rum
227 2165 452 2204 procurationem
468 2163 537 2193 deos.
560 2166 699 2205 Qorum
712 2163 732 2193 si
742 2174 810 2194 vera
820 2163 966 2194 sententia
976 2162 1018 2194 est
1027 2184 1035 2197 ,
1057 2174 1124 2205 quae

154 2205 254 2246 potest
272 2204 330 2236 effe
347 2207 463 2246 pietas?
479 2216 546 2246 quae
564 2205 727 2236 sanffitas?
745 2216 811 2247 quae
822 2206 1028 2246 religio?haec
1037 2208 1124 2236 enim

154 2250 280 2282 omnia,
302 2250 376 2288 pure
388 2267 397 2282 ,
418 2258 451 2279 ac
461 2246 536 2278 caste
548 2247 707 2278 tribuenda
717 2248 845 2279 deorum
858 2249 981 2278 numini
991 2249 1031 2279 ita
1043 2249 1121 2283 sunt,

150 2281 174 2320 fi
184 2290 469 2321 animadvertuntur
484 2289 521 2320 ab
539 2289 588 2320 his
598 2309 608 2324 ‚
629 2289 662 2321 δὲ
682 2288 704 2320 fi
722 2289 763 2321 est
773 2289 888 2332 aliquid
898 2290 913 2320 a
924 2290 983 2320 diis
994 2292 1125 2321 immor-

151 2331 263 2363 talibus
282 2333 449 2363 hominurn
468 2334 569 2373 generi
592 2331 751 2362 tributum.
773 2334 827 2364 Sin
845 2340 944 2362 autem
967 2332 1011 2363 dii
1026 2339 1123 2374 neque

151 2371 275 2414 possunt
291 2384 348 2404 nos
362 2376 467 2414 juvare
479 2393 488 2408 ‚
508 2383 607 2415 neque
626 2376 755 2410 volunt3
776 2385 831 2406 nec
850 2376 986 2405 omnino
1007 2385 1121 2410 curant3

152 2424 210 2445 nec
222 2435 230 2448 ‚
241 2415 314 2456 quid
325 2426 445 2457 agamus
455 2436 465 2450 ‚
490 2416 734 2447 animadvertunt
746 2429 756 2452 3
775 2427 832 2448 nec
841 2415 884 2448 est
893 2417 975 2458 quod
986 2418 1022 2447 ab
1032 2418 1078 2447 his
1086 2417 1122 2448 ad

149 2457 319 2488 hominum
343 2460 437 2488 vitam
459 2467 633 2499 permanare
650 2457 754 2500 poffit:
775 2460 847 2501 quid
865 2458 926 2494 est,
946 2459 1120 2501 qubdullo‘s

832 97 908 131 DE
953 83 1251 132 NATURA
1301 86 1618 146 DEORUM,
1668 91 1796 142 Lm.
1841 94 1878 139 I.

2029 109 2146 143 1111

1190 223 1808 292 CICERONIS

1178 325 1225 379 E

1177 419 2043 584 DDEORUIVL

1154 749 1744 800 PRIMUS.

1177 856 1234 888 diis
1245 858 1472 889 immortalibus
1481 859 1581 891 cultus
1591 881 1600 895 ‚
1613 862 1744 893 honores
1756 883 1763 897 ‚
1772 871 1873 903 preces
1883 864 2078 898 adhibeamus
2089 868 2148 901 31t't

1177 900 1275 939 specie
1284 909 1384 931 autem
1397 900 1474 932 fiecae
1483 900 1682 934 simulationis
1695 925 1705 938 ‚
1724 903 1796 936 sicut
1805 907 1926 949 reliquae
1937 911 2062 939 virtutes
2075 929 2084 944 ,
2105 913 2148 941 ita

1176 943 1267 982 pietas
1277 941 1371 973 inesse
1390 954 1452 973 non
1462 944 1560 984 potest
1572 966 1580 979 ,
1601 955 1670 976 cum
1681 956 1739 988 qua
1750 946 1881 979 simul&
1890 949 2075 982 sanElitatem
2087 973 2097 986 ‚
2110 953 2145 983 δί

1178 985 1361 1030 religionem
1382 987 1450 1016 tolli
1467 985 1584 1018 neceffe
1606 988 1665 1019 est:
1685 990 1794 1030 quibus
1809 991 1949 1026 sublatis,
1967 994 2146 1033 perturbatio

1178 1034 1245 1058 vztae
1261 1027 1393 1069 sequitur
1406 1047 1415 1062 ,
1437 1028 1470 1058 &
1491 1038 1599 1071 magna
1613 1030 1763 1062 confufio.
1787 1036 1887 1074 Atque
1906 1035 1984 1066 haud
2003 1036 2084 1070 scio,
2106 1046 2146 1068 an

1177 1071 1286 1109 pietate
1295 1069 1434 1101 adversus
1444 1070 1517 1101 deos
1528 1070 1726 1112 sublata‚fides
1737 1076 1841 1110 etiam,
1853 1076 1887 1107 &
1899 1077 2023 1108 societas
2032 1079 2147 1109 huma-

1178 1113 1209 1141 ni
1221 1113 1340 1153 generis
1351 1132 1363 1147 3
1381 1113 1414 1144 &
1428 1123 1489 1144 una
1498 1114 1746 1147 excellentiffima
1755 1119 1849 1148 virtus
1861 1138 1872 1152 ‚
1884 1118 1998 1158 justitia
2010 1120 2145 1151 tollatur.

1176 1155 1253 1184 Sunt
1270 1163 1371 1185 autem
1392 1155 1445 1186 alii
1464 1157 1640 1198 philosophi
1652 1179 1661 1192 ,
1682 1159 1715 1190 &
1731 1160 1763 1189 hi
1778 1160 1904 1201 quidem
1916 1164 2040 1203 magni,
2057 1167 2149 1204 atque

1176 1196 1315 1231 nobiles,
1334 1199 1385 1238 qui
1406 1197 1534 1230 deorum
1551 1208 1654 1230 mente
1665 1220 1673 1235 ‚
1690 1210 1777 1243 atque
1792 1204 1909 1233 ratione
1923 1213 2050 1234 omnem
2061 1215 2148 1234 mun-

1175 1238 1245 1267 dum
1254 1238 1445 1275 administrari
1458 1261 1467 1274 ,
1486 1241 1520 1272 &
1537 1244 1599 1283 regi
1619 1244 1773 1274 censeant:
1797 1254 1895 1285 neque
1904 1244 1978 1276 verb
1988 1245 2020 1276 id
2030 1246 2146 1280 solum.

1176 1281 1328 1312 sedetiam
1347 1283 1383 1313 ab
1403 1282 1511 1313 iisdem
1530 1284 1596 1313 vitae
1613 1285 1758 1315 hominum
1780 1287 1902 1327 confidi,
1929 1287 1962 1318 &
1980 1289 2147 1328 provideri.

1174 1333 1247 1354 nam
1258 1324 1291 1354 &
1304 1324 1403 1366 fruges
1415 1345 1424 1358 ‚
1445 1325 1478 1355 ὃς
1490 1326 1604 1367 reliqua
1617 1346 1626 1361 ‚
1646 1337 1713 1368 quae
1722 1337 1796 1359 terra
1803 1331 1896 1370 pariat
1905 1349 1913 1364 ‚
1939 1329 1973 1360 &
1983 1329 2148 1372 tempesta·

1175 1373 1217 1396 tes
1229 1386 1238 1400 ,
1249 1376 1282 1397 ac
1292 1375 1466 1407 temporum
1477 1370 1629 1399 varietates
1641 1390 1650 1402 ‚
1671 1370 1796 1412 caelique
1809 1373 1994 1402 mutationes
2006 1393 2017 1406 ‚
2034 1373 2147 1415 quibus

1175 1410 1281 1439 omnia
1292 1428 1300 1442 ,
1317 1419 1383 1450 quae
1405 1418 1477 1440 terra
1491 1412 1593 1452 gignat
1604 1431 1612 1444 ,
1636 1421 1780 1443 maturata
1790 1413 1971 1454 pubescant,
1991 1415 2008 1446 a
2019 1415 2078 1446 diis
2086 1418 2147 1447 im-

1175 1450 1355 1481 mortalibus
1375 1450 1576 1491 tribuigeneri
1591 1454 1728 1485 humano
1737 1463 1859 1495 putant:
1879 1456 2055 1498 multaque,
2074 1468 2143 1499 quae

1173 1492 1312 1522 dicentur
1321 1494 1354 1522 in
1365 1493 1411 1522 his
1421 1492 1505 1522 libris
1517 1498 1533 1527 ‚‘
1548 1496 1697 1536 colligunt
1711 1507 1717 1525 ε
1739 1507 1806 1538 quae
1816 1498 1884 1528 talia
1893 1498 1962 1528 sunt
1973 1518 1981 1532 ‚
1995 1508 2029 1528 ut
2038 1509 2070 1530 ea
2080 1501 2143 1540 ipsa

1172 1533 1215 1563 dii
1228 1534 1415 1564 immortales
1426 1534 1461 1564 ad
1475 1535 1561 1566 usum
1573 1538 1964 1581 hominumfabricaripaen&
1973 1539 2141 1572 videantur.

1170 1577 1284 1605 Contra
1304 1585 1382 1616 quos
1402 1578 1568 1608 Carneades
1583 1580 1623 1607 ita
1645 1579 1741 1609 multa
1762 1578 1919 1613 disseruit,
1947 1590 1980 1611 ut
2000 1583 2147 1615 excitaret

1172 1617 1316 1647 homines
1339 1627 1404 1648 non
1423 1618 1576 1649 socordeis
1594 1619 1629 1650 ad
1649 1620 1922 1664 verlinv‘estigandi
1933 1622 2142 1663 cupiditatem.

1164 1669 1211 1690 res
1222 1660 1308 1690 enirn
1327 1659 1411 1689 nulla
1422 1659 1464 1690 est
1475 1679 1483 1693 ³
1496 1660 1533 1691 de
1543 1671 1601 1702 qua
1611 1669 1764 1703 tantopere
1775 1673 1839 1693 non
1850 1662 1949 1694 solum
1964 1664 2079 1700 indosti,
2093 1666 2144 1699 sed

1169 1703 1261 1732 etiam
1281 1700 1356 1731 dosti
1375 1699 1559 1733 dissentiant.
1585 1713 1716 1744 quorum
1736 1707 1902 1745 opiniones
1924 1706 1996 1737 curn
2019 1716 2080 1738 tam
2091 1719 2146 1741 va-

1172 1745 1223 1775 riae
1235 1743 1291 1774 sint
1302 1764 1311 1777 ,
1322 1751 1444 1784 tamque
1455 1746 1534 1775 inter
1543 1745 1572 1776 se
1583 1743 1757 1777 diffidentes
1770 1758 1774 1776 z
1787 1747 1914 1778 alterum
1926 1745 1990 1778 fieri
2000 1748 2143 1789 profefib

1168 1785 1267 1826 potest
1278 1805 1285 1819 ,
1310 1794 1342 1815 ut
1352 1795 1457 1816 earum
1469 1787 1552 1817 nulla
1565 1797 1571 1816 z
1590 1788 1719 1818 alterum
1729 1788 1808 1819 certe
1823 1799 1887 1819 non
1898 1790 1996 1829 potest
2007 1811 2019 1824 ‚
2033 1793 2143 1834 utplus

1169 1837 1229 1857 una
1250 1837 1317 1857 vera
1337 1825 1379 1857 fit.
1404 1829 1470 1869 Qa
1490 1828 1615 1869 quidem
1634 1831 1666 1859 in
1678 1830 1985 1862 causa&benevolos
1996 1833 2141 1878 objurga-

1169 1872 1249 1899 tores
1257 1869 1382 1909 placare‚
1395 1869 1428 1900 &
1439 1871 1564 1900 invidos
1574 1872 1789 1911 vituperatores
1798 1872 1955 1904 confutare
1965 1873 2138 1914 possumus,

1168 1912 1317 1941 utalteros
1340 1911 1559 1951 reprehendisse
1577 1915 1740 1953 poeniteat,
1766 1915 1851 1945 alteri
1869 1915 2005 1946 didiciffe
2027 1918 2056 1948 se
2067 1928 2141 1960 gau-

1168 1952 1267 1984 deant.
1291 1955 1372 1983 Nam
1394 1962 1456 1993 Qu)
1480 1961 1667 1985 ADMONENT
1687 1957 1784 1987 amice
1796 1977 1807 1990 ,
1828 1957 1958 1989 docendi
1977 1959 2046 1990 sunt
2059 1971 2064 1989 :
2086 1963 2142 2002 qui

1168 1995 1297 2026 inimice
1316 1994 1519 2030 insectantur,
1539 1997 1714 2038 repellendi.
1739 1999 1878 2030 Multum
1897 2010 1998 2031 autern
2019 2001 2142 2035 fluxiffe

1167 2038 1258 2069 video
1278 2037 1315 2068 de
1336 2037 1421 2068 libris
1440 2036 1552 2069 nostris
1562 2059 1570 2073 ‚
1595 2049 1671 2081 quos
1692 2041 1877 2081 complureis
1896 2042 1980 2073 brevi
2001 2052 2139 2085 tempore

1167 2079 1322 2111 edidimus
1335 2099 1344 2114 ,
1365 2083 1544 2121 variumque
1564 2081 1737 2112 sermonem
1751 2103 1758 2116 ,
1779 2087 1888 2122 partim
1902 2085 2134 2121 admirantium,

1167 2122 1249 2153 unde
1268 2124 1326 2153 hoc
1343 2122 1578 2163 philosophandi
1598 2125 1689 2154 nobis
1706 2125 1807 2155 subito
1818 2124 1953 2157 studium
1966 2127 2134 2160 exstitifl'et:

1166 2166 1273 2205 partim
1285 2185 1296 2199 ,
1313 2165 1387 2205 quid
1401 2175 1518 2206 quaque
1533 2166 1569 2196 de
1580 2175 1610 2196 re
1621 2169 1692 2197 certi
1703 2167 1882 2198 haberemus
1895 2188 1905 2202 3
1924 2169 1996 2200 scire
2007 2173 2136 2210 cupien-

1167 2208 1258 2237 tium.
1282 2207 1391 2237 Multis
1409 2209 1498 2238 etiarn
1523 2206 1596 2238 sensi
1616 2209 1756 2239 mirabile
1766 2210 1861 2240 videri
1873 2230 1882 2244 ,
1900 2220 1965 2242 eam
1977 2211 2066 2243 nobis
2077 2222 2136 2253 po—

1166 2247 1315 2279 tiffimum
1325 2250 1480 2290 probatam
1492 2248 1549 2280 effe
1558 2251 1786 2292 philosophiam
1799 2272 1807 2285 ‚
1831 2261 1898 2293 quae
1909 2253 1997 2283 lucem
2007 2255 2134 2296 eriperer,

1164 2290 1197 2322 &
1215 2290 1294 2332 quafi
1313 2291 1439 2322 nostem
1463 2293 1613 2333 quandam
1633 2294 1722 2324 rebus
1743 2292 1913 2326 offunderet
1925 2316 1935 2329 ‚
1954 2296 2137 2338 desertaeque

1164 2333 1330 2374 disciplinae
1343 2355 1352 2369 ,
1364 2329 1379 2353 ³
1391 2334 1492 2375 &jam
1504 2335 1621 2375 pridem
1635 2335 1746 2366 reliEtae
1756 2355 1765 2370 ,
1778 2339 1982 2376 patrocinium
1995 2341 2136 2380 nec-opi-

1165 2385 1273 2406 natum
1285 2377 1300 2407 a
1315 2376 1406 2407 nobis
1427 2375 1485 2407 esse
1502 2378 1681 2418 susceptum.
1705 2380 1773 2409 Nos
1783 2388 1882 2409 autem
1894 2389 1951 2409 nec
1961 2380 2058 2410 subito
2069 2391 2134 2413 coe-

1163 2419 1266 2459 pimus
1277 2419 1481 2459 philosophari
1493 2429 1499 2448 z
1512 2429 1568 2450 nec
1578 2420 1765 2451 mediocrem
1778 2420 1793 2450 a
1803 2423 1905 2461 primo
1915 2430 2050 2462 tempore
2064 2433 2133 2455 aeta-

1166 2463 1204 2491 tis
1214 2463 1248 2491 ln
1259 2471 1295 2491 eo
1304 2460 1404 2492 studio
1413 2471 1536 2503 operam
1548 2482 1557 2496 ,
1571 2472 1734 2503 curamque
1744 2462 1966 2494 consumfimus
1978 2484 1990 2498 3
2000 2464 2033 2495 δε
2045 2485 2053 2499 ,
2067 2464 2132 2494 cim:

2042 2517 2133 2538 mina-

237 2574 398 2607 agnitionem
407 2573 509 2608 anima]
531 2574 572 2600 Ita
582 2573 650 2600 Pau.
663 2582 722 2599 uam
733 2574 761 2599 W
770 2575 874 2600 oliverii
886 2573 940 2600 duo
959 2578 1118 2608 cognitionem,
1163 2584 1221 2610 quae
1231 2575 1285 2601 haec
1293 2575 1489 2611 exscriptorum
1501 2575 1609 2602 licentia
1619 2575 1655 2602 est
1666 2575 1677 2601 ?

150 2580 176 2602 Ι.

178 2575 308 2647 Aquod
321 2612 406 2637 miuus
418 2610 504 2646 placet
516 2628 524 2641 ‚
542 2610 664 2645 quamvis
683 2609 770 2636 exstet
788 2609 821 2636 ad
840 2619 913 2637 oram
924 2611 1118 2639 Lambiuiauae.

1199 2620 1224 2645 5.
1245 2616 1281 2638 Ac
1291 2613 1362 2646 diffi’n
1372 2622 1421 2638 ione
1433 2631 1440 2644 ,
1451 2618 1479 2637 ut
1487 2621 1534 2637 eor⁴
1546 2614 1598 2636 mol.
1603 2613 1636 2644 sit
1646 2612 1797 2637 dinumerare
1808 2630 1815 2642 ,
1825 2610 1893 2641 &cst
1914 2609 1958 2637 Est
1968 2610 2000 2637 ab
2010 2609 2131 2637 edizione

149 2646 274 2675 videatur
293 2647 434 2674 Turnebus
451 2667 459 2680 ,
479 2647 524 2682 qui
544 2646 684 2683 impugnat
703 2648 854 2680 agitationem
872 2648 975 2674 Mureti
996 2647 1044 2675 lib.
1056 2657 1120 2675 xxv.
1162 2648 1276 2674 Vicsiorii
1290 2668 1298 2681 ‚
1316 2648 1543 2685 adstipulatur-que
1555 2646 1786 2674 palatimsecund.
1805 2642 1911 2672 &alter
1920 2647 2129 2674 Wouverianusa

148 2692 179 2710 ca
203 2691 264 2717 .r4.

154 2742 160 2754 .=
179 2693 214 2746 Pa..
235 2723 265 2746 Ur
274 2728 354 2754 magno
363 2725 498 2753 argumento
507 2719 548 2753 effi
557 2718 638 2745 debeat
649 2739 657 2751 ‚
668 2719 766 2752 emesam
776 2739 784 2751 ,
800 2719 827 2745 id
833 2722 868 2746 ef!
881 2739 889 2752 ,
904 2721 1050 2753 principium
1058 2723 1120 2748 Phi-

145 2754 246 2789 thphiae
263 2755 467 2790 effisscientiam]
490 2756 591 2782 Vocula
609 2763 636 2781 ut
654 2765 706 2782 riou
728 2764 864 2792 comparet
875 2757 902 2783 iu
914 2757 1000 2783 l'alat.
1011 2756 1117 2785 secund.

147 2800 195 2819 aut
206 2800 269 2819 tert.
292 2802 353 2818 uam
372 2792 473 2828 primus
492 2792 523 2818 ab
541 2791 672 2828 principio
684 2791 794 2818 mutilus
806 2792 932 2829 estusque
944 2792 976 2819 ad
987 2803 1014 2819 ca
1035 2801 1063 2820 ut
1074 2802 1117 2820 x1.

148 2829 256 2865 optimae
275 2829 394 2864 alioquin
415 2836 484 2855 uotae
497 2848 505 2861 ,
526 2829 568 2854 cui
588 2826 713 2855 secundas
732 2828 788 2864 agit
799 2829 913 2855 palatin.
933 2803 1040 2855 secking.
1053 2838 1117 2857 tert.

148 2873 197 2900 pro
208 2866 335 2898 scientiam
346 2884 354 2897 ‚
364 2865 632 2898 exhibetJL’nte-miam.
654 2866 791 2891 Manutius
802 2865 948 2901 publicavit
957 2867 1118 2901 inscientiam,

148 2907 244 2928 contra
255 2901 410 2928 Turnebum
424 2901 470 2937 qui
483 2901 634 2928 coululatur
645 2900 720 2928 dieto
730 2902 826 2937 capite.

186 2945 214 2973 3.
233 2939 369 2963 Temeritate
381 2939 498 2973 fumun]
522 2938 594 2964 Fal-a.
615 2945 679 2964 tert.
700 2941 805 2971 turpius.
827 2937 868 2965 sed
880 2937 926 2964 ille
937 2938 973 2965 est
983 2938 1117 2975 scriptura:

148 2973 275 3000 recentis.
294 2973 409 3000 alterum
421 2975 499 3001 restat
516 2974 543 3001 in
555 2973 661 3001 secund,
672 2974 825 3010 duobusque
837 2983 902 3010 quos
913 2974 1115 3011 excussitJauus

146 3010 234 3037 noster
244 3010 407 3036 Wouveiius
421 3019 430 3040 3
442 3019 528 3046 neque
538 3010 617 3037 aliter
628 3010 795 3038 Vifiiorizma.
816 3013 842 3037 ὃ(
854 3011 987 3048 perplacet
1000 3031 1008 3044 ,
1019 3021 1118 3049 propu-

126 3052 136 3071 τ
144 3053 263 3082 gnatore
273 3045 402 3072 Tui-nebo
415 3064 423 3077 ‚
434 3046 564 3083 quidquid
575 3047 691 3074 oblatret
701 3046 859 3074 Lambinus,

180 3090 209 3116 4.
229 3086 262 3108 Et
280 3092 323 3117 quo
341 3091 416 3108 omms
436 3083 493 3107 duce
511 3091 604 3109 natura
615 3085 754 3119 vehimur]
776 3084 917 3111 Gulieluiii
929 3083 997 3110 liber
1007 3083 1114 3120 quidam

141 3122 271 3151 venimus,-
291 3118 363 3154 quod
376 3119 400 3144 ei
420 3118 518 3154 placuit
531 3126 616 3154 neque
626 3119 706 3146 aliter
724 3120 810 3147 Palat.
821 3120 871 3147 see.
895 3121 939 3156 qui
952 3129 1039 3147 tamen
1051 3130 1118 3157 prae-

142 3160 228 3192 terea,
239 3165 303 3183 omne
312 3156 351 3191 ‘ffi'
361 3155 428 3188 darre,
437 3155 491 3188 dfe.
511 3164 571 3183 nam
584 3162 648 3184 tert.
659 3157 689 3188 <ly
698 3157 759 3192 quod
765 3159 806 3185 hoc
814 3157 870 3185 duce
889 3164 981 3184 natttr‘a
991 3160 1110 3184 novimus.

1163 2684 1262 2720 vulgati
1273 2685 1302 2715 ὠ·
1310 2685 1441 2719 diffenfione
1449 2686 1566 2716 constituti
1577 2703 1584 2715 ,
1594 2691 1621 2708 m
1630 2684 1775 2716 cor.¹m0!.fit
1785 2691 1945 2709 annumerare
1956 2701 1964 2715 ‚
1974 2684 2025 2714 ὅγε,
2036 2684 2122 2709 Lam-

1159 2720 1224 2748 bino
1242 2721 1351 2757 quidem
1371 2722 1451 2748 etium
1462 2720 1597 2754 displicuit
1608 2720 1674 2747 illud
1686 2721 1806 2754 constituti
1818 2739 1826 2752 ‚
1845 2718 1964 2746 deletum
1975 2720 2048 2756 cupit
2066 2719 2130 2746 ideo

1160 2765 1265 2784 tautum
1277 2778 1285 2789 ‚
1299 2757 1371 2794 quod
1383 2759 1407 2784 ei
1417 2756 1564 2794 displiceat.

1169 2808 1172 2811 -
1196 2795 1223 2820 6.
1244 2796 1322 2829 Deque
1331 2795 1466 2829 hissumma
1478 2813 1485 2825 ‚
1496 2793 1563 2828 ὡς]
1585 2792 1654 2829 Sepsi
1665 2792 1720 2819 haec
1729 2793 1804 2819 uncis
1816 2812 1824 2824 ,
1835 2799 1960 2828 tauquam
1970 2791 2069 2829 spui-im,
2078 2799 2129 2819 ne-

1159 2838 1210 2866 que
1229 2830 1337 2858 iuventa
1347 2830 1497 2857 Gulielmio
1516 2830 1542 2856 iu
1562 2830 1653 2856 codice
1671 2829 1768 2865 scripto
1787 2830 1831 2855 cui
1850 2836 1939 2856 uotam
1958 2829 2035 2865 pouit
2045 2829 2076 2855 P.
2096 2829 2126 2855 δεῖ

1160 2873 1223 2893 vero
1236 2867 1348 2893 Palatia.
1362 2866 1469 2894 secund,
1482 2866 1558 2892 habet
1571 2886 1578 2898 ‚
1598 2867 1625 2891 de
1634 2866 1794 2900 qmfiaemma5
1813 2873 1842 2893 ut
1852 2873 1974 2902 appareat
1985 2865 2027 2892 vel
2038 2874 2071 2892 ex
2083 2864 2126 2892 di—

1160 2903 1281 2930 versitate
1292 2902 1426 2940 scripturae
1436 2902 1468 2928 de
1481 2901 1556 2929 falso.

1193 2947 1221 2974 7.
1245 2943 1353 2966 Continet
1364 2960 1371 2972 ‚
1392 2948 1473 2965 mrum
1486 2959 1492 2971 ,
1512 2939 1563 2970 &a
1584 2940 1732 2972 moliantur-5
1748 2938 1843 2973 omnifi]
1873 2938 1917 2964 Sic
1935 2937 2051 2965 omui-nr>
2065 2938 2125 2964 Gu-

1158 2976 1286 3003 lielmiaui
1299 2996 1308 3008 ,
1327 2978 1355 3003 ὃ(
1376 2976 1489 3002 Palatiu.
1509 2981 1573 3002 tert.
1594 2984 1660 3002 uam.
1672 2974 1778 3002 secund.
1807 2984 1836 3001 ac
1853 2976 1885 3001 ab
1902 2977 1972 3001 omni.
1996 2974 2101 3010 vulgati
2114 2983 2123 3005 3

1156 3016 1257 3038 continet
1266 3015 1302 3039 eft
1312 3032 1319 3045 ,
1330 3020 1421 3044 utrum,
1433 3012 1484 3043 ὼε.
1504 3014 1653 3044 moliantur3
1674 3020 1708 3038 an
1718 3013 1749 3038 ab
1758 3015 1829 3038 omni.
1851 3011 1991 3038 videantur
2003 3011 2030 3036 δε
2040 3012 2124 3037 Lam-

1158 3048 1246 3075 binus.

1194 3084 1222 3111 8.
1242 3088 1275 3111 Et
1284 3085 1438 3119 jampridem
1456 3084 1565 3119 rolina]
1587 3084 1700 3111 palatin.
1713 3083 1818 3111 secund.
1839 3083 1926 3118 &jam
1935 3083 2126 3117 quide-mprin'em

1158 3123 1252 3147 reliHae.
1274 3121 1403 3154 idemque
1417 3121 1491 3157 supra
1511 3121 1554 3147 ubi
1567 3120 1722 3148 habebamus
1736 3140 1744 3153 ,
1764 3121 2034 3156 alterumfieriproftt‘io
2045 3138 2053 3150 ,
2073 3118 2125 3148 ἐπ’

1155 3157 1314 3194 praeferebat
1324 3161 1479 3192 alterutrum,
1489 3159 1513 3191 ὠ
1520 3167 1539 3185 c.
1551 3165 1578 3184 ut
1588 3167 1668 3184 earnm
1678 3159 1737 3184 ulla.
2066 3191 2078 3214 q
2096 3190 2116 3203 Γ

2017 3199 2042 3217 3-
2056 3211 2063 3217 .-
2080 3198 2129 3218 Tu,-
