2337 3400
170 117 263 184 958
576 107 643 156 M.
727 105 1090 152 TULLII

167 198 224 229 Sed
247 194 345 226 nescio
375 188 533 232 quomodo
553 196 711 218 FACiLius
740 195 780 215 υτ
798 192 937 215 Timone
958 188 1119 212 neuram,

170 247 267 277 QiAM
293 245 328 264 m
354 240 526 262 VICTORIA
550 234 558 249 ¹
575 239 683 259 oum-1
708 235 925 258 REPERIMUR·
951 226 1014 263 Ego
1026 223 1120 253 enim,

169 275 310 310 D.'l3ruto
331 275 453 304 liberato
467 293 475 305 ,
496 273 567 303 cum
586 269 752 301 laetiffimus
770 269 822 298 ille
840 267 953 297 civitati
972 265 1036 294 dics
1054 262 1121 291 illu—

169 319 276 351 xisset,
306 316 448 354 idemque
465 315 532 345 casu
553 315 635 343 Bruti
654 312 758 342 natalis
771 309 860 340 esset:
880 308 1018 340 decrevi,
1038 313 1071 334 ut
1089 305 1124 333 in

167 361 249 391 fastis
269 358 304 389 ad
318 367 388 387 eum
400 357 482 386 diem
503 357 585 385 Bruti
601 364 717 384 nomen
729 352 948 383 adscriberetur.
970 350 1004 378 in
1023 355 1120 386 eoque

167 403 235 433 sum
266 401 416 440 majorum
439 397 616 437 exemplum
643 396 758 426 secutus
778 414 786 428 ‚
802 395 854 434 qui
878 393 959 422 hunc
977 391 1126 420 honorem

171 444 294 473 mulieri
320 441 466 471 Larentiae
491 440 682 471 tribuerunt,
708 439 757 467 cui
773 445 846 469 VOS,
874 430 1034 474 pontifices
1052 450 1060 463 ‚
1090 429 1125 459 ad

170 495 251 516 aram
279 486 312 514 in
340 482 468 512 Velabro
489 480 582 511 facere
605 481 716 510 soletis.
755 477 838 518 quod
858 486 913 516 ego
930 484 998 505 cum
1020 472 1126 503 dabam

169 529 263 557 Bruto
275 547 284 560 ,
303 529 432 554 ²notam
450 521 508 553 effe
533 524 564 552 in
584 521 664 552 fastis
677 519 843 562 gratiflimae
859 516 997 548 victoriae
1018 515 1129 552 sempi-

170 577 286 599 ternam
305 566 456 596 volebam.
477 573 564 605 atque
583 565 639 594 illo
656 563 705 593 die
724 562 875 604 cognovi,
894 559 996 600 paullo
1018 557 1129 597 plureis

169 613 204 641 in
215 612 314 640 senatu
326 607 487 638 malivolos
499 605 557 636 esse
568 625 577 639 ‚
600 606 691 646 quam
702 614 809 646 gratos.
826 606 884 633 Eos
893 611 945 642 per
953 601 1034 640 ipsos
1052 598 1129 629 dies,

170 650 266 683 effudi
288 650 319 689 (si
338 653 375 680 ita
397 650 454 689 vis)
472 650 604 678 honores
624 650 656 678 in
676 656 833 679 mortuos,
855 641 1036 674 Hirtium&
1057 643 1128 670 Pan-

171 695 234 725 sam
253 713 261 727 ,
285 692 427 733 Aquilam
449 693 551 720 etiam.
583 689 665 730 quod
685 691 753 730 quis
768 686 975 728 reprehendit,
998 681 1053 713 nisi
1066 682 1129 722 qui,

172 734 306 775 deposito
333 742 435 766 metu,
465 732 605 773 praeteriti
625 731 749 771 periculi
770 729 862 760 fuerit
878 727 1014 757 oblitus?
1037 728 1130 754 Acce-

173 778 261 808 debat
279 776 313 806 ad
324 773 463 806 beneficii
483 776 663 804 memoriam
674 782 785 815 gratam
796 771 871 801 ratio
886 770 936 799 1113
946 788 954 802 ,
965 777 1031 808 quae
1040 767 1129 796 etiam

166 818 274 861 postem
292 817 362 848 ess'et
374 817 515 847 salutaris.
543 815 664 846 Exstare
674 816 759 844 enim
771 812 911 844 volebam
926 813 958 840 in
968 805 1132 839 crudeliffi-

173 871 243 891 mos
270 859 380 890 hosteis
407 867 608 888 monumenta
636 856 700 887 odii
720 856 835 896 publici
854 854 1043 892 sempiterna.
1076 851 1131 878 Su-

172 903 270 943 spicor
288 901 364 931 illud
387 900 490 931 minsis
512 900 566 930 tibi
584 899 720 939 probari,
740 897 823 937 quod
842 896 878 926 ab
897 896 955 924 tuis
976 891 1131 923 familiari-

174 946 251 978 bus,
271 944 396 983 optimis
414 943 475 971 illis
492 941 616 982 quidem
636 942 726 973 viris,
748 939 796 969 sed
819 941 851 968 in
870 936 974 976 repub.
997 933 1132 965 rudibus,

174 997 240 1017 non
258 985 398 1026 probatur
410 1005 417 1017 ‚
438 983 521 1024 quod
534 1002 541 1015 ‚
572 991 604 1012 ut
623 984 724 1012 ovanti
745 982 873 1011 introire
891 977 997 1008 Caesari
1020 978 1133 1007 liceret,

173 1029 369 1059 decreverim.
394 1029 456 1066 Ego
466 1034 564 1055 autem
578 1024 640 1062 (sed
659 1034 727 1054 erro
743 1021 859 1053 fortasse
877 1031 882 1049 :
910 1024 988 1049 3nec
998 1026 1099 1048 tamen
1110 1018 1134 1045 is

173 1071 241 1101 sum
256 1090 264 1103 ‚
284 1079 317 1099 ut
336 1078 403 1098 mea
421 1077 470 1097 me
491 1066 628 1096 maxime
644 1064 806 1105 delatrent)
833 1063 912 1093 nihil
934 1062 1012 1091 mihi
1031 1058 1137 1089 videor

174 1114 232 1142 hoc
249 1112 331 1141 bello
346 1107 462 1140 sensiss'e
483 1108 672 1149 prudentius.
696 1110 754 1138 Cur
772 1115 872 1137 autem
892 1107 931 1134 ita
947 1102 982 1133 sit
999 1103 1136 1141 aperien-

173 1154 326 1187 dumnon
337 1151 378 1182 est
389 1172 396 1184 ‚
419 1162 456 1181 ne
474 1152 569 1191 magis
580 1149 681 1180 videar
690 1148 832 1189 providus
843 1144 930 1177 fuiffe
942 1165 949 1178 ‚
970 1144 1061 1185 quam
1072 1152 1134 1180 gra-

176 1205 234 1226 tus.
259 1195 448 1234 hocipsum,
468 1195 612 1222 nimium.
636 1201 724 1232 quai-e
734 1191 789 1221 alia
802 1189 968 1219 videamus.
993 1187 1136 1214 D.Bruto

175 1237 292 1267 decrevi
312 1238 443 1266 honores
463 1255 471 1268 ‚
503 1234 622 1264 decrevi
649 1233 815 1263 L.Planco.
836 1230 976 1261 Praeclara
996 1227 1048 1257 illa
1068 1228 1136 1266 qui—

174 1279 245 1310 dem
277 1280 419 1320 ingenia,
438 1287 502 1317 quae
519 1276 613 1317 gloria
631 1277 797 1305 invitantur
811 1293 819 1308 ‚
842 1272 891 1302 sed
911 1271 1029 1301 senatus
1043 1276 1133 1298 etiarn

173 1321 290 1361 sapiens
305 1340 313 1353 ,
334 1322 407 1360 qui,
427 1329 484 1360 qua
493 1327 645 1359 quemque
656 1327 686 1347 re
705 1325 805 1357 putat,
824 1311 918 1344 modo
940 1310 1082 1343 honesta,
1100 1309 1136 1339 ad

174 1362 311 1402 rempub.
331 1362 495 1401 juvandam
513 1357 594 1400 poss'e
616 1359 744 1392 adduci,
774 1359 827 1387 hac
847 1357 949 1386 utitur.
975 1357 1013 1383 At
1024 1355 1057 1382 in
1077 1353 1135 1382 Le-

173 1404 247 1445 pido
264 1403 529 1444 reprehendimur:
550 1403 600 1432 cui
618 1400 690 1430 cum
712 1400 834 1431 statuam
846 1400 879 1428 in
893 1395 1011 1427 Rostris
1021 1393 1136 1425 statuis-

176 1448 276 1477 semus
286 1466 295 1479 ‚
317 1445 408 1475 iidem
420 1446 503 1475 illam
515 1445 689 1474 evertimus.
714 1445 781 1472 Nos
792 1441 881 1471 illum
893 1441 1009 1469 honore
1020 1435 1135 1466 studui-

176 1498 246 1518 mus
267 1487 282 1518 a
302 1487 403 1517 surore
422 1495 572 1516 revocare.
595 1486 668 1515 vicit
687 1485 820 1514 amentia
839 1480 980 1512 levissimi
999 1479 1136 1508 hominis

176 1529 310 1560 nostram
327 1528 528 1568 prudentiam.
552 1536 606 1556 nec
617 1536 718 1556 tamen
736 1534 854 1556 tantum
869 1526 901 1553 in
916 1520 1066 1552 statuenda
1078 1521 1136 1549 Le—

175 1571 241 1611 pidi
260 1570 369 1603 statua,
389 1568 556 1599 fa&umest
567 1569 658 1601 mali,
681 1562 1060 1608 quantuminevertenda‚
1080 1561 1135 1590 bo-

176 1615 221 1643 ni.
246 1614 320 1643 Satis
335 1612 429 1641 multa
439 1611 475 1641 de
496 1610 674 1640 honoribus.
698 1618 779 1638 nunc
797 1607 834 1637 de
855 1615 944 1647 poena
962 1613 1052 1644 pauca
1069 1603 1137 1632 sunt

178 1654 312 1685 dicenda.
357 1653 500 1683 Intellexi
519 1653 604 1681 enim
621 1661 660 1681 ex
676 1652 736 1680 tuis
756 1650 828 1689 saepe
847 1649 971 1679 litteris,
989 1655 1016 1675 te
1036 1647 1068 1674 in
1088 1645 1136 1677 iis,

175 1705 252 1736 quos
264 1696 346 1725 bello
358 1693 496 1725 devicisti
510 1713 518 1727 ,
529 1694 724 1723 clementiam
736 1701 817 1722 tuam
836 1690 913 1721 velle
923 1687 1043 1718 laudari.
1064 1688 1138 1716 Exi-

177 1739 272 1768 stimo
286 1736 426 1777 equidem
439 1736 517 1766 nihil
529 1734 544 1764 a
556 1743 583 1764 te
594 1755 602 1768 ,
619 1732 674 1764 nisi
683 1735 835 1774 sapienter.
859 1729 1137 1770 Seds'celerupoenam

173 1780 384 1822 pr.eterraittere
400 1777 442 1816 (id
455 1778 538 1807 enim
550 1775 592 1806 est
603 1796 610 1809 ,
629 1775 712 1816 quod
730 1783 851 1804 vocatur
864 1772 1023 1814 ignoscere
1046 1772 1136 1799 etiam

177 1821 200 1851 si
222 1823 253 1851 in
265 1829 369 1850 ceteris
379 1819 465 1849 rebus
479 1817 635 1848 tolerabile
649 1816 691 1847 est
702 1836 710 1850 ‚
728 1818 761 1845 in
773 1817 832 1845 hoc
842 1815 923 1844 bello
934 1811 1136 1852 perniciosum

176 1872 262 1904 puto.
286 1861 418 1892 Nullum
439 1862 522 1890 enirn
539 1859 654 1889 bellum
673 1858 763 1889 civile
781 1857 840 1887 fuit
858 1858 890 1885 in
911 1853 1012 1884 nostra
1031 1852 1137 1892 repub.

177 1906 323 1936 omnium
335 1923 343 1937 ,
365 1913 430 1944 quae
443 1903 592 1932 memoria
611 1910 679 1930 mea
686 1899 826 1931 fuerunt,
851 1908 882 1927 in
894 1907 954 1937 quo
965 1895 1046 1925 bello
1059 1903 1136 1928 non,

177 1955 374 1986 utracumque
394 1954 456 1984 pars
476 1941 589 1974 viciffet
600 1962 609 1976 ‚
627 1951 729 1972 tamen
739 1941 837 1981 aliqua
848 1939 947 1969 forma
960 1936 1030 1967 efl'et
1043 1935 1141 1966 futura

176 1988 295 2029 reipub.
317 1989 374 2016 hoc
393 1987 475 2016 bello
484 1984 616 2015 vid-tores
636 1993 727 2024 quarn
739 1982 874 2022 rempub.
890 1979 981 2010 fimus
999 1978 1140 2011 habituri,

179 2040 245 2061 non
263 2029 350 2060 facile
371 2027 563 2058 affirmarim:
590 2026 679 2056 violis
707 2034 783 2055 certe
802 2024 885 2054 nulla
911 2030 1056 2063 umquam
1077 2022 1142 2050 erit.

180 2073 259 2103 Dixi
287 2073 376 2112 igitur
405 2070 565 2100 sententias
586 2070 618 2098 in
637 2070 808 2098 Antonium
821 2086 829 2100 ,
851 2065 917 2096 dixi
937 2067 969 2094 in
989 2062 1140 2103 Lepidum

176 2115 308 2145 severas:
321 2122 418 2153 neque
426 2120 487 2142 tam
498 2110 659 2141 ulciscendi
670 2109 754 2140 causa
764 2129 772 2142 ‚
785 2108 875 2150 quam
887 2116 919 2137 ut
930 2106 1005 2136 &in
1015 2104 1143 2145 praesens

176 2156 335 2187 :sceleratos
358 2154 452 2184 civeis
471 2155 580 2183 timore
611 2152 647 2182 ab
673 2150 878 2193 impugnanda
896 2151 989 2189 patria
1014 2148 1144 2177 deterre-

178 2207 244 2228 rem
259 2208 264 2226 ·.
283 2200 300 2223 4
313 2197 345 2226 ὅτ.
367 2194 560 2235 inposterum
575 2213 583 2228 ,
603 2194 823 2224 documentum
836 2192 992 2222 statuerem
1003 2209 1012 2224 ‚
1037 2191 1145 2229 nequis

178 2239 271 2270 talem
292 2246 457 2268 amentiam
479 2237 570 2266 vellet
589 2237 709 2265 imitari.
733 2243 915 2276 quamquam
935 2234 999 2262 haec
1019 2231 1143 2272 quidem

181 2281 348 2313 sententia,
369 2289 432 2309 non
454 2280 547 2319 inagis
569 2287 635 2308 mea
653 2277 729 2310 fuit,
753 2276 845 2318 quam
864 2276 1018 2306 omnium.
1042 2275 1078 2302 In
1088 2283 1146 2314 qua

180 2323 301 2354 viderur
320 2321 397 2351 illud
407 2319 465 2350 effe
477 2319 596 2350 crudele
609 2340 617 2352 ‚
636 2318 718 2360 quod
729 2319 765 2348 ad
776 2318 887 2348 liberos
900 2337 909 2351 ,
929 2319 980 2357 qui
990 2315 1068 2346 nihil
1078 2325 1144 2345 me—

181 2370 325 2397 ruerunt,
345 2372 432 2404 poena
457 2363 606 2402 pervenit.
630 2361 685 2391 Sed
696 2360 726 2390 id
738 2360 938 2400 &antiquum
949 2357 991 2389 est
1002 2378 1011 2392 ,
1031 2357 1064 2387 &
1075 2366 1145 2386 om-

182 2409 271 2437 nium
288 2408 460 2435 civitatum:
477 2403 622 2444 siquidem
633 2411 746 2431 ETIAM
758 2405 772 2429 5
783 2410 1036 2431 TiissMisTocms
1048 2408 1146 2428 Lini-:-

173 2458 225 2479 ru
240 2456 434 2477 EGUERUNT·
460 2445 504 2479 &‚
516 2443 660 2484 sijudicio
671 2443 828 2474 damnatos
838 2442 941 2472 eadem
952 2450 1041 2482 poena
1049 2441 1145 2480 sequi-

183 2500 232 2521 tur
241 2492 333 2520 civeis
344 2509 352 2524 ‚
371 2486 422 2529 qui
434 2486 729 2527 potuimusleniores
739 2483 837 2515 essein
848 2483 981 2514 hosteis?
1000 2482 1082 2523 Qid
1092 2491 1145 2511 au—

181 2541 244 2563 tem
256 2533 340 2572 queri
351 2529 447 2571 potest
457 2529 613 2570 quisquam
624 2528 659 2558 de
672 2537 739 2561 me,
761 2529 815 2568 qui
825 2525 845 2556 fi
859 2524 992 2558 vicisset,
1011 2523 1145 2555 acerbio-

181 2583 246 2605 rem
260 2575 287 2603 se
300 2576 330 2603 in
343 2582 393 2602 me
402 2571 537 2601 futurum
551 2568 639 2600 fuisse
648 2568 824 2600 confiteatur
834 2566 950 2599 necesse
959 2566 1025 2597 est?
1046 2565 1145 2596 Habes

181 2624 331 2646 rationem
352 2623 486 2644 mearum
506 2613 719 2643 sententiarum
733 2631 742 2645 ,
761 2611 797 2641 de
817 2611 988 2651 hocgenere
1000 2609 1146 2639 duntaxat

184 2659 328 2690 honoris,
349 2657 381 2686 ὃς
396 2665 503 2695 poenae.
528 2657 609 2684 Nam
629 2653 665 2684 de
683 2655 787 2684 ceteris
804 2652 894 2683 rebus
905 2651 977 2693 quid
989 2651 1143 2683 senserim,

185 2699 317 2740 quidque
339 2698 506 2728 censuerim
520 2717 528 2730 ‚
553 2694 662 2726 audisse
683 2705 709 2726 te
722 2695 859 2726 arbitror.
881 2694 937 2725 Sed
949 2695 1010 2723 haec
1021 2692 1144 2733 quidem

186 2751 251 2770 non
269 2743 309 2771 ita
327 2739 491 2770 necessaria.
515 2738 591 2768 illud
612 2737 697 2767 valde
708 2735 903 2767 necessarium
915 2756 923 2770 ‚
946 2738 1033 2765 Brute
1046 2756 1054 2769 ,
1075 2736 1145 2764 tein

184 2783 300 2812 Italiam
320 2792 389 2812 cum
407 2782 539 2811 exercitu
559 2782 661 2810 venire
680 2780 768 2820 quam
791 2778 940 2819 primum.
964 2777 1084 2807 summa
1103 2777 1146 2806 est

185 2823 364 2862 exspectat'io
383 2825 445 2854 tui:
466 2825 517 2863 qui
537 2820 557 2852 si
576 2823 691 2852 Italiam
710 2823 860 2862 attigeris,
878 2821 914 2851 ad
936 2829 964 2850 te
985 2819 1145 2850 concursus

188 2864 238 2895 fiet
256 2875 408 2896 omnium.
431 2867 499 2896 Sive
510 2867 594 2894 enim
603 2865 767 2895 vrcerimus
779 2873 784 2893 :
797 2862 995 2904 (quiquidem
1007 2862 1146 2902 pulcher—

224 2977 251 3003 3.
272 2970 505 3004 Gratia-rperimnr.]
529 2968 688 2996 Pall.n0stri
707 2968 835 2996 accedunt
855 2967 1019 2994 Manneianis
1039 2967 1096 2994 mss.
1115 2968 1144 2994 δε

186 3004 380 3035 Laiiib'iii'iaii'is,
392 3005 416 3030 lu
429 3005 521 3039 quibus
533 3008 693 3038 reperiuntur.

222 3047 250 3072 4.
271 3043 354 3065 Noram
372 3041 412 3070 effe
428 3050 453 3065 m
469 3042 539 3072 fiistis
554 3043 684 3074 granffimae
701 3043 805 3066 vinaria
825 3040 994 3074 sempiternam
1011 3040 1144 3075 volebam]

186 3076 262 3103 Olim
273 3076 338 3101 editi
352 3094 360 3107 ‚
372 3077 537 3108 Jempiicrnam
547 3079 678 3103 memoriam
687 3079 803 3102 volebam.
823 3075 865 3102 sed
885 3075 1045 3104 intermedia
1057 3085 1108 3103 vox
1119 3085 1146 3102 iii
1190 3075 1267 3106 mihi,
1280 3081 1403 3108 tanquam
1416 3073 1430 3097 ὰ
1441 3070 1525 3096 scriba
1535 3070 1634 3105 potius,
1646 3072 1725 3106 qiir‘iin
1740 3070 1844 3097 Tullio.

187 3112 262 3139 nullo
275 3111 364 3137 visitur
376 3110 509 3141 Palatino,
521 3121 571 3137 non
584 3113 667 3146 magis
683 3115 764 3148 quam
777 3113 951 3139 Manutian'is.

222 3157 250 3183 5.
269 3151 317 3174 Nec
327 3154 405 3174 tamen
414 3147 517 3181 rafiam]
540 3147 631 3183 Inepte
644 3148 801 3181 Lambinus,
813 3157 854 3176 nec
863 3151 924 3175 enim
932 3148 1030 3183 issum.‚·
1043 3148 1071 3176 St
1082 3157 1147 3175 con·
1189 3147 1237 3174 bro
1248 3153 1314 3172 xxv.
1324 3144 1422 3179 Aiitiq.
1433 3141 1512 3169 Leei.
1523 3151 1580 3180 cap.
1596 3151 1638 3169 12.

1172 101 1759 152 C1CERONIS‘

1165 180 1242 228 rime
1256 181 1422 228 viceramus
1433 201 1442 215 ‚
1464 180 1520 211 nifi
1536 183 1665 223 Lepidus
1683 185 1806 225 perdere
1823 183 1929 215 onmia
1940 203 1949 218 ‚
1982 181 2014 213 &
2031 181 2128 223 perire

1167 222 1227 262 ipse
1246 232 1317 252 cum
1337 223 1397 252 suis
1416 224 1644 263 concupivisset)
1656 235 1702 257 tua
1713 228 1801 257 nobis
1810 226 1982 257 austoritate
1993 234 2069 264 opus
2082 222 2125 255 est

1167 263 1203 294 ad
1223 263 1407 293 collocandum
1422 264 1553 304 aliquem
1568 267 1696 297 civitatis
1715 268 1840 299 statum:
1865 267 1924 299 five
1946 275 2127 297 etiamnunc

1168 315 1319 335 certamen
1328 305 1534 353 reliquum-est
1545 326 1552 340 ‚
1567 309 1699 338 maxima
1708 310 1771 349 spes
1781 310 1823 341 est
1831 309 1901 340 curn
1912 312 1946 340 in
1955 307 2129 339 auc'ioritate

1171 357 1239 381 tua,
1262 356 1327 378 tum
1348 357 1379 377 in
1395 355 1543 377 exercitus
1553 350 1597 378 tui
1607 349 1732 379 viribus.
1754 352 1809 381 Sed
1819 361 1960 392 propera,
1984 361 2035 391 per
2045 349 2129 380 deos.

1173 390 1226 419 scis
1246 391 1330 419 enim
1343 409 1352 423 ,
1371 398 1520 430 quantum
1542 388 1576 420 sit
1596 392 1629 420 in
1641 390 1826 432 temporibus,
1853 403 1998 434 quantum
2011 392 2134 422 incele-

1173 434 1263 461 ritate.
1287 434 1402 462 Sororis
1419 440 1476 461 tuae
1495 430 1567 461 filiis
1576 432 1667 473 quam
1678 433 1836 472 diligenter
1847 435 2000 465 consulam
2012 454 2020 468 ‚
2047 434 2132 473 spero
2286 432 2299 460 ’π

1174 482 1200 502 te
1221 483 1258 503 ex
1281 475 1382 503 matris
1395 493 1403 508 ,
1424 473 1457 503 δε
1476 483 1513 503 ex
1532 474 1640 504 sororis
1658 473 1764 504 litteris
1784 478 1986 516 cogniturum.
2018 485 2074 516 qua
2097 477 2130 504 in

1173 516 1257 544 causa
1276 516 1426 554 majorem
1439 515 1533 545 habeo
1546 518 1693 546 rationem
1705 525 1762 546 tua:
1773 517 1937 546 voluntatis
1950 537 1959 551 ,
1977 527 2042 558 quae
2053 517 2132 546 mihi
2302 531 2314 544 ιι

1172 555 1317 587 cariffima
1334 556 1377 587 est
1394 577 1402 591 ‚
1433 557 1523 598 quam
1535 577 1544 591 ‚
1572 567 1604 587 ut
1619 557 1797 598 quibusdam
1817 557 1942 592 videor,
1960 558 2135 588 constanti-z

1175 609 1271 643 meae.⁴
1284 599 1333 630 sed
1353 609 1408 641 ego
1418 599 1502 630 nulla
1511 601 1543 629 in
1554 609 1584 630 re
1594 600 1676 630 malo
1687 619 1695 634 ,
1715 599 1807 641 quam
1817 608 1845 630 te
1859 599 1988 630 amando
1997 598 2136 630 constans

1177 641 1209 670 ὃς
1224 640 1300 675 esse,
1324 641 1474 672 &videri.

2278 154 2310 431 1:3⁰.;.¹⁴'

2313 356 2324 360 l

2291 450 2310 524 sah-s!

1370 685 1580 715 BRUTUS
1611 685 1887 717 CICERONI,
1912 686 1942 714 S.

1253 726 1464 756 Amicum
1475 726 1641 756 litterarum
1652 735 1770 756 tuarum
1781 746 1789 759 ,
1805 736 1876 766 quas
1885 723 1990 755 misisti
2001 722 2136 758 O&avio‚

1251 768 1327 809 legi,
1348 767 1468 798 missam
1486 767 1522 798 ab
1533 770 1634 798 Attico
1654 769 1743 797 mihi.
1767 768 1908 799 Studium
1927 776 2011 797 tuum
2025 786 2034 800 ,
2057 775 2140 796 cuta-

1178 819 1234 851 que
1244 809 1280 838 de
1297 810 1389 840 salute
1398 820 1465 840 mea
1475 829 1483 843 ,
1505 810 1587 840 nulla
1597 820 1647 840 me
1661 820 1741 840 nova
1755 811 1909 849 voluptate
1920 808 2025 839 affecit.
2064 809 2139 838 Non

1178 851 1278 884 solum
1293 853 1376 882 enim
1389 850 1527 883 ufitatum
1538 871 1546 885 ,
1570 852 1619 882 sed
1630 854 1718 882 etiam
1729 852 1942 893 quotidianum
1953 849 1994 881 est
2006 870 2013 884 ‚
2025 849 2137 890 aliquid

1178 895 1281 926 audire
1298 894 1335 924 de
1357 903 1384 924 te
1397 915 1406 928 ,
1425 893 1505 934 quod
1526 903 1580 934 pro
1592 893 1690 924 nostra
1701 893 1844 935 dignitate
1858 913 1867 927 ,
1891 892 2036 925 fideliter,
2054 900 2142 932 atque

1180 935 1348 967 honorifice
1369 936 1500 970 dixeris,
1523 935 1697 966 autfeceris.
1721 940 1760 966 At
1770 936 1875 966 dolore
1890 955 1898 967 ‚
1919 943 2067 974 quantum
2077 935 2142 963 ani-

1180 989 1233 1009 mo
1257 980 1428 1008 maximum
1448 987 1549 1018 capere
1569 976 1686 1018 poffum
1701 998 1709 1011 ,
1729 978 1834 1008 eadem
1854 978 1904 1006 illa
1919 986 1984 1016 pars
1994 974 2137 1015 epistolae.

1181 1021 1296 1060 scriptae
1313 1020 1348 1050 ad
1360 1019 1519 1050 Octavium
1542 1019 1578 1049 de
1597 1020 1707 1052 nobis,
1727 1018 1832 1050 affecit.
1855 1020 1903 1049 Sic
1923 1018 2063 1048 enimilli
2079 1025 2143 1056 gra-

1181 1065 1234 1092 tias
1253 1063 1314 1103 agis
1331 1061 1368 1091 de
1386 1071 1446 1101 rep.
1470 1069 1529 1090 tam
1549 1061 1740 1101 suppliciter,
1761 1071 1793 1091 ac
1811 1058 1937 1091 demiss'e
1950 1079 1958 1093 ‚
1976 1059 2061 1100 (quid
2075 1060 2144 1088 ieri-

1182 1105 1272 1134 barn?
1290 1103 1381 1143 pudet
1398 1102 1605 1136 conditionis,
1626 1113 1658 1133 ac
1675 1102 1820 1133 sortunae:
1840 1102 1888 1132 sed
1901 1111 1998 1131 tamen
2011 1100 2144 1131 scriben-

1182 1145 1256 1176 dum
1275 1144 1328 1174 est.
1360 1144 1568 1174 Commendas
1583 1143 1715 1174 nostram
1734 1145 1857 1175 salutem
1879 1144 1940 1172 illi:
1958 1152 2024 1183 quae
2045 1149 2142 1171 morte

1180 1197 1236 1228 qua
1246 1196 1310 1216 non
1323 1185 1536 1227 perniciosior?
1555 1187 1606 1227 >ut
1614 1187 1734 1227 prorsus
1742 1196 1802 1226 prae
1812 1194 1839 1216 te
1852 1185 1927 1216 feras
1937 1204 1946 1218 ‚
1968 1194 2030 1214 non
2044 1183 2142 1214 subla—

1181 1239 1242 1259 tam
1269 1228 1514 1259 dominationem
1534 1248 1543 1261 ,
1572 1229 1621 1259 sed
1651 1228 1817 1258 dominum
1848 1234 2055 1258 commutatum
2074 1222 2142 1255 effe.

1181 1271 1277 1301 Verba
1287 1279 1336 1301 tua
1345 1270 1521 1311 recognosce
1532 1290 1540 1304 ‚
1562 1269 1595 1300 &
1605 1270 1679 1301 aude
1689 1280 1796 1311 negare
1808 1290 1817 1304 ,
1838 1270 1993 1300 servientis
2009 1288 2017 1302 ‚
2040 1266 2145 1298 adver-

1182 1314 1230 1344 sus
1248 1322 1349 1354 regem
1370 1312 1437 1343 istas
1460 1310 1517 1342 esse
1534 1322 1645 1352 preces.
1669 1315 1775 1342 Unum
1798 1314 1841 1342 ais
1860 1309 1936 1345 effe,
1957 1308 2039 1351 quod
2059 1309 2095 1339 ab
2106 1318 2143 1338 eo

1179 1354 1366 1396 postuletur:
1386 1355 1419 1385 &
1438 1354 1639 1394 exspeffittur:
1660 1363 1692 1384 ut
1710 1364 1761 1384 eos
1781 1355 1875 1384 civeis
1887 1373 1896 1386 ‚
1918 1354 1954 1383 de
1969 1352 2076 1393 quibus
2087 1352 2146 1381 viri

1181 1399 1253 1428 boni
1275 1396 1462 1437 populusque
1477 1399 1514 1427 R.
1526 1396 1603 1426 bene
1623 1395 1797 1430 existimet,
1818 1396 1913 1426 salvos
1924 1395 2006 1425 velit.
2030 1390 2144 1434 Qidsi

1181 1439 1281 1470 nolit?
1293 1449 1357 1469 non
1368 1440 1481 1468 erimus
1495 1441 1505 1468 ?
1525 1441 1636 1484 Atqui,
1649 1448 1712 1468 non
1721 1437 1798 1473 esse3
1811 1447 1901 1479 quam
1913 1435 1969 1466 effe
1979 1436 2144 1476 perillum,

1179 1480 1303 1522 praestat.
1336 1483 1418 1521 Ego,
1441 1480 1559 1510 medius
1569 1479 1658 1510 lidius
1671 1501 1680 1514 ‚
1705 1490 1770 1510 non
1788 1479 1934 1510 existimo
1952 1487 2013 1508 tam
2024 1478 2146 1507 omneis

1180 1524 1252 1554 deos
1272 1522 1389 1553 aversos
1408 1521 1468 1551 esse
1480 1521 1496 1552 a
1507 1522 1598 1552 salute
1607 1523 1711 1562 populi
1723 1524 1761 1552 R.
1775 1521 1957 1552 utO&avius
1968 1519 2098 1550 orandus
2108 1516 2145 1548 fit

1180 1575 1235 1606 pro
1254 1564 1344 1594 salute
1362 1564 1537 1603 cujusquam
1557 1564 1652 1597 civis,
1677 1573 1742 1593 non
1761 1563 1858 1593 dicam
1871 1572 1925 1602 pro
1935 1560 2146 1592 liberatoribus

1181 1606 1262 1637 orbis
1283 1614 1436 1635 terrarum.
1458 1606 1549 1645 Juvat
1567 1605 1651 1635 enim
1665 1603 1823 1646 magnifice
1836 1605 1938 1644 loqui:
1960 1602 2082 1633 &certe
2092 1601 2147 1631 de-

1180 1658 1227 1679 cet
1239 1668 1247 1681 ‚
1270 1646 1408 1677 adversus
1428 1647 1632 1688 ignoranteis;
1651 1648 1723 1687 quid
1748 1656 1803 1686 pro
1821 1655 1940 1686 quoque
1957 1643 2144 1676 timendum,

1181 1690 1255 1721 auta
1281 1698 1401 1729 quoque
1415 1688 1579 1727 petendum
1590 1686 1632 1718 fit.
1658 1691 1767 1719 Hoetu
1779 1707 1786 1720 ,
1807 1690 1911 1718 Cicero
1923 1706 1932 1721 ,
1952 1684 2034 1726 posse
2047 1685 2146 1715 fateris

1184 1730 1343 1762 Oskavium
1358 1750 1366 1763 ‚
1388 1730 1476 1759 &illi
1489 1731 1602 1759 amicus
1613 1732 1665 1759 es?
1683 1739 1753 1763 aut,
1772 1727 1791 1757 fi
1803 1739 1851 1758 me
1862 1738 1962 1759 carum
1974 1728 2062 1758 habes
2073 1745 2082 1760 ,
2097 1729 2145 1757 vis

1183 1776 1293 1803 Rornae
1302 1771 1417 1804 videri3
1439 1769 1510 1800 cum
1526 1790 1535 1803 ‚
1556 1779 1588 1801 ut
1599 1771 1653 1800 tibi
1664 1770 1720 1801 effe
1731 1769 1846 1811 poffem
1857 1790 1866 1804 ,
1885 1768 2148 1800 commendandus

1183 1823 1276 1854 puero
1300 1811 1487 1842 illifuerim?
1507 1814 1562 1841 Cui
1581 1812 1653 1853 quid
1665 1815 1725 1853 agis
1734 1814 1840 1854 gratias
1853 1833 1861 1845 ,
1883 1810 1923 1845 si,
1943 1820 2042 1841 utnos
2051 1811 2147 1840 salvos
2336 1818 2337 1842 1

1184 1854 1241 1886 effe
1262 1854 1337 1884 velit
1349 1874 1358 1888 ,
1381 1853 1414 1883 &
1427 1856 1554 1894 patiatur
1565 1873 1573 1888 ‚
1596 1856 1763 1894 rogandum
1776 1857 1882 1895 putas?
1903 1857 1950 1883 An
1963 1854 2021 1883 hoc
2029 1861 2083 1892 pro
2094 1851 2150 1881 be·

2161 693 2204 727 16

1187 1895 1296 1928 neficio
1314 1895 1357 1926 est
1377 1895 1549 1926 habendum
1561 1915 1570 1930 ‚
1596 1895 1678 1937 quod
1698 1897 1746 1930 se,
1768 1896 1858 1937 quam
1869 1896 2041 1926 Antonium
2058 1913 2067 1928 ,
2090 1891 2149 1924 esse

1187 1940 1344 1972 maluerit,
1354 1938 1369 1968 a
1381 1948 1443 1978 quo
1453 1937 1505 1968 ista
1514 1938 1641 1978 petenda
1648 1936 1741 1968 essent
1753 1942 1763 1968 ?
1774 1938 1897 1968 Vindici
1908 1937 2032 1978 quidem
2042 1936 2149 1966 alienae

1186 1981 1425 2013 dominationis,
1445 1990 1509 2010 non
1531 1981 1660 2014 vicario,
1681 1983 1782 2021 ecquis
1802 1980 1963 2020 supplicat,
1985 1987 2017 2008 ut
2030 1977 2148 2018 optime

1188 2024 1303 2054 meritis
1322 2022 1358 2052 de
1380 2032 1440 2062 rep.
1465 2022 1550 2052 liceat
1569 2021 1627 2052 effe
1648 2022 1761 2052 salvis?
1780 2021 1836 2053 Ista
1853 2020 1928 2052 vero
1945 2020 2149 2053 imbecillitas,

1189 2066 1221 2096 &
1241 2065 1429 2105 desperatio,
1449 2065 1535 2103 cujus
1557 2065 1643 2104 culpa
1654 2074 1717 2094 non
1728 2067 1822 2105 magis
1833 2066 1865 2094 in
1877 2073 1904 2094 te
1915 2061 2036 2096 residet,
2055 2062 2148 2102 quarn

1188 2110 1219 2137 in
1230 2107 1378 2137 omnibus
1388 2107 1466 2140 aliis3
1476 2106 1508 2136 δε
1517 2106 1662 2136 Caesarem
1674 2108 1707 2136 in
1717 2107 1910 2147 cupiditatem
1922 2107 2007 2147 regni
2017 2103 2150 2143 impulit:

1190 2150 1223 2180 &
1242 2151 1381 2179 Antonio
1390 2147 1620 2189 postinteritum
1631 2149 1714 2178 illius
1723 2147 1861 2189 persuasit
1872 2169 1881 2182 ,
1901 2156 1934 2178 ut
1944 2145 2093 2176 interfecti
2103 2145 2152 2174 lo-

1188 2201 1259 2222 cum
1280 2201 1423 2231 occupare
1439 2199 1611 2220 conaretur:
1633 2190 1666 2220 &
1681 2201 1763 2221 nunc
1783 2199 1910 2231 puerum
1929 2187 2019 2218 istum
2029 2187 2150 2220 extulit,
2186 2221 2187 2224 Ἰ

1191 2243 1222 2264 ut
1243 2242 1274 2263 tu
1286 2233 1435 2272 judicares
1455 2232 1590 2272 precibus
1609 2231 1894 2273 efl'eimpetrandam
1906 2231 2029 2262 salutem
2039 2229 2150 2259 talibus
2186 2225 2189 2236 ³

1187 2277 1278 2305 viris:
1304 2274 1568 2315 misericordiaque
1587 2276 1696 2309 unius,
1715 2277 1770 2304 vix
1780 2276 1869 2304 etiam
1881 2272 2048 2305 nuncviri‚
2069 2279 2151 2301 tutos

1190 2317 1254 2347 fore
1265 2326 1321 2362 nos
1330 2336 1338 2350 ‚
1358 2316 1439 2346 haud
1450 2316 1510 2346 ulla
1522 2316 1577 2346 alia
1587 2327 1628 2346 re.
1651 2316 1741 2357 Qod
1753 2315 1771 2346 fi
1783 2318 1941 2346 Romanos
1953 2323 2008 2343 nos
2019 2311 2075 2342 effe
2086 2322 2153 2342 me-

1191 2357 1383 2389 minissemus
1399 2368 1404 2387 :
1440 2368 1505 2388 non
1522 2357 1662 2388 audacius
1680 2359 1832 2388 dominari
1847 2364 1989 2396 cuperent
2007 2354 2151 2395 postremi

1190 2402 1332 2430 homines
1341 2419 1350 2433 ‚
1372 2402 1463 2440 quam
1474 2410 1531 2429 nos
1542 2399 1770 2439 prohiberemus
1786 2410 1791 2428 z
1809 2409 1907 2440 neque
1917 2399 2011 2438 magis
2022 2399 2151 2426 irritatus

1191 2441 1261 2472 esset
1279 2444 1431 2471 Antonius
1449 2451 1542 2481 regno
1561 2442 1696 2475 Caesaris,
1720 2441 1809 2482 quam
1821 2441 1862 2471 ob
1873 2440 2006 2480 ejusdem
2018 2447 2151 2468 mortem

1180 2484 1360 2514 ¹deterritus.
1385 2486 1434 2513 Tu
1454 2482 1576 2523 quidem
1596 2484 1778 2517 consularis,
1798 2483 1994 2514 &tantorum
2007 2481 2152 2511 scelerum

1191 2525 1304 2555 vindex
1322 2524 1443 2565 (quibus
1462 2523 1603 2565 oppreffis
1620 2535 1726 2556 vereor
1746 2535 1784 2555 ne
1796 2527 1827 2555 in
1836 2525 1924 2555 breve
1936 2532 2053 2562 tempus
2063 2521 2153 2551 dilata

1191 2566 1226 2597 sit
1243 2567 1294 2597 abs
1313 2575 1341 2596 te
1363 2568 1524 2607 pernicies)
1534 2565 1586 2608 qui
1602 2577 1686 2607 potes
1706 2569 1810 2596 intueri
1831 2564 2042 2608 quaegesseris,
2064 2562 2152 2593 simui

1192 2608 1290 2639 &ista
1299 2609 1347 2638 vel
1358 2608 1485 2648 probare
1497 2628 1504 2642 ‚
1516 2609 1565 2639 vel
1576 2611 1614 2639 ita
1625 2607 1753 2640 demisse
1764 2629 1773 2643 ‚
1792 2620 1826 2640 ac
1834 2610 1922 2639 racile
1936 2608 2014 2647 pati,
2039 2615 2072 2635 ut
2079 2615 2152 2645 pro-

1191 2651 1287 2681 bantis
1297 2651 1425 2690 speciem
1437 2650 1564 2680 habeas?
1583 2651 1672 2690 Quod
1686 2661 1785 2681 autem
1796 2651 1851 2681 tibi
1861 2660 1931 2681 cum
1941 2649 2080 2679 Antonio
2091 2651 2156 2686 pri-

1191 2703 1293 2724 vatum
1313 2692 1442 2722 odium?
1460 2702 1569 2732 nempe
1586 2695 1655 2734 quia
1665 2693 1829 2733 postulabat
1839 2694 1918 2725 haec‚
1941 2690 2064 2721 salurem
2077 2690 2112 2718 ab
2124 2689 2153 2719 se

1190 2737 1251 2776 peti
1266 2746 1271 2763 z
1294 2737 1455 2775 precariam
1476 2736 1785 2765 nosincolum'itatem
1803 2734 1911 2764 habere
1922 2751 1930 2766 ‚
1946 2732 2080 2771 ‘aquibus
2091 2731 2152 2770 ipse

1190 2778 1357 2807 libertatem
1378 2775 1547 2816 accepisset:
1567 2775 1624 2807 effe
1642 2777 1799 2807 arbitrium
1819 2776 1904 2806 suurn
1922 2773 1959 2803 de
1979 2783 2038 2813 rep.
2062 2775 2154 2814 Qae-

1192 2819 1281 2849 renda
1300 2817 1358 2848 ess'e
1380 2828 1459 2849 arma
1480 2818 1584 2858 putasti
1597 2839 1605 2852 ,
1633 2819 1746 2860 quibus
1767 2817 1918 2847 dominari
1935 2815 2152 2856 prohiberetur:

1191 2862 1302 2893 scilicet
1313 2881 1322 2896 ‚
1342 2870 1374 2891 ut
1390 2861 1446 2891 illo
1463 2861 1617 2901 prohibito
1633 2880 1642 2895 ,
1659 2868 1831 2901 rogaremus
1851 2858 1977 2888 alterum
1989 2877 1998 2891 ‚
2018 2859 2069 2899 qui
2082 2857 2109 2888 se
2120 2860 2153 2888 in

2089 2901 2154 2937 ejus

1189 2974 1230 2993 tra
1240 2966 1326 2993 editos
1337 2965 1490 3000 calamoque
1500 2970 1623 2990 exaratos
1634 2961 1737 2989 codices
1750 2971 1759 2993 ;
1779 2962 1900 2998 quamvis
1910 2961 2021 2998 pedibus
2032 2962 2115 2988 iverit
2124 2961 2152 2988 in

1190 3003 1348 3030 sententiam
1359 3002 1416 3035 ejus
1428 2999 1603 3027 Gulielmius.

1225 3039 1254 3065 6.
1275 3039 1425 3071 Inposterum
1437 3036 1594 3060 documentum
1598 3035 1753 3068 statuerem]
1778 3035 1838 3060 Vox
1849 3034 2007 3060 documentum
2018 3052 2026 3066 ,
2039 3031 2154 3068 suspec‘ia

1225 3119 1252 3145 7.
1270 3107 1421 3140 Themistoclis
1438 3108 1505 3132 liberi
1522 3107 1634 3140 eguere.]
1665 3107 1790 3144 Explicat
1809 3106 1907 3135 Caelius
1926 3105 2095 3142 Rhodiginus
2116 3104 2151 3130 li-

2047 3185 2070 3204 x.
2081 3178 2154 3202 Nuria
