2360 3400
488 101 573 149 DE
644 87 1112 134 ΡΕΤιτῐοΝΕ
1179 86 1741 139 ΟοΝευιΛτυε.
1970 95 2101 152 1287

121 172 260 218 gnoscito
271 191 280 205 ‚
292 173 303 191 ¹
316 171 379 201 iiaec
392 168 446 200 tria
458 168 526 200 sunt
537 180 542 198 :
554 179 653 200 unum
668 171 754 201 exiis
766 188 775 203 ‚
801 179 876 210 quos
887 166 983 198 laefisti
997 167 1086 197 :alte-

86 217 89 218 ’
122 225 192 247 rum
204 234 214 248 ‚
234 215 287 254 qui
309 210 369 242 fine
381 211 467 242 causa
477 221 541 242 non
548 221 665 242 amant:
678 214 801 242 tertium
813 232 821 245 ,
842 213 895 253 qui
903 211 1087 250 competito-

85 266 93 270 “
122 265 194 288 rum
218 254 306 285 valde
328 256 419 285 amici
444 254 522 284 sunt.
544 256 630 295 Qos
646 253 730 295 laefisti
745 274 753 287 ,
772 252 845 283 curn
855 262 960 284 contra
970 261 1021 281 eos
1031 260 1086 290 pro

58 681 94 707 11

120 299 222 328 amico
241 296 372 330 diceres,
394 297 441 326 his
461 305 489 327 te
506 296 595 336 plane
605 293 988 338 purgatoznecesfitudines
999 303 1086 323 com·

119 348 310 370 memorato:
325 340 360 369 in
372 339 453 378 spem
469 337 629 371 adducam
648 340 720 368 rein
732 347 836 368 eorum
849 337 955 369 rebus,
981 333 1000 364 fi
1014 335 1084 365 sein

119 381 287 412 amicitiam
298 381 494 414 contulerint,
504 381 567 419 pari
575 379 685 414 studio,
698 389 786 421 atque
796 382 810 399 ²
821 377 925 409 officio
933 377 1082 407 futurum:

119 422 278 463 spondero.
302 424 363 463 Qi
376 422 436 463 fine
445 423 530 461 causis
537 431 589 450 non
598 430 698 451 amant
710 431 781 456 ‚eos
793 430 843 452 aut
854 418 1002 450 beneficio
1014 437 1023 452 ‚
1033 428 1084 449 aut

121 467 170 505 spe
185 484 195 498 ,
215 463 469 505 autfignificando
482 467 494 492 3
505 473 554 494 tua
563 474 629 504 erga
638 464 707 494 illos
717 462 813 494 studia
822 461 930 496 futura,
940 460 1082 494 delinito,

117 508 192 539 dans
203 516 326 547 operam
339 527 349 541 ,
372 516 404 537 ut
413 506 449 536 de
458 506 511 536 illa
517 507 616 536 animi
627 508 770 546 pravitate
781 505 918 535 deducas.
941 505 1083 548 Quorum

119 548 253 580 voluntas
277 550 334 579 erit
351 548 403 578 abs
420 557 448 578 te
466 557 586 588 propter
605 550 846 588 competitorum
857 547 1003 577 amicitias
1012 545 1085 574 alze-

119 593 180 621 nior
190 610 199 624 ,
224 592 270 621 his
288 600 407 632 quoque
426 590 532 620 eadem
552 590 662 620 inservi
674 592 808 620 oratione
824 609 833 623 ,
856 598 913 629 qua
923 588 1085 628 superiori-

120 634 195 665 bus:
213 632 265 667 δε,
286 632 306 662 sl
325 632 451 672 probare
478 633 590 672 poteris
603 651 612 665 ‚
631 641 659 662 te
680 635 712 662 in
722 642 773 662 eos
784 631 864 671 ipsos
872 631 1086 670 competitores

121 684 189 707 tuos
200 675 349 704 benivolo
359 673 417 703 effe
427 675 534 704 animo
543 673 706 704 ostendito.
731 675 886 712 Quoniam
898 673 934 702 de
944 673 1087 701 amicitiis

118 715 340 748 constituendis
351 716 418 746 satis
429 715 545 746 dietum
556 715 609 749 est,
618 715 787 746 dicendum
798 715 836 744 de
846 715 897 744 illa
907 716 996 744 altera
1005 722 1086 753 parte

117 759 297 800 petitionis,
322 767 389 798 quae
408 759 441 787 in
452 758 590 797 populari
601 759 716 787 ratione
728 758 871 788 versatur.
895 759 936 786 Ea
946 753 1086 785 desiderat

118 799 414 833 nomenclationem,
428 799 618 832 blanditiam,
629 798 839 832 affiduitatem,
852 798 1084 838 benignitatem,

118 851 274 874 aimonem
287 861 296 874 ‚
318 841 400 881 spem
411 843 443 870 in
456 841 557 881 repub.
577 840 718 872 Primum
728 840 770 874 id,
782 840 865 881 quod
878 839 950 869 facis
960 859 968 873 ‚
992 847 1025 869 ut
1037 838 1086 867 ho-

118 886 206 916 mines
223 884 311 916 noris,
333 881 486 923 significa,
511 891 545 912 ut
563 891 712 922 appareat:
732 883 765 913 δε
783 892 874 923 auge,
899 891 932 911 ut
949 880 1087 922 quotidie

119 928 233 958 melius
252 925 311 954 fiat.
332 924 411 954 nihil
430 925 510 953 mihi
526 934 586 955 tam
598 925 760 965 populare,
782 933 879 964 neque
893 933 954 954 tam
969 932 1085 964 gratum

117 969 248 1000 videtur.
273 965 394 996 Deinde
406 965 449 999 id,
459 966 544 1007 quod
555 976 658 998 natura
669 976 734 997 non
746 966 835 997 habes
847 985 856 1000 ‚
878 966 970 996 induc
981 967 1014 995 in
1022 966 1087 994 ani-

119 1021 207 1041 mum
219 1011 263 1039 ita
271 1007 462 1048 simulandum
470 1006 529 1038 effe
544 1028 553 1043 ,
571 1017 604 1038 ut
613 1018 715 1039 namra
723 1007 820 1039 facere
832 1007 961 1038 videare.
983 1011 1000 1033 4
1014 1016 1085 1036 nam

118 1054 246 1084 comitas
256 1055 286 1082 P.
300 1050 353 1080 tibi
365 1060 431 1080 non
441 1049 522 1081 deest
535 1069 544 1084 ,
563 1060 596 1081 ea
609 1070 618 1084 ‚
641 1061 708 1092 quae
719 1050 804 1081 bono
818 1059 850 1080 ac
862 1049 944 1080 suavi
959 1050 1086 1079 homine

118 1095 211 1137 digna
229 1092 281 1124 est.
307 1092 353 1122 sed
371 1101 449 1132 opus
459 1091 501 1122 est
512 1102 694 1134 magnopere
705 1091 848 1122 blanditia
857 1101 869 1119 .-
888 1101 953 1132 quae
964 1093 1054 1121 etiam
1067 1088 1088 1119 si

117 1137 227 1167 vitiosa
246 1134 288 1166 est
300 1155 309 1168 ,
329 1134 363 1165 &
373 1135 468 1174 turpis
480 1136 512 1164 in
523 1144 618 1165 cetera
628 1136 687 1165 vita
700 1155 709 1168 ‚
729 1143 833 1165 tamen
846 1135 877 1163 in
887 1134 1033 1174 petitione
1044 1130 1087 1162 est

118 1175 290 1210 necess‘aria.
309 1186 382 1207 tunc
399 1178 485 1206 enim
506 1186 582 1207 cum
602 1185 827 1207 DETERIOREM
840 1176 973 1217 aliquem
986 1172 1084 1205 assen-

120 1220 213 1252 tando
224 1219 295 1250 fac-it
305 1238 314 1253 ‚
335 1217 476 1259 improba
488 1217 532 1249 est
544 1229 549 1248 :
559 1218 632 1249 cum
646 1220 826 1249 amiciorem
839 1237 848 1252 ,
859 1227 924 1248 non
934 1226 995 1248 tam
1006 1219 1086 1247 vitu-

119 1262 258 1304 peranda.
280 1262 402 1301 petitori
421 1258 495 1291 verb
514 1259 674 1291 necessaria
694 1259 737 1291 est
749 1279 759 1294 ‚
776 1260 864 1301 cujus
879 1258 1009 1290 &frons
1020 1279 1030 1293 ‚
1051 1258 1086 1289 δε

120 1305 235 1344 vultus,
250 1303 283 1334 &
297 1303 396 1333 sermo
405 1302 440 1333 ad
452 1312 559 1333 eorum
572 1323 580 1336 ,
593 1303 800 1344 quoscumque
810 1303 1001 1334 convenerit,
1015 1301 1083 1331 sen-

119 1346 188 1378 sum
202 1365 211 1380 ,
231 1346 264 1376 &.
283 1345 472 1376 voluntatem
494 1348 508 1372 5
520 1344 758 1376 commutandus
767 1343 819 1375 est.
838 1344 908 1385 Jam
919 1342 1088 1383 assiduitatis

119 1389 245 1419 nullum
265 1386 308 1417 est
318 1395 500 1427 praeceptum
513 1397 519 1416 :
530 1386 718 1428 verbumque
729 1386 827 1426 ipsum
838 1385 927 1417 docet
935 1405 944 1420 ‚
961 1395 1030 1426 quae
1041 1394 1088 1415 res

120 1429 165 1461 fit.
187 1427 311 1471 prodest
329 1428 456 1469 quidem
476 1429 673 1458 vehementer
690 1426 706 1449 ⁶
725 1428 873 1468 nusquam
893 1426 988 1457 deesse
1008 1437 1015 1456 :
1036 1426 1086 1457 sed

120 1481 224 1504 tamen
247 1471 297 1501 hic
314 1469 429 1500 studius
438 1468 482 1499 est
493 1467 665 1501 affiduitatis
675 1489 685 1503 ,
706 1479 771 1499 non
783 1468 883 1499 solum
895 1466 954 1499 ess'e
965 1472 1085 1503 Romae,

119 1523 210 1556 atque
220 1515 254 1543 in
262 1511 332 1543 foro
341 1531 351 1546 ,
371 1510 420 1542 sed
428 1509 539 1541 assidue
552 1520 652 1551 petere
662 1530 671 1544 ,
694 1511 770 1551 saepe
780 1509 902 1540 eosdem
915 1510 1063 1550 appellare
1077 1521 1083 1539 :

120 1565 185 1586 non
196 1554 392 1585 committere
402 1560 436 1583 ut
447 1552 632 1594 quisquam?
642 1550 729 1592 poffit
741 1551 851 1584 dicere,
869 1552 954 1590 quod
966 1552 1031 1591 ejus
1042 1550 1087 1585 fit,

120 1596 265 1638 consequi
274 1594 367 1636 poffis
376 1614 386 1629 ,
409 1593 431 1624 fi
441 1595 531 1625 abste
540 1603 605 1625 non
617 1593 652 1624 fit
663 1602 800 1635 rogatum
811 1613 820 1628 ‚
834 1593 868 1624 &
879 1593 965 1624 valde
977 1603 1010 1623 ac
1018 1592 1089 1623 dili-

121 1647 224 1678 genter
237 1645 389 1678 rogatum.
411 1636 579 1677 Benignitas
597 1642 697 1667 aut-em
721 1635 779 1666 late
801 1643 899 1675 patet:
913 1634 947 1664 δι’,
960 1634 1004 1665 est
1012 1636 1046 1665 in
1057 1644 1088 1665 re

120 1674 265 1712 't'amiiiari
276 1691 284 1713 ·‚
296 1688 362 1719 quae
369 1687 557 1719 quamquam
568 1677 604 1708 ad
616 1676 846 1717 multitudinem
859 1679 1016 1716 pervenire
1024 1686 1089 1707 non

122 1721 222 1763 potest
231 1741 240 1755 ,
250 1729 353 1752 tamen
362 1722 400 1750 ab
409 1721 517 1750 amicis
527 1719 663 1750 laudatur
671 1738 681 1753 ‚
693 1719 726 1749 &
736 1717 927 1748 multitudini
939 1727 1017 1759 grata
1025 1717 1086 1748 estz

123 1764 167 1796 est
185 1765 218 1794 in
236 1763 390 1794 conviviis
407 1780 415 1796 ,
436 1756 451 1782 ⁸
493 1771 538 1792 uae
549 1760 640 1792 facito
651 1760 684 1791 &
693 1760 745 1791 abs
755 1768 784 1790 te
799 1780 808 1794 ‚
828 1759 861 1790 &
870 1760 907 1790 ab
916 1761 1022 1790 amicis
1031 1762 1091 1790 tuis

122 1803 417 1839 concelebrentur&
429 1813 464 1845 pa
501 1813 531 1833 m
544 1823 552 1838 ‚
577 1803 610 1834 &
624 1802 764 1833 tributim
777 1800 837 1832 :est
846 1803 938 1832 etiam
951 1803 983 1831 in
990 1811 1091 1842 oper-213
1108 1805 1110 1819 ²

124 1858 215 1890 quam
234 1847 376 1888 pervulga
394 1846 427 1877 &
448 1847 646 1877 communica
667 1855 674 1875 :
694 1853 821 1885 curaque
840 1852 873 1875 ut
885 1843 986 1874 aditus
1003 1843 1040 1874 ad
1061 1853 1091 1874 te

124 1892 238 1924 diurni,
249 1888 455 1930 no&urnique
465 1897 584 1929 pateant
599 1907 609 1921 ,
628 1897 729 1928 neque
738 1885 854 1917 foribus
866 1885 966 1916 solum
977 1885 1090 1916 aediurn

125 1941 244 1964 tuarum
256 1951 264 1966 ‚
288 1930 338 1962 sed
359 1932 450 1961 etiam
467 1930 556 1961 vultu
573 1939 606 1960 ac
617 1929 727 1968 fronte,
747 1938 807 1970 qua
822 1927 867 1958 eff
885 1928 978 1957 animi
986 1929 1090 1968 janua.

125 1985 191 2016 quae
213 1972 235 2005 si
255 1971 424 2014 significant
441 1973 631 2003 voluntatem
649 1970 781 2002 abditam
802 1969 860 2001 effe
881 1980 913 2000 ac
934 1970 1092 2004 retrusam,

125 2018 209 2058 parvi
230 2015 319 2046 refert
327 2014 425 2055 patere
438 2014 562 2051 ostium.
587 2015 729 2044 homines
740 2014 825 2043 enim
837 2021 901 2043 non
911 2011 1010 2043 modo
1017 2022 1095 2053 pro-

125 2059 210 2089 mitti
229 2056 282 2088 fibi
293 2076 302 2091 ‚
323 2057 486 2098 praesertim
505 2067 571 2098 quae
592 2055 608 2087 a
626 2055 785 2086 candidato
796 2063 895 2095 petant
908 2074 917 2088 ‚
941 2054 1094 2085 sedetiam

125 2105 142 2129 9
162 2100 239 2142 large
256 2109 344 2140 atque
365 2098 536 2129 honorifice
556 2107 696 2139 promitti
711 2097 830 2127 volunt.
854 2106 942 2137 quare
953 2097 1012 2126 hoc
1022 2098 1093 2138 qui-

126 2141 198 2174 dem
218 2141 308 2173 facile
325 2150 509 2183 praeceptum
526 2140 589 2175 est,
611 2149 662 2174 ut,
684 2148 774 2180 Qon
794 2147 946 2170 ACTURUS
969 2147 1035 2173 sis,
1060 2138 1092 2170 id

1110 172 1113 192 i
1129 169 1274 213 significes
1294 180 1322 202 te
1343 169 1476 202 studiose
1485 181 1518 202 ac
1529 172 1658 204 libenter
1666 173 1724 205 esse
1733 172 1896 206 facturum.
1921 174 1996 206 illud
2007 174 2091 206 diffi-

1126 215 1228 247 cilius,
1241 214 1273 244 &
1284 215 1377 255 magis
1385 215 1424 243 act
1431 222 1538 255 tempus
1549 235 1556 248 ‚
1577 216 1669 256 quam
1680 216 1716 247 ad
1727 226 1860 248 naturam
1871 218 2090 249 accommoda-

1128 263 1195 285 tum
1215 265 1298 286 tuam
1313 266 1318 285 :
1331 255 1413 296 quod
1435 255 1532 286 facere
1543 267 1604 287 non
1615 256 1704 298 poffis
1716 261 1745 279 ¹0
1755 268 1786 290 ut
1797 259 1826 289 id
1837 258 2088 301 autjucunde'pn-

1127 298 1245 331 mmm,
1267 306 1315 327 aut
1332 296 1448 338 ingemi&
1466 308 1553 338 neges.
1577 309 1709 339 quorum
1727 301 1855 332 alterum
1871 302 1915 333 est
1934 302 2008 333 boni
2019 304 2088 335 viri,

1107 337 1110 378 ξ
1127 339 1254 370 alterum
1270 339 1344 369 boni
1355 342 1501 379 petitoris.
1526 343 1605 371 Nam
1616 342 1688 372 cum
1701 342 1731 373 id
1741 345 1870 383 petitur,
1895 343 1977 385 quod
1990 345 2088 374 hone-

1107 387 1109 403 s
1128 380 1170 410 ste
1183 400 1191 414 ‚
1211 389 1260 411 aut
1281 379 1341 411 fine
1355 382 1540 412 detrimento
1551 383 1655 413 nostro
1666 388 1842 424 promittere
1853 396 1917 416 non
1927 384 2087 426 possumus

1127 423 1135 459 (
1148 432 1210 463 quo
1223 423 1317 452 modo
1330 422 1349 452 fi
1359 425 1411 464 qui
1422 433 1515 464 roget,
1533 433 1565 455 ut
1578 429 1603 444 ¹¹
1615 436 1720 457 contra
1729 430 1864 458 amicum
1876 428 2009 470 aliquem
2020 432 2091 458 cau-⁴

1127 466 1187 495 sam
1200 466 1402 506 recipiamus)
1420 465 1498 495 belle
1511 467 1682 508 negandum
1693 467 1752 503 est,
1773 478 1807 500 ut
1817 469 1955 501 ostendas
1966 467 2090 500 neceff-

1129 506 1266 537 tudinem
1280 527 1288 539 2
1300 506 1488 537 demonstres
1497 508 1589 548 quam
1601 509 1731 541 moleste
1742 510 1830 545 feras,
1841 512 1909 542 aliis
1921 520 1949 542 te
1960 512 1990 542 id
2000 513 2093 542 rebus

1129 551 1158 568 ¹2
1169 549 1355 579 exsarturum
1370 547 1429 578 ess‘e
1439 551 1621 589 persuadeas.
1643 552 1756 583 Audivi
1768 554 1826 584 hoc
1835 553 1931 584 dicere
1941 554 2093 594 quendam

1128 590 1165 620 de
1173 590 1352 631 quibusdam
1364 591 1531 621 oratoribus
1542 612 1549 626 ‚
1569 593 1603 623 ad
1615 604 1691 634 quos
1703 595 1819 626 causam
1832 596 1915 626 suam
1927 593 2092 628 detuliffer‚

1124 633 1281 673 gratiorem
1291 632 1340 671 fibi
1351 634 1592 672 ortationemfuiffi’
1603 655 1610 669 ‚
1623 637 1675 677 qui
1685 636 1805 677 negasset
1815 658 1822 671 ‚
1834 633 1923 679 quiam
1932 637 2009 667 illius
2020 657 2028 671 ‚
2040 637 2093 679 qui

1128 673 1274 716 recepiffiet.
1299 673 1337 705 sic
1348 676 1491 705 homines
1502 685 1521 704 F
1532 686 1553 705 R
1564 687 1583 706 o
1596 687 1617 706 Ν
1629 689 1648 707 ·r
1660 688 1679 708 E
1691 679 1723 709 δε
1737 681 1871 710 oratione
1882 680 1990 721 magis,
2001 683 2094 720 quam

1129 717 1193 757 ipso
1211 715 1359 747 beneficio
1372 727 1460 757 reque
1473 720 1641 757 capiuntur.
1666 720 1780 750 Verum
1793 722 1851 752 hoc
1861 721 2017 762 probabile
2029 720 2071 751 est
2087 731 2093 748 τ

1131 758 1207 788 iilud
1220 758 1346 788 alterum
1366 758 1532 789 subdurum
1545 760 1598 789 tibi
1610 764 1639 788 ⁸³
1653 762 1773 792 homini
1785 764 1941 793 Platonico
1955 762 2076 794 suadere
2087 772 2096 790 ·.

1134 800 1184 831 sed
1209 809 1309 830 tamen
1322 802 1453 840 tempori
1465 809 1517 830 tuo
1529 803 1696 833 consulam.
1721 805 1831 845 quibus
1841 807 1923 835 enim
1937 814 1967 835 re
1975 813 2099 846 propter

1129 842 1252 883 aliquod
1272 841 1411 872 officium
1423 842 1647 874 necessitudinis
1657 844 1821 876 affuturum
1837 848 1951 888 negaris
1964 867 1973 880 ‚
1994 856 2097 877 tamen

1128 886 1151 914 ii
1165 882 1287 924 possunt
1297 884 1347 914 abs
1358 893 1386 914 te
1395 884 1500 924 placati
1515 906 1521 917 ,
1534 888 1672 927 aequique
1684 888 1846 919 discedere.
1870 889 1981 930 quibus
1990 898 2093 919 autem

1130 924 1242 956 idcirco
1260 928 1372 967 negaris
1383 946 1391 960 ‚
1411 926 1494 967 qu‘od
1517 936 1544 957 te
1567 929 1751 968 impeditum
1764 929 1822 960 esse
1834 931 1948 961 dixeris
1957 940 2008 961 aut
2017 931 2098 961 ami-

1130 977 1237 998 corum
1255 969 1406 1008 negotiis,
1426 976 1475 998 aut
1494 971 1679 1010 gravioribus
1703 971 1797 1002 causis
1811 992 1820 1006 ,
1842 974 1912 1003 ante
1934 973 2096 1013 susceptis:

1132 1011 1252 1040 inimici
1274 1010 1450 1043 discedunt,
1476 1013 1643 1052 omnesque
1663 1015 1720 1044 hoc
1738 1016 1842 1044 animo
1854 1016 1921 1044 sunt
1933 1034 1942 1048 ,
1967 1013 2060 1055 utfibi
2070 1022 2098 1043 te

1129 1052 1243 1082 mentiri
1253 1052 1357 1081 malint
1368 1072 1376 1086 ,
1388 1054 1476 1093 qu‘am
1488 1063 1598 1093 negare.
1618 1057 1642 1084 C
1663 1057 1753 1086 Cotta
1764 1058 1795 1086 in
1806 1056 1976 1087 ambitione
1988 1055 2099 1086 artifex

1130 1094 1227 1125 dicere
1239 1094 1371 1127 solebat,
1392 1104 1428 1123 se
1436 1104 1578 1125 OPERAM
1591 1106 1682 1126 suAM
1694 1117 1702 1131 ,
1723 1098 1820 1138 quoad
1833 1108 1896 1128 non
1906 1106 2013 1128 contra
2026 1096 2100 1127 offi-

1128 1138 1212 1167 cium
1231 1145 1381 1178 rogaretur
1390 1155 1398 1169 ,
1420 1137 1557 1176 polliceri
1581 1138 1677 1168 solere
1697 1139 1843 1170 omnibus
1852 1159 1861 1174 ,
1883 1141 2039 1180 impertire
2048 1141 2099 1174 iis,

1125 1177 1203 1219 apud
1211 1188 1289 1218 quos
1300 1179 1417 1218 optime
1427 1179 1502 1218 poni
1515 1179 1700 1211 arbitraretur
1713 1181 1800 1212 :ideo
1812 1183 1839 1213 se
1851 1183 1970 1212 nemini
1980 1191 2100 1224 negare,

1126 1219 1210 1262 quod
1220 1221 1295 1260 saepe
1307 1220 1497 1254 accideret,¹4
1509 1229 1541 1251 ut
1552 1222 1589 1254 is,
1602 1224 1650 1253 cui
1661 1223 1818 1263 pollicitus
1830 1222 1914 1258 esset,
1926 1233 1990 1253 non
2002 1232 2103 1254 utere-

1123 1271 1191 1293 tur:
1213 1262 1289 1302 saepe
1311 1271 1343 1292 ut
1367 1262 1427 1302 ipse
1439 1265 1534 1304 magis
1542 1262 1614 1294 esset
1625 1274 1736 1295 vacuus
1747 1286 1756 1299 ,
1775 1266 1865 1307 quam
1879 1264 2005 1306 putaflet
2021 1276 2027 1295 t
2043 1274 2099 1296 ne·-

1127 1314 1187 1345 que
1196 1302 1279 1345 pofl'e
1290 1304 1420 1335 domum
1429 1306 1454 1345 ej
1460 1315 1492 1335 us
1501 1306 1649 1345 compleri
1663 1327 1670 1339 ‚
1681 1310 1733 1348 qui
1745 1317 1861 1338 tanturn
1867 1307 1964 1338 modo
1977 1309 2096 1347 recipe·

1130 1356 1192 1381 ret,
1212 1355 1360 1387 quantum
1370 1346 1484 1377 videret
1497 1348 1525 1377 se
1536 1347 1620 1378 obire
1629 1348 1724 1389 poss'e:
1744 1350 1810 1380 casu
1823 1348 1886 1380 fieri
1902 1371 1910 1384 ‚
1934 1358 1966 1380 ut
1975 1358 2101 1391 agantur

1132 1398 1164 1419 ea
1177 1409 1186 1422 ,
1205 1398 1271 1429 quae
1290 1398 1356 1419 non
1367 1390 1478 1428 putaris
1490 1399 1495 1419 :
1510 1389 1563 1419 illa
1573 1409 1582 1423 2
1600 1400 1667 1431 quae
1676 1391 1838 1422 credideris
1849 1393 1880 1422 in
1889 1390 2031 1422 manibus
2042 1388 2102 1421 esse

1134 1440 1166 1460 ut
1187 1431 1284 1471 aliqua
1293 1430 1331 1461 de
1340 1430 1423 1461 causa
1435 1440 1500 1461 non
1510 1440 1651 1472 agantur:
1663 1432 1774 1464 deinde
1785 1432 1843 1463 ess'e
1854 1442 2028 1463 exrremum
2039 1452 2047 1466 2
2069 1441 2104 1463 ut

1134 1472 1272 1502 irascatur
1283 1474 1309 1502 is
1320 1491 1328 1506 ,
1337 1474 1387 1502 cui
1400 1472 1594 1503 mendacium
1606 1474 1730 1505 dixeris.
1750 1475 1781 1505 id
1791 1474 1812 1504 si
1820 1477 1979 1515 promittas
1988 1494 1997 1508 ,
2010 1475 2043 1505 &
2054 1475 2105 1504 in*-

1134 1521 1250 1544 certum
1258 1512 1303 1544 est
1317 1533 1326 1548 ,
1342 1513 1376 1544 &
1389 1515 1421 1544 in
1432 1514 1515 1545 diem
1530 1534 1539 1548 ‚
1551 1514 1586 1545 &
1596 1517 1628 1545 in
1637 1517 1840 1556 paucioribus.
1863 1520 1892 1544 ¹5
1902 1514 1945 1546 fin
1958 1524 2059 1546 autem
2073 1515 2104 1546 id

1137 1564 1228 1595 neges
1240 1575 1249 1589 ,
1271 1555 1304 1585 &
1315 1555 1394 1585 certe
1405 1555 1556 1586 abalienes
1566 1575 1575 1589 ‚
1596 1557 1629 1587 &
1640 1556 1739 1588 statim
1753 1577 1763 1592 ‚
1785 1557 1939 1597 &plureis
1951 1566 1957 1586 τ
1979 1566 2105 1587 nunes

1139 1605 1232 1626 amm
1253 1598 1355 1627 multo
1376 1597 1445 1627 sunt
1462 1598 1515 1638 qui
1525 1606 1652 1637 rogant,
1672 1607 1706 1629 ut
1717 1599 1858 1630 utiliceat
1868 1608 1957 1640 opera
1966 1599 2100 1634 alterius,

1138 1680 1195 1710 tibi
1214 1682 1246 1710 in
1256 1679 1418 1711 foroirasci
1430 1700 1439 1714 ,
1465 1681 1556 1721 quam
1567 1685 1688 1713 omneis
1699 1683 1849 1714 continuo
1858 1683 1964 1713 demit
1983 1683 2108 1723 praeser-

1138 1723 1196 1752 tim
1219 1720 1291 1752 curn
1310 1722 1411 1752 multo
1423 1724 1518 1762 magis
1527 1724 1687 1754 irascantur
1697 1725 1723 1755 ei
1736 1745 1745 1760 ,
1769 1726 1821 1765 qui
1832 1733 1939 1766 neget,
1959 1724 2052 1765 quam
2062 1727 2103 1759 ei,

1137 1772 1229 1804 quem
1240 1763 1361 1794 videant
1367 1762 1447 1804 justa
1455 1764 1539 1795 causa
1548 1766 1731 1806 impeditum
1744 1778 1753 1801 3
1770 1775 1805 1796 ut
1816 1766 1911 1797 facere
1922 1786 1931 1801 ,
1943 1767 2025 1807 quod
2033 1776 2107 1807 pro-

1138 1803 1220 1835 mifit
1230 1824 1239 1839 ,
1249 1806 1370 1845 cupiat,
1390 1804 1412 1835 fi
1423 1805 1487 1836 ullo
1497 1807 1594 1837 modo
1604 1806 1701 1848 poffit.
1725 1811 1769 1839 Ac
1780 1818 1819 1838 ne
1828 1808 1931 1839 videar
1945 1806 2111 1843 aberrafl'e,

1136 1846 1152 1877 a
1163 1846 1376 1878 distributione
1387 1857 1455 1878 mea
1465 1867 1474 1881 ,
1493 1851 1545 1889 qui
1556 1850 1619 1880 haec
1633 1851 1665 1879 in
1677 1851 1731 1880 hac
1741 1850 1880 1891 populari
1890 1860 1970 1891 parte
1980 1852 2107 1891 petitio-

1135 1890 1184 1918 nis
1198 1888 1349 1929 disputem
1366 1890 1441 1920 :hoc
1455 1890 1563 1930 sequor
1583 1902 1592 1925 3
1611 1892 1673 1922 haec
1683 1894 1789 1923 omnia
1800 1901 1936 1923 nontam
1950 1893 1985 1923 ad
1999 1894 2110 1922 amico·-

1134 1941 1199 1960 rum
1210 1929 1309 1967 studia
1326 1951 1336 1965 ‚
1356 1930 1448 1972 quam
1466 1933 1502 1962 ad
1519 1932 1683 1974 popularem
1694 1934 1811 1974 famam
1831 1936 1989 1975 pertinere.
2010 1933 2040 1954 ¹⁶
2055 1934 2115 1965 etii*

1109 2000 1111 2007 ⁴
1137 1975 1223 2003 enim
1234 1972 1312 2004 inest
1321 1973 1435 2014 aliquid
1444 1973 1571 2005 duffflm
1584 1985 1624 2005 ex
1637 1976 1693 2006 illo
1702 1986 1823 2018 genere,
1834 1976 1967 2019 benigne
1979 1977 2106 2017 respon.-

1138 2014 1207 2045 dere
1219 2035 1228 2049 ‚
1246 2014 1378 2046 studiose
1391 2015 1534 2046 inservire
1545 2019 1677 2058 negotiis
1689 2038 1698 2051 ‚
1719 2029 1752 2049 ac
1762 2019 1903 2059 periculis
1912 2020 2084 2050 amicorum
2096 2029 2104 2049 z

1135 2066 1238 2087 tamen
1248 2058 1305 2088 hoc
1317 2058 1385 2088 loco
1396 2067 1428 2088 ea
1437 2058 1631 2100 dico‚quibus
1642 2060 1876 2091 multitudinem
1887 2071 1989 2101 capere
2002 2058 2104 2101 poffis,

1136 2107 1169 2129 ut
1190 2098 1227 2129 de
1246 2098 1336 2130 mike
1354 2099 1465 2130 domus
1487 2101 1694 2141 compleatur,
1719 2112 1751 2132 ut
1764 2103 1854 2133 multi
1864 2103 1912 2143 spe
1923 2104 1966 2133 tui
1975 2101 2106 2142 praefidii

1141 2150 1312 2176 teneantur,
1324 2151 1356 2172 ut
1366 2143 1524 2173 amiciores
1534 2143 1585 2174 abs
1595 2152 1623 2174 te
1633 2144 1794 2179 discedant,
1809 2144 1901 2187 quam
1913 2143 2099 2179 accesserint,

2071 2196 2114 2221 ut*

144 2223 2101 2241 4—————————-——-——-——————————-——

169 2258 178 2275 i
187 2269 193 2275 .
212 2254 263 2276 Hac
272 2250 387 2283 triafimt
398 2259 404 2274 :
421 2258 494 2274 unum
513 2258 540 2273 cx
549 2249 578 2274 iis
589 2266 598 2280 ,
618 2256 673 2281 quos
682 2247 782 2281 laefisti.]
806 2245 966 2281 Amplefitor
976 2245 1048 2281 quod
1058 2245 1095 2272 cst

129 2285 157 2313 in
168 2286 225 2313 Pal.
238 2295 322 2316 unum,
332 2294 389 2319 quos
397 2286 481 2319 laefisti.
501 2285 590 2310 Maur.
600 2283 685 2310 adhuc
695 2283 786 2309 aberat
799 2291 849 2309 vox
861 2291 945 2308 tinum.

165 2330 194 2348 2.
215 2323 288 2355 officio
299 2322 415 2355 futurum
426 2320 578 2354 :spondeto.]
603 2320 661 2346 Vox
682 2319 778 2346 ultima
788 2328 841 2345 non
860 2318 896 2345 cst
915 2318 943 2345 in
956 2317 1028 2344 libro
1039 2318 1094 2345 Pu-

130 2358 214 2390 teum,
224 2357 356 2389 Turnebi‚
367 2365 413 2383 aut
426 2356 549 2383 Palatino
561 2356 670 2387 nostro5
692 2363 778 2391 neque
788 2353 1005 2381 desideraverim.

167 2403 194 2430 3.
214 2395 265 2420 ‘Tua
275 2403 330 2427 erga
339 2395 389 2419 illos
392 2395 477 2427 studia
490 2411 497 2424 ,
518 2393 574 2418 dato
583 2392 700 2426 operam]
723 2389 888 2426 Transcripsi
904 2389 979 2426 quod
997 2396 1054 2416 erat
1064 2389 1092 2416 in

129 2430 276 2467 exemplari
287 2428 473 2461 Turnebiano,
484 2437 527 2455 tan
533 2436 562 2454 to
572 2427 680 2464 quidem
693 2426 871 2454 confidentius
884 2445 892 2459 ‚
904 2425 976 2462 quod
986 2426 1009 2452 ei
1020 2435 1096 2452 acce-

128 2465 205 2493 deret
217 2465 325 2493 Puteani
338 2465 424 2492 codex
437 2485 445 2497 ,
456 2467 483 2491 &
496 2464 625 2491 libroruin
638 2465 786 2491 nostrorum
797 2462 858 2499 biga
871 2481 880 2495 ,
891 2462 938 2490 nisi
948 2462 1021 2498 quod
1030 2462 1095 2498 ipsa,

129 2501 364 2537 tuostudio.vulgati
374 2501 535 2533 immiscent,
540 2501 728 2533 studiafiaeura‚
740 2501 847 2531 definito,
857 2500 921 2525 dans
930 2506 1033 2532 epam,
1043 2499 1094 2529 &a

165 2547 194 2571 4.
214 2542 279 2564 Nam
292 2540 388 2569 comitas
397 2540 442 2563 tibi
450 2547 496 2563 non
505 2538 568 2562 deca
577 2546 615 2569 ea,
626 2547 686 2571 que,
696 2537 764 2570 ὡς]
788 2536 829 2562 Ita
840 2535 915 2562 nullo
925 2535 996 2571 apice
1008 2544 1094 2561 nunus

127 2574 250 2601 Turneb.
261 2573 317 2599 Pal.
330 2573 419 2599 Maur.
438 2582 519 2609 quare
529 2573 597 2606 ejeci·
613 2572 775 2608 publicatum
786 2571 853 2597 illud
874 2571 1000 2598 hausta-nus
1013 2582 1018 2597 :
1043 2575 1095 2596 Non

128 2613 260 2636 committas
277 2610 321 2635 tihi
330 2610 412 2642 neceffe
422 2613 457 2635 eft*
469 2628 477 2640 ,
495 2618 545 2644 qux
564 2610 617 2634 bono
626 2617 656 2634 ac
667 2609 745 2642 fita-ai
762 2609 850 2633 homine
868 2608 939 2641 digna
951 2608 1020 2641 fiant.
1038 2616 1094 2643 quo

128 2646 215 2673 nihilo
225 2645 320 2672 melius
334 2645 507 2672 Lambiniana
516 2645 617 2671 editio:
636 2653 685 2670 mn
695 2647 791 2670 comitas
801 2645 844 2670 ribi
853 2653 895 2669 nee
915 2653 942 2669 ea
953 2653 1003 2678 qne
1015 2662 1023 2676 ,
1043 2645 1094 2675 &iz

121 2683 193 2718 sunt.
212 2682 342 2709 undenam
355 2682 365 2708 ?
385 2682 518 2708 Puteanus
528 2680 637 2717 putabat
649 2680 682 2707 fic
692 2681 780 2707 locum
792 2687 878 2706 totum
892 2679 1033 2716 legendum
1045 2690 1051 2706 ε
1066 2687 1095 2706 ut

127 2718 426 2752 naturasacerervideare.
444 2719 596 2752 Qamquam
601 2719 733 2750 plurinum
741 2724 834 2742 natura
842 2718 925 2748 valer,
932 2723 1015 2742 ›tame-n
1024 2717 1093 2742 vidt-

128 2762 171 2780 mr
178 2757 205 2781 in
221 2762 351 2788 paucorum
366 2755 474 2788 mcnfium
483 2757 570 2787 nagoti'o
579 2755 637 2787 poffe
647 2755 769 2787 fimulan'o
778 2760 899 2779 naturam
908 2756 1018 2779 minem.
1036 2762 1094 2779 nam

127 2793 228 2818 emitas
236 2792 282 2817 tibi
292 2801 337 2818 non
347 2791 410 2816 dees-‘i‘
418 2799 447 2817 ea
455 2799 505 2824 qux
514 2791 574 2816 huna
583 2799 611 2815 ac
614 2790 703 2824 suavi,
713 2791 765 2822 &⁶-

167 2835 193 2861 5.
214 2827 400 2854 Commutandm
410 2827 469 2861 effi]
488 2826 544 2853 Pal.
556 2827 583 2852 &
595 2827 685 2853 Maur.
704 2827 879 2863 interponunt
890 2845 899 2858 ‚
918 2824 1096 2852 commutandi„

129 2862 160 2895 ὀ·
169 2864 377 2889 accommodandus
387 2865 431 2889 eft.
452 2861 549 2890 Forsan
563 2862 647 2889 reete.

161 2899 194 2925 -6,
211 2900 336 2935 Nusquam
345 2899 440 2934 deeffi]
454 2898 558 2926 Eaedem
570 2898 741 2932 membranae,
750 2898 868 2934 nusquam
876 2898 1000 2934 discedere,
1009 2906 1096 2934 neque

124 2933 273 2963 admodum
285 2935 421 2972 displicet.

165 2979 195 3006 7.
215 2974 286 3006 Poffit
303 2974 380 2999 dicere
389 2973 451 3007 quod
458 2973 541 3008 ejusfit
553 2991 561 3005 ‚
582 2972 758 3008 confiqus'poffis
770 2990 778 3003 ,
789 2972 814 3004 ſs
830 2972 874 2998 abs
892 2978 916 2997 η
924 2980 971 2998 non
985 2972 1015 3006 fit
1027 2979 1094 3004 roga—

130 3015 182 3034 tum
193 3027 201 3040 ,
217 3008 288 3043 ἀμ]
310 3009 438 3036 Intricata
448 3009 549 3042 sterio,-
565 3008 698 3043 juvabuut
717 3007 804 3034 sorsmi
816 3008 878 3035 libri
897 3008 989 3035 nostri.
1008 3007 1095 3034 Palat.

126 3043 203 3077 *enim
215 3063 224 3076 ,
232 3047 295 3080 pqffir
303 3046 379 3072 dicere
390 3064 398 3076 ‚
417 3046 502 3078 Quasi
511 3047 562 3080 ejm
571 3046 747 3080 confiquipiffs
759 3046 796 3078 ‚fi
802 3046 846 3071 abs
856 3052 879 3070 te
889 3052 933 3070 non
936 3045 969 3079 fit
980 3052 1094 3079 rogatum.

131 3089 218 3116 neque
227 3081 306 3108 :iliter
316 3082 405 3107 Maur.
417 3081 463 3108 uili
474 3081 545 3115 quod
556 3082 590 3114 is,
602 3083 665 3117 quod
673 3081 733 3109 loco
741 3081 828 3116 quoad.
849 3080 995 3108 Lambinus
1025 3080 1096 3108 ubli-

131 3117 214 3149 cavit‚
222 3119 285 3151 pofflt
294 3118 369 3143 dicere
380 3137 388 3149 ,
399 3119 460 3152 quod
468 3119 552 3152 ejmfit
564 3137 572 3149 ,
589 3119 765 3152 confiquipoffis
776 3137 784 3150 ‚
800 3118 827 3151 se
836 3118 881 3143 abs
890 3124 911 3142 te
920 3126 966 3143 non
975 3090 1095 3151 effinga-

130 3158 193 3181 tum.
213 3153 352 3182 Palermus
360 3153 500 3182 adnotavit
511 3173 520 3187 ,
538 3153 622 3182 libros
631 3154 742 3191 scriptos
752 3154 858 3183 destitui
878 3153 1020 3191 negatione
1030 3161 1075 3181 non
1086 3163 1095 3186 5

1140 2244 1236 2281 quibus
1248 2248 1435 2275 contradicunt
1445 2249 1537 2276 nostri.

1154 2317 1160 2322 .
1177 2280 1204 2307 8.
1224 2283 1359 2322 Qaefacito
1369 2285 1397 2314 dr
1407 2287 1450 2310 abs
1464 2292 1486 2310 re
1497 2304 1506 2318 ‚
1523 2286 1592 2321 Gya]
1614 2286 1671 2313 Pil.
1683 2287 1711 2312 ὃς
1723 2287 1895 2320 Maur.facete
1904 2288 1948 2312 abs
1959 2293 1991 2313 re.
2007 2285 2105 2313 visto-

1140 2326 1194 2343 rius
1206 2317 1304 2351 edidit,
1313 2322 1450 2354 quaefacere
1463 2329 1485 2346 re
1494 2329 1581 2355 oportet
1591 2323 1621 2353 (ly
1630 2324 1712 2349 amicis
1722 2323 1780 2348 tuis.
1801 2323 1887 2349 miuus
1900 2322 1985 2349 reete.

1174 2361 1204 2388 9.
1226 2356 1301 2389 Largi
1320 2363 1392 2391 arque
1410 2358 1556 2393 honorifice]
1578 2358 1635 2385 Pal.
1655 2360 1682 2385 δ’(
1696 2360 1785 2385 Maur.
1795 2359 1866 2391 longi.
1886 2358 1957 2394 quod
1977 2357 2040 2386 esset
2051 2368 2104 2386 non

1139 2397 1204 2430 nutu
1216 2398 1262 2417 aut
1274 2391 1354 2418 verbo
1374 2401 1427 2419 uno
1446 2393 1566 2421 alterove
1577 2414 1586 2426 ,
1607 2394 1649 2421 se'd
1661 2394 1767 2431 prolixa
1780 2394 1921 2422 verborum
1942 2395 2018 2422 serie.
2037 2405 2069 2423 an
2080 2395 2105 2422 ei

1138 2426 1274 2461 scriptura:
1285 2428 1504 2463 acquiescendum
1519 2430 1560 2462 sit,
1573 2431 1670 2458 nescio.

1178 2471 1219 2489 10.
1240 2466 1269 2488 Ut
1286 2465 1312 2490 id
1321 2471 1364 2490 aut
1375 2466 1614 2499 jucundeprommas
1629 2487 1637 2499 ,
1658 2474 1702 2493 aut
1711 2468 1808 2500 ingenue
1826 2467 1918 2500 neges]
1940 2467 2063 2493 Manavit
2073 2466 2107 2493 ab

1139 2498 1265 2539 Lambini
1282 2501 1457 2535 coujeCfflra,
1481 2511 1540 2528 nam
1556 2511 1658 2529 veteres
1668 2502 1801 2530 editiones
1814 2522 1822 2535 ‚
1848 2504 1910 2528 uird
1921 2504 2027 2537 jucrmde
2043 2512 2113 2536 neges

1137 2534 1235 2562 omiffis
1247 2537 1351 2563 ceteris.
1375 2538 1511 2564 Palatinus
1521 2539 1624 2566 accedit
1636 2538 1796 2567 membranis
1809 2539 1927 2565 Turnebi
1945 2558 1953 2571 ‚
1973 2546 1999 2564 ut
2019 2540 2046 2564 id
2063 2534 2121 2564 aur'

1117 2598 1119 2614 ι
1132 2572 1237 2606 jucunde
1245 2581 1330 2606 neges,
1344 2573 1416 2607 quod
1427 2573 1479 2610 ipse
1491 2582 1578 2602 mutat
1589 2576 1614 2602 in
1629 2594 1637 2609 ‚
1650 2575 1834 2610 haudyucuna'h.
1853 2576 1944 2602 Maur.
1955 2574 2046 2602 habuit
2061 2594 2070 2608 ‚
2080 2581 2108 2602 ut

1116 2615 1119 2631 ι
1137 2608 1270 2641 idjucunde
1286 2610 1380 2642 ingenui
1389 2620 1464 2645 neges.

1178 2653 1218 2670 11.
1238 2647 1327 2671 Contra
1337 2649 1549 2682 amicumali'quem
1569 2647 1690 2683 emesam]
1711 2647 1754 2674 Est
1766 2648 1780 2674 ὰ
1797 2645 1892 2675 nostris
1903 2646 1989 2675 lii—ris.
2013 2645 2108 2675 hanffc-

1139 2689 1188 2707 nus
1199 2681 1269 2707 enirn
1283 2681 1349 2714 cusi,
1358 2684 1476 2717 aliquam.

1177 2726 1220 2743 12·
1241 2719 1403 2750 Ezsarmrum
1413 2720 1480 2754 effi]
1501 2719 1545 2747 Est
1556 2721 1571 2747 :i
1581 2720 1728 2752 Lambino,
1739 2719 1887 2755 probatque
1897 2720 2034 2746 Muretus.
2044 2728 2107 2748 nam

1138 2752 1221 2780 lectio
1232 2762 1337 2790 recepta
1354 2757 1504 2782 exaffurum.
1525 2766 1576 2783 non
1586 2756 1709 2792 displicet
1720 2764 1810 2784 tamen
1823 2755 1988 2784 Turnebiani
2007 2755 2109 2784 codicis

1137 2792 1305 2822 exauHurum,
1320 2799 1400 2826 quam
1412 2791 1438 2816 &
1450 2792 1560 2819 exhibet
1570 2793 1718 2820 Palatinus.

1177 2834 1219 2861 13.
1239 2830 1332 2854 Homini
1340 2829 1461 2853 Platonico
1474 2828 1606 2864 fiendam]
1629 2829 1673 2856 Est
1692 2828 1724 2856 ab
1734 2828 1853 2855 editione
1864 2827 1980 2855 Vistorii
1992 2848 2000 2861 ,
2020 2837 2109 2865 neque

1137 2861 1218 2889 aliter
1228 2863 1314 2891 Parit.
1324 2870 1370 2890 aut
1381 2864 1422 2890 M.
1432 2864 1509 2895 aiiae5
1527 2866 1692 2899 komim'plan&
1698 2869 1785 2899 perito,
1795 2865 1884 2892 minus
1894 2864 1981 2891 reste.
1992 2865 2107 2892 Puteani

1140 2897 1188 2925 ms.
1208 2898 1320 2926 habebat
1331 2899 1395 2926 item
1407 2899 1475 2926 illud
1486 2902 1608 2928 Platonico
1620 2921 1628 2935 ,
1648 2902 1774 2938 idemque
1792 2911 1845 2928 non
1865 2900 2022 2937 agnoscebat
2031 2903 2108 2934 lund,

1139 2934 1211 2971 quod
1224 2936 1250 2962 &
1262 2935 1347 2962 abesse
1359 2942 1476 2972 poterat.

1178 2977 1221 3004 14.
1242 2972 1350 3007 Utisqui
1361 2992 1368 3005 ‚
1383 2973 1436 3003 &aa
1447 2972 1519 3007 qneim
1529 2973 1653 3009 putaret]
1675 2973 1756 3010 Legit
1767 2975 1901 3002 Puteanus
1911 2982 1945 3001 ex
1958 2980 2012 3001 vet.
2023 2972 2106 3005 libro,

1135 3017 1182 3035 eur
1191 3008 1212 3034 ἐκ
1221 3010 1335 3043 quoi,.&·c.
1355 3007 1428 3043 qucim
1434 3011 1549 3043 purafflt.

1180 3053 1189 3070 l
1197 3053 1222 3078 5.
1232 3047 1364 3071 sinautem
1374 3046 1401 3071 id
1409 3054 1486 3079 neges,
1497 3047 1556 3073 cert?
1567 3049 1655 3073 alienes
1663 3047 1693 3078 ὠ·
1695 3049 1793 3081 statim,
1802 3047 1872 3082 θα]
1886 3046 1960 3073 Idem
1972 3046 2107 3073 Puteanus

1141 3081 1246 3108 monuit
1261 3080 1458 3108 rescribendum
1465 3084 1514 3117 ,sin
1524 3090 1604 3109 autem
1612 3092 1690 3117 neges,
1700 3085 1743 3111 abs
1753 3091 1775 3109 re
1785 3086 1891 3114 alienes,
1901 3084 1953 3114 ὡς.

1182 3118 1222 3143 ι6.
1234 3119 1285 3152 Etfi
1292 3121 1351 3144 enim
1361 3120 1423 3144 ineis!
1432 3119 1526 3152 aliquid
1535 3119 1629 3147 dumam
1639 3129 1670 3147 ex
1679 3121 1716 3148 illo
1722 3119 1832 3156 gemma]
1845 3119 1903 3147 Pal.
1913 3127 1944 3146 ac
1954 3119 2017 3146 Mun
2022 3126 2044 3144 r.
2055 3126 2109 3144 non

1111 3171 1115 3183 l
1141 3152 1287 3190 agnoscunt
1299 3157 1373 3188 enim,
1383 3161 1428 3182 aut
1440 3155 1545 3182 duflum.

2003 3198 2027 3217 ι,
2039 3190 2102 3214 Rem

1106 1650 1109 1677 ρ
1134 1637 1230 1679 quam
1240 1641 1292 1678 qui
1302 1646 1430 1675 utantur.
1444 1641 1542 1681 Qare
1553 1639 1643 1670 satius
1653 1639 1705 1675 est,
1717 1651 1756 1672 ex
1766 1642 1803 1671 iis
1814 1641 1931 1681 aliquos
1943 1639 2108 1683 aliquando
2145 1646 2148 1650 “
