2339 3379
508 145 766 190 Onam-ro
799 155 866 187 111
904 128 1443 204 L.C1ALPnnN1ur.1
1477 145 1780 196 Pisonum.
2039 162 2132 212 537

166 225 358 269 praesentibus
368 223 494 267 reipubl.
506 222 672 266 temporibus
684 243 692 256 ,
704 223 916 270 &concordiae
927 244 935 257 ‚
950 224 1123 254 convenire.
1164 226 1304 258 acerbum
1321 230 1331 247 ¹
1341 228 1487 259 nuntium
1498 229 1574 260 velle
1595 228 1719 270 perferri
1731 249 1739 264 ,
1759 238 1791 260 ut
1801 228 1888 260 suum
1900 227 2076 270 praefe&um
2087 230 2132 261 fa—

169 272 245 301 Non
254 269 335 300 idem
344 269 409 299 aliis
419 267 543 298 videtur-
566 266 634 295 sunt
650 264 768 296 fortafle
786 268 819 295 in
840 266 985 296 sententia
1004 264 1126 294 firmio-
1168 267 1256 299 brfim
1267 288 1276 302 ,
1295 278 1328 300 ut
1340 270 1502 301 hominem
1513 270 1566 301 fibi
1577 270 1758 302 cariffimum
1772 292 1780 306 ,
1803 271 1835 302 δε
1847 271 2127 304 familiariffimum„

169 320 228 342 res.
252 308 435 351 reprehendo
455 309 613 338 neminem
629 317 634 335 :
659 307 706 337 sed
725 306 866 337 assentior
885 317 949 337 non
969 306 1123 353 omnibus:
1168 319 1231 339 non
1248 310 1288 340 ob
1303 309 1393 350 ipsius
1408 312 1527 352 aliquod
1543 312 1690 344 delie'lum
1703 335 1711 348 ,
1732 313 1781 344 sed
1791 313 1831 344 ob
1841 314 2128 352 suamficmiz'iarim-

169 361 193 382 ιι
204 362 224 382 E
233 361 285 391 Q
294 362 314 381 E
334 361 354 381 1²:
363 361 376 380 s
385 361 398 380 s
408 360 427 379 E
449 349 645 379 inconstantis
661 359 735 388 puro
753 369 761 383 ‚
780 350 958 379 sententiam
980 348 1123 388 ahquam2
1168 358 1224 379 tem
1233 350 1338 382 vestris
1349 353 1519 393 oppress'um
1530 355 1685 385 sententiis
1693 355 1804 386 audiat.
1848 356 2039 386 Miseremini
2048 356 2123 393 ejus,

170 402 309 437 tanquam
319 391 442 432 aliquod
451 392 618 432 navigium,
635 400 721 431 atque
731 391 861 424 cursum,
875 400 913 420 ex
923 389 1036 435 reipub.
1049 398 1127 419 tem·
1167 394 1218 432 qui
1229 402 1292 422 non
1304 393 1339 423 de
1351 394 1403 424 suo
1414 404 1534 435 peccato
1544 416 1552 430 ‚
1571 396 1621 427 sed
1633 397 1669 427 de
1679 398 1767 435 hujus
1778 398 1910 430 summi,
1929 397 1962 427 δε
1971 392 2123 428 clariffimi

169 434 278 476 pestate
297 433 454 463 moderari.
484 433 540 463 Sed
552 452 560 466 ,
580 432 601 461 fi
619 436 671 474 qui
689 433 756 463 sunt
771 453 780 466 ,
803 433 911 473 quibus
928 431 1074 470 infinitum
1085 430 1126 471 fit
1166 435 1222 463 viri
1233 432 1331 464 fatto:
1350 446 1413 465 non
1431 436 1467 467 de
1482 438 1582 478 aliquo
1594 440 1722 468 crimine
1734 459 1743 473 ‚
1758 442 1777 458 ‘2
1788 439 1837 469 sed
1845 439 1980 479 periculo
1993 439 2064 473 suo,
2085 439 2126 470 de

166 477 284 510 odium,
305 477 337 505 in
347 484 423 516 quos
434 474 525 504 semel
536 474 702 514 susceptum
713 473 745 504 fit
757 494 766 508 ,
781 483 858 515 quos
871 473 960 504 video
973 471 1030 518 effe
1043 482 1125 501 non·
1165 473 1360 515 publicojure
1369 476 1522 517 disceptat:
1542 479 1680 520 quodjus
1691 478 1711 510 si
1721 483 1775 511 Cn.
1786 481 1948 521 Pompejus
1957 482 2123 521 ignoravit.—

165 518 274 548 nullos
284 528 290 546 τ
300 526 370 547 cum
382 516 508 547 ducibus
517 514 585 556 ipsis
595 536 603 549 ,
617 527 680 546 non
689 526 758 546 cum
768 525 914 547 comitatu
924 534 932 548 ,
945 513 1126 545 311εᾶ31011-
1166 514 1187 545 si
1206 517 1251 545 M.
1261 515 1377 547 Crafl'us
1389 537 1397 551 ‚
1418 518 1438 548 si
1453 522 1513 561 Q.
1523 521 1665 551 Metellus
1675 542 1683 554 ,
1704 521 1724 551 fi
1738 525 1794 552 Cn.
1804 523 1963 562 Pompejus
1978 532 2062 563 pater
2073 543 2081 558 ,
2101 521 2128 554 ί(
2165 520 2167 523 ’

163 559 282 599 busque
290 558 464 600 confligant.
490 559 576 588 Illam
595 560 679 588 enim
696 556 811 588 fortasse
831 558 1024 597 pertinaciam
1043 565 1124 585 non·
1165 557 1284 587 L-Sulla
1295 577 1304 591 ‚
1316 557 1337 587 fi
1347 561 1383 589 L.
1394 559 1506 590 Crassus
1516 581 1524 594 ,
1546 560 1565 593 fi
1577 565 1610 592 C.
1623 564 1734 593 Masius
1745 584 1754 597 ,
1767 562 1787 593 fi
1804 564 1918 594 senatus
1930 584 1938 598 ‚
1952 563 1972 594 fi
1989 566 2119 605 popumg

163 601 266 634 nulli,
284 603 428 630 virtutem
446 600 498 630 alii
514 600 680 640 putabunt:
699 598 861 630 hancvero
879 600 1070 639 iniquitatem
1089 607 1124 627 o-
1165 597 1310 632 Rom-fi,
1329 600 1427 640 quide
1438 612 1468 631 re
1478 601 1764 641 fimilijudicarum,
1780 604 2081 646 fifoedesatjpopulj,
2097 605 2119 637 fi

167 651 255 672 mnes
264 652 334 672 cum
344 643 620 683 aliquacrudelitate
628 641 833 682 conjunfilfflm.
852 640 905 670 Sed
919 660 927 672 .
941 638 1121 684 ficercorqm
1165 640 1257 674 socii,
1278 638 1298 669 fi
1315 641 1363 671 illi
1383 644 1626 683 antiquiLatini:
1646 646 1762 680 videte,
1783 657 1822 677 ne
1838 648 1942 678 utilius
1956 648 2060 681 vobis,
2087 648 2122 677 &-

161 685 331 714 hominum
348 686 478 714 menteis
495 684 579 714 nulla
590 686 704 714 ratione
716 684 849 723 placare,
868 680 999 716 iudices.
1019 678 1123 719 poflu-
1163 680 1320 712 honestius
1340 681 1374 713 sit
1389 702 1398 717 ,
1426 684 1486 713 illis
1505 685 1630 715 ducibus
1649 697 1741 717 errare
1761 708 1769 721 ‚
1792 699 1881 729 quam
1902 690 1961 720 hoc
1979 689 2123 731 magistro

161 735 254 755 mus:
274 725 387 756 vestros
398 726 522 766 quidem
532 728 650 756 animos
663 726 741 754 certe
754 721 941 753 confidimus
952 742 960 754 ,
980 731 1044 751 non
1054 731 1122 751 cra-
1162 722 1285 753 erudiri.
1308 724 1364 755 Sed
1374 744 1382 758 ,
1403 723 1424 754 si
1434 725 1470 755 de
1480 736 1560 756 certo
1570 746 1581 759 ,
1601 727 1637 756 de
1650 729 1805 768 perspicuo
1818 750 1825 763 ,
1847 731 1882 760 de
1894 732 1981 765 utili,
2002 731 2038 762 de
2050 742 2123 771 pro-

107 765 148 800 28
157 768 248 798 tione
267 767 366 797 nostra
381 787 391 801 ‚
415 768 463 798 sed
483 769 668 797 humanitate
680 764 777 795 vestra
800 762 856 793 esse
877 763 1015 802 placatos.
1038 761 1138 803 Qid‘
1165 765 1253 798 bato,
1271 764 1309 796 de
1323 766 1457 806 Judicato
1474 767 1563 798 vobis
1577 769 1644 807 jure
1662 768 1720 798 ess‘e
1736 771 1981 802 constituendum
1993 773 2100 804 vidctis
2117 780 2125 801 ξ

164 811 250 839 enim
264 809 306 839 est
318 817 335 842 ,’
346 819 397 839 ωι-
406 819 471 839 non
480 808 580 848 potius
591 808 626 837 ad
637 807 786 850 summam
798 804 909 833 laudem
918 805 988 834 huic
999 824 1006 838 ‚
1027 807 1119 845 quam
1142 814 1144 828 ¹
1163 807 1258 836 nolite
1271 809 1464 838 committere
1476 829 1484 842 ,
1504 818 1538 840 ut
1548 811 1580 840 in
1590 820 1619 839 re
1630 819 1691 840 tarn
1703 812 1863 842 inveterata
1872 814 2034 854 quidquam
2046 817 2119 845 novi

155 851 196 881 <ad
215 853 378 881 minimam
396 850 529 880 fraudem
541 871 549 882 .
572 849 689 878 Caesaris
699 847 882 876 familiaritas
895 846 992 876 valere
1001 845 1120 876 debeat?
1161 848 1305 879 sentiatis.
1326 850 1426 880 Simul
1437 850 1470 880 &
1481 850 1545 884 illa,
1556 851 1671 891 judices
1683 871 1691 885 ‚
1702 855 1807 883 omnia
1815 863 1883 883 ante
1892 857 1997 885 oculos
2007 855 2122 886 vestros

156 895 307 933 cognovit
325 892 492 922 adolescens
513 901 518 919 :
541 890 652 930 placuit
668 890 790 918 homini
808 886 1039 928 prudentiffimo
1058 898 1063 917 :
1087 889 1120 917 in
1163 892 1342 930 proponite:
1360 890 1497 932 primum
1508 892 1566 923 effe
1576 895 1696 927 omneis
1710 896 1798 924 etiam
1812 895 1878 934 post
1892 906 2022 928 mortem
2037 908 2117 931 reos*

161 935 281 965 summa
297 936 462 964 amicorum
481 934 568 971 copia
583 941 655 960 cum
671 928 909 961 familiarissimis
924 930 989 969 ejus
1007 929 1051 959 est
1067 928 1120 959 ad·
1140 927 1143 936 ⁴

158 985 306 1016 aequatus.
329 985 361 1004 in
374 983 498 1014 praetura
509 994 517 1006 ‚
542 975 575 1003 in
586 973 738 1003 consulatu
748 971 924 1012 praefeetum
936 970 1055 1001 fabrum
1068 971 1120 1001 de-

161 1019 245 1048 tulit:
266 1015 424 1046 confilium
442 1016 579 1045 hominis
593 1015 747 1054 probavit,
770 1012 860 1043 fidem
874 1013 918 1043 est
929 1013 1119 1052 complexus:

157 1057 279 1091 officia,
299 1058 578 1098 observantiamque
594 1057 714 1086 dilexit.
737 1056 797 1086 fuit
813 1056 863 1085 hic
882 1055 1050 1085 multorum
1072 1055 1119 1084 illi

158 1099 297 1130 laborum
315 1099 412 1130 socius
426 1099 585 1139 aliquando
599 1109 604 1127 :
621 1097 664 1128 est
672 1095 792 1128 fortass'e
801 1107 883 1127 nunc
892 1097 1115 1126 nonnullorum

148 1143 303 1182 -particeps
323 1140 571 1171 commodorum.
594 1150 659 1181 quae
681 1139 805 1180 quidem
827 1137 848 1168 fi
871 1140 941 1169 huic
962 1137 1117 1169 obfuerint

156 1183 234 1224 apud
243 1193 299 1213 vos
309 1203 318 1216 ,
338 1193 402 1213 non
414 1183 569 1224 intelligo,
589 1181 671 1223 quod
681 1181 783 1210 bonum
792 1182 931 1221 cuiquam
943 1178 977 1210 sit
987 1180 1063 1220 apud
1074 1189 1116 1210 ta-

152 1225 210 1256 leis
229 1227 308 1255 viros
326 1224 526 1265 profuturum.
548 1225 624 1257 Sed,
643 1225 790 1264 quoniam
803 1222 939 1253 C.Caesar
951 1221 1031 1252 abest
1044 1222 1115 1252 lon-

154 1265 272 1309 giffime
284 1286 293 1300 ‚
310 1275 397 1307 atque
413 1269 445 1295 in
462 1268 499 1295 iis
512 1265 554 1295 est
567 1275 648 1295 nunc
661 1265 735 1295 locis
747 1286 755 1298 ‚
765 1274 831 1305 quae
845 1266 967 1305 regione
978 1284 986 1297 ‚
1006 1264 1113 1294 orbem

152 1318 297 1339 terrarum
309 1319 313 1337 :
325 1308 411 1337 rebus
421 1308 504 1337 illius
512 1307 613 1347 gestiS,
625 1308 787 1346 imperium
799 1307 903 1345 populi
915 1305 1114 1336 Romanide-
1132 1329 1137 1366 l

150 1349 286 1380 finiunt:
305 1350 400 1379 nolite
411 1369 419 1383 ‚
439 1359 491 1389 per
499 1349 571 1379 deos
581 1349 780 1378 immortaleis
790 1367 798 1381 ,
815 1347 952 1386 judices„
973 1348 1053 1377 hunc
1064 1347 1112 1378 illi

1162 931 1341 963 clarissimos
1359 934 1431 963 illos
1449 936 1531 964 viros
1545 953 1555 969 ‚
1574 937 1626 975 qui
1643 934 1802 966 foederatos
1819 939 1938 967 civitate
1956 938 2116 970 donarunt:

1160 973 1270 1019 deinde
1279 974 1413 1005 senatum
1422 995 1432 1010 ,
1444 978 1497 1016 qui
1508 978 1632 1017 persaepe
1643 977 1855 1018 hocjudicavit
1867 980 2032 1019 :populum
2043 1000 2050 1014 ,
2063 992 2113 1021 qui

1155 1014 1257 1055 justit:
1273 1016 1388 1054 judices
1399 1037 1407 1051 ,
1425 1019 1476 1058 qui
1485 1019 1693 1058 approbarunt.
1717 1029 1782 1050 tum
1801 1022 1891 1050 etiam
1910 1021 1986 1051 illud
2003 1032 2116 1062 cogita-

1159 1066 1237 1087 tote:
1256 1057 1294 1089 fic
1304 1060 1406 1089 vivere
1416 1079 1424 1093 ‚
1443 1069 1475 1089 ac
1485 1059 1591 1090 vixiss'e
1600 1062 1777 1091 Cornelium
1790 1082 1797 1094 ‚
1816 1070 1868 1095 ut,
1887 1061 1960 1092 curn
1970 1073 2114 1095 omniurn

1154 1108 1345 1140 peccatorum
1355 1100 1535 1142 quaestiones
1545 1101 1601 1132 sint
1609 1123 1618 1136 ,
1639 1113 1703 1132 non
1716 1103 1752 1133 de
1761 1106 1907 1134 vitiorum
1918 1104 2041 1135 suorum
2050 1115 2117 1145 poe-2

1155 1141 1258 1175 na,sed
1268 1141 1304 1172 de
1316 1144 1434 1173 virtutis
1444 1145 1570 1183 praemio
1579 1147 1611 1174 in
1617 1144 1768 1185 judicium
1779 1154 1912 1176 vocetur.
1930 1146 2057 1177 Accedat
2068 1157 2116 1177 et«

1155 1184 1216 1213 iam
1227 1183 1304 1214 illud
1313 1204 1321 1218 ,
1334 1194 1367 1214 ut
1377 1184 1507 1216 statuatis
1517 1186 1709 1226 hocjudicio,
1722 1186 1823 1217 utrum
1833 1187 1954 1227 posthac
1964 1189 2113 1219 amicitias

1151 1225 1301 1255 clarorum
1320 1228 1459 1258 virorum
1474 1228 1633 1258 calamitati
1655 1229 1832 1259 hominibus
1843 1249 1852 1262 ,
1876 1239 1913 1259 an
1930 1239 2113 1262 ornamento

1153 1265 1211 1296 effe
1220 1267 1345 1298 malitis.
1369 1268 1525 1299 Postremo
1536 1270 1610 1300 illud
1619 1291 1632 1304 2
1642 1270 1757 1309 judices
1766 1291 1775 1302 ‚
1791 1269 1887 1300 fixum
1898 1274 1930 1301 in
1940 1273 2050 1302 animis
2060 1283 2115 1302 ve-

1153 1307 1219 1338 stris
1234 1318 1364 1340 tenetote
1375 1330 1383 1344 ,
1402 1320 1457 1341 vos
1468 1313 1501 1342 in
1511 1312 1563 1342 hac
1573 1313 1655 1342 causa
1667 1322 1732 1342 non
1743 1312 1778 1343 de
1789 1310 1939 1343 maleficio
1951 1315 1987 1343 L.
1997 1316 2116 1345 Corne-

1150 1350 1205 1384 lii,
1219 1351 1268 1381 sed
1280 1351 1315 1381 de
1328 1351 1477 1383 beneficio
1484 1356 1687 1394 Cn Pompeii
1696 1354 1890 1394 judicaturos.

192 1437 202 1455 1
210 1449 216 1455 .
248 1457 251 1460 ⁴
267 1432 360 1454 unciam
370 1430 427 1454 velle
443 1428 573 1461 perferri]
594 1425 703 1461 vulgati
713 1426 809 1459 defieri-i.
828 1426 886 1453 Pal.
898 1435 983 1453 nonus
997 1428 1111 1461 proferri.

151 1464 195 1494 sed
204 1464 318 1491 alterum
329 1464 364 1490 est
375 1473 408 1490 ex
420 1466 447 1489 S.
459 1463 529 1489 Vist.
543 1461 651 1490 bembi.
664 1461 776 1488 Erfurd.

186 1509 215 1527 2.
234 1500 434 1534 Sedpericulosuo
443 1500 470 1525 de
479 1501 642 1534 pubiicoflcre²
652 1498 719 1532 dvm]
742 1497 838 1526 Editur
848 1497 939 1535 paffim
951 1498 1009 1532 ,scd
1016 1498 1115 1532 deperi·
1129 1508 1133 1537 Ι

518 1581 614 1645 M.
714 1583 1215 1645 TULLIUS

1150 1429 1209 1454 culo.
1229 1436 1324 1464 praeter
1346 1429 1416 1456 Pall.
1435 1439 1527 1457 omnes
1548 1450 1556 1461 ‚
1576 1440 1690 1467 quorum
1708 1431 1870 1458 austoritate
1889 1439 1978 1459 motus
1997 1434 2114 1468 particu-

1150 1463 1203 1525 lbam
1218 1473 1276 1493 eam
1287 1465 1407 1502 expunxi
1420 1475 1429 1498 5
1452 1474 1527 1494 tanto
1537 1466 1664 1495 libentius
1675 1487 1684 1501 ,
1703 1468 1775 1504 quod
1785 1469 1812 1494 Β(
1823 1467 1940 1504 suspecta
1957 1468 2021 1496 effet
2031 1470 2114 1497 Lam-

1168 1509 1225 1527 ino.

1327 1586 1747 1647 CicERo

223 1685 1310 1853 L.CALPL1RN113M
1405 1786 2030 1854 PISONEM.

441 1912 790 1959 ORATIO
868 1911 1806 1978 TRICESIMASEPUMA.

467 2064 568 2100 Deest*
576 2063 773 2112 principium.

143 2145 253 2189 jamne
261 2145 346 2177 vides
355 2167 364 2180 ,
377 2145 476 2177 bellua
486 2167 494 2180 ‚
502 2147 605 2187 jamne
615 2148 705 2178 sentis
716 2168 724 2182 ‚
735 2157 800 2189 quae
810 2146 842 2178 fit
852 2148 1016 2178 hominum
1027 2157 1102 2188 que-

144 2188 205 2218 rela
215 2187 323 2218 frontis
333 2197 391 2218 tuae
401 2193 411 2218 ?
423 2199 516 2218 nemo
525 2191 662 2230 queritur
671 2210 679 2223 ,
691 2193 810 2230 Syrum,
833 2190 934 2220 nescio
943 2200 1032 2231 quem
1042 2210 1050 2223 ‚
1065 2189 1102 2219 de

139 2239 226 2271 grege
239 2232 428 2260 novitiorum
441 2249 450 2263 ‚
469 2230 582 2261 fabium
600 2231 658 2261 esse
675 2232 842 2262 consulem.
866 2241 930 2262 non
946 2234 1028 2261 enim
1045 2241 1101 2261 nos

141 2272 227 2302 color
236 2270 292 2301 iste
301 2271 413 2301 servilis
423 2291 431 2305 ‚
443 2282 507 2301 non
516 2273 620 2312 pilosae
629 2283 712 2314 genae
721 2292 730 2307 ,
742 2283 805 2303 non
816 2273 918 2303 dentes
926 2273 1037 2313 putridi
1047 2273 1100 2303 de-

136 2321 300 2353 ceperunt:
320 2313 421 2347 oculi,
439 2313 611 2353 supercilia,
632 2315 735 2348 frons,
754 2315 857 2344 vultus
866 2315 997 2355 denique
1007 2324 1098 2348 totus,

141 2356 196 2396 qui
206 2353 305 2385 sermo
314 2355 437 2396 quidam
447 2357 552 2385 tacitus
563 2358 675 2386 mentis
684 2355 728 2386 est
740 2377 746 2389 ‚
770 2360 780 2375 ¹
791 2358 841 2386 hic
852 2358 885 2386 in
894 2356 1030 2386 fraudem
1043 2358 1101 2386 ho—

140 2397 241 2426 mines
251 2397 374 2436 impulit
384 2408 390 2426 z
401 2397 451 2427 hic
460 2407 512 2427 eos
521 2417 531 2431 ‚
541 2398 651 2438 quibus
661 2400 851 2440 eratignotus
860 2419 869 2432 ,
885 2401 899 2417 ²
911 2397 1043 2438 decepit,
1054 2396 1100 2427 fe-

139 2436 219 2468 fellit
230 2457 239 2472 ,
258 2437 390 2468 induxit.
414 2441 499 2480 pauci
517 2439 570 2470 ista
587 2449 636 2471 tua
651 2440 799 2470 lutulenta
815 2441 889 2470 vitia
907 2449 1097 2470 noveramus:

139 2481 227 2520 pauci
244 2479 410 2511 tarditatem
428 2483 563 2522 ingenii,
584 2481 737 2522 stuporem
748 2501 757 2516 ,
774 2481 1026 2523 ‘debilitatemque
1038 2482 1100 2511 lin-

137 2530 215 2561 guae.
238 2529 404 2562 numquam
415 2533 474 2553 erat
483 2523 582 2563 audita
591 2534 653 2554 vox
663 2525 696 2553 in
706 2523 789 2554 foro:
802 2533 971 2564 numquam
981 2525 1099 2564 pericu-

139 2563 207 2593 lum
224 2561 338 2592 saelum
351 2563 485 2595 confilii:
504 2564 625 2595 nullum
645 2575 710 2595 non
730 2564 825 2595 modo
843 2564 977 2598 illustre,
999 2565 1097 2596 sedne

134 2613 251 2634 'norum
271 2604 392 2645 quidem
410 2605 524 2637 Paetum
540 2616 590 2638 aut
606 2608 745 2640 militiae,
762 2616 813 2636 aut
825 2606 921 2637 domi.
943 2606 1097 2647 obrepsisti

136 2645 174 2676 ad
195 2647 324 2676 honores
342 2657 438 2678 errore
457 2649 618 2679 hominum
632 2669 640 2682 ‚
661 2648 896 2678 commendatione
905 2647 1095 2679 fumosarum

132 2688 326 2729 imaginum:
346 2698 469 2729 quarum
489 2689 587 2720 simile
604 2691 694 2721 habes
713 2690 811 2724 nihil,
831 2699 935 2730 praetei·
949 2690 1095 2720 colorem.

136 2730 167 2760 1s
177 2729 253 2759 mihi
263 2731 352 2760 etiam
362 2731 554 2772 gloriabitur,
564 2733 593 2763 se
602 2734 722 2763 omneis
733 2731 980 2772 magistratusssne
989 2732 1096 2772 repulsa

93 2775 96 2778 ’
136 2769 299 2802 assecutum
320 2773 330 2798 ?
353 2774 430 2803 mihi
448 2772 502 2804 ista
519 2774 589 2805 licet
606 2775 642 2804 de
662 2784 712 2804 me
728 2784 797 2804 vera
814 2774 910 2815 gloria
926 2773 1093 2813 praedicare.

137 2815 259 2843 omneis
267 2815 350 2843 enirn
361 2814 492 2845 honores
501 2817 630 2856 populus
641 2819 774 2846 Roman.
787 2816 865 2845 mihi
882 2814 932 2855 ipsi
944 2835 952 2849 ,
972 2816 1094 2845 homini

134 2863 219 2884 novo
229 2875 239 2888 .
252 2854 369 2886 detulit.
393 2858 473 2887 Nam
486 2877 495 2891 ,
507 2867 538 2888 tu
550 2856 620 2888 cum
631 2857 760 2899 quaestor
769 2867 798 2887 es
809 2856 903 2887 faetus
916 2877 924 2890 ,
938 2859 1028 2887 etiam
1040 2859 1093 2897 qui

135 2903 165 2925 te
186 2905 351 2937 numquam
374 2899 509 2929 viderant
526 2919 535 2934 ,
566 2908 666 2930 tamen
685 2900 776 2930 illum'
798 2900 948 2929 honorem
969 2900 1092 2928 nomini

135 2937 386 2969 mandabanttuo.
410 2940 522 2970 AEdilis
541 2951 571 2971 es
591 2941 696 2971 faetus.
720 2936 796 2972 Piso*
806 2939 854 2979 est
867 2941 882 2970 3
901 2940 1015 2980 populo
1027 2942 1091 2970 Ro-

136 2985 230 3008 mano
237 2977 331 3009 faetus
341 2999 349 3014 ‚
362 2990 425 3011 non
435 2981 489 3012 istc
498 2983 576 3013 Piso.
598 2985 726 3014 Praetura
734 2984 809 3013 item
820 2982 986 3023 majoribus
996 2981 1091 3013 delata

133 3103 157 3122 1.
222 3098 245 3120 Ic
255 3099 279 3122 in
290 3099 399 3130 fraudem
406 3101 508 3127 homines
518 3102 637 3136 impulit.]
657 3103 700 3129 Sic
708 3103 768 3130 Pal.
779 3103 829 3130 sec.
843 3104 871 3130 &
889 3103 946 3129 οὲὶ.
957 3104 1025 3129 'nam
1038 3101 1088 3129 sec.

133 3165 135 3167 ι
217 3133 326 3165 fraudes.
347 3133 453 3169 vulgata
462 3139 488 3161 in
497 3146 626 3171 errorem„

161 3175 181 3194 ι
188 3188 194 3195 .
211 3170 313 3202 υκερτ,
318 3169 414 3204 fefellit,
423 3171 517 3200 induxit
525 3173 547 3207 .]
567 3173 639 3201 Aliae
649 3173 744 3203 fei-ein
754 3174 817 3204 edd.
827 3179 853 3203 in
855 3176 968 3211 fraudem
976 3175 1085 3203 induxi),

1144 2020 1187 2053 est
1199 2023 1270 2052 tuis.
1293 2024 1360 2053 noti
1371 2030 1453 2054 erant
1462 2023 1509 2053 illi
1520 2024 1652 2054 mortui:
1671 2032 1699 2054 te
1709 2024 1817 2054 vivum
1828 2022 1969 2054 nondum
1980 2030 2104 2053 noverat

1144 2064 1313 2105 quisquam.
1335 2067 1388 2095 Me
1405 2064 1477 2095 cum
1492 2064 1672 2106 quaestorem
1691 2067 1725 2096 in
1742 2068 1851 2106 pri-mis
1862 2086 1870 2100 ‚
1889 2065 2009 2096 aedilem
2019 2066 2105 2104 prio-

1143 2115 1206 2135 rem
1223 2126 1231 2140 ‚
1253 2116 1411 2146 praetorem
1424 2108 1562 2147 primum
1574 2106 1693 2138 cunffis
1706 2106 1851 2149 suffragiis
1864 2107 1994 2147 populus
2005 2109 2102 2137 Rom-

1141 2147 1284 2178 faciebat:
1298 2150 1419 2178 homini
1430 2149 1482 2179 ille
1493 2150 1657 2183 honorem,
1669 2159 1733 2180 non
1744 2151 1865 2190 generi:
1877 2149 2026 2182 moribus,
2038 2157 2104 2178 non

1143 2190 1309 2226 majoribus
1319 2191 1413 2220 meis:
1433 2191 1538 2220 virtuti
1549 2190 1707 2231 pei-spenstae
1718 2211 1726 2224 ‚
1748 2201 1812 2222 non
1825 2191 1932 2221 auditae
1948 2190 2104 2220 nobilitati

1143 2230 1303 2261 deferebat.
1328 2234 1409 2262 Nam
1425 2232 1498 2272 quid
1513 2242 1570 2273 ego
1585 2232 1621 2262 de
1635 2233 1790 2263 consulatu
1804 2233 1927 2274 loquar?
1943 2241 2026 2272 parto
2043 2233 2104 2266 1113.

1143 2283 1221 2303 anne
1230 2272 1312 2314 gesto
1322 2278 1333 2305 ἒ
1355 2274 1503 2303 Miserum
1514 2284 1564 2304 me
1580 2276 1586 2304 l
1604 2273 1674 2304 cum
1685 2275 1739 2305 hac
1750 2285 1799 2304 me
1808 2285 1890 2305 nunc
1901 2274 1981 2315 peste
1990 2293 1998 2308 ,
2014 2283 2104 2314 atque

1141 2314 1207 2344 labe
1220 2315 1368 2346 confero?
1385 2314 1435 2345 sed
1451 2316 1531 2346 nihil
1549 2317 1743 2356 comparandi
1757 2317 1840 2347 causa
1854 2317 1956 2358 loquar
1968 2327 1983 2345 z>
1996 2319 2008 2342 3
2019 2325 2051 2345 ac
2061 2323 2104 2345 ta-

1145 2366 1216 2386 men
1228 2366 1260 2387 ea
1270 2377 1278 2390 ‚
1298 2366 1365 2398 quae
1379 2357 1448 2388 sunt
1459 2356 1633 2399 longissime
1645 2358 1796 2396 disjunehi
1806 2377 1814 2392 ,
1833 2357 2100 2398 comprehendam.

1143 2400 1194 2428 Tu
1204 2398 1310 2429 consul
1320 2407 1351 2429 es
1361 2401 1547 2430 renuntiatus
1559 2399 1649 2439 (nihil
1658 2400 1755 2431 dicam
1767 2402 1885 2442 gravius
1897 2420 1905 2434 ,
1917 2399 2006 2440 quam
2018 2397 2102 2439 quod

1142 2449 1251 2470 omnes
1268 2439 1409 2481 fatentur)
1429 2441 1566 2483 impeditit
1584 2442 1649 2482 reip.
1668 2441 1836 2483 temporibus
1855 2461 1864 2475 ,
1888 2440 2103 2472 diffidentibus

1142 2484 1225 2512 Coss.
1236 2483 1347 2513 Caesare
1358 2482 1390 2513 &
1399 2483 1510 2513 Bibulo
1522 2503 1530 2516 ,
1545 2483 1616 2514 cum
1627 2485 1686 2514 hoc
1696 2494 1760 2514 non
1770 2484 1913 2513 recusares
1923 2503 1931 2516 ‚
1943 2484 2019 2523 quin
2029 2483 2050 2512 ii
2061 2501 2070 2515 2
2082 2481 2100 2513 xa

1141 2524 1252 2564 quibus
1261 2524 1395 2554 dicebare
1404 2525 1510 2554 consul
1523 2543 1531 2557 ,
1543 2534 1572 2556 te
1582 2525 1646 2555 luce
1656 2525 1784 2566 dignum
1795 2534 1858 2554 non
1868 2532 2021 2565 putarent,
2042 2519 2100 2553 nifi

1145 2567 1274 2607 nequior
1285 2587 1294 2599 ,
1314 2565 1405 2607 quam
1421 2566 1568 2596 Gabinius
1578 2586 1587 2601 ‚
1607 2565 1775 2597 exstitilses.
1807 2568 1857 2596 Me
1875 2564 1983 2596 cunda
2001 2565 2099 2599 Italia,

1141 2617 1192 2637 me
1209 2618 1317 2638 omnes
1337 2607 1456 2638 ordines
1467 2627 1475 2641 ‚
1498 2618 1548 2637 me
1562 2608 1696 2638 universa
1710 2609 1817 2638 civitas
1834 2617 1898 2638 non
1908 2607 1991 2647 prius
2001 2606 2098 2637 tabel-

1141 2649 1168 2679 la
1177 2669 1187 2682 ,
1206 2649 1296 2690 quarn
1307 2659 1381 2679 voce
1391 2651 1522 2689 priorem
1533 2650 1690 2680 consulem
1700 2650 1866 2680 declaravit.
1901 2649 1956 2680 Sed
1968 2650 2093 2682 omitto,

1141 2700 1172 2721 ur
1192 2689 1225 2721 fit
1242 2690 1338 2720 faetus
1357 2699 1479 2731 uterque
1492 2690 1640 2721 nostrum.
1663 2693 1706 2722 Sit
1717 2691 1784 2721 sane
1795 2693 1858 2721 Fors
1867 2691 1981 2720 domina
1989 2691 2093 2732 campi,

1138 2731 1380 2772 magnificentius
1390 2731 1431 2762 est
1441 2733 1538 2763 dicere
1547 2753 1555 2767 ,
1564 2732 1824 2773 quemadmodum
1832 2731 2009 2775 gesserimus
2019 2742 2096 2763 con-

1136 2774 1264 2804 sulatum
1276 2793 1284 2807 ,
1305 2774 1395 2815 quam
1406 2794 1414 2808 ‚
1436 2774 1697 2815 quemadmodum
1705 2777 1882 2815 ceperimus.
1906 2778 1971 2817 Ego
1983 2775 2095 2805 Kalen—

1135 2815 1256 2857 disJan.
1270 2816 1403 2846 senatum
1413 2836 1421 2849 ‚
1435 2818 1467 2846 δε
1479 2817 1577 2846 bonos
1588 2819 1708 2847 omneis
1718 2837 1727 2852 ‚
1743 2819 1815 2859 legis
1824 2820 1951 2859 Agraria:
1965 2838 1974 2851 ‚
1993 2817 2094 2846 maxi-

1135 2859 1516 2898 marumquelargitionum
1533 2868 1616 2889 metu
1631 2859 1764 2890 liberavi.
1787 2869 1843 2900 ego
1853 2869 1956 2901 agrurn
1967 2862 2095 2899 Campa-

1134 2909 1210 2929 num
1222 2920 1231 2933 ,
1241 2898 1262 2929 si
1274 2900 1370 2929 dividi
1383 2910 1444 2930 non
1454 2903 1590 2940 oportuit
1600 2921 1608 2935 ,
1620 2901 1794 2932 conservavi
1808 2912 1813 2930 t
1829 2900 1849 2931 s1
1861 2904 1994 2941 oportuit
2004 2921 2013 2934 ,
2025 2910 2094 2930 me-

1133 2941 1261 2970 lioribus
1274 2940 1445 2971 rudioribus
1457 2942 1610 2972 reservavi.
1633 2953 1689 2984 ego
1704 2946 1736 2973 in
1747 2946 1780 2974 C.
1791 2943 1915 2973 Rabirio
1925 2964 1933 2976 ,
1952 2943 2092 2983 perduel-

1133 2983 1225 3012 lionis
1235 2993 1286 3013 reo
1298 3003 1308 3017 ‚
1324 2992 1379 3013 xi„
1390 2993 1477 3014 annis
1486 2993 1553 3014 ante
1563 2995 1613 3016 me
1623 2985 1780 3016 consulem
1789 2983 1994 3026 interpofitam
2005 2985 2090 3015 sena·

2041 3033 2091 3056 tus

1133 3101 1173 3128 sed
1185 3110 1280 3138 praeter·
1290 3103 1346 3129 Pal.
1361 3113 1401 3139 pr.
1416 3113 1445 3130 ac
1456 3103 1505 3130 sec.
1516 3105 1544 3130 &
1554 3105 1728 3132 Fa'e'rn'ianos.

1167 3147 1193 3174 3.
1213 3142 1249 3164 Ac
1259 3147 1336 3164 tamen
1346 3149 1373 3165 ea
1383 3142 1496 3174 quaesmat
1505 3160 1513 3173 ‚
1524 3141 1592 3176 ᾦα]
1617 3142 1758 3169 Turnebus
1769 3142 1839 3169 libro
1851 3151 1899 3169 xx.
1910 3151 1965 3180 cap.
1979 3152 1988 3170 1
1996 3151 2022 3176 5.
2035 3149 2092 3167 ma-

1127 3174 1210 3208 lebat,
1222 3182 1345 3210 arcannm
1355 3175 1426 3212 quod
1436 3176 1464 3205 111
1474 3184 1632 3207 contextum
1645 3179 1746 3215 reecpit
1755 3178 1914 3208 Lambinus.

1599 3214 1681 3251 Yyy
1979 3213 2093 3247 μέζω-1

2111 2663 2132 2688 [ὑ
