2379 3400
261 106 384 156 ¹32²·
662 76 1178 126 M.Tut.1.11

301 178 389 206 Nox.
399 165 551 207 Eventus]
571 166 621 195 Tu
633 160 803 192 me&alias
815 167 1047 199 nonnumquam
1061 177 1069 190 .
1083 157 1212 197 &paul-

258 218 291 250 lo
311 216 376 246 ante
397 211 566 242 adhortatus
585 215 616 237 es
629 224 640 238 .
657 212 689 234 ut
704 203 836 233 aliorum
855 200 931 232 fabia
943 221 951 235 ,
971 201 1005 231 δε
1018 209 1124 231 eventa
1135 209 1212 231 con-

260 261 388 302 quiram.
539 291 543 296 .
578 288 587 297 x
704 288 707 292 ²

302 293 462 333 Faeni-o]
486 294 626 333 Qicum
638 286 728 318 hodie
738 286 853 316 bellum
864 295 934 316 cum
945 294 1068 315 mortuo
1080 293 1192 326 gerant.

302 342 388 370 Nori.
402 333 515 374 Sume]
540 330 741 371 Quarevelim
752 328 923 361 dammim,
945 328 1093 361 Luculle,
1114 327 1216 366 jubeas

259 381 391 414 indicem
404 378 582 416 tragicorum
596 394 604 406 ,
622 382 654 402 ut
662 372 777 402 sumam
788 391 796 404 ‚
810 368 829 399 fi
841 380 892 411 qui
902 369 1068 403 fortemihi
1079 369 1194 399 desunt.

304 424 391 451 Nos.
407 416 552 458 Facess'o]
577 412 824 453 Facessantigitur
834 421 959 445 omncs,
977 413 1029 452 qui
1047 411 1153 442 docere
1169 411 1216 440 ni-

262 464 304 495 hi]
317 460 436 502 poss'unt
446 480 454 493 ‚
467 469 527 500 quo
539 456 649 488 melius
661 476 670 489 ,
681 454 901 495 sapientiusque
910 455 1057 484 vivamus.

305 508 348 534 D.
359 506 497 533 Auousr.
514 499 598 538 lib.4.
615 506 673 541 cap.
684 508 713 527 2.
724 496 820 538 Trin.]
845 495 1012 527 Prudentiae
1025 504 1121 536 partes
1138 495 1218 528 sunt,

264 547 413 578 memoria
425 565 433 579 ,
450 541 647 584 intelligentia
658 560 666 574 ,
682 539 880 580 providentia.

306 591 437 619 D.Auc‚.
451 585 535 626 ibid]
561 586 591 614 Si
601 582 689 613 nobis
701 601 709 616 ,
728 581 798 612 cum
813 590 851 611 ex
866 582 919 611 hac
932 581 993 610 vita
1010 581 1218 620 migravimus,

263 636 296 662 in
306 631 460 660 beatorum
474 627 581 657 insulis
592 646 600 658 ‚
620 623 790 654 immortale
801 633 899 653 aevum
912 642 920 656 ,
941 631 974 652 ut
991 622 1098 652 fabula:
1107 621 1219 654 ferunt,

263 674 368 713 degere
389 672 507 702 liceret,
529 667 601 709 quid
621 676 697 707 opus
715 663 786 695 esset
804 665 999 705 eloquentia?
1020 664 1091 695 cum
1110 664 1222 702 judicia

264 715 347 745 nulla
358 712 479 743 fierent:
499 720 548 741 aut
560 708 626 750 ipsis
637 710 726 738 etiam
740 707 920 737 virtutibus?
939 717 994 737 nec
1005 709 1090 736 enim
1100 705 1219 736 fortitu-

268 756 349 787 dinis
359 755 562 795 indigeremus
572 772 580 784 ‚
600 750 688 780 nullo
700 747 849 790 proposito
860 758 909 778 aut
920 749 1018 778 labore
1028 768 1035 782 ,
1049 757 1096 778 aut
1106 749 1222 788 pericu-

266 799 313 829 lo:
334 795 514 835 necjustitia
525 815 532 827 ‚
555 793 625 824 cum
637 790 708 822 esset
719 791 796 821 nihil
807 811 814 825 ‚
832 791 912 832 quod
921 791 1222 830 appetereturalieni:

264 851 319 871 nec
332 839 526 878 temperantia
538 856 546 869 ‚
567 845 631 876 quae
643 842 754 875 regeret
764 843 810 863 eas
821 853 828 866 ‚
845 843 911 873 quae
922 834 1013 862 nulla:
1024 831 1116 862 essent
1128 851 1137 865 ‚
1154 831 1225 861 libi-

265 882 351 912 dines
367 891 371 909 :
393 890 429 909 ne
440 878 596 919 prudentia
606 877 729 917 quidem
743 885 857 915 egerem
864 884 896 904 us
908 895 916 907 ,
932 876 1019 904 nullo
1031 873 1144 904 dileffim
1155 883 1223 913 pro-

265 923 360 964 posito
371 923 521 952 bonorum
535 920 567 950 &
578 919 740 948 malorum.
767 920 833 947 Una
847 918 936 957 igitur
947 915 1074 946 ess'emus
1086 916 1163 945 beati
1174 925 1225 945 co-

265 967 403 1007 gnitione
420 973 529 993 naturae
542 981 550 995 ‚
572 961 604 991 &
616 961 755 992 scientia,
777 969 841 999 quae
858 959 917 988 sola
931 968 1020 988 etiam
1038 958 1166 988 deorum
1184 956 1226 987 est

265 1010 327 1038 vita
346 1005 499 1036 laudanda.
524 1013 561 1034 ex
580 1012 641 1043 quo
662 1001 790 1041 intelligi
803 1000 917 1041 potest,
936 1010 1032 1031 cetera
1051 998 1227 1030 neceffitatis

267 1048 325 1080 essc
339 1057 453 1078 :unum
466 1048 522 1075 hoc
533 1066 540 1079 ‚
554 1046 725 1084 voluptatis,

314 1094 399 1120 NON.
418 1088 541 1129 Caper-e]
566 1086 582 1099 ’³⁸
605 1086 713 1116 deinde
732 1085 805 1115 boni
825 1094 945 1119 mores,
967 1084 999 1114 &
1016 1082 1226 1116 modestiores,

268 1133 303 1164 ad
315 1131 457 1171 capienda
468 1137 612 1170 praecepta
622 1128 790 1157 molliores.

310 1178 398 1204 Nou.
410 1171 558 1214 tAprum]
583 1171 683 1200 Altera
694 1169 736 1200 est
746 1178 824 1199 nexa
832 1178 902 1199 cum
914 1169 1062 1209 superiore
1073 1188 1081 1202 ,
1104 1167 1135 1197 δε
1146 1167 1228 1201 inde,

269 1226 395 1258 apteque
409 1214 551 1255 pendens.

312 1262 398 1288 NoN.
414 1255 562 1296 sped'i'are]
596 1253 612 1267 ³*
647 1254 717 1284 Caeli
746 1252 898 1293 signorum
919 1253 1129 1284 admirabilem
1149 1251 1229 1282 ordi-

269 1311 339 1332 nem
354 1321 364 1333 2
384 1298 642 1336 insatiabilemque
664 1295 922 1335 pulchritudinem
935 1298 1028 1336 magis
1039 1294 1179 1334 spefiiant.

312 1346 353 1372 D.
370 1350 438 1371 Auo
464 1338 552 1376 lib.4.
566 1351 587 1367 c.
604 1348 648 1376 15.
661 1337 769 1377 civim]
794 1335 810 1350 ²¹¹
833 1340 875 1367 Ut
886 1337 1003 1367 easdem
1016 1337 1152 1366 tenebras
1163 1334 1230 1365 effi-

267 1386 345 1418 ciat,
362 1393 434 1423 quas
452 1381 551 1412 effecit
570 1383 601 1410 in
617 1382 738 1410 interitu
750 1380 878 1409 Romuli
892 1389 898 1409 :
916 1381 967 1420 qui
979 1381 1011 1409 in
1022 1379 1232 1409 obscuratione

272 1427 342 1458 solis
357 1425 453 1455 fafitus
467 1423 518 1454 est.

311 1471 398 1498 NoN.
410 1465 543 1507 increpo]
567 1466 657 1495 Tune
668 1462 899 1505 pseudomenon
912 1483 919 1497 ‚
942 1462 974 1493 &
986 1463 1105 1494 soritem
1119 1482 1127 1496 ‚
1142 1462 1173 1493 δε
1185 1471 1234 1492 to-

271 1518 331 1540 tam
343 1507 530 1539 dialetiieam
541 1516 590 1536 aut
601 1506 705 1536 illudis
715 1525 726 1539 ‚
742 1515 790 1535 aut
800 1508 947 1545 increpas?

317 1548 566 1588 NowPreffum]
602 1550 678 1587 Qiis
699 1556 728 1576 te
750 1546 870 1580 amest,
891 1556 940 1576 aut
957 1545 1014 1575 fuit
1037 1555 1181 1586 umquam
1203 1547 1233 1575 in

272 1591 427 1634 pariundis
445 1590 534 1620 rebus
548 1609 556 1622 ‚
580 1590 609 1617 in
629 1583 811 1617 definiendis
822 1607 831 1620 ,
852 1589 884 1616 in
895 1587 1092 1626 explanandis
1103 1586 1235 1626 preffioi·?

317 1630 474 1664 Line-rulth
496 1632 523 1660 6*
537 1630 619 1670 ez]
644 1630 726 1659 Malo
748 1629 793 1657 vei
812 1639 908 1658 unum
929 1637 1053 1668 parvum
1076 1628 1112 1657 de
1133 1626 1237 1657 officio

275 1675 413 1705 libellum
427 1692 435 1706 ‚
457 1672 549 1714 quam
568 1673 691 1712 longam
711 1673 880 1700 orationem
893 1680 947 1709 pro
959 1669 1099 1699 seditioso
1110 1670 1236 1699 homine

276 1717 429 1748 Cornelio.

317 1761 403 1790 NoN.
419 1754 599 1794 Convenire]
632 1756 712 1784 Nam
733 1751 814 1794 quod
834 1754 962 1785 vereris,
984 1761 1022 1781 rie
1042 1761 1105 1781 non
1125 1761 1237 1782 conve-

276 1802 338 1832 niat
350 1798 456 1829 nostris
468 1797 603 1827 aetatibus
615 1795 666 1825 ista
680 1797 787 1828 oratio,
799 1804 865 1834 quae
875 1794 984 1834 spe6tat
994 1793 1028 1824 ad
1040 1793 1237 1823 hortandum.

320 1845 408 1872 Noti.
429 1838 558 1878 eadere]
591 1840 650 1867 Aut
671 1837 726 1867 tibi
745 1837 775 1867 id
796 1836 893 1876 ipsum
917 1835 1148 1875 pervertendum
1171 1835 1239 1869 fuit,

276 1884 399 1927 quodtu
419 1892 456 1912 ne
476 1879 597 1921 attigisti
607 1880 751 1920 quidem:
771 1881 895 1919 autejus
909 1887 1023 1918 parte5‚
1048 1876 1127 1918 quasi
1139 1887 1239 1907 metn-

282 1928 331 1957 bra
343 1925 476 1966 quaedam
490 1942 498 1956 ‚
519 1922 678 1952 caedendae.

320 1971 405 1997 NON.
419 1965 497 2006 ieras}
522 1964 603 2004 Qid
623 1973 672 1997 tu,
696 1961 842 2003 inquam?
861 1962 959 1994 soles,
980 1960 1050 1991 cum
1063 1961 1239 1991 rationema

277 2010 473 2050 dispensatore
485 2008 593 2045 accipis
604 2025 612 2039 ,
625 2004 645 2034 si
657 2015 710 2035 aera
722 2004 835 2046 singula
843 2003 971 2044 probasti
986 2023 994 2037 ‚
1009 2004 1158 2034 summam
1174 2014 1240 2043 qtiae

278 2062 318 2083 ex
331 2053 377 2081 his
387 2047 524 2080 const-Sta
535 2047 568 2077 sit
578 2067 586 2081 ‚
608 2057 672 2077 non
683 2047 819 2087 probare?

321 2096 407 2124 NON.
428 2090 569 2132 Scripta]
602 2092 703 2130 Itaque
724 2089 778 2118 tibi
801 2087 956 2120 concedo,
977 2086 1058 2128 quod
1079 2087 1111 2116 in
1128 2086 1243 2117 duode-

278 2137 343 2166 cim
359 2135 474 2174 scriptis
493 2133 626 2162 solemus
637 2151 645 2166 ‚
667 2140 699 2161 ut
721 2130 870 2160 calculum
883 2129 1006 2160 reducas
1020 2149 1028 2163 ‚
1048 2128 1069 2158 fi
1081 2138 1107 2159 te
1119 2129 1246 2169 alicujus

289 2178 347 2209 dati
361 2178 497 2216 poenitet.

324 2222 413 2249 NON.
425 2215 622 2256 Gratificari]
655 2218 752 2255 Qare
772 2213 909 2255 egredere
922 2233 930 2247 ,
948 2213 1047 2254 quaeso
1059 2232 1068 2246 ‚
1091 2211 1245 2254 &gratifi—

281 2271 346 2292 care
361 2270 431 2300 reip,
851 2296 858 2301 ·

324 2302 403 2332 Idem
413 2300 526 2341 Tollere]
551 2299 567 2313 ³*
590 2298 668 2329 nihil
689 2308 789 2329 tamen
809 2296 866 2329 este
879 2317 887 2332 ‚
909 2298 941 2327 in
950 2307 1012 2338 quo
1026 2297 1052 2328 se
1064 2298 1184 2327 animus
1194 2307 1246 2327 ex-

283 2345 399 2376 cellens
410 2344 504 2374 tollat.

326 2386 404 2415 Idem
414 2384 533 2427 capere]
558 2386 684 2424 Captum
697 2392 745 2412 me
754 2380 871 2412 fortasse
882 2402 890 2416 ‚
910 2383 1029 2423 inquit,
1051 2390 1081 2411 tu
1092 2390 1175 2422 putas
1186 2401 1194 2415 ,
1216 2381 1248 2411 &

286 2429 316 2459 id
329 2429 408 2469 quod
423 2428 538 2457 nollem
551 2446 559 2459 ‚
578 2424 714 2456 confiteii
725 2424 874 2455 coue‘tum.

327 2468 552 2509 Idsubducere]
588 2471 636 2497 Ari
654 2466 724 2496 cum
746 2466 843 2496 videat
862 2475 931 2499 me,
953 2465 984 2495 &
1004 2475 1090 2495 meos
1109 2466 1248 2498 comites,

287 2511 522 2544 fortitudinem,
543 2508 780 2551 magnitudinem
801 2509 896 2537 animi
910 2527 918 2541 2
948 2509 1123 2546 patientiam
1137 2528 1146 2541 ,
1176 2517 1249 2537 con-

287 2554 422 2585 stantiam
435 2573 442 2587 ‚
452 2554 627 2594 gravitatem
639 2571 646 2585 ‚
661 2549 765 2583 fidem,
776 2550 835 2589 ipsa
847 2550 873 2579 se
884 2549 1038 2579 subducat?

330 2599 438 2626 Paxsc*
453 2594 503 2623 lib.
524 2594 571 2634 6.]
595 2592 611 2606 '¹‘
635 2601 666 2622 ut
689 2595 728 2622 ait
751 2594 888 2622 Ennius:
906 2591 1049 2632 Rer'ugiat
1064 2590 1173 2621 timido
1185 2591 1250 2621 san-

288 2648 366 2680 guen
379 2658 387 2670 ,
406 2646 490 2677 atque
503 2636 667 2665 exaibescat
678 2643 772 2664 metu.

332 2682 417 2709 NON.
438 2676 602 2718 waslare]
638 2679 740 2717 Itaque
772 2685 826 2706 nec
846 2677 878 2705 in
897 2675 1086 2716 philosophia
1107 2677 1248 2715 cuiquam

291 2719 369 2750 cessit
379 2741 386 2754 ‚
411 2721 442 2750 &
453 2730 520 2750 vitae
531 2728 672 2759 gravitate
685 2717 828 2758 praestitit.

331 2762 416 2791 Idem.
430 2761 615 2801 Contemnes]
638 2759 654 2774 ²*
677 2759 855 2800 magnitudo
873 2760 987 2794 animi,
1007 2760 1149 2800 patientia
1166 2758 1249 2789 labo-

290 2812 356 2833 rum
369 2823 377 2835 ,
394 2806 499 2833 mortis
509 2803 639 2843 denique
648 2804 826 2832 contemtio.

336 2844 421 2873 Idem⁴
433 2846 597 2885 detrahere]
622 2843 637 2857 '¹‘
661 2853 691 2874 ut
711 2843 752 2873 ea*
764 2842 817 2873 sibi
836 2847 910 2874 ratio
928 2853 995 2874 vera
1013 2842 1164 2876 restituat,
1186 2852 1252 2884 quae

292 2886 479 2916 consuetudo
491 2887 596 2916 vitiosa
604 2886 774 2916 detraxerit.

336 2926 413 2956 Idem
424 2946 431 2959 2
443 2928 615 2968 ‘Despicere.]
643 2927 852 2958 consolabitur
870 2937 941 2958 eum
954 2926 1132 2968 magnitudo
1142 2927 1250 2959 animi,

293 2968 327 3000 &
337 2969 534 2998 humanarum
546 2971 729 3007 opinionum
741 2969 796 2999 alta
806 2969 942 3010 quaedam
955 2968 1118 3008 despetSho.

294 3027 299 3030 ·
335 3009 433 3043 Idem,
453 3009 641 3050 Dedustum]
666 3011 762 3041 Habet
779 3013 864 3041 euim
882 3011 943 3050 ipsa
962 3020 1072 3041 certam
1090 3011 1125 3040 ’δί
1145 3008 1254 3039 defini-

294 3060 354 3083 tam
366 3054 446 3082 viam
459 3070 467 3083 ,
488 3051 537 3081 sed
556 3060 595 3080 ex
605 3061 638 3081 ea
648 3052 751 3082 multis
761 3054 844 3083 vitiis
856 3072 864 3088 ‚
891 3054 924 3084 &
934 3052 1087 3083 erroribus
1098 3052 1254 3092 depravata
1273 3058 1274 3064 ¹

292 3093 463 3125 deducitur,

1265 664 1343 701 capti
1356 661 1511 701 splendore
1532 663 1660 692 virtutis.

1258 73 1802 123 CrcrtRoN1s

1297 157 1376 188 Idem
1388 177 1397 192 ‚
1408 157 1581 199 Vindicare]
1605 157 1622 171 *
1645 157 1754 189 deinde
1766 160 1898 191 imitator
1909 180 1918 196 ‚
1930 170 1962 194 ut
1973 162 2025 194 fibi
2036 163 2160 206 quidem
2171 163 2220 197 vi-

1257 198 1344 230 detur
1357 220 1367 234 ,
1385 207 1496 231 naturae
1508 210 1575 230 mos
1586 200 1726 230 vindicat.
1857 217 1861 221 -

1302 242 1380 272 Idem
1393 261 1401 276 ,
1412 241 1597 283 Exsultare]
1621 242 1796 272 Imbecillus
1815 252 1915 274 autem
1934 245 1975 276 est
1989 234 2109 286 pudoris
2122 249 2218 289 magi·

1259 283 1436 317 stertimor,
1460 283 1513 324 qui
1534 282 1554 315 fi
1580 284 1701 325 quando
1721 285 1888 325 paullulum
1908 286 2098 325 aberraverit,
2118 290 2220 322 statim

1260 327 1309 368 spe
1320 327 1510 366 impunitatis
1524 326 1659 356 exsultat.

1303 371 1450 400 Szitvrus
1463 366 1512 396 lib.
1525 378 1554 407 9.
1566 367 1667 408 μέζω]
1692 368 1709 398 s
1707 365 1801 399 ufficit
1811 368 1845 399 ad
1854 369 1979 410 gloriam
1989 370 2135 404 benefaffi
2145 384 2222 406 con-

1263 410 1398 441 scientia.

1305 454 1391 482 NON.
1404 450 1549 492 redundo]
1574 455 1658 482 Tum
1673 452 1822 492 intelligas
1833 473 1841 487 ,
1857 452 1946 494 quam
1958 453 2034 484 illud
2047 464 2111 486 non
2122 455 2155 488 sit
2168 467 2221 489 ne-

1264 492 1420 525 cessarium
1434 513 1446 527 ‚
1463 495 1545 534 quod
1557 494 1714 525 redundat.

1308 535 1385 565 Idem
1395 556 1403 569 ‚
1418 536 1540 576 Glism]
1563 536 1599 566 ad
1611 536 1776 574 juvenilem
1788 537 1949 568 libidinem
1960 557 1968 572 ‚
1993 540 2077 578 copia
2088 538 2227 580 volupta-

1267 588 1330 608 tum
1342 578 1499 619 gliscitilla
1509 597 1518 612 .
1538 587 1569 607 ut
1583 579 1661 618 ignis
1671 579 1750 609 oleo.

1307 620 1385 648 Idem
1401 639 1409 653 ‚
1432 620 1686 662 Verecundantur]
1711 620 1957 653 Hinostriamici
1976 622 2232 659 verecundantur,

1308 706 1497 734 DiAuGusr.
1519 705 1588 733 Vita
1605 705 1721 746 Beata]
1754 708 1848 736 Oratae
1870 724 1878 739 ‚
1912 705 2033 736 homini
2065 706 2229 742 ditiffimo,

1265 744 1488 790 amoenfflimm
1509 745 1736 780 delicatiffimo‚
1761 757 1858 788 neque
1879 747 1915 778 ad
1935 750 2118 788 voluptatem
2140 750 2232 790 quid-

1268 798 1357 829 quam
1368 788 1482 821 deiuit‚
1505 798 1602 828 neque
1629 788 1663 818 ad
1684 791 1805 827 gratiam
1820 809 1828 822 ‚
1849 799 1945 830 neque
1968 792 2004 821 ad
2028 790 2138 821 bonam
2152 794 2233 821 inte-

1267 840 1407 872 gramque
1428 831 1644 860 valetudinem.
1669 833 1749 861 Nam
1772 831 1805 861 &
1825 833 1945 871 praediis
1964 832 2233 873 quaestuosiffimiS,

1274 875 1377 902 amicis
1387 871 1611 911 jucundiffimis
1623 892 1631 906 ‚
1648 882 1792 913 quantum
1806 874 1906 907 libuit,
1920 874 1951 904 &
1962 874 2135 908 abundavit,
2153 875 2185 905 δε
2195 875 2234 904 il-

1273 915 1309 943 lis
1319 915 1464 945 omnibus
1474 914 1619 955 aptissime
1630 915 1664 945 ad
1677 915 1802 945 salutem
1811 918 1944 955 corporis
1959 917 2026 946 usus
2038 916 2080 946 est
2091 941 2095 945 .
2108 917 2232 957 ejusque

1271 960 1316 995 (ut
1326 956 1454 986 breviter
1465 966 1563 987 totum
1584 958 1852 996 explicem)omne
1875 957 2046 988 institutum
2062 979 2071 992 ‚
2092 960 2234 989 volunta-

1272 1008 1393 1038 temque
1405 1008 1531 1028 omnem
1544 997 1682 1028 succeffio
1694 999 1829 1038 prospera
1839 1000 1996 1029 consecuta
2006 999 2057 1030 est,

1315 1043 1402 1070 NON.
1416 1040 1548 1081 Barnea]
1572 1043 1694 1071 Primus
1704 1041 1853 1071 balneolas
1864 1041 2034 1081 suspendit,
2054 1040 2172 1072 inclufit
2186 1042 2236 1082 pi-

1274 1082 1359 1112 sceis.

1316 1127 1429 1154 Piusc.
1441 1122 1492 1152 lib.
1509 1124 1573 1165 10.]
1597 1123 1615 1138 ’¹¹
1638 1124 1670 1154 δε
1689 1126 1862 1155 amoenitate
1874 1125 1991 1155 summa
2001 1124 2168 1165 perfruitus
2178 1124 2233 1156 est,

1317 1164 1534 1207 Nou.0strea.]
1559 1168 1575 1180 ἦ*
1597 1166 1820 1207 sollertiamque
1843 1177 1908 1197 eam
1922 1187 1930 1201 ‚
1949 1177 2014 1208 qua:
2033 1165 2126 1207 poss'et
2144 1168 2192 1198 vel
2203 1169 2238 1199 in

1276 1209 1382 1249 tegulis
1394 1209 1595 1248 proseminare
1605 1208 1723 1238 ostreas.
2179 1215 2184 1220 '

1321 1251 1399 1279 Idem
1414 1270 1421 1283 ,
1434 1251 1567 1280 Summus
1580 1251 1596 1292 ]
1621 1252 1709 1280 Vixit
1727 1250 1762 1281 ad
1774 1251 1923 1282 summam
1935 1250 2117 1282 senestutem
2131 1250 2240 1282 valitu-

1279 1293 1350 1323 dine
1360 1296 1485 1332 optima.

1321 1334 1398 1363 Idem
1408 1354 1415 1367 ‚
1430 1334 1588 1375 invitare]
1612 1335 1787 1374 Voluptates
1805 1344 1905 1366 autern
1919 1335 2002 1366 nulla
2011 1335 2047 1366 ad
2057 1345 2102 1365 res
2111 1332 2241 1365 necessa-

1279 1379 1336 1407 rias
1349 1378 1546 1406 invitamenta
1557 1374 1682 1407 afferunt
1691 1378 1821 1407 senibus.

1329 1421 1370 1448 D.
1383 1427 1517 1448 Auousr.
1529 1417 1580 1447 lib.
1590 1427 1618 1456 4.
1632 1427 1726 1448 contra
1749 1419 1902 1459 Pelagium.
1917 1428 1993 1449 NON.
2008 1417 2165 1459 Cunficerex]
2189 1420 2243 1449 Am

1279 1459 1350 1490 vero
1363 1461 1529 1500 voluptates
1548 1464 1681 1500 corporis
1702 1462 1874 1499 expetenda:
1887 1480 1894 1493 ‚
1915 1471 1978 1500 quae
1991 1471 2058 1489 vei-e
2072 1461 2103 1489 ὃς
2112 1462 2239 1500 graviter

1279 1503 1294 1533 a
1307 1504 1429 1532 Platone
1438 1501 1525 1531 dieiae
1536 1503 1603 1531 sunt
1617 1502 1760 1530 illecebra:
1773 1520 1781 1533 ‚
1804 1511 1890 1541 atque
1902 1503 1970 1531 cscae
1984 1503 2132 1530 malorum
2147 1504 2158 1530 ?
2173 1511 2241 1541 qua:

1280 1546 1363 1573 enim
1374 1542 1527 1571 confediho
1538 1542 1579 1571 est
1591 1542 1765 1572 valitudinis
1776 1561 1785 1575 ,
1795 1552 1859 1582 quae
1871 1542 2051 1572 deformatio
2063 1543 2172 1573 coloris
2184 1562 2191 1576 ‚
2205 1543 2239 1572 &

1278 1585 1411 1623 corporis
1421 1603 1430 1616 ,
1452 1583 1534 1623 quod
1544 1592 1626 1622 turpe
1638 1583 1783 1613 damnum
1799 1604 1807 1616 ‚
1827 1585 1906 1624 quod
1918 1585 2044 1614 dedecus
2058 1604 2066 1617 ,
2085 1584 2165 1624 quod
2177 1592 2242 1614 non

1282 1634 1441 1658 evocetur,
1462 1634 1547 1664 atque
1560 1625 1693 1654 eliciatur
1703 1626 1875 1664 voluptate?
1896 1626 1980 1661 cujus
1997 1635 2097 1655 motus
2113 1635 2145 1655 ut
2158 1625 2242 1665 quis·

1282 1677 1339 1707 que
1351 1666 1391 1696 est
1402 1668 1555 1694 maximus
1566 1685 1575 1697 ‚
1596 1668 1633 1694 ita
1644 1665 1687 1695 est
1699 1664 1923 1695 inimicissimus
1934 1667 2143 1706 philosophiae.
2166 1676 2243 1696 con-

1282 1718 1385 1749 gruere
1396 1709 1478 1736 enim
1491 1716 1561 1735 cum
1573 1708 1754 1747 cogitatione
1766 1717 1873 1747 magna
1886 1710 2021 1747 voluptas
2031 1709 2166 1747 corporis
2177 1716 2243 1737 non

1283 1748 1388 1789 potest.
1434 1750 1479 1777 uis
1489 1749 1573 1777 euim
1585 1758 1654 1778 cum
1669 1758 1766 1778 utatur
1775 1750 1926 1788 voluptate
1936 1759 1968 1778 ea
1979 1769 1988 1782 ‚
1999 1759 2056 1789 qua
2064 1750 2146 1778 nulla
2155 1746 2245 1789 poffit

1287 1792 1382 1829 major
1396 1801 1411 1819 e
1437 1788 1454 1819 'e
1466 1810 1473 1822 ‚
1495 1790 1644 1820 attendere
1657 1793 1797 1820 animum
1807 1810 1815 1823 ,
1836 1792 1912 1820 inire
1926 1793 2073 1820 rationem
2086 1811 2094 1825 ‚
2117 1794 2249 1831 cogitare

1286 1835 1418 1862 omnino
1437 1832 1601 1872 quidquam
1622 1831 1739 1872 potest?
1758 1834 1826 1872 quis
1846 1842 1945 1862 autem
1963 1841 2058 1862 tantus
2072 1832 2114 1862 est
2126 1842 2248 1873 gurges,

1284 1877 1336 1916 qui
1346 1875 1408 1905 dies
1421 1874 1453 1903 &
1465 1874 1580 1903 iiofikeis
1592 1873 1651 1903 sine
1662 1875 1723 1903 ulla
1733 1876 1858 1904 minimi
1871 1877 2014 1914 temporis
2026 1873 2245 1904 intermissione

1266 1947 1268 1949 ,
1289 1917 1362 1946 velit
1377 1919 1415 1946 ita
1431 1926 1547 1946 moveri
1563 1917 1630 1946 suos
1651 1916 1750 1946 sensus
1764 1937 1773 1949 ,
1793 1926 1824 1946 ut
1839 1918 2041 1946 moventurin
2052 1917 2179 1946 summis
2189 1926 2247 1946 vo·

1287 1959 1470 1999 luptatibus?
1488 1961 1554 1998 quis
1569 1967 1668 1988 autem
1685 1958 1764 1988 bona
1782 1968 1883 1988 mente
1900 1959 2041 1998 praeditus
2059 1968 2123 1988 non
2143 1958 2247 1988 mallet

1288 2001 1385 2031 nullas
1396 2001 1529 2030 omnino
1540 2000 1628 2029 nobis
1639 2000 1653 2030 ‘a
1665 2009 1766 2030 natura
1777 2000 1943 2039 voluptates
1953 2001 2053 2030 datast?

1331 2046 1370 2073 D.
1388 2045 1533 2072 Aucusr.
1554 2049 1650 2071 contra
1663 2042 1768 2081 (Ῥείας.
1788 2041 1866 2080 lzb.5
1892 2043 2007 2083 cap.5.j
2031 2041 2047 2055 ³¹²
2070 2050 2141 2072 tunc
2159 2040 2247 2071 obse-

1290 2095 1396 2126 quatur
1406 2094 1514 2115 naturae
1525 2105 1534 2117 ‚
1545 2084 1615 2114 cum
1628 2082 1687 2113 sine
1698 2083 1837 2124 magistro
1849 2084 1987 2117 senserit,
1999 2084 2071 2125 quid
2084 2093 2185 2114 natura
2194 2083 2249 2113 de-

1292 2127 1408 2157 fideret.

1333 2171 1422 2199 NON.
1435 2167 1496 2197 vbi
1501 2168 1651 2208 genitivus
1656 2175 1706 2208 pro
1717 2166 1873 2208 ablativi]
1898 2170 1934 2197 Et
1945 2168 1996 2208 qui
2007 2165 2166 2207 exspes-kat,
2175 2175 2250 2206 pen.-

1294 2211 1343 2241 det
1353 2212 1467 2243 animi,
1478 2213 1546 2250 quia
1558 2211 1688 2249 semper,
1700 2210 1772 2250 quid
1783 2209 1917 2238 futurum
1928 2208 1961 2238 sit
1971 2229 1978 2242 ‚
1991 2211 2139 2239 incertum
2153 2208 2206 2239 est.

1336 2255 1421 2282 NON.
1435 2253 1535 2281 Noxia
1544 2251 1561 2280 22<
1571 2252 1673 2292 noxas]
1690 2255 1725 2282 Et
1734 2261 1836 2281 ceteris
1847 2251 1971 2291 quidem
1983 2254 2015 2280 in
2026 2252 2113 2281 rebus
2124 2271 2132 2285 ‚
2143 2252 2175 2280 in
2185 2250 2251 2291 qui-

1295 2295 1350 2325 bus
1360 2304 1476 2334 peccata
1486 2303 1547 2324 non
1560 2304 1691 2323 maxima
1702 2294 1820 2326 insunt,
1832 2295 1940 2322 noxias
1954 2302 2055 2323 tamen
2067 2292 2208 2322 inferunt.

1339 2339 1427 2366 No'N.
1448 2335 1621 2377 Equuleus]
1653 2339 1696 2365 Ut
1717 2336 1808 2374 igitur
1830 2334 1997 2364 domitores
2020 2343 2165 2375 equorum
2188 2342 2256 2364 non

1296 2379 1415 2408 verbera
1432 2379 1530 2408 solum
1545 2379 1687 2407 adhibent
1701 2378 1736 2407 ad
1751 2376 1954 2409 domandum,
1980 2376 2027 2406 sed
2041 2376 2142 2406 cibum
2159 2377 2253 2406 etiam<

1297 2421 1472 2451 subtrahunt
1483 2440 1492 2454 ,
1513 2429 1545 2450 ut
1561 2419 1641 2450 fame
1660 2419 1830 2449 debilitetur
1844 2418 2043 2459 equuleorurn
2058 2419 2151 2448 nimis
2166 2415 2254 2447 effre-

1298 2472 1364 2492 nata
1374 2471 1429 2491 vis.

1340 2507 1425 2534 NON.
1442 2503 1594 2544 Lentem]
1611 2504 1672 2544 Qi
1683 2501 1752 2533 cum
1763 2501 1898 2542 publicas
1909 2501 2032 2542 injurias
2042 2500 2122 2532 lente
2134 2498 2258 2535 tulisset,

1299 2546 1378 2576 suam
1393 2555 1454 2575 non
1467 2546 1544 2575 tulit.

1341 2591 1427 2618 Nori.
1452 2587 1622 2627 Continens]
1655 2589 1690 2616 In
1710 2585 1935 2616 continentibus
1955 2585 2079 2626 quidem
2101 2586 2184 2616 terris
2203 2593 2256 2615 ve-

1299 2630 1392 2660 strum
1407 2639 1521 2659 nomen
1534 2629 1648 2658 dilatari
1658 2627 1762 2668 potest.

1343 2674 1429 2702 Nori.
1448 2670 1605 2713 Conficereg]
1632 2673 1671 2700 Ea
1682 2670 1804 2700 facultas
1818 2669 1925 2700 nostris
1936 2669 2101 2710 majoribus
2110 2676 2187 2701 erat,
2199 2666 2255 2707 qui

1299 2712 1732 2744 cont'eEt'issenatui'consultis.

1342 2759 1433 2785 NON.
1450 2754 1561 2794 tAere]
1583 2752 1599 2767 '¹‘
1621 2754 1704 2795 quod
1723 2755 1842 2784 alterius
1863 2755 2023 2795 ingenium.
2040 2751 2077 2782 fic
2095 2750 2200 2784 dulce,
2224 2757 2257 2780 ut

1299 2806 1414 2828 acetum
1426 2800 1602 2837 AEgyptium
1617 2806 1622 2825 2
1639 2797 1759 2826 alterius
1779 2795 1815 2826 fic
1833 2806 1896 2826 acre
1908 2815 1917 2830 ,
1939 2802 1969 2825 ut
1988 2795 2049 2825 mel
2059 2794 2252 2832 Hymettium

1300 2840 1442 2870 dicimus.

1306 2892 1309 2894 ·
1343 2884 1429 2911 NON.
1446 2880 1550 2921 Fides]
1578 2879 1727 2910 Ponendae
1739 2880 1804 2909 sunt
1816 2878 1887 2909 fides
1899 2899 1907 2913 ‚
1919 2878 1952 2908 δε
1964 2876 2052 2907 tibiae.

1346 2926 1432 2952 NON.
1450 2922 1615 2962 Severum]
1639 2921 1732 2952 Aliud
1742 2931 1779 2951 ex
1791 2920 1869 2950 silvis
1881 2921 2013 2951 severum
2027 2938 2035 2950 ‚
2050 2917 2081 2947 &
2093 2915 2184 2946 triste.

1346 2967 1434 2995 Nori.
1451 2964 1567 3004 Tenue]
1593 2963 1734 2994 Eundem
1755 2964 1837 2991 enim
1860 2970 1921 2990 non
1942 2959 2037 2989 modo
2057 2968 2093 2989 ex
2112 2957 2259 2989 mediocri

1303 3010 1428 3047 pecunia
1439 3026 1447 3039 ‚
1461 3006 1508 3035 sed
1520 3015 1608 3035 etiam
1621 3015 1658 3034 ex
1671 3004 1753 3033 tenui
1766 3012 1915 3042 percipere
1926 3000 2056 3041 poss‘um.

1346 3051 1432 3078 Now.
1449 3051 1553 3077 Priores
1563 3043 1582 3075 >e
1594 3043 1757 3083 Primores,[
1781 3047 1840 3085 Qi
1853 3044 1946 3073 iidem
1957 3041 2161 3084 nescfflquid,
2181 3038 2262 3082 quod

1272 3104 1275 3123 ρ
1304 3092 1335 3121 in
1346 3090 1532 3131 primoribus
1544 3088 1652 3120 habent
1663 3107 1671 3123 ,
1684 3096 1715 3118 ut
1724 3088 1747 3128 aj
1754 3095 1809 3117 unt
1818 3105 1828 3122 ³
1839 3086 1940 3118 labris.

2170 3126 2203 3156 N
2204 3132 2256 3154 ou.
