2379 3400
212 2500 248 2526 υ
270 2495 445 2526 perennem.
471 2487 515 2516 Ni

263 121 387 168 1054
668 97 1174 149 M.Tur,1.1-1

256 193 395 223 animum
409 209 417 222 ‚
439 187 471 218 &
488 192 593 224 corpus
615 181 750 213 occidere
762 199 770 214 ‚
796 183 806 200 ¹
828 180 1030 219 animumque
1049 178 1218 217 incorpore

259 232 421 271 exstingui⁴
444 230 495 269 qui
504 225 653 257 discedere
663 225 803 253 animum
814 222 935 252 censent
946 240 954 254 ‚
967 218 1127 250 alii-statim
1138 217 1218 249 dissi—

262 276 323 314 11311
338 292 345 305 ,
363 273 415 301 alii
434 270 485 300 diu
495 275 668 308 permanere
679 285 687 298 ‚
708 265 759 295 3111
769 264 897 304 semper.
920 261 1002 302 Quid
1015 260 1145 301 (111-10110
1156 260 1217 301 ipse

261 317 382 345 animus
397 332 405 345 ,
426 320 475 341 aut
486 309 555 342 ubi,
576 317 625 338 aut
634 304 713 337 unde
723 326 731 340 ‚
743 315 850 346 magna
859 302 999 335 diffenfio
1010 303 1063 334 est.
1087 303 1155 333 aliis
1167 313 1221 333 cor

258 355 358 395 ipsum
371 375 380 387 ,
391 355 511 383 animus
520 350 636 380 videtur
649 359 704 379 :ex
717 359 779 389 quo
788 347 931 378 excordes
943 367 950 380 ,
971 346 1124 378 vecordes,
1136 355 1212 375 0011-

261 396 422 436 cordesque
442 394 600 424 dicuntur:
621 391 655 422 &
673 390 777 421 Nasica
794 390 845 420 illc
864 388 1015 430 prudens,
1035 387 1081 419 bis
1099 387 1220 421 consui,

262 438 440 469 Corculum,
453 435 486 466 &

307 479 426 519 Egregie?
442 477 570 507 cordatus
586 477 663 506 homo
682 483 762 505 cartu
777 474 886 504 eAEiiu'
905 472 1018 504 Scxtm.

262 520 463 560 Empedocles
481 521 619 550 animum
637 516 695 548 effe
712 518 830 549 censet,
851 515 934 547 cordi
948 513 1090 546 suffusum
1103 514 1222 554 sangui-

262 573 346 592 1.-0111.
367 563 436 592 aliis
455 571 518 602 pars
535 560 671 602 quaedam
681 559 795 590 cerebri
807 578 816 592 ‚
837 558 897 589 visa
908 557 950 588 est
962 558 1059 588 animi
1069 559 1220 596 principa-

263 613 329 634 111111
353 613 465 634 tenere.
486 604 554 634 aliis
571 612 627 633 nec
637 612 689 633 cor
698 602 796 643 ipsum
808 601 919 640 piacet,
940 599 1221 639 neccerebriquan—

263 646 333 676 dam
345 656 469 686 partem,
483 644 540 676 effe
550 646 689 675 animum
702 654 708 673 ς
720 643 768 675 scd
778 643 829 673 alii
839 644 872 672 in
881 642 982 675 corde,
996 642 1047 672 alii
1058 643 1089 671 in
1097 640 1219 671 cerebro

262 689 406 719 dixerunt
418 689 513 718 animi
532 685 589 717 effe
600 686 701 716 sedem
716 706 725 719 ,
747 685 780 716 δε
791 685 904 715 10011111.
930 686 1094 714 ²animum
1108 691 1222 715 autem,

260 731 311 761 alii
322 733 455 761 animam
464 749 473 764 ,
487 728 589 759 utfere
601 727 694 759 nostri
704 728 853 758 declarant
861 736 989 756 nomen.
1012 735 1082 756 nam
1094 725 1127 755 ὃς
1137 734 1220 766 agere

260 774 407 805 animam,
423 771 456 802 &
465 770 564 801 efflare
577 771 721 803 dicimus,
733 770 765 800 &
779 769 932 800 animosos
944 788 953 802 .
974 768 1007 798 &
1016 767 1094 798 bene
1104 769 1221 797 anima-

263 823 311 843 tos
325 834 333 847 ‚
359 814 392 844 &
411 823 449 844 ex
468 813 564 844 animi
577 813 740 844 sententia:
762 811 822 852 ipse
833 820 933 841 autem
944 813 1065 840 animus
1074 809 1109 839 ab
1119 810 1219 839 anima

205 859 247 884 10
264 855 363 885 die'tus
373 854 423 885 est.
443 856 564 886 Zenoni
574 856 675 885 Stoico
685 856 806 884 animus
823 873 830 887 ‚
849 854 927 894 ignis
938 852 1065 882 videtur.
1088 850 1143 881 Sed
1156 851 1220 880 haec

261 898 397 938 quidem,
408 907 474 938 quae
486 897 562 931 dixi,
575 907 637 930 cor,
647 896 814 929 cerebrum,
829 898 976 927 animam,
992 896 1104 934 ignem,
1118 891 1220 933 vulgo:

261 939 377 979 reliqua
386 938 447 969 fere
459 938 565 980 singuli
577 959 586 972 ‚
601 939 732 969 utmulti
743 937 811 968 ante
819 945 945 966 veteres.
969 935 1108 976 proxime
1120 943 1219 965 autem

261 982 462 1012 Aristoxenus
473 1002 482 1014 ,
502 979 632 1011 musicus
647 999 655 1014 ,
679 979 821 1020 idemque
831 979 1030 1019 philosophus
1040 997 1049 1012 ‚
1060 976 1148 1017 ipsius
1156 985 1223 1007 cor·

258 1025 342 1063 poris
362 1024 566 1053 intentionem
587 1021 737 1063 quandam
750 1041 758 1055 ‚
776 1021 861 1051 velut
880 1021 915 1050 in
924 1029 1031 1054 cantu,
1055 1019 1088 1049 &
1100 1017 1223 1052 fidibus,

262 1074 331 1105 quae
349 1066 507 1096 harmonia
525 1064 640 1095 dicitur.
665 1062 703 1094 sic
721 1072 760 1094 ex
779 1064 914 1103 corporis
929 1064 1021 1092 totius
1039 1070 1141 1091 natura
1162 1080 1170 1094 ‚
1191 1060 1223 1090 &

261 1106 357 1148 figura
368 1126 376 1140 ,
387 1108 482 1137 varios
494 1115 597 1136 motus
606 1106 691 1139 cieri,
702 1114 843 1146 tanquam
854 1106 886 1134 in
897 1113 986 1135 cantu
996 1103 1095 1133 sonos.
1119 1100 1178 1132 Hic
1187 1101 1224 1131 ab

261 1147 390 1179 artificio
417 1149 471 1178 suo
491 1158 556 1178 non
576 1146 706 1181 receffit,
727 1147 760 1178 δε
779 1154 879 1177 tamen
899 1145 1121 1186 dixitaliquid,
1141 1143 1223 1185 quod

262 1191 361 1231 ipsum
372 1190 459 1231 quale
469 1188 560 1224 esset,
582 1198 642 1220 erat
652 1189 751 1220 multo
761 1190 830 1219 ante
847 1189 879 1218 &
889 1187 1006 1218 diGtum
1019 1206 1028 1220 ,
1040 1188 1072 1217 &
1083 1187 1223 1226 explana-

262 1241 329 1263 tum
340 1232 356 1263 Ξι
367 1233 499 1263 Platone.
513 1234 698 1262 Xenocrates
707 1234 803 1262 animi
817 1229 940 1273 figuram
953 1250 962 1263 ‚
974 1230 1006 1259 &
1016 1227 1095 1270 quasi
1105 1237 1224 1268 corpus,

262 1276 383 1316 negavit
397 1273 465 1308 effe,
478 1274 585 1304 verum
598 1283 763 1304 numerum
774 1272 855 1303 dixit
865 1271 935 1305 effe,
945 1272 1031 1311 cujus
1042 1273 1087 1300 vis
1098 1291 1108 1304 2
1123 1271 1224 1309 utjam

262 1326 350 1347 antea
377 1317 548 1357 Pythagorae
577 1316 675 1346 Visum
695 1325 755 1345 erat
779 1334 789 1349 ,
817 1317 850 1345 in
867 1324 970 1344 natura
992 1314 1127 1343 maxima
1144 1310 1225 1342 effet-

264 1360 328 1396 cJus
349 1358 455 1388 doetor
473 1358 557 1388 Plato
575 1358 724 1398 triplicem
747 1355 837 1387 finxit
854 1359 988 1387 animam
1001 1365 1006 1384 z
1019 1356 1104 1394 cujus
1113 1355 1225 1394 princi-

262 1410 366 1440 patum
378 1420 386 1434 ,
407 1400 438 1430 id
462 1399 505 1430 est
515 1401 664 1430 rationem
677 1420 686 1434 ‚
705 1402 738 1429 in
751 1399 845 1439 capite
857 1418 865 1432 ,
889 1397 1004 1428 sicutin
1014 1407 1077 1428 arce
1087 1417 1096 1431 ‚
1115 1396 1225 1436 posuit:

268 1447 280 1471 3
294 1442 326 1472 ὃς
336 1443 406 1473 duas
416 1443 523 1482 parteis
534 1442 661 1481 separare
671 1442 780 1474 voluit,
791 1443 878 1474 iram,
891 1440 923 1470 &
932 1439 1126 1480 cupiditatem
1139 1449 1144 1467 :
1155 1447 1227 1478 quas

265 1485 341 1514 locis
351 1483 481 1514 disclusit
498 1494 504 1512 t
516 1485 590 1514 iram
603 1486 633 1513 in
644 1483 774 1523 pekiore,
785 1482 983 1523 cupiditatem
994 1481 1091 1512 subter
1098 1489 1227 1520 praecor-

265 1526 315 1556 dia
333 1526 451 1555 locavit.
475 1526 666 1556 Dicaearchus
683 1534 782 1555 autem
795 1526 827 1554 in
838 1534 874 1554 eo
885 1524 1024 1554 sermone
1036 1542 1044 1557 ,
1066 1532 1158 1563 quem
1169 1524 1228 1551 Co-

267 1568 363 1597 rinthi
374 1567 508 1596 habitum
521 1567 615 1596 tribus
625 1567 710 1596 libris
720 1567 866 1606 exponit,
888 1564 1050 1595 doCtorum
1064 1565 1227 1593 hominum

264 1608 494 1648 disputantium,
506 1609 605 1647 primo
616 1607 694 1638 libro
705 1609 819 1637 multos
831 1608 1003 1647 loquenteis
1012 1605 1098 1636 facit:
1111 1604 1228 1635 duobus

264 1651 468 1680 Pherecratem
501 1649 652 1690 quendam
684 1651 856 1680 Phthiotam
877 1649 977 1679 senem
998 1669 1007 1681 ,
1037 1657 1129 1688 quem
1151 1648 1191 1676 ait
1212 1645 1228 1676 Ξι

265 1692 455 1722 Deucalione
473 1700 573 1721 ortum
585 1711 594 1724 ‚
614 1689 807 1721 differentem
825 1690 959 1723 inducit,
980 1690 1060 1720 nihil
1078 1688 1138 1719 effe
1157 1698 1227 1718 om-

265 1735 344 1764 nino
356 1734 496 1762 animum
508 1752 518 1765 ‚
532 1733 565 1763 δε
575 1733 634 1763 hoc
643 1731 702 1763 effe
713 1743 828 1763 nomen
840 1741 938 1762 toturn
951 1733 1050 1765 inane,
1060 1729 1227 1770 frustraque

265 1775 408 1805 animalia
421 1794 429 1807 ,
454 1774 488 1804 &
509 1776 690 1804 animanteis
708 1775 846 1815 appellari
860 1783 975 1813 :neque
993 1774 1025 1802 in
1041 1774 1168 1801 homine
1179 1774 1227 1800 in-

264 1815 325 1846 ess'e
342 1818 500 1849 animum,
521 1816 569 1846 vel
588 1818 723 1846 animam
735 1835 744 1850 ‚
765 1826 819 1846 nec
836 1817 869 1845 in
888 1814 997 1844 bestia:
1011 1816 1137 1854 vimque
1156 1822 1228 1842 om-

264 1868 339 1889 nem
349 1868 414 1888 eam
426 1877 434 1891 ‚
457 1867 514 1898 qua
526 1857 574 1887 vel
590 1867 712 1899 agamus
722 1857 806 1898 quid,
821 1857 868 1886 vel
880 1857 1043 1886 sentiamus
1054 1875 1062 1889 ‚
1078 1857 1110 1885 in
1121 1856 1227 1884 omni-

266 1900 323 1930 bus
344 1900 520 1940 corporibus
531 1901 609 1929 vivis
620 1899 806 1940 aequabiliter
816 1897 873 1928 effe
882 1897 977 1928 fusam
990 1918 998 1932 ,
1018 1908 1074 1928 nec
1085 1896 1228 1937 separabi-

263 1942 327 1972 lem
338 1940 354 1972 a
363 1951 487 1981 corpore
499 1939 556 1971 ess'e
568 1961 576 1975 ‚
589 1943 699 1982 quippe
710 1951 775 1982 quae
786 1941 870 1971 nulla
883 1938 927 1974 fit,
940 1950 994 1970 nec
1005 1937 1037 1969 sit
1047 1939 1226 1981 quidquam,

263 1982 321 2013 nisi
331 1993 437 2023 corpus
449 1985 544 2013 unum
556 2003 564 2017 ‚
578 1983 610 2013 &
622 1981 750 2023 fimplex
760 2003 768 2017 ‚
791 1984 832 2013 ita
842 1980 1002 2023 figuratum
1016 2001 1024 2015 ,
1038 1991 1071 2012 ut
1081 1990 1228 2021 tempera-

263 2028 348 2056 tione
359 2034 470 2055 naturae
484 2027 580 2066 vigeat
589 2044 598 2058 2
610 2025 643 2055 &
653 2026 766 2056 sentiat.
791 2024 965 2055 Aristoteles
978 2023 1069 2065 longe
1080 2022 1227 2053 omnibus

263 2067 442 2106 (Platonem
464 2068 578 2107 semper
589 2069 710 2107 excipio
722 2068 732 2107 )
753 2066 892 2107 praestans
902 2066 934 2096 &
946 2068 1070 2107 ingenio
1082 2085 1091 2099 ,
1111 2065 1144 2094 &
1155 2064 1229 2094 dili-

263 2110 365 2151 gentia
376 2129 384 2143 ‚
403 2108 476 2140 cum
495 2118 636 2150 quattuor
646 2110 697 2139 1113
711 2119 819 2151 genera
828 2110 1048 2149 principiorum
1058 2106 1130 2138 effer
1139 2116 1225 2137 com-

261 2151 373 2191 plexus
394 2171 404 2184 ‚
426 2151 442 2181 ὲ
464 2152 573 2192 quibus
590 2153 696 2182 omnia
719 2153 870 2181 orirentur
888 2171 897 2185 ‚
916 2153 1054 2191 quintam
1075 2148 1226 2190 quandam

263 2201 402 2223 naturam
421 2193 522 2222 censet
541 2192 616 2227 effe,
637 2193 654 2224 ὲ
675 2203 733 2234 qua
752 2192 785 2223 sit
806 2202 903 2223 mens.
925 2195 1054 2234 cogitare
1063 2193 1146 2222 enim
1159 2211 1166 2224 ‚
1193 2191 1226 2220 &

262 2234 423 2275 providere
433 2254 442 2268 ,
465 2234 497 2264 &
507 2234 618 2265 discere
631 2254 639 2269 ,
660 2235 693 2265 &
706 2235 811 2266 docere
822 2255 830 2269 ‚
853 2235 1036 2265 &invenire
1047 2232 1162 2275 aliquid
1174 2252 1182 2266 ‚
1194 2232 1227 2262 &

264 2285 327 2318 tam
339 2277 435 2306 multa
443 2277 498 2306 alia
509 2296 517 2310 ‚
537 2275 710 2307 meminisse
720 2298 730 2311 ,
741 2286 849 2310 amare,
863 2275 967 2310 odisse,
978 2286 1095 2317 cupere,
1108 2277 1225 2308 timere,

265 2320 334 2359 angi
348 2337 357 2352 ,
385 2319 475 2348 laetari
486 2329 501 2355 :f
513 2319 575 2348 11πο
585 2338 593 2351 ,
619 2317 768 2349 &similia
777 2328 881 2349 eorum
895 2339 904 2352 ‚
923 2320 955 2348 in
966 2319 1074 2348 horum
1088 2326 1228 2358 quattuor

265 2369 410 2399 generum
431 2360 517 2390 nullo
537 2358 630 2390 ineffe
640 2370 731 2400 putat.
755 2362 896 2401 quintum
907 2370 1001 2402 genus
1010 2359 1151 2392 adhibet,
1175 2368 1227 2388 va-

265 2412 336 2432 cans
357 2404 484 2432 nomine
507 2412 513 2431 ;
533 2402 566 2432 &
587 2400 625 2432 fic
644 2402 742 2442 ipsum
761 2404 900 2432 animum
912 2421 919 2434 ,
942 2404 1080 2433 ἐντελεχίιω
1101 2400 1227 2440 appellat

267 2453 351 2474 novo
362 2446 490 2474 nomine
500 2463 508 2477 ‚
543 2442 600 2474 uasi
612 2444 760 2485 quandam
772 2445 976 2474 continuatam
989 2444 1158 2472 motionem
1175 2461 1183 2474 ,
1196 2441 1229 2471 &

521 2454 541 2516 ἓ
556 2496 621 2526 quae
637 2496 688 2516 me
698 2485 776 2516 forte
787 2484 908 2527 fugiunt
919 2504 927 2518 ,
952 2486 997 2514 hae
1012 2483 1149 2514 suntfere
1160 2493 1230 2513 om-

268 2529 357 2558 niurn
374 2527 414 2558 de
432 2529 538 2559 animo
558 2529 722 2559 sententiae.
747 2529 962 2558 Democritum
982 2528 1066 2556 enirn
1085 2535 1231 2567 magnum

1238 92 1789 142 CicE'Ronzts

1260 174 1384 216 quidem
1396 174 1485 205 illum
1497 176 1609 210 virum,
1621 176 1670 206 sed
1680 177 1797 210 levibus
1808 198 1816 213 ‚
1844 179 1877 211 &
1886 179 2026 212 rotundis
2034 179 2218 221 corpusculis

1261 216 1446 247 efficientem
1457 217 1596 247 animum
1619 219 1765 250 concursu
1775 222 1908 262 quodam
1928 221 2055 253 fortuito
2066 243 2074 256 ,
2096 223 2221 253 omitta-

1263 268 1343 289 mus.
1366 258 1446 289 nihil
1455 257 1498 289 est
1506 260 1592 288 enim
1604 259 1682 299 apud
1692 259 1775 295 istos,
1784 264 1866 302 quod
1878 274 1940 295 non
1949 273 2122 295 atomorum
2134 263 2220 295 turba

1261 299 1412 332 conficiat.
1437 302 1554 331 Harum
1574 300 1786 333 sententiarum
1797 313 1863 344 quae
1872 315 1939 337 vera
1954 306 1987 337 fit
2002 326 2011 340 ,
2030 306 2102 336 deus
2112 306 2223 347 aliquis

1263 342 1372 373 viderit
1395 352 1399 371 :
1417 352 1483 383 quae
1506 340 1745 378 verisimillima,
1766 353 1873 386 magna
1889 347 2014 388 quaestio
2032 347 2083 379 est.
2114 349 2217 378 utrum

1262 387 1354 427 igitui-
1372 386 1451 415 inter
1461 385 1512 414 has
1522 385 1682 415 sententias
1691 384 1856 426 dijudicare
1865 390 2018 420 malumus
2028 410 2036 424 ‚
2058 400 2095 420 an
2105 390 2139 420 ad
2150 400 2221 430 pro-

1262 425 1390 467 positum
1403 426 1519 457 redire?
1539 435 1573 456 A·
1585 429 1732 466 Cuperem
1743 428 1884 468 equidem
1897 439 2056 471 utrumque
2067 451 2074 465 ,
2086 430 2105 461 si
2115 430 2220 472 poss‘et:

1260 469 1338 500 ‘tsed
1358 468 1401 499 est
1421 467 1547 499 difficile
1563 469 1760 499 confundere.
1784 480 1874 511 quare
1887 469 1926 504 fi,
1948 480 1981 502 ut
1991 473 2042 504 ista
2052 483 2115 504 non
2131 472 2220 504 diss'e-

1265 520 1385 544 rantur‚
1406 511 1526 541 liberari
1549 513 1657 541 mortis
1676 511 1958 552 metupoffumus,
1978 514 2008 543 id
2025 524 2151 555 agamus,
2176 514 2219 546 fin

1264 553 1295 584 id
1317 563 1381 583 non
1399 552 1495 593 potest
1507 573 1514 586 ‚
1537 551 1592 583 nisi
1612 554 1666 584 hac
1684 553 1850 594 quaestione
1870 556 2046 585 animorum
2064 558 2220 597 explicata,

1264 605 1345 626 nunc
1361 615 1370 629 ‚
1388 594 1409 625 fi
1421 594 1559 629 videtur,
1574 596 1648 626 hoc:
1663 596 1740 626 illud
1752 618 1761 630 ‚
1772 594 1854 626 alifis.
1879 606 1915 626 M.
1928 597 2017 638 Qod
2031 598 2118 628 malle
2131 607 2159 628 te
2171 601 2220 629 111-

1263 638 1366 676 telligo
1377 657 1385 671 ‚
1407 637 1439 667 id
1457 645 1532 677 puto
1546 634 1605 667 esse
1615 637 1811 668 commodius
1825 648 1830 667 :
1854 636 1963 669 efficiet
1975 640 2060 669 enim
2073 641 2146 670 ratio
2157 660 2166 674 ,
2184 649 2218 672 ut

1263 689 1463 721 quaecumque
1480 688 1549 709 vera
1566 677 1601 709 fit
1620 689 1722 709 earum
1743 679 1955 710 sententiarum
1967 700 1975 715 ,
1994 690 2066 722 quas
2079 682 2219 721 exposui,

1264 731 1350 752 mors
1369 730 1418 752 aut
1436 721 1552 751 malum
1570 731 1635 751 non
1657 719 1708 755 sit,
1728 730 1779 752 aut
1796 720 1830 753 fit
1846 722 1963 753 bonum
1982 721 2095 763 potius.
2118 723 2220 754 namfi

1263 774 1309 794 001
1326 784 1335 798 ,
1355 773 1405 794 aut
1415 763 1542 805 sanguis,
1554 763 1767 794 autcerebrum
1780 763 1823 794 est
1832 766 1962 798 animus,
1972 766 2063 799 certe,
2074 767 2229 806 quoniam⁸

1263 805 1305 836 est
1324 815 1432 846 corpus
1448 824 1457 838 ‚
1479 805 1616 836 interibit
1632 815 1702 836 cum
1723 806 1842 847 reliquo
1859 816 1993 847 corpore.
2014 805 2037 836 fi
2056 809 2157 838 anima
2167 806 2220 841 est,

1260 846 1379 878 fortass'e
1390 846 1573 888 diffipabitur
1585 857 1589 876 :
1600 846 1619 877 fi
1631 849 1719 889 ignis,
1731 848 1952 890 exstinguetur:
1966 849 1984 878 fi
1995 848 2037 879 est
2046 848 2222 879 Aristoxeni

1264 891 1439 923 harmonia,
1461 888 1648 920 diffolvetur.
1681 890 1762 928 Quid
1781 889 1817 920 de
1837 892 2015 921 Dicaearcho
2033 891 2130 921 dicam
2142 911 2150 924 ‚
2169 892 2224 931 qui

1267 932 1345 963 nihil
1360 933 1492 962 omnino
1502 933 1641 962 animum
1652 931 1730 962 dicat
1739 930 1819 963 effe?
1842 935 1900 962 His
1911 933 2066 963 sententiis
2076 933 2222 963 omnibus

1267 974 1345 1004 nihil
1364 973 1432 1014 post
1450 982 1581 1004 mortem
1593 976 1739 1013 pertinere
1749 974 1785 1004 ad
1794 984 1978 1015 quemquam
1987 973 2092 1015 p0test.
2116 975 2224 1015 pariter

1264 1017 1349 1046 enim
1359 1026 1430 1046 cum
1439 1018 1497 1046 vita
1510 1015 1612 1046 sensus
1621 1017 1777 1045 amittitur.
1802 1025 1866 1046 non
1875 1017 2029 1047 sentientis
2040 1025 2139 1047 autem
2150 1036 2159 1051 ,
2173 1018 2228 1046 111-Δ

1266 1058 1309 1088 1111
1327 1057 1387 1092 est,
1409 1058 1502 1087 ullam
1522 1066 1554 1086 111
1572 1066 1685 1096 partem
1701 1056 1785 1097 quod
1806 1056 1928 1088 interfit.
1952 1059 2135 1100 reliquorum
2157 1058 2224 1088 sen-

1266 1101 1367 1130 tentiae
1376 1100 1458 1139 spem
1468 1097 1594 1129 afferunt
1606 1118 1614 1132 ‚
1625 1097 1645 1128 sl
1657 1108 1683 1128 te
1693 1099 1770 1129 force
1781 1100 1841 1130 hoc
1853 1099 1989 1134 (101οἃ31,
2002 1099 2082 1141 poffe
2091 1102 2224 1133 animos,

1265 1141 1338 1172 cum
1357 1142 1373 1171 ὲ
1386 1140 1561 1181 corporibus
1569 1137 1746 1171 excesserint
1759 1160 1768 1174 ‚
1787 1142 1821 1171 in
1833 1141 1942 1172 caelum
1954 1162 1962 1176 ‚
1981 1140 2060 1183 quasi
2074 1144 2107 1171 in
2120 1142 2222 1172 dorni-

1266 1184 1374 1213 cilium
1399 1183 1485 1212 suum
1499 1202 1506 1215 2
1525 1184 1691 1222 pervenire.
1710 1192 1744 1212 A.
1769 1185 1821 1213 Me
1843 1183 1917 1214 vero
1935 1183 2077 1213 delectat:
2097 1184 2221 1224 ficique,

1267 1224 1404 1265 primum
1430 1226 1470 1254 113
1489 1223 1546 1254 effe
1566 1225 1678 1254 velim:
1700 1224 1829 1258 deinde,
1850 1227 1939 1256 etiam
1963 1224 2056 1256 finon
2067 1224 2100 1254 sit
2113 1245 2122 1259 ‚
2144 1226 2224 1255 mihi

1266 1277 1368 1298 tamen
1392 1266 1559 1306 persuaderi
1579 1267 1685 1296 velim.
1710 1277 1748 1296 M.
1769 1267 1849 1308 Qid
1873 1267 1928 1298 tibi
1946 1277 2016 1309 ergo
2028 1277 2113 1307 opera
2127 1265 2226 1297 nostra

1267 1319 1343 1349 opus
1362 1309 1423 1339 est?
1444 1318 1519 1339 num
1535 1309 1711 1350 eloquentia
1730 1309 1886 1339 Platonem
1905 1309 2038 1349 superare
2055 1307 2225 1349 possumus?

1268 1352 1375 1383 evolve
1386 1351 1546 1392 diligenter
1560 1352 1624 1390 ejus
1634 1360 1704 1381 eum
1716 1350 1829 1381 librum
1844 1372 1852 1385 ‚
1867 1354 1920 1393 qui
1929 1350 1972 1382 est
1980 1351 2017 1381 de
2026 1353 2132 1381 animo
2143 1361 2148 1380 :
2158 1353 2226 1380 am-

1267 1395 1346 1434 plius
1365 1393 1447 1434 quod
1467 1392 1632 1426 defideres,
1652 1394 1730 1423 nihil
1750 1396 1815 1424 erit.
1842 1403 1877 1423 A.
1890 1395 1958 1424 Feci
1978 1393 2168 1425 mehercule,
2189 1392 2224 1422 δε

1267 1436 1394 1477 quidem
1406 1435 1507 1475 saepius
1521 1455 1529 1469 ‚
1541 1434 1589 1465 sed
1599 1435 1700 1465 nescio
1710 1445 1772 1476 quo
1784 1435 1888 1469 modo,
1900 1435 1975 1466 dum
1987 1436 2066 1476 lego,
2077 1433 2226 1465 affentior:

1269 1478 1341 1508 cum
1360 1478 1446 1518 posui
1467 1476 1598 1510 librum,
1620 1477 1653 1507 &
1678 1477 1869 1517 mecumipse
1879 1477 1914 1507 de
1924 1477 2151 1506 immortalitate
2161 1477 2227 1505 ani-

1270 1529 1393 1549 morum
1401 1520 1479 1558 coepi
1488 1516 1755 1559 cogitare,affenfio
1765 1520 1869 1548 omnis
1878 1518 1929 1548 illa
1937 1518 2072 1548 elabitur.
2093 1527 2130 1547 M.
2142 1517 2225 1559 Qui

1272 1562 1348 1591 hoc?
1372 1560 1461 1590 dasne
1482 1569 1533 1590 auc
1551 1569 1672 1589 manere
1689 1561 1810 1590 animos
1819 1559 1886 1600 post
1896 1570 2027 1590 mortem
2039 1580 2047 1593 ‚
2068 1568 2227 1589 autmorte

1270 1603 1330 1643 ipsa
1348 1602 1489 1632 interire?
1511 1611 1543 1631 A.
1566 1604 1616 1632 Do
1627 1600 1708 1632 vero.
1721 1611 1758 1631 M.
1770 1601 1882 1640 Quidsi
1894 1605 2054 1632 maneant?
2078 1611 2109 1630 A.
2122 1603 2226 1631 Beatos

1269 1642 1326 1675 ess‘e
1335 1644 1480 1674 concedo.
1506 1646 1585 1674 111-81
1599 1643 1764 1673 intereant?
1788 1653 1819 1673 A.
1834 1646 1907 1673 Non
1918 1642 1976 1674 effe
1989 1644 2114 1674 miseros
2126 1663 2134 1676 ‚
2148 1652 2225 1684 quo-

1266 1688 1349 1717 niam
1362 1696 1399 1715 ne
1413 1684 1469 1715 sint
1479 1685 1614 1725 quidem.
1623 1686 1684 1724 jam
1696 1684 1878 1718 istuc‚coa&i
1890 1686 1905 1715 a
1919 1686 2061 1725 te‚paullo
2071 1684 2138 1715 ante.
2150 1693 2226 1715 con-

1269 1727 1417 1758 ceffimus.
1443 1736 1544 1766 M.quo
1555 1727 1650 1756 modo
1660 1728 1751 1767 igitur
1761 1746 1770 1759 ,
1780 1736 1829 1756 ant
1838 1737 1889 1756 cur
1900 1736 2031 1757 mortem
2040 1727 2155 1757 malum
2167 1725 2224 1756 tibi

1269 1770 1365 1799 videri
1382 1768 1457 1798 dicis
1470 1787 1479 1802 ‚
1496 1778 1562 1808 quae
1579 1777 1629 1798 aut
1646 1768 1747 1798 beatos
1756 1777 1812 1797 nos
1824 1767 1934 1798 efficiat
1945 1787 1953 1802 ,
1978 1770 2090 1799 animis
2100 1777 2228 1798 manen-

1270 1811 1362 1844 tibus,
1372 1819 1494 1840 autnon
1508 1810 1645 1844 miseros,
1662 1809 1746 1840 sensu
1756 1812 1922 1841 carenteis?
1944 1819 1976 1840 A.
1987 1813 2116 1851 Expone
2127 1811 2228 1849 igitur,

1270 1851 1325 1883 nisi
1336 1851 1499 1882 molestum
1510 1850 1564 1885 est,
1575 1851 1711 1892 primum
1722 1854 1851 1886 animos,
1862 1851 1881 1881 fi
1891 1861 1989 1892 potes,
1999 1862 2152 1882 remanere
2162 1850 2230 1892 post

1272 1903 1403 1925 mortem
1415 1905 1420 1922 :
1435 1902 1500 1924 tum
1509 1913 1518 1928 ‚
1544 1892 1563 1924 fi
1580 1893 1685 1924 minus
1695 1893 1726 1924 id
1737 1893 1890 1924 obtinebis
1902 1905 1907 1924 2
1919 1893 1983 1933 (est
1992 1896 2075 1925 enim
2087 1893 2228 1934 arduum)

1271 1935 1286 1957 ⁶
1299 1936 1423 1967 docebis
1431 1946 1527 1967 carere
1538 1938 1626 1966 omni
1636 1936 1719 1966 malo
1729 1945 1872 1966 mortem.
1884 1946 1939 1978 ego
1949 1938 2033 1967 enirn
2045 1935 2120 1967 istuc
2129 1935 2229 1975 ipsum

1275 1989 1396 2012 vereor,
1417 1988 1455 2008 ne
1475 1978 1591 2008 malum
1613 1976 1666 2012 fit,
1687 1988 1750 2008 non
1762 1977 1831 2008 dico
1841 1988 1936 2009 carere
1949 1978 2052 2012 sensu,
2071 1978 2120 2009 sed
2128 1986 2231 2008 caren-

1274 2021 1348 2052 dum
1366 2018 1435 2050 effe.
1459 2029 1491 2050 A.
1509 2025 1524 2049 7
1547 2019 1732 2050 Auctoribus
1750 2019 1874 2060 quidem
1894 2020 1928 2051 ad
1939 2020 2025 2051 istam
2037 2020 2229 2052 sententiam,

1272 2072 1363 2105 quam
1384 2064 1428 2093 vis
1447 2062 1578 2093 obtineri
1594 2083 1602 2096 ,
1624 2065 1669 2093 uti
1687 2065 1812 2102 optimis
1833 2060 2004 2102 pofliimus:
2016 2061 2099 2104 quod
2117 2063 2150 2092 in
2162 2070 2233 2092 om-

1273 2106 1364 2136 nibus
1385 2103 1475 2135 causis
1495 2105 1528 2135 &
1545 2104 1652 2138 debet,
1676 2104 1709 2135 δε
1728 2104 1804 2135 solet
1814 2103 2087 2145 valereplurimum
2102 2114 2107 2133 τ
2126 2103 2158 2133 &
2170 2103 2233 2144 pri-

1273 2147 1361 2177 mum
1381 2146 1507 2188 quidem
1526 2149 1615 2177 omni
1633 2148 1828 2188 antiquitate:
1847 2157 1912 2188 quae
1929 2157 1990 2188 quo
1999 2148 2122 2188 propius
2135 2145 2232 2176 aberat

1270 2190 1306 2221 ab
1320 2198 1387 2220 ortu
1401 2209 1410 2222 ,
1434 2189 1468 2219 &
1479 2188 1583 2219 divina
1593 2193 1736 2230 progenie
1747 2208 1757 2222 ‚
1777 2189 1835 2218 hoc
1846 2189 1960 2219 melius
1970 2199 2003 2220 ea
2013 2185 2133 2219 fortasse
2144 2206 2153 2221 ‚
2163 2195 2230 2227 quae

1270 2241 1352 2262 erant
1362 2241 1440 2265 vera,
1453 2231 1600 2261 cernebat.
1624 2233 1722 2271 itaque
1732 2239 1830 2260 unum
1843 2231 1919 2261 illud
1928 2239 1988 2261 erat
1998 2228 2118 2260 infitum
2129 2227 2232 2268 priscis

1270 2274 1332 2304 illis
1344 2293 1353 2308 ,
1372 2283 1450 2314 quos
1469 2273 1574 2304 Cascos
1585 2274 1711 2314 appellat
1719 2273 1837 2304 Ennius
1849 2293 1858 2307 ‚
1879 2271 1935 2303 effe
1948 2275 1982 2303 in
1991 2279 2088 2302 morte
2098 2270 2232 2303 sensum,

1269 2311 1285 2335 8
1299 2325 1395 2357 neque
1420 2313 1539 2346 excessu
1551 2317 1619 2345 vita:
1629 2313 1666 2346 fic
1684 2315 1777 2345 deleri
1791 2315 1949 2345 bominem
1961 2334 1970 2348 ‚
1991 2322 2023 2344 ut
2035 2312 2172 2343 funditus
2184 2313 2237 2341 in—

1273 2360 1388 2389 teriret:
1407 2357 1498 2398 idque
1521 2356 1592 2387 cum
1616 2357 1722 2388 multis
1738 2357 1805 2388 aliis
1822 2357 1911 2387 rebus
1923 2377 1931 2390 ‚
1949 2365 2014 2386 tum
2038 2355 2054 2385 ὲ
2073 2352 2234 2394 pontificio

1269 2401 1337 2440 jure
1353 2419 1361 2433 ‚
1378 2399 1410 2429 &
1422 2400 1612 2429 caeremoniis
1633 2400 1836 2439 sepulcrorum
1847 2398 1977 2439 intelligi
1992 2398 2077 2427 licet:
2091 2405 2161 2437 quas
2172 2403 2236 2425 ma-

1273 2443 1368 2472 ximis
1381 2442 1511 2482 ingeniis
1520 2440 1637 2480 praediti
1651 2451 1706 2471 nec
1716 2450 1869 2471 tantacura
1880 2438 2042 2470 coluissent
2053 2459 2062 2473 ‚
2074 2448 2130 2469 nec
2141 2437 2238 2467 viola-

1274 2492 1318 2513 tas
1343 2492 1402 2513 tam
1421 2482 1602 2522 inexpiabili
1620 2483 1765 2522 religione
1784 2480 1965 2515 sanxissent,
1985 2479 2042 2511 nisi
2062 2477 2184 2511 haesiffet
2201 2479 2236 2507 in

1275 2533 1383 2555 eorum
1402 2524 1556 2555 mentibus
1569 2544 1579 2558 ,
1603 2534 1736 2556 mortem
1748 2535 1813 2556 non
1824 2526 1982 2555 interitum
1995 2521 2053 2553 ess'e
2065 2523 2170 2553 omnia
2178 2519 2238 2550 tol-

2108 2564 2234 2594 lentem,

311 2659 334 2676 1.
354 2652 525 2684 mni-'mumque
542 2653 569 2676 in
587 2659 676 2684 corpore
695 2651 844 2685 exstingui]
867 2649 1045 2690 Itassqu-i'nque
1065 2648 1133 2676 Pali.
1153 2650 1238 2675 Mart.
1259 2655 1262 2680 ¹,
1319 2658 1344 2681 5.
1368 2649 1548 2682 quueprinmm
1557 2651 1594 2674 ira
1611 2649 1652 2681 csse
1661 2648 1760 2683 veiim]
1783 2647 1979 2674 Exssiltabatrri
1991 2647 2064 2671 velim
2072 2643 2176 2678 vulgo:
2198 2649 2242 2668 re—

272 2686 379 2712 Geumi.
393 2686 455 2713 Fab.
467 2687 541 2713 Pith.
555 2688 640 2714 vatic.
654 2687 718 2713 Uir.
731 2687 758 2712 ὃς
770 2685 853 2713 editio
865 2687 990 2712 Victorii.
1001 2685 1074 2712 1·οἑἰέ
1087 2697 1092 2712 ;
1111 2694 1169 2712 nam
1181 2685 1238 2711 ani-

271 2729 329 2747 mus
340 2731 373 2748 ex
388 2723 494 2756 Epicuri
514 2721 644 2749 sententia
655 2722 929 2758 exstit-guiturstat'nn
943 2731 951 2751 3
973 2731 1067 2759 corpus
1079 2721 1169 2748 sensim
1189 2730 1238 2747 ex·
1260 2718 1262 2727 ¹

272 2757 392 2788 tabescit,
403 2758 443 2784 led
459 2759 595 2794 vulgarem
608 2759 714 2786 videtur
726 2759 842 2785 stabilire
855 2758 1018 2785 Claudianus
1030 2759 1055 2784 ’111
1068 2760 1114 2784 iv.
1127 2757 1239 2784 Consul.

271 2792 388 2819 Honori}
401 2795 513 2829 Augusti
534 2805 662 2831 panegyr.
684 2804 709 2822 v.
723 2794 792 2831 233.
810 2797 855 2821 rilae
865 2803 1014 2828 citracorporis
1032 2795 1099 2828 lapse
1107 2798 1241 2826 Intereunt,

272 2828 325 2859 ἐπ’.
346 2832 464 2862 quamvis
476 2831 522 2857 'ille
532 2831 585 2858 alic,
599 2832 680 2858 dicat.

311 2872 338 2889 2..
358 2869 482 2891 edwimnm
501 2875 581 2892 antem
592 2870 636 2894 alii
654 2871 760 2893 animam
771 2886 779 2899 ‚
803 2874 830 2892 ut
841 2868 894 2901 ser&
904 2869 975 2900 nostri
991 2867 1118 2893 declarant
1133 2866 1239 2900 nomem]
1262 2883 1263 2887 ,

273 2899 485 2927 Commii-„rimi
506 2903 624 2930 frontem
639 2923 647 2935 ,
667 2911 697 2930 ut
718 2903 915 2930 indiiceieinex
928 2910 969 2929 tot
988 2902 1049 2929 ΜΠ.
1069 2901 1243 2929 1131101οἂ10-
1262 2920 1263 2925 1

273 2943 348 2967 nem,
359 2943 433 2970 puta„
455 2936 559 2964 secund.
575 2947 638 2966 tert.
651 2946 738 2975 quart.
750 2939 838 2975 quint.
852 2939 919 2965 Pali.
930 2940 1016 2965 Mart.
1036 2938 1145 2964 Gembl.
1157 2939 1243 2964 Vatic.
1263 2934 1264 2956 Ῐ

272 2970 339 2997 Fab.
353 2971 424 2997 i‘itlr
439 2972 518 3007 vulgo
531 2983 539 3004 3
560 2978 670 3001 Animum
681 2982 759 3001 autem
770 2977 814 3001 alii
823 2979 929 3006 animam
942 2994 950 3007 ,
969 2975 1052 3008 urst-ri:
1060 2977 1131 3008 nqstri
1144 2994 1152 3007 ‚
1164 2975 1245 3000 decla-

274 3014 334 3033 rant
350 3010 481 3032 nominari.

318 3051 345 3078 3.
365 3046 398 3068 Er
411 3044 680 3082 Anas-partcsseparare
690 3047 794 3081 voluit]
816 3047 902 3074 Vatic.
911 3048 1002 3079 parteis
1010 3054 1096 3081 parere
1104 3048 1191 3073 vomit.
1212 3045 1246 3072 de

281 3080 334 3114 qua
346 3078 463 3105 leerioue
476 3088 500 3104 in
515 3087 634 3106 neutram
649 3090 748 3116 partem
761 3083 862 3119 aliquid
873 3083 971 3109 dicam.

317 3121 345 3146 4.
364 3115 409 3140 Sed
418 3116 453 3141 15?
461 3115 549 3147 difficii'c
568 3118 740 3158 confundere]
752 3119 841 3153 Vulgo
851 3129 895 3145 uun
904 3119 1074 3146 immittunt:
1099 3117 1149 3145 Sed
1162 3127 1247 3154 neque

283 3150 320 3179 ⁰st
329 3151 357 3178 2¹¹
369 3151 487 3187 qumque
499 3151 566 3178 pm·
579 3161 664 3188 neque
676 3153 701 3180 in
712 3154 829 3182 cainone
840 3154 966 3190 Vitam-ii,
979 3162 1025 3184 :tut
1034 3154 1150 3191 denique
1160 3156 1246 3184 Varie.
1261 3168 1268 3194 1
1288 3156 1352 3182 011111
1365 3155 1419 3183 vita
1429 3153 1498 3181 exit.

1279 2684 1345 2711 duxi
1356 2693 1389 2710 ex
1401 2685 1520 2711 editione
1531 2684 1645 2711 Viciorii
1657 2685 1773 2720 quinque
1784 2684 1852 2711 Pau.
1863 2683 1929 2710 Fab.
1941 2681 2014 2709 Pith.
2024 2679 2109 2707 Vatic.

1316 2737 1343 2764 6.
1365 2738 1457 2764 Docebis·
1471 2746 1550 2763 carere
1568 2738 1629 2762 omni
1639 2737 1698 2760 malo
1716 2735 1835 2770 mor-term]
1858 2734 1902 2760 Sic
1911 2733 1946 2760 est
1965 2729 2124 2758 inmunibus
2136 2727 2196 2755 Mss.
2213 2727 2242 2752 &

1281 2772 1347 2799 edit.
1360 2783 1411 2800 non
1423 2773 1491 2800 111310
1504 2780 1590 2799 tumen
1603 2771 1705 2798 Guliel.
1725 2780 1758 2797 ex
1770 2770 1940 2802 conieciuri:
1961 2771 2018 2795 Date
2030 2767 2065 2800 fis
2076 2774 2165 2791 carcre.
2185 2773 2243 2791 :un-

1261 2827 1262 2830 =
1282 2814 1355 2836 mose
1366 2810 1393 2836 δε
1406 2810 1542 2845 praeclare,
1555 2808 1571 2835 fi
1581 2807 1752 2835 subvenirent
1764 2806 1835 2834 iibri.

1318 2863 1345 2889 7.
1367 2857 1524 2883 cAuHoribus·
1533 2854 1625 2888 quidem
1634 2853 1669 2878 ad
1675 2854 1744 2885 istam
1759 2852 1904 2885 sententiam
1915 2867 1923 2880 ,
1942 2856 2014 2888 qufrm
2023 2847 2062 2872 vis
2071 2846 2171 2872 obtineri
2181 2864 2190 2876 ‚
2210 2847 2248 2870 uti

1282 2892 1370 2924 optimis
1385 2892 1512 2924 poffiimur.
1527 2891 1541 2924 ]
1565 2888 1659 2916 Codex
1673 2887 1837 2915 Fabricianus
1849 2904 1858 2916 ‚
1877 2892 1987 2918 quamvis
2005 2885 2104 2908 obtineri
2124 2883 2247 2921 difficilem,

1283 2930 1321 2953 uti
1334 2947 1341 2958 ,
1352 2922 1553 2963 ἀνι-0111001310.
1574 2926 1689 2952 Dixerat
1698 2924 1766 2949 enirn
1779 2921 1867 2956 paullo
1879 2928 1957 2946 ante:
1974 2920 2084 2953 finitum
2093 2919 2119 2943 id
2126 2918 2250 2948 obtinebis,

1285 2966 1320 2989 eft
1330 2966 1390 2988 enim
1400 2964 1512 2988 arduum.
1525 2961 1603 2988 Adeo
1616 2967 1656 2991 nt,
1666 2960 1766 2985 obtineri
1774 2957 1884 2990 difficilis,
1894 2955 1998 2982 dicatur
2011 2955 2105 2981 ulitato
2117 2955 2141 2980 in
2155 2953 2249 2989 primis

1263 3013 1264 3036 ς
1287 2999 1403 3025 Horatio
1430 2997 1595 3024 Hellenisnio
1610 3015 1617 3027 ,
1637 3003 1694 3030 quze
1712 2992 1858 3020 difficulter
1876 2992 2024 3019 obtinetur.
2046 2990 2185 3017 Sententia
2204 2988 2247 3015 fic.

1287 3034 1362 3061 Idem
1376 3035 1519 3066 Horatius,
1530 3032 1619 3058 Facilis
1627 3031 1711 3056 teneri.

1263 3072 1265 3122 l
1324 3083 1351 3109 S.
1373 3087 1452 3117 Neque
1461 3081 1547 3114 exc-effic
1557 3082 1613 3116 vire
1624 3080 1658 3112 fic
1676 3077 1772 3111 deleri]
1793 3076 1872 3103 Nihil
1885 3082 1988 3103 mutant
1999 3075 2060 3102 Mff.
2071 3074 2099 3100 &
2111 3072 2172 3100 edd.
2193 3071 2251 3099 Alii

1264 3130 1265 3133 ¹
1288 3125 1376 3145 tamen
1388 3126 1460 3152 mque
1469 3115 1557 3149 exceffia
1569 3113 1655 3143 ὲὲυἰιᾰ.
1675 3113 1721 3142 alii
1733 3114 1822 3148 exceffit
1829 3115 1957 3140 hommum.
1969 3111 2021 3141 Sed
2031 3111 2133 3146 cxceffus
2141 3112 2198 3136 vitae
2205 3110 2253 3140 eft,

2160 3190 2171 3208 1
2180 3201 2184 3208 .
2198 3181 2259 3206 Hinc

2250 1811 2291 1838 12
