2379 3400
309 121 432 164 1224
697 92 1220 144 M.·Tut.1.11

303 198 350 217 co:
359 196 408 215 uni
424 205 431 217 ,
451 182 527 212 nihil
539 179 580 210 est
591 175 725 218 profeEbb
737 174 830 214 magis
841 191 848 205 ‚
871 174 880 190 ¹
891 169 980 211 quam
993 165 1175 207 aequabilitas
1186 163 1257 193 uni-

305 239 350 258 νει
360 229 393 256 sa:
413 235 477 254 νιυε
492 244 498 254 ,
519 231 584 251 tum
597 219 775 259 singularum
787 213 943 244 afilionum
957 220 962 238 ι
982 217 1071 254 quam
1084 206 1257 237 conservare

307 279 368 298 non
381 265 465 305 pulsis
477 285 483 296 ‚
496 262 514 292 si
525 263 652 292 aliorum
667 265 800 288 naturam
814 254 940 284 imiteris
950 271 958 284 ,
968 258 1090 280 omittas
1100 256 1192 295 tuam.
1216 248 1259 275 Ut

308 318 389 338 crum
403 308 538 336 sermone
550 312 584 331 co
596 301 740 330 debemus
752 300 814 330 uti,
829 297 881 335 qui
892 301 984 324 notus
994 290 1035 320 est
1045 289 1132 319 nobis
1143 308 1151 321 ,
1168 296 1204 317 ne
1215 288 1259 325 (ut

306 348 440 388 quidiml
453 348 552 375 Graeca
571 342 659 372 verba
673 337 925 376 inculcantesjure
936 335 1054 373 optimo
1066 329 1259 360 irrideamur:

309 396 345 418 n:
366 399 395 418 in
415 381 567 418 destrones,
589 391 776 421 omnemque
794 381 885 408 vitam
904 376 1020 406 nullam
1034 372 1260 411 discrepantiam

307 430 440 460 conferre
456 428 611 457 debemus.
636 427 732 463 Atque
752 424 812 451 haec
828 418 996 449 differentia
1012 422 1181 460 naturarum
1199 420 1263 441 tan·

310 482 367 501 tam
382 470 468 499 habet
478 471 541 498 vim
553 487 562 501 ,
586 476 618 496 ut
637 471 871 503 nonnumquam
893 467 1020 488 mortem
1040 454 1094 485 sibi
1111 454 1170 494 ipse
1188 461 1263 482 con-

312 513 431 542 sciscere
445 511 520 540 alius
530 509 653 540 debeat,
674 507 772 535 2alius
792 514 824 533 in
843 501 947 531 eadem
967 498 1052 529 causa
1069 506 1131 543 non
1150 494 1262 540 debeat.

316 558 326 580 ἒ
341 556 426 582 Num
437 554 521 581 enim
532 551 587 581 alia
597 552 627 579 in
640 548 724 578 causa
734 549 776 575 M.
789 547 861 575 Cato
871 542 928 572 fuit
939 561 947 574 ,
970 541 1028 570 alia
1045 547 1153 570 ceteri,
1172 534 1263 581 quise

312 598 343 624 in
356 594 454 623 Africa
464 593 567 622 Caesari
588 589 793 620 tradiderunt?
816 586 909 625 Atqui
926 582 1031 613 ceteris
1050 577 1170 610 forsitan
1188 585 1264 623 vitio

313 637 413 665 datum
425 633 495 664 ess'et
504 654 512 667 ,
525 632 544 662 si
554 633 581 663 se
595 627 826 661 interemissent,
838 623 988 666 propterea
998 620 1081 668 quod
1090 628 1195 650 eorum
1206 625 1266 648 vita

313 679 411 707 lenior
424 696 431 709 ‚
454 676 486 704 &
507 683 604 704 mores
622 673 737 702 fuerant
757 669 920 699 faciliores:
941 669 958 691 4
967 666 1075 694 Catoni
1085 670 1183 692 autem
1194 668 1264 689 cum

315 718 522 748 incredibilem
535 713 682 746 tribuiss'et
693 721 796 742 natura
806 711 1120 750 gravitateni‚eamque
1134 702 1192 742 ipse
1203 710 1269 740 pei·—

313 758 400 800 petua
409 757 573 789 constantia
582 752 773 786 roboraviffet
781 772 789 784 ,
806 753 978 790 semperque
988 749 1019 776 in
1030 742 1178 785 proposito
1187 762 1195 776 ‚
1209 740 1270 791 sus-

316 810 459 840 ceptoque
469 798 594 829 consilio
605 792 820 836 permansisset,
834 788 1030 822 moriundum
1043 786 1144 827 potius
1155 804 1163 818 ‚
1177 791 1267 824 quam

318 843 435 881 tyranni
449 845 461 868 5
470 841 568 869 vultus
578 836 784 878 adspiciendus
794 834 863 864 fuit.
888 830 903 852 ⁶
913 832 1011 872 Qam
1024 829 1115 858 multa
1125 825 1219 866 passus
1229 822 1271 871 est

319 881 437 914 Ulvss'es
448 885 479 911 in
492 882 545 911 illo
556 890 650 910 errore
659 879 805 909 diuturno
816 896 824 909 ‚
842 873 913 905 cum
925 873 957 902 &
968 870 1146 901 mulieribus
1163 865 1194 905 (si
1205 869 1272 912 Cir—

317 935 351 955 ce
363 917 372 957 ζ
383 924 414 954 &
423 923 548 963 Calypso
560 942 567 956 ,
580 922 720 951 mulieres
729 916 910 958 appellanda:
920 914 999 952 sunt)
1010 911 1165 941 inserviret
1175 928 1182 941 ‚
1195 908 1227 938 &
1238 915 1271 953 in

319 967 407 996 omni
428 965 565 995 sermone
584 961 753 992 7omnibus
769 957 919 989 affabilem
935 951 1148 994 &jucundum
1168 950 1195 980 se
1208 948 1270 995 ‘esse

302 1007 433 1036 ¹vellet.>
449 1006 533 1035 domi
551 1003 624 1034 vero
642 1005 731 1033 etiam
745 998 945 1031 contumelias
958 996 1110 1026 servorum
1121 1012 1130 1026 ‚
1149 991 1270 1021 ancilla-

319 1057 448 1088 rumque
457 1047 595 1086 pertulit,
614 1054 646 1075 ut
656 1044 690 1074 ad
702 1043 731 1073 id
741 1040 900 1082 aliquando
913 1059 921 1073 ‚
939 1036 1020 1078 quod
1030 1034 1167 1074 cupiebat
1177 1052 1185 1066 ‚
1207 1041 1272 1071 per-

318 1091 444 1119 veniret.
468 1093 506 1118 At
521 1089 595 1123 Aiax
608 1106 616 1120 ‚
635 1095 696 1126 quo
714 1085 819 1115 animo
840 1080 982 1112 traditur,
1005 1078 1117 1107 millies
1135 1083 1272 1114 oppetere

321 1140 452 1160 mortem
466 1150 473 1163 ,
493 1125 507 1148 8
517 1129 607 1169 quam
618 1129 668 1157 illu
681 1127 794 1166 perpeti
808 1120 967 1153 maluisset.
989 1129 1054 1160 quae
1065 1116 1274 1163 contemplan—

321 1182 375 1202 teis
394 1171 560 1211 expendere
576 1170 744 1209 oportebit,
767 1165 838 1206 quid
849 1164 972 1205 quisque
984 1160 1087 1191 habeat
1101 1158 1157 1188 sui:
1180 1167 1272 1197 eaque

321 1214 469 1244 moderari
481 1232 490 1246 ‚
509 1222 563 1242 nec
575 1211 651 1241 velle
661 1210 789 1249 experiri
803 1227 810 1241 ‚
828 1206 918 1246 quam
930 1204 957 1234 se
967 1203 1064 1232 aliena
1075 1200 1206 1246 deceant.
1232 1208 1243 1227 1
1255 1208 1275 1227 D

324 1265 344 1284 n
354 1265 375 1284 N
387 1265 398 1284 1
411 1264 437 1283 M
452 1253 586 1284 maxime
597 1260 749 1293 quemque
759 1250 859 1281 decet,
869 1251 883 1274 9
894 1244 974 1287 quod
983 1242 1025 1273 est
1034 1242 1176 1281 cnjusque
1187 1239 1274 1269 suum

323 1298 466 1326 maxime.
489 1295 622 1336 Qisque
634 1295 720 1334 igitur
729 1291 829 1321 noscat
839 1289 997 1329 ingenium
1012 1303 1020 1318 ‚
1037 1291 1194 1321 acremque
1205 1281 1232 1311 se
1243 1281 1275 1310 δε

326 1339 478 1368 bonorum
490 1337 523 1366 δε
535 1339 678 1366 vitiorum
691 1331 952 1369 suorumjudiccm
963 1325 1106 1371 praebcat:
1118 1333 1155 1370 ne
1166 1323 1276 1370 scenici

327 1380 414 1419 plus,
433 1378 523 1418 quam
547 1387 619 1411 nos,
640 1375 797 1405 videantur
815 1371 921 1401 habere
939 1367 1115 1409 prudentias.
1138 1364 1277 1394 illienitn

325 1431 389 1450 non
407 1422 535 1459 optimas
546 1438 555 1453 ‚
577 1418 624 1448 sed
637 1416 688 1446 fibi
699 1410 1018 1447 accommodatiflimas
1026 1407 1140 1438 fabulas
1150 1406 1277 1453 eligunt.

327 1464 380 1502 qui
396 1471 467 1491 voce
481 1460 549 1491 freti
567 1460 646 1492 sunt,
659 1459 853 1497 ¹0Epig0nos
864 1474 872 1488 ‚
894 1452 1081 1496 Medumque
1091 1445 1257 1495 t-quigestu
1269 1465 1277 1479 ,

326 1503 530 1542 Menalippam
543 1522 551 1534 ‚
567 1498 845 1540 Clytaemnestram:
867 1496 983 1534 semper
1004 1490 1147 1536 Rupilius
1159 1508 1168 1523 a
1187 1498 1279 1528 quem

327 1554 382 1584 ego
395 1545 545 1575 memini,
556 1545 720 1581 Antiopam
731 1551 736 1569 ι
747 1548 810 1569 non
822 1537 895 1576 saepe
908 1535 1035 1574 AEsopus
1047 1537 1180 1577 Ajacem.
1201 1532 1279 1568 Ergo

329 1594 352 1615 u
366 1595 376 1614 1
386 1594 398 1614 s
407 1594 427 1613 τ
437 1594 458 1613 R
469 1594 479 1612 1
491 1594 510 1613 o
524 1584 581 1612 hoc
591 1583 706 1613 videbit
715 1583 746 1610 in
758 1581 840 1610 scena
851 1598 860 1610 ,
874 1577 956 1617 quod
967 1584 1029 1606 non
1041 1572 1156 1603 videbit
1166 1571 1279 1610 sapiens

328 1628 361 1656 in
382 1627 463 1655 vita?
484 1624 530 1654 Ad
540 1633 611 1664 quas
622 1625 711 1664 igitur
721 1631 765 1651 res
777 1617 916 1659 aptissimi
926 1619 1040 1647 erimus
1051 1634 1060 1646 ‚
1080 1614 1159 1642 iniis
1167 1611 1281 1651 potiffi—

328 1665 417 1697 mum
431 1665 660 1695 elaborabimus.
684 1662 726 1693 sna
735 1659 896 1702 aliquando
915 1655 1063 1688 neceffitas
1075 1663 1131 1683 nos
1141 1653 1176 1684 ad
1186 1663 1217 1682 ea
1227 1651 1279 1682 de-

330 1708 465 1740 truserit,
485 1716 550 1747 quae
568 1705 661 1736 nostri
675 1705 790 1744 ingenii
804 1711 866 1731 non
880 1707 982 1730 erunt.
1003 1697 1104 1727 omnis
1115 1693 1281 1742 adhibenda

330 1751 478 1782 eritcura,
501 1747 657 1778 meditatio
668 1765 677 1779 ‚
697 1745 871 1785 diligentia,
891 1750 922 1771 ut
936 1750 968 1770 ea
979 1759 986 1772 ‚
1002 1748 1015 1768 s
1028 1747 1039 1766 1
1060 1746 1081 1765 N
1092 1746 1140 1765 οΝ
1159 1735 1280 1767 decore,

327 1799 356 1821 at
374 1790 463 1831 quarn
479 1787 647 1819 minimum
662 1785 801 1817 indecore
813 1783 908 1813 facere
917 1779 1068 1820 possimus.
1092 1779 1158 1806 Nec
1169 1785 1228 1806 tam
1241 1773 1282 1804 est

331 1830 509 1862 enitendum
520 1850 529 1864 ,
550 1839 582 1860 ut
593 1829 671 1859 bona
687 1847 695 1860 ,
715 1831 742 1846 ¹¹
756 1835 822 1866 quae
835 1823 924 1854 nobis
937 1822 1001 1852 data
1014 1828 1078 1850 non
1092 1817 1148 1847 fint
1159 1837 1167 1852 ‚
1179 1818 1282 1857 sequa-

334 1882 402 1904 mur
411 1892 418 1906 ,
430 1872 519 1912 quam
532 1873 642 1901 utvitia
651 1870 810 1910 fugiamus.

374 1919 415 1944 Ac
426 1914 584 1943 duabusiis
593 1911 727 1952 personis
738 1930 746 1943 ,
765 1917 836 1949 quas
850 1905 932 1946 supra
946 1903 1030 1936 dixi,
1050 1902 1134 1932 tertia
1143 1900 1281 1941 adjungi—

331 1966 386 1990 tur,
404 1959 430 1976 ¹²
441 1965 530 1997 quam
542 1954 624 1985 casus
632 1953 740 1994 aliquis
750 1971 759 1986 ,
774 1950 822 1981 vel
832 1956 951 1988 tempus
961 1945 1110 1986 imponit:
1129 1951 1230 1986 quarta
1241 1950 1282 1972 et-

1313 87 1858 135 Crcznonrs

1296 167 1356 195 iam
1368 184 1376 197 ,
1398 174 1487 205 quam
1499 164 1719 203 nobismetipsis
1738 164 1852 203 judicio
1862 165 1963 198 nostro
1974 165 2250 198 accommodamus·

1297 216 1366 236 nam
1378 215 1477 246 regna,
1489 207 1623 244 imperia,
1641 209 1650 225 ¹
1659 210 1672 233 ³
1682 206 1852 236 nobilitates
1861 227 1870 241 ‚
1881 209 2022 242 honores,
2034 209 2156 240 divitiae,
2168 216 2254 247 opes.

1300 257 1390 288 eaque
1401 267 1410 280 ,
1420 257 1485 287 quae
1496 247 1561 276 sunt
1573 248 1618 276 his
1628 250 1782 281 contraria,
1797 251 1826 273 ¹4
1834 251 1864 277 in
1873 249 1939 278 casu
1949 248 2008 283 sita,
2020 249 2184 289 temporina
2195 258 2253 288 gu-

1305 289 1474 318 bernantur.
1496 286 1553 327 Ipsi
1568 297 1666 317 autem
1680 298 1777 328 gerere
1798 298 1887 329 quam
1901 290 2054 328 personam
2066 292 2194 320 velimus
2205 310 2213 322 ‚
2235 290 2254 318 a.

1305 329 1404 360 nostra
1424 330 1579 359 voluntate
1597 327 1801 368 proficiscitur.
1831 331 1928 369 itaque
1947 331 1975 360 se
1994 332 2045 361 alii
2061 332 2095 362 ad
2116 332 2253 371 philoso-

1304 373 1405 411 phiam
1417 390 1426 404 ,
1445 371 1496 400 alii
1512 370 1548 400 ad
1565 370 1613 409 jus
1631 372 1716 402 civile
1729 390 1738 404 ,
1757 371 1807 400 alii
1821 370 1854 400 ad
1868 372 2071 411 eloquentiam
2085 373 2251 412 applicant:

1304 413 1493 452 ipsarumque
1504 412 1649 441 virtutum
1667 414 1700 441 in
1713 412 1768 442 alia
1780 413 1857 441 alius
1871 412 1984 442 mavult
1994 414 2145 444 excellere.
2169 416 2255 454 Qio-

1306 464 1372 484 rum
1384 453 1456 484 vero
1465 462 1573 493 patres,
1585 462 1633 483 aut
1642 454 1770 492 majores
1778 454 1875 493 aliqua
1883 454 1975 493 gloria
1984 453 2221 492 praestiterunt.¹5
2232 456 2255 484 ii

1309 495 1428 526 student
1442 496 1620 539 plerumque
1638 495 1745 525 eodem
1762 496 1793 524 in
1811 504 1916 535 genere
1939 495 2033 525 laudis
2047 495 2203 525 excellere:
2222 504 2255 525 ut

1309 537 1486 574 Q.Mucius.
1496 538 1527 566 P.
1540 536 1632 568 nlius,
1645 537 1750 576 injure
1759 537 1842 565 civili
1853 547 1862 569 3
1875 536 1956 566 Pauli
1967 534 2048 565 filius
2058 536 2213 566 Africanus
2223 540 2255 567 in

1308 588 1338 607 re
1350 578 1482 607 militari.
1505 576 1636 617 Qidam
1654 586 1753 607 autem
1769 577 1804 607 ad
1819 586 1865 607 eas
1878 577 1977 607 laudes
1989 597 1998 611 ‚
2019 586 2089 617 quas
2102 576 2117 606 a
2128 577 2257 615 patribus

1308 627 1502 658 acceperunt,
1523 617 1636 648 addunt
1649 620 1778 659 aliquam
1791 618 1871 648 suam
1885 628 1890 647 :
1910 627 1941 648 ut
1952 620 1999 648 hic
2012 619 2090 648 idem
2102 617 2258 648 Africanus

1309 661 1481 701 eloquentia
1498 659 1664 690 cumulavit
1683 660 1819 689 bellicam
1838 660 1974 699 gloriam.
1997 660 2078 699 quod
2092 659 2171 688 idem
2187 658 2260 689 fecit

1310 703 1492 732 Timotheus
1503 721 1511 735 ,
1523 703 1659 731 Cononis
1671 704 1704 731 F.
1715 703 1784 741 qui,
1795 700 1866 731 cum
1877 701 1950 730 belli
1963 701 2047 730 laude
2060 710 2122 730 non
2135 699 2261 730 inferior

1310 741 1409 773 fuiss'et
1418 762 1426 776 ‚
1442 742 1531 783 quam
1544 751 1639 782 pater:
1658 742 1692 773 ad
1703 752 1766 772 eam
1780 742 1896 772 laudem
1909 762 1916 776 ‚
1929 741 2072 772 dolitrinae
2084 761 2093 775 ‚
2105 741 2262 782 &ingenii

1310 786 1436 825 gloriam
1446 784 1562 820 adjecit.
1584 786 1631 813 Fit
1639 793 1739 815 autem
1750 784 1901 813 interdum
1914 803 1922 817 ,
1934 794 1966 814 ut
1976 783 2136 815 nonnulli,
2152 780 2261 813 omissa

1312 828 1483 856 imitatione
1502 826 1640 864 majorum
1659 845 1668 859 ,
1692 826 1778 855 suum
1797 825 1948 865 quoddam
1969 824 2138 855 institutum
2157 824 2263 854 conse-

1312 877 1455 908 quantur:
1476 867 1717 907 maximequein
1730 877 1766 896 eo
1786 868 1962 906 plerumque
1984 866 2135 896 elaborant
2150 868 2189 899 ii,
2209 866 2262 905 qui

1314 919 1420 950 magna
1432 907 1484 938 sibi
1499 917 1672 948 proponunt
1683 929 1691 940 ,
1711 908 1844 938 obscuris
1855 910 1912 938 orti
1925 907 2098 947 majoribus.
2123 909 2194 937 Haec
2206 909 2263 947 igi-

1313 960 1360 980 tur
1369 952 1486 984 omnia,
1496 948 1526 969 ¹⁶
1534 960 1604 980 cum
1615 952 1793 990 quaerimus‚
1805 949 1878 990 quid
1888 950 1988 979 deceat
2001 969 2008 981 .
2022 947 2184 988 comple&
2194 951 2263 978 ani-

1315 1002 1367 1021 mo
1380 1011 1389 1024 ,
1401 992 1434 1021 &
1444 992 1623 1032 cogitatione
1634 991 1789 1021 debemus.
1805 992 1955 1029 Inprimis
1965 999 2062 1020 autem
2072 989 2263 1020 constituen-

1313 1033 1387 1063 dum
1399 1032 1442 1062 est
1451 1053 1460 1066 ‚
1479 1042 1554 1073 quos
1566 1041 1620 1062 nos
1632 1052 1641 1066 ‚
1657 1032 1689 1061 δε
1699 1033 1810 1072 qualeis
1819 1031 1877 1061 effe
1888 1032 2017 1061 velimus
2026 1051 2035 1065 ‚
2056 1032 2133 1061 &in
2146 1041 2206 1072 quo
2213 1040 2265 1071 ge-

1315 1084 1385 1104 nere
1403 1075 1491 1104 uitae:
1509 1084 1575 1114 quae
1595 1073 1771 1103 deliberatio
1784 1072 1826 1102 est
1838 1074 1980 1103 omnium
1998 1071 2188 1102 difficillima.
2212 1075 2265 1101 In-

1315 1125 1404 1145 eunte
1416 1118 1500 1145 enim
1515 1115 1712 1145 adolescentia
1722 1134 1729 1147 ‚
1750 1118 1778 1142 ι7
1789 1115 1859 1144 cum
1873 1113 1915 1144 est
1932 1115 2063 1144 maxima
2073 1113 2265 1144 imbecillitas

1315 1155 1431 1187 consilii
1442 1177 1450 1190 ,
1469 1166 1532 1187 tum
1553 1156 1584 1186 id
1602 1154 1653 1186 fibi
1664 1156 1788 1197 quisque
1797 1165 1890 1196 genus
1898 1157 1989 1186 aetatis
2000 1155 2140 1196 degendae
2152 1154 2264 1185 consti-

1314 1200 1388 1232 tuit,
1403 1198 1484 1239 quod
1504 1197 1638 1228 maxime
1658 1198 1815 1227 adamavit.
1838 1199 1937 1237 itaque
1954 1197 2203 1236 anteimplicatur
2213 1197 2269 1226 ali-

1316 1250 1378 1280 quo
1389 1249 1469 1270 certo
1481 1249 1589 1280 genere
1599 1259 1608 1273 ,
1626 1239 1772 1279 cursuque
1782 1239 1924 1272 vivendi,
1945 1238 2035 1278 quam
2047 1240 2162 1277 potuit,
2182 1236 2266 1278 quod

1318 1284 1470 1321 optimum
1489 1280 1578 1314 esset,
1597 1280 1735 1320 judicare.
1759 1283 1839 1310 Nam
1858 1280 1937 1320 quod
1953 1280 2114 1309 Herculem
2128 1280 2268 1309 Prodicus

1319 1323 1393 1352 dicit
1410 1323 1454 1361 (ut
1472 1321 1514 1352 est
1531 1322 1607 1362 apud
1627 1322 1877 1361 Xenophontem)
1899 1319 1963 1350 ciam
1978 1322 2102 1361 primum
2117 1317 2270 1361 pubefierct

1320 1363 1412 1405 (quod
1421 1373 1539 1403 tempus
1548 1366 1563 1393 a
1574 1372 1676 1393 natura
1683 1363 1719 1393 ad
1729 1362 1921 1403 deligendum
1931 1383 1939 1396 ‚
1959 1372 2047 1402 quam
2058 1362 2179 1402 quisque
2189 1362 2270 1391 viam

1321 1405 1443 1436 vivendi
1463 1403 1497 1435 fit
1522 1403 1717 1445 ingreffurus.
1737 1404 1839 1434 datum
1857 1403 1912 1443 est)
1933 1403 2015 1441 exiffi'e
2032 1404 2060 1432 in
2077 1402 2270 1441 [blitudinem.

1321 1455 1408 1487 atque
1429 1445 1469 1475 ibi
1482 1446 1637 1485 sedentem,
1656 1446 1707 1475 diu
1711 1445 1824 1484 fecum,
1843 1442 2181 1485 multumquedubitaffe,
2204 1441 2269 1471 cim·

1319 1488 1389 1517 duas
1398 1496 1513 1517 cerneret
1522 1488 1587 1516 vias·
1595 1507 1603 1520 ,
1616 1497 1702 1516 unam
1713 1486 1866 1527 Vot'uptatu
1876 1506 1884 1519 ,
1894 1486 2013 1514 alteram
2024 1487 2140 1514 Virtam
2149 1504 2158 1518 ,
2173 1491 2270 1512 utram

1321 1529 1428 1569 ingredi
1437 1530 1536 1557 melius
1547 1528 1620 1565 effit.
1644 1529 1702 1557 hoc
1713 1528 1836 1557 Herculi
1855 1523 1882 1546 ¹8
1890 1528 1976 1568 Jovis
1986 1527 2046 1557 satu
2056 1526 2137 1556 edito
2148 1546 2156 1558 ‚
2169 1527 2270 1565 putuit

1321 1569 1437 1599 fortasse
1446 1571 1637 1610 contingere:
1648 1569 1737 1598 nobis
1747 1578 1811 1598 non
1823 1570 1907 1602 item,
1918 1578 1969 1608 qui
1980 1570 2146 1600 imitamur,
2164 1571 2269 1606 ¹9quos

1322 1612 1429 1650 cuique
1452 1610 1549 1641 visum
1567 1609 1628 1644 est,
1656 1619 1741 1650 atque
1763 1609 1798 1639 ad
1818 1619 1922 1639 eorum
1946 1609 2040 1639 studia
2050 1627 2059 1643 ,
2078 1607 2270 1648 institutaque

1323 1652 1511 1691 impellimur
1521 1661 1528 1680 2
1538 1652 1714 1691 plerumque
1726 1659 1824 1680 autem
1835 1653 2041 1690 ²0parentium
2050 1652 2201 1690 praeceptis
2210 1651 2273 1679 im-

1323 1694 1408 1726 buti,
1428 1693 1463 1722 ad
1478 1701 1584 1722 eorum
1602 1692 1850 1722 consuetudinem
1863 1711 1872 1725 ,
1895 1701 2072 1732 moremque
2084 1691 2272 1722 deducimur.

1321 1735 1374 1764 alii
1392 1733 1599 1763 multitudinis
1616 1733 1733 1772 judicio
1755 1732 1911 1766 feruntur,
1931 1742 2054 1773 quaeque
2073 1734 2179 1772 majori
2199 1734 2273 1772 parti

1324 1775 1522 1815 pulcherrima
1531 1773 1670 1804 videntur
1684 1793 1692 1807 ‚
1710 1784 1743 1804 ea
1757 1774 1893 1804 maxime
1904 1783 2053 1813 exoptant.
2075 1773 2218 1803 nonnulli
2229 1782 2272 1803 ta-

1324 1825 1396 1846 men
1407 1815 1465 1845 slve
1476 1814 1618 1846 felicitate
1628 1815 1754 1856 quadam
1765 1834 1774 1849 ‚
1794 1813 1851 1845 sive
1863 1815 1995 1845 bonitate
2005 1823 2114 1845 natur-ae
2127 1835 2136 1848 ,
2155 1813 2213 1845 sive
2222 1823 2274 1855 pa·

1323 1859 1455 1887 rentium
1474 1856 1632 1896 disciplina
1645 1877 1654 1891 ,
1675 1857 1784 1887 rectam
1802 1858 1869 1887 vitae
1888 1857 1978 1887 secuti
1995 1856 2062 1886 sunt
2081 1858 2170 1886 viam.
2193 1854 2272 1886 Illud
2295 1864 2333 1898 33

1321 1908 1421 1929 autem
1433 1899 1568 1929 maxime
1588 1908 1685 1934 ratum
1696 1897 1842 1939 genusest
1861 1907 1966 1928 eorum
1980 1918 1988 1931 ‚
2009 1901 2035 1918 ²¹
2053 1899 2104 1938 qui
2115 1905 2164 1927 aut
2174 1896 2274 1927 excel-

1323 1941 1403 1972 lente
1417 1942 1531 1983 ingenii
1545 1940 1752 1983 magnitudine
1761 1959 1771 1975 ‚
1790 1949 1840 1970 aut
1848 1940 1982 1981 praeclara
1992 1939 2158 1970 eruditione
2167 1947 2276 2010 2:gitque

2124 1980 2164 2010 do
2198 1982 2273 2015 rina,

371 2064 393 2080 1.
418 2063 424 2071 ’
432 2053 486 2079 mim
494 2053 666 2089 aequabilitas]
679 2052 721 2078 Sic
731 2050 844 2077 Palatin.
854 2047 916 2074 edd.
926 2045 1045 2078 vetustae,
1056 2043 1189 2080 magisque
1198 2043 1288 2070 animo

332 2100 393 2117 meo
404 2089 532 2117 satisfacit
543 2109 551 2122 ,
569 2091 649 2124 quum
661 2087 758 2114 Petreii
768 2087 902 2120 equalitas.

370 2135 398 2151 2.
417 2129 501 2154 ullius
510 2129 536 2151 in
546 2126 623 2152 eadem
632 2125 704 2155 causa
714 2133 757 2148 non
767 2120 874 2154 debean]
896 2117 947 2145 Ms.
958 2119 992 2145 D.
1004 2127 1056 2144 non
1071 2115 1149 2142 habet
1166 2117 1192 2140 In
1210 2115 1289 2140 eadem

334 2163 407 2196 causa
419 2181 427 2193 ,
437 2160 539 2190 fortean
552 2170 602 2187 non
615 2159 696 2191 male,
711 2159 799 2194 inquit
809 2155 982 2183 Gulielmius.
1001 2161 1027 2180 at
1038 2154 1062 2179 in
1074 2162 1106 2178 eo
1113 2150 1195 2177 cardo
1208 2150 1290 2176 verti-

335 2205 380 2224 tur
389 2198 472 2224 totius
484 2196 628 2223 sententiae.
648 2196 737 2231 itaque
748 2193 858 2220 minime
868 2190 990 2228 profefi‘to
1011 2189 1036 2216 id
1049 2186 1208 2215 tollendum.
1228 2195 1288 2212 nam

335 2234 420 2260 exstat
431 2234 456 2259 in
471 2233 555 2259 Palat.
567 2232 654 2259 nostro
666 2250 674 2262 ,
694 2232 774 2266 quarn
786 2229 941 2263 Augustano
958 2225 990 2253 ab
1002 2223 1159 2252 Anemaecio.
1170 2221 1290 2253 excuffo,

335 2269 517 2304 desideratque
528 2268 637 2294 omnino
651 2266 778 2293 sententia
788 2264 884 2290 Tullii.

375 2313 398 2340 3.
419 2309 490 2340 ¹2th
508 2307 567 2330 enim
585 2305 635 2329 aliti
651 2306 676 2328 in
692 2302 788 2336 causas]
810 2297 1026 2334 siccdd.p1·imae
1038 2315 1047 2328 ,
1066 2304 1149 2331 neque
1160 2295 1230 2321 secus
1240 2293 1287 2319 Vi-

336 2340 449 2372 &oi-ius,
460 2337 727 2375 firnizintque11112M.
738 2338 769 2363 F.
779 2336 934 2372 posteriores
944 2332 1071 2360 admisere
1083 2343 1089 2359 :
1100 2341 1145 2357 non
1154 2333 1225 2362 enim,
1235 2330 1287 2360 &tu

335 2376 407 2412 quod
418 2375 568 2411 languidius
579 2375 674 2400 altero.

372 2420 399 2444 4.
426 2415 512 2438 Catoni
530 2419 608 2437 antem
626 2410 675 2435 :itm
693 2409 848 2434 incredibilem
866 2406 982 2440 tribiiiffit
1000 2410 1092 2430 natura
1113 2399 1288 2435 gravitatem]

337 2448 389 2474 Ml.
402 2449 527 2481 M.fuiffet
536 2455 637 2472 natura.
658 2445 728 2470 forte
744 2463 752 2475 ,
771 2441 988 2474 intsedibilijitiffet
997 2439 1226 2471 naturzigravirate.
1245 2443 1291 2462 aut

339 2484 421 2518 magis
435 2503 442 2514 ‚
453 2483 555 2515 laabciiffc
563 2481 816 2514 namrdgrawitatem.
837 2476 1008 2504 Gulielmius.

376 2529 401 2553 5.
421 2522 506 2544 Vultus
514 2517 689 2551 aspiciendus]
710 2517 735 2541 Μ
743 2535 749 2541 .
760 2514 926 2548 aspiciendum.
937 2513 963 2538 &
976 2512 1012 2538 ita
1021 2510 1095 2545 {upra
1106 2508 1177 2535 idem
1187 2507 1291 2543 cap.28.

338 2563 373 2580 m.
386 2555 540 2580 adhibendum
549 2556 583 2579 ef?
592 2555 664 2585 igitur
673 2552 776 2586 quiedam
786 2552 929 2575 reverentia.
948 2546 1122 2574 Gulielmius.

373 2591 401 2616 6.
421 2590 500 2623 Qtim
509 2591 586 2615 multa
600 2590 681 2620 paffm
690 2590 723 2613 ci?
734 2584 940 2620 Illy-(jiesJJubet
950 2582 1112 2609 Gulielmius
1122 2579 1291 2607 ammadver-

338 2633 424 2653 tamus
444 2626 497 2660 legi
516 2626 543 2651 in
560 2623 617 2650 mss.
628 2627 729 2657 Uh'xem.
748 2625 775 2648 ὅ(
787 2620 887 2647 Γιείξιηὲ
900 2619 996 2645 Palitt.
1007 2626 1086 2654 atque
1096 2616 1157 2643 edd.
1168 2616 1291 2642 exoletae.

374 2671 401 2694 7.
420 2663 532 2687 Omm'hm
541 2661 660 2693 affiibilcm
670 2658 839 2692 &jucundum
850 2657 876 2689 fi:
886 2657 926 2689 effe
935 2655 1030 2688 vellen]
1050 2653 1185 2679 Revocavi
1196 2651 1293 2677 leetio-

339 2707 398 2723 nem
409 2696 530 2723 Vistorio
548 2695 705 2731 public-‚itam
718 2713 726 2724 ‚
745 2694 933 2727 inventamque
951 2692 977 2717 in
989 2690 1101 2716 Palatia.
1114 2688 1193 2725 prim.
1213 2694 1292 2722 atque

340 2734 371 2758 1³.
383 2734 475 2759 ceteris
486 2731 553 2758 abest
564 2730 630 2757 illud
642 2750 650 2761 ‚
665 2729 839 2764 &jucundum

376 2764 404 2793 8.
422 2770 498 2800 Qum
515 2768 556 2793 illa
571 2769 659 2799 perpeti
667 2765 810 2797 malutffit]
831 2763 874 2789 Sic
884 2771 989 2797 quoque
998 2760 1084 2787 editus
1095 2758 1235 2794 diligentia
1244 2758 1293 2783 Vi-

342 2802 421 2828 {toi-'11
434 2823 441 2834 ,
451 2803 551 2832 eieStus
562 2803 592 2827 ab
601 2804 647 2827 alio
659 2820 666 2833 ,
681 2800 751 2836 quod
761 2799 857 2835 reliqui
867 2797 973 2834 quidem
984 2797 1035 2824 cusi
1046 2796 1162 2823 retinent
1174 2814 1182 2827 ,
1193 2793 1235 2820 sed
1246 2793 1293 2820 ab·

342 2837 401 2864 l'unt
414 2839 478 2864 Pall.
491 2846 571 2873 :itque
584 2839 622 2863 M.
634 2839 661 2864 &
673 2838 704 2863 F.
1288 2839 1292 2843 ⁴

378 2882 404 2907 9.
424 2875 490 2905 Qud
497 2876 532 2898 ef?
540 2875 645 2906 cujusque
655 2871 838 2903 maximbfimm.
869 2878 875 2884 ·
890 2869 961 2903 sistque
969 2870 1041 2901 igitur
1048 2868 1126 2900 noscat
1139 2885 1146 2898 ,
1165 2865 1231 2899 6⁸¹⁶]
1254 2866 1295 2891 Ita

343 2909 395 2934 mei
408 2908 468 2934 libri
480 2919 486 2933 :
509 2907 578 2934 teile
592 2909 661 2940 suum
680 2907 797 2940 cujusque.
817 2905 843 2931 id
862 2906 897 2931 cst
916 2905 1031 2930 maxime
1043 2912 1051 2934 ς
1072 2904 1098 2929 in
1117 2901 1187 2937 quod
1202 2908 1295 2927 natura

342 2943 498 2980 propendet.
521 2943 552 2968 sic
563 2943 734 2968 Gulielmius.
747 2940 818 2978 quod
829 2941 932 2977 placct3
945 2939 1069 2966 haetenus
1079 2938 1142 2964 dum
1154 2936 1296 2969 illudsunm

344 2979 472 3005 resectum
492 2977 524 3003 ab
543 2977 595 3012 ipso
615 2986 755 3013 reponatur
776 2986 838 3003 mox
851 2985 858 3007 5
878 2977 978 3010 Qissque
997 2978 1071 3008 igitur
1087 2975 1165 3007 nofiat
1181 2975 1297 3005 ingenium

336 3015 417 3048 suum.
437 3014 471 3040 stc
480 3023 548 3039 enim
562 3013 672 3039 l'alatin.
684 3014 768 3039 noster
779 3022 787 3043 3
799 3014 825 3038 δε
839 3011 924 3038 nescio
935 3011 1069 3047 quomodo
1079 3010 1114 3036 est
1126 3009 1268 3035 venustius.

343 3072 344 3078 .
383 3059 424 3077 ιο.
444 3051 552 3083 Epigonos
567 3067 573 3079 ,
593 3049 761 3082 Medumque]
784 3047 897 3074 Palatin.
909 3049 936 3073 δε
951 3048 980 3072 1³.
991 3046 1155 3079 Medeamque.
1176 3053 1233 3069 nam
1256 3044 1295 3069 M.

342 3087 370 3113 &
391 3087 425 3111 D.
444 3086 585 3117 bledamque
597 3101 605 3114 ‚
623 3082 694 3117 quod
714 3085 739 3109 8<
760 3084 785 3108 in
805 3083 895 3118 primis
915 3081 976 3108 edd.
995 3081 1144 3117 placuitque
1155 3078 1276 3105 νίξὶοτίο
1287 3097 1295 3110 ,

341 3121 446 3161 Langio
459 3140 467 3155 ,
487 3118 618 3147 Lanibino
629 3137 637 3151 ‚
657 3119 683 3144 Sc
705 3117 796 3150 A1d05
819 3117 943 3153 nobisque
962 3116 1158 3153 approbandum
1171 3133 1180 3149 ,
1202 3114 1242 3143 vel
1261 3113 1296 3142 ob

1308 2155 1309 2161 ¹
1325 2157 1445 2184 quamv,
1463 2147 1541 2188 quod.
1553 2156 1586 2173 ex
1607 2146 1759 2182 Augustano
1777 2119 1837 2172 coi-i.

1308 2052 1310 2061 ι
1326 2039 1538 2068 membranarum
1550 2038 1712 2066 consensum.

1365 2086 1373 2103 ι
1384 2085 1405 2103 r.
1423 2078 1479 2109 φερε
1488 2077 1551 2102 nobis
1562 2077 1621 2101 data
1631 2085 1676 2100 non
1687 2076 1737 2108 sint
1747 2072 1902 2108 sequamur]
1924 2071 2036 2098 palatin.
2046 2069 2125 2106 prim.
2136 2078 2187 2096 non
2199 2067 2278 2095 habet

1327 2113 1389 2139 nobis
1400 2121 1408 2143 ;
1427 2111 1537 2138 exhibet
1550 2114 1612 2137 vero
1624 2112 1773 2145 nffequamur
1784 2129 1792 2141 ‚
1830 2107 1880 2135 uod
1889 2107 1993 2144 placen
2011 2107 2056 2133 nili
2068 2105 2190 2132 malimus
2201 2105 2279 2138 conse-

1856 2143 2009 2170 vcnerandae
2028 2141 2192 2177 antiquitatis
2210 2140 2277 2167 olim

1323 2184 1398 2212 eruit
1409 2184 1588 2210 Aneniaecius.

1365 2229 1405 2246 12.
1420 2219 1498 2253 inm
1508 2220 1578 2252 casm·
1587 2218 1674 2253 aliquis
1684 2224 1729 2243 aut
1737 2215 1852 2249 temptum]
1864 2215 1907 2242 Sic
1917 2214 2029 2242 Palatin.
2040 2214 2069 2240 Sc
2080 2212 2136 2240 mss‘.
2147 2211 2192 2239 nisi
2204 2210 2276 2247 quod

1325 2264 1450 2292 practerea
1469 2257 1509 2282 M.
1521 2256 1548 2281 8<
1562 2255 1597 2280 D.
1616 2256 1712 2288 aliqui,
1732 2252 1801 2289 quod
1821 2251 1947 2278 satisfacit
1966 2249 2112 2277 Gulielmio
2124 2267 2133 2280 ,
2153 2255 2278 2283 tanquam

1324 2292 1450 2326 abjecerit
1459 2291 1580 2318 ultimam
1591 2290 1707 2316 litteram
1717 2289 1809 2315 au&or
1821 2307 1830 2321 ‚
1840 2287 1903 2313 dum
1915 2287 1982 2314 vitat
1991 2287 2172 2313 continuatum
2182 2282 2281 2310 strido-

1327 2337 1385 2354 rem
1400 2327 1478 2354 fibili.
1751 2337 1753 2342 ⁴

1366 2371 1408 2398 13.
1427 2365 1545 2389 Nobilitas·
1556 2381 1564 2394 ,
1582 2364 1676 2388 honores
1686 2380 1695 2393 ‚
1714 2359 1832 2394 divitia]
1853 2358 1966 2385 Palatini.
1976 2358 2003 2384 &
2015 2358 2056 2384 Μ.
2066 2357 2101 2384 D.
2112 2356 2145 2383 E.
2164 2356 2282 2382 nobilita-

1326 2408 1372 2424 tem
1381 2418 1391 2430 ,
1402 2402 1497 2424 honores
1508 2418 1516 2430 ,
1527 2400 1647 2430 divitim‚—
1657 2396 1728 2432 quod
1739 2395 1816 2422 torsit
1826 2394 2012 2421 Gulielmium.
2196 2410 2207 2417 i.

1370 2442 1412 2467 ¹4·
1431 2437 1458 2461 In
1468 2434 1602 2467 casusita.]
1623 2432 1735 2459 Pal-itin.
1747 2432 1825 2466 prim.
1836 2431 1927 2464 utsunt
1937 2430 2003 2463 cafic.

1375 2479 1415 2504 15.
1436 2472 1456 2495 li
1466 2470 1564 2502 student
1579 2471 1714 2502 plerumque
1732 2468 1806 2492 eodem
1823 2469 1849 2491 in
1863 2475 1944 2498 genere
1959 2464 2040 2490 laudis
2057 2463 2188 2497 excellere]
2210 2461 2253 2489 Est
2265 2461 2282 2488 εὶ

1330 2505 1444 2532 palatin.
1454 2507 1481 2532 δε
1493 2507 1533 2531 M.
1545 2506 1576 2530 F.
1589 2505 1622 2530 D.
1634 2513 1681 2530 nec
1690 2503 1745 2529 abit
1754 2502 1837 2528 editio
1847 2502 1931 2537 prima
1941 2501 2061 2527 Romana
2074 2520 2082 2532 ,
2094 2499 2139 2526 nisi
2149 2497 2219 2535 quod
2230 2496 2283 2534 ipsa

1329 2543 1402 2568 eodem
1412 2544 1437 2566 in
1443 2551 1534 2575 genere.
1552 2539 1688 2576 sequentes
1700 2539 1834 2565 retinuere
1847 2556 1855 2569 ,
1873 2546 1993 2571 corumque
2009 2539 2113 2570 plerique
2121 2538 2147 2561 in
2157 2538 2197 2561 hoc
2202 2541 2283 2567 genere

1335 2578 1517 2610 laudisstudent
1525 2578 1631 2603 excellere
1637 2595 1642 2601 .

1372 2614 1412 2639 16.
1433 2613 1492 2639 Cizm
1499 2615 1625 2647 qum-imm
1634 2613 1693 2646 quid
1700 2610 1807 2644 deceat]
1826 2611 1867 2636 lta
1877 2608 1932 2636 mss.
1945 2608 2024 2635 nostri
2036 2626 2044 2639 ,
2064 2607 2101 2633 ita
2110 2605 2171 2633 edd.
2180 2604 2281 2641 primae.

1332 2649 1487 2685 posteriores
1500 2668 1507 2680 ,
1517 2658 1566 2682 qua
1576 2648 1683 2673 deceant.
1704 2655 1793 2681 quaero
1803 2644 1887 2681 quaeso
1897 2645 1908 2671 ?

1370 2693 1410 2720 17.
1429 2686 1488 2710 Cicm
1498 2686 1532 2710 ef!
1551 2686 1657 2709 maxima
1673 2683 1819 2708 imbecillitas
1837 2682 1940 2714 consilii,
1959 2679 2035 2713 rum]
2056 2679 2098 2705 Sic
2107 2674 2280 2704 Pall.&Gu-

1330 2721 1459 2747 lielmiani
1472 2739 1480 2751 ,
1499 2718 1672 2756 primitusque
1693 2716 1806 2752 impressi
1819 2717 1913 2742 Romae
1925 2725 1933 2746 ;
1953 2724 2012 2741 nam
2025 2713 2181 2749 Moguntina
2197 2708 2282 2749 editio

1330 2759 1370 2783 cui
1385 2759 1447 2782 inefi‘
1464 2758 1571 2781 maxima
1581 2774 1589 2786 ,
1600 2754 1671 2790 quod
1690 2755 1716 2779 ὃ(
1736 2754 1762 2778 in
1773 2752 1888 2779 Victorii
1899 2749 2103 2786 exemplaribus.
2124 2753 2283 2773 recentiores

1330 2792 1400 2818 enim
1413 2791 1529 2818 maluere
1541 2810 1548 2822 ,
1559 2792 1621 2816 cum
1632 2792 1693 2816 inest
1702 2790 1808 2814 maxJ‘ma
1816 2789 1871 2813 imb.
1882 2788 1967 2821 consilii
1978 2806 1986 2817 ‚
1996 2793 2061 2811 mne.

1369 2827 1411 2854 18.
1429 2827 1498 2860 Jovis
1510 2827 1569 2860 satu
1588 2826 1679 2859 editas]
1700 2826 1759 2850 Vox
1779 2825 1843 2849 edita
1857 2833 1907 2849 nou
1919 2822 1954 2848 est
1964 2822 1990 2847 iu
2000 2819 2090 2856 primis
2102 2816 2160 2844 edd.
2173 2824 2283 2852 quarum

1333 2864 1493 2898 Moguntiua
1504 2864 1532 2888 Sc
1542 2862 1664 2888 Romana
1674 2859 1785 2887 secunda
1795 2858 1889 2885 liabent
1901 2858 1957 2890 firto
1968 2875 1976 2887 ‚
1993 2855 2077 2891 prima
2092 2863 2154 2879 vero
2166 2854 2236 2886 satu.
2256 2854 2285 2878 8<

1332 2899 1439 2926 videtui·
1457 2906 1542 2934 operoe
1560 2897 1675 2934 pretium
1695 2903 1724 2922 ut
1743 2894 1767 2921 su
1789 2904 1816 2920 er
1827 2893 1943 2920 istoloco
1952 2891 1997 2917 alii
2008 2888 2144 2916 consulant
2155 2887 2286 2914 membra-

1333 2944 1378 2962 nas
1399 2934 1553 2960 vetustiores
1567 2953 1574 2965 ,
1593 2934 1656 2959 cum
1675 2933 1702 2958 Sc
1722 2931 1770 2956 Vie
1785 2930 1856 2956 orius
1875 2928 1983 2954 testetur
2002 2926 2071 2952 libro
2082 2934 2158 2951 xvii.
2174 2933 2230 2960 cap.
2244 2932 2286 2950 ιτ..
2309 2925 2312 2932 “

1335 2971 1459 3005 Jovitsare
1469 2977 1572 2996 tantum
1585 2969 1678 2995 restare
1690 2968 1715 2993 in
1728 2965 1870 2991 veterrimo
1879 2962 1935 2988 suo.

1374 3014 1416 3040 ¹9·
1434 3008 1496 3038 φροι-
1507 3008 1587 3038 :nique
1595 3004 1674 3037 ‘iustam
1686 3001 1746 3034 effi]
1769 2999 1881 3025 Palatin.
1911 2998 1971 3023 rim.
1981 2997 2134 3031 quoscunque.

1369 3050 1415 3068 20.
1434 3043 1578 3067 ‘Parentium
1593 3037 1738 3071 praemia]
1761 3034 1829 3070 Είξιί
1842 3007 2050 3059 mlli'Gulicluiii
2064 3052 2072 3065 ,
2092 3032 2133 3058 cui
2153 3032 2289 3068 perplace-

1333 3078 1380 3105 bat
1391 3096 1399 3108 ,
1410 3085 1461 3112 prae
1474 3076 1581 3110 vulgato
1587 3079 1714 3105 parentum
1725 3090 1733 3103 ,
1744 3078 1795 3097 tum
1808 3070 1865 3095 heic
1874 3079 1907 3105 qu
1913 3070 1954 3094 {im
1966 3069 2045 3095 insta.

1371 3122 1388 3140 ι
1394 3121 1403 3139 1
1410 3132 1416 3140 .
1426 3113 1474 3146 Q?
1482 3118 1526 3138 aut
1535 3109 1653 3136 excellente
1661 3109 1747 3140 ingenii
1755 3105 1940 3140 magnitudine]
1946 3105 1990 3133 Pal
1995 3104 2088 3133 moster
2097 3113 2138 3140 pr.
2150 3102 2290 3163 excellentg:

2220 3146 2243 3165 1.
2275 3146 2294 3163 ἃ
