2295 3400
139 156 238 203 434
534 136 1038 183 INLTULLls

144 235 200 255 um
215 233 289 254 voce
305 222 409 263 populi
422 223 553 251 Roman.
576 229 639 249 uno
654 219 735 250 orbis
749 228 830 250 terrae
845 219 1023 251 testimonio
1039 238 1046 253 ‚
1069 219 1102 249 in

141 267 251 297 catium
263 265 400 295 laudibus
411 261 632 292 efferebantur?
651 271 733 291 nunc
742 271 846 292 vereor
858 281 866 295 ,
882 272 920 292 ne
931 271 994 292 non
1006 259 1101 291 modo

146 317 207 338 non
219 306 346 348 prosint,
362 303 469 335 verum
483 305 573 333 etiam
585 303 698 344 aliquid
709 302 815 333 obsint.
839 306 963 334 Etenim
982 312 1100 333 Mur-ro

146 357 328 380 ⁷«cruciarem
342 345 552 386 improborum
568 345 720 375 interdum
732 347 913 376 memoriam
924 343 981 375 effe
993 345 1100 379 sentio,

146 390 235 431 quam
248 390 408 419 bonorum.
425 390 488 428 Ego
498 395 538 420 te,
551 385 571 416 s1
582 387 656 427 quid
667 389 785 428 gravius
795 387 956 422 accideret,
971 391 981 407 ¹
993 396 1048 428 ego
1059 395 1098 420 te,

148 435 271 472 inquam
283 451 292 464 ‚
307 430 407 460 Flacce
417 449 426 461 ,
446 428 623 469 prodidero:
646 438 712 459 mea
722 429 844 459 dextera
854 430 904 461 illa
914 449 923 463 ‚
939 440 1006 460 mea
1016 428 1100 462 fides,

147 483 214 503 mea
223 471 375 512 promissa,
386 469 458 501 cum
468 479 506 504 te,
517 469 537 500 fi
546 470 1099 510 rempubl.conservaremus,omnium

145 515 297 544 bonorum
309 512 441 554 praeiidio
451 532 460 546 ,
479 511 575 553 quoad
590 514 706 542 viveres
718 533 727 546 ,
749 523 813 543 non
824 512 920 544 modo
931 515 1099 546 munitum,

145 556 194 587 sed
205 557 295 586 etiam
306 564 446 585 ornatum
456 553 519 584 fore
531 553 703 594 pollicebar.
728 556 830 595 putavi
841 575 849 589 ‚
864 556 975 596 speravi
987 576 994 589 ,
1007 558 1099 585 etiam

146 597 168 627 fi
180 598 278 627 honos
289 595 388 627 noster
397 596 486 626 vobis
496 596 588 626 vilior
596 593 695 626 fuiss‘et
704 616 711 630 ‚
724 597 845 627 salutem
857 597 935 628 certe
946 607 1042 628 caram
1053 596 1100 627 fu-

146 648 254 670 turam.
280 642 317 668 At
329 659 336 672 ‚
352 641 387 668 L,
399 639 538 668 Flaccum
550 638 673 678 quidem
685 658 693 672 ‚
706 639 821 678 judices
832 659 840 673 ‚
854 638 873 669 si
885 639 977 679 (quod
988 640 1030 669 dii
1042 641 1101 668 im-

145 681 289 711 mortales
309 690 402 710 omen
421 682 564 715 avertant)
583 682 678 721 gravis
697 681 806 720 injuria
824 680 986 711 afflixerit:
1010 690 1101 710 num-

145 733 235 763 quam
250 732 351 752 tamen
364 720 546 762 prospexisse
562 721 664 751 vestra:
682 722 764 752 saluti
778 743 786 755 ‚
806 721 986 753 consuluisse
996 722 1101 757 vobis,

145 765 247 794 liberis
259 784 266 797 ,
288 763 469 805 conjugibus
481 783 488 796 ,
509 762 639 793 fortunis
657 763 761 793 vestris
778 783 786 797 ‚
808 763 962 804 poem'tcL-ir.
987 764 1103 804 semper

144 807 183 836 ita
194 806 320 839 sentiet,
345 807 435 836 talem
451 805 479 835 se
492 814 630 835 animum
645 804 677 834 &
690 807 806 846 generis
817 805 973 847 dignitati,
995 805 1100 845 &pie-

145 850 196 878 tati
207 848 263 878 suae
273 867 282 880 ‚
304 848 336 877 &
346 848 446 888 patriae
456 845 589 877 debuiss'e
602 857 607 875 ι
628 855 683 875 vos
698 857 734 876 ne
747 849 891 887 poeniteat
904 847 953 877 tali
967 848 1027 876 civi
1038 858 1103 877 non

144 888 323 929 pepercisse,
343 899 394 929 pei·
415 889 487 918 deos
505 887 704 918 immortaleis
721 908 730 922 ,
764 888 876 923 judices
895 909 903 921 ,
933 888 1098 928 providete.

143 940 255 971 quotus
267 933 350 961 enim
362 931 486 971 quisque
497 929 540 959 est
552 950 560 963 ‚
574 940 625 970 qui
637 930 712 960 hanc
722 931 754 959 in
766 928 943 970 rep.se6bam
955 930 1102 971 sequatur?

143 974 196 1014 qui
207 972 292 1002 vobis
305 993 313 1006 ‚
333 975 385 1013 qui
396 971 485 1002 vestri
495 969 643 1001 similibus
651 971 765 1010 placere
775 975 892 1012 cupiat?
911 974 963 1013 qui
978 974 1098 1012 optimi,

144 1023 232 1055 atque
242 1013 413 1054 ampliffimi
424 1013 565 1052 cujusque
576 1014 714 1042 hominis
724 1032 732 1046 ‚
746 1022 832 1054 atque
844 1013 961 1043 ordinis
971 1013 1102 1044 auctori-

145 1065 238 1086 tatem
251 1057 351 1096 magni
362 1063 445 1095 putet
455 1066 463 1088 3
474 1053 546 1083 cum
557 1054 641 1084 illam
651 1056 731 1084 viam
742 1054 795 1084 sibi
805 1054 925 1085 videant
934 1055 1103 1096 expeditio·

82 1100 133 1132 47-
145 1108 209 1128 rem
220 1098 254 1128 ad
266 1099 397 1127 honores
410 1117 418 1129 ‚
441 1097 473 1126 δε
484 1095 519 1126 ad
530 1098 634 1125 omnia
648 1116 656 1129 ‚
676 1107 741 1137 quae
752 1099 992 1137 concupiverunt
1013 1101 1024 1126 ?
1046 1098 1102 1129 Sed

147 1148 241 1170 cetera
259 1137 315 1168 fint
332 1148 436 1168 eorum
450 1148 454 1166 :
476 1135 529 1167 sibi
546 1138 673 1168 habeant
685 1141 852 1178 potentiam
863 1159 871 1172 ‚
891 1137 945 1169 sibi
957 1140 1099 1174 honores,

144 1180 197 1211 fibi
215 1189 382 1211 ceterorum
401 1178 640 1210 commodorum
661 1180 795 1210 summas
814 1179 973 1211 facultates.
1000 1183 1104 1212 Liceat
1122 1192 1123 1199 ¹

145 1224 183 1252 iis
194 1243 202 1256 ,
223 1224 275 1262 qui
286 1223 347 1252 haec
357 1221 434 1252 salva
443 1219 501 1250 ess'e
515 1221 678 1252 voluerunt
691 1242 699 1255 ‚
719 1221 786 1262 ipsis
800 1221 858 1252 effe
872 1223 970 1252 salvis.
993 1223 1100 1257 nolite,

141 1264 259 1304 judices
270 1283 278 1298 ,
293 1262 463 1294 existimare
474 1282 482 1296 ‚
501 1272 553 1293 eos
564 1282 574 1296 ,
593 1263 704 1304 quibus
713 1266 863 1306 integrum
874 1263 917 1294 est
928 1284 937 1297 ‚
959 1266 1103 1305 quinon-

1118 136 1658 184 CICERONIS

1143 219 1218 250 dum
1236 219 1270 250 ad
1290 221 1420 250 honores
1438 219 1634 255 accesserunt,
1654 231 1717 252 non
1732 220 1900 262 exspestare
1919 221 2011 264 hujus
2029 224 2098 256 exi-

1144 261 1344 302 tumjudicii.
1367 263 1396 292 Si
1415 263 1448 292 L.
1460 262 1563 293 Flacco
1580 273 1676 294 tantus
1694 273 1780 294 amor
1797 265 1830 294 in
1848 264 1945 295 bonos
1965 269 2096 302 omneis,

1145 313 1261 334 tantum
1273 307 1305 334 in
1315 313 1409 348 remp·
1422 303 1555 334 studium
1567 325 1575 339 ‚
1586 306 1744 336 calamitati
1755 305 1860 336 fuerit:
1874 317 1966 347 quem
1977 307 2099 348 posthac

1145 354 1204 375 tam
1214 355 1367 376 amentem
1377 349 1441 375 iore
1451 348 1571 385 putatis:
1584 349 1634 387 qui
1646 358 1707 377 non
1719 347 1803 377 illam
1814 349 1896 378 viam
1906 349 1971 378 vira
1985 370 1994 383 ‚
2005 359 2097 390 quam

1144 389 1211 418 ante
1222 390 1405 427 praecipitem
1418 408 1426 421 ‚
1438 388 1624 418 &lubricam
1636 388 1693 419 esse
1705 389 1845 423 ducebat,
1860 392 1929 420 huic
1939 391 2050 431 planae,
2063 391 2097 422 &

1148 429 1244 459 stabili
1263 429 1494 470 praeponendam
1514 429 1571 460 effe
1590 431 1745 461 arbitretur
1765 434 1775 460 Ξ
1802 432 1891 472 Qod
1904 431 1923 462 si
1936 433 2042 463 talium
2054 435 2100 463 ci-

1145 473 1231 501 vium
1243 481 1296 501 vos
1309 491 1317 505 ‚
1334 470 1469 511 judices,
1490 472 1596 502 taedet:
1616 471 1780 502 ostendite:
1802 473 1963 504 mutabunt
1978 475 2097 506 senten-

1145 514 1216 543 tiam
1229 532 1236 546 ,
1249 515 1298 553 qui
1310 514 1478 554 potuerint:
1492 512 1675 544 constituent
1684 534 1692 547 ‚
1703 513 1775 554 quid
1786 524 1870 555 agant
1880 535 1888 548 ‚
1900 516 2010 555 quibus
2020 519 2099 547 inte-

1144 551 1229 596 grum
1242 554 1292 585 est.
1318 565 1374 585 nos
1384 575 1392 588 ‚
1411 557 1462 596 qui
1473 555 1535 594 jam
1545 555 1672 596 pragi-effi
1680 556 1782 585 sumus
1795 576 1803 589 ‚
1823 557 1904 586 hunc
1913 558 2029 587 exitum
2041 568 2099 588 no-

1146 596 1209 628 strae
1227 599 1402 628 temeritatis
1420 596 1560 627 feremus.
1587 596 1629 626 sin
1648 599 1707 627 hoc
1723 600 1828 627 animo
1842 597 1931 638 quam
1949 599 2099 638 plurimos

1144 637 1201 669 esse
1211 639 1302 669 vultis
1313 659 1320 672 ‚
1333 639 1515 670 declarabitis
1527 639 1707 678 hocjudicio
1718 659 1726 672 ,
1739 642 1752 658 ²
1764 639 1837 679 quid
1852 641 1993 672 sentiatis.
2013 642 2099 676 huic,

1145 682 1214 711 huic
1225 681 1335 711 misero
1345 691 1436 722 puero
1447 701 1455 714 ,
1476 679 1575 711 vestro
1591 690 1623 711 ac
1634 680 1800 710 liberorum
1811 680 1976 712 vestrorum
1988 683 2100 724 suppli-

1144 724 1170 752 ci
1182 742 1191 756 ,
1208 722 1323 761 judices
1343 743 1352 756 ,
1376 723 1432 752 hoc
1448 722 1564 761 judicio
1583 742 1592 756 ‚
1616 722 1734 751 vivendi
1747 730 1878 763 precepta
1896 723 2013 754 dabitis.
2051 726 2102 755 cui

1145 762 1164 792 si
1181 773 1294 804 patrem
1313 765 1492 795 conservatis
1505 776 1513 798 ς
1527 765 1622 805 qualis
1632 765 1693 804 ipse
1702 763 1806 794 debeat
1816 763 1873 794 effe
1885 785 1893 799 2
1912 767 2007 800 civis,
2027 775 2104 807 pra:-

1146 806 1289 836 scribetis.
1313 805 1356 836 sin
1376 807 1489 846 eripitis
1500 818 1509 840 3
1533 805 1713 839 ostendetis,
1729 806 1816 836 bonae
1834 809 1962 840 rationi,
1983 808 2104 838 &con-

1147 846 1233 877 stanti
1255 867 1263 881 ‚
1290 848 1323 878 δε
1344 850 1425 888 gravi
1447 848 1568 878 nullum
1586 848 1603 878 a
1625 847 1712 877 vobis
1741 847 1874 878 frustum
1897 847 1955 878 ess'e
1970 848 2105 890 proposi-

1147 897 1222 918 tum.
1244 890 1297 929 qui
1315 898 1389 922 vos,
1409 891 1556 930 quoniam
1575 889 1659 920 estid
1670 892 1778 923 aetatis,
1799 890 1948 929 utsensum
1967 892 2025 928 jam
2037 901 2104 931 per-

1145 932 1243 970 cipere
1261 929 1347 970 poffit
1366 940 1403 960 ex
1420 940 1550 961 moerore
1568 933 1662 971 patrio
1674 951 1682 965 ‚
1701 932 1851 961 auxilium
1870 932 2008 963 nondum
2029 933 2104 973 patri

1145 971 1221 1001 ferre
1232 971 1318 1012 poffit
1330 983 1335 1002 :
1355 981 1436 1005 orat,
1452 983 1489 1002 ne
1499 973 1587 1003 suurn
1598 972 1713 1004 luEkum
1725 993 1733 1006 ‚
1745 974 1834 1013 patris
1843 974 1981 1014 lacrymis
1992 995 2000 1009 ‚
2012 975 2106 1015 patris

1147 1023 1310 1044 moerorem
1324 1035 1332 1047 ,
1351 1015 1404 1045 suo
1414 1014 1486 1044 fletu
1496 1016 1634 1056 augeatis.
1656 1017 1809 1055 quietiam
1820 1025 1870 1045 me
1881 1016 2032 1051 intuetur,
2052 1026 2103 1046 me

1146 1056 1232 1085 vultu
1243 1056 1386 1096 appellat,
1408 1065 1507 1086 meam
1518 1056 1747 1097 quodammodo
1759 1055 1835 1086 flens
1847 1056 1939 1087 fidem
1950 1059 2104 1098 implorat:

1146 1107 1178 1127 ac
1188 1100 1294 1137 repetit
1304 1107 1368 1128 eam
1381 1118 1389 1131 ,
1409 1108 1499 1138 quam
1511 1109 1566 1140 ego
1575 1100 1648 1138 patri
1660 1098 1713 1128 suo
1722 1098 1877 1138 quondam
1887 1109 1941 1138 pro
1952 1100 2042 1130 salute
2051 1109 2104 1140 pa-

1148 1140 1209 1169 triae
1218 1139 1444 1179 sposponderim
1458 1159 1466 1172 ‚
1483 1139 1672 1180 dignitatem.
1696 1140 1886 1170 Miseremini
1897 1140 2021 1172 familiae
2032 1162 2040 1175 ,
2053 1143 2105 1181 ju-

1146 1181 1228 1211 dices
1239 1200 1247 1210 .
1262 1181 1449 1210 miseremini
1459 1179 1711 1220 fortissimipatris
1723 1201 1732 1214 ,
1752 1181 1940 1211 miseremini
1951 1181 2007 1212 filii
2020 1194 2024 1211 :
2045 1192 2106 1212 no-

1146 1232 1218 1253 men
1228 1221 1423 1253 clarissimum
1437 1242 1445 1256 ‚
1462 1222 1494 1253 &
1503 1221 1702 1252 fornssimum
1713 1243 1721 1256 ‚
1733 1223 1890 1263 velgeneris
1899 1243 1908 1257 ‚
1921 1224 1971 1255 vel
1982 1223 2106 1262 vetusta-

1146 1266 1179 1293 tis
1188 1284 1196 1298 ,
1209 1265 1258 1295 vel
1270 1264 1384 1294 hominis
1393 1267 1476 1294 caula
1487 1285 1496 1299 ‚
1510 1274 1582 1305 reip.
1593 1264 1746 1295 reservate.

183 1350 192 1368 ι
201 1361 208 1368 .
227 1344 271 1375 Ego
284 1349 318 1374 re,
327 1344 425 1381 inquam
435 1342 516 1366 Flam
521 1341 667 1375 prodidero]
680 1342 778 1368 Melius
789 1342 856 1368 istud
868 1341 920 1368 fide
931 1341 988 1368 mss.
999 1342 1102 1369 nostro-

1126 1354 1129 1365 ν
1148 1341 1284 1378 tionesque
1295 1354 1301 1370 z
1315 1341 1428 1368 exoletoe
1439 1350 1499 1367 nam
1511 1341 1591 1367 ceteri
1603 1351 1656 1368 non
1667 1341 1763 1368 habeut
1775 1341 1842 1369 illud
1853 1344 1911 1376 quid
1920 1344 2032 1376 sentiatis
2042 1363 2050 1375 ‚
2060 1351 2107 1374 aut

144 1385 204 1408 rum
216 1397 224 1409 ‚
245 1387 324 1412 quani
343 1387 416 1414 prius
438 1377 574 1413 vulgatum
587 1379 726 1411 perdidero5
747 1377 818 1414 quod
832 1378 860 1404 Sc
881 1378 1006 1405 Manutio
1024 1386 1103 1406 antea
1125 1371 1128 1412 f
1147 1378 1284 1415 sequentia
1296 1398 1304 1410 ,
1325 1377 1405 1415 usque
1415 1376 1556 1404 advmndi
1571 1385 1695 1410 fraccpta.
1715 1387 1773 1412 (ματ
1783 1387 1869 1405 tamen
1883 1379 1939 1405 heic
1949 1379 2052 1415 prorsus
2063 1389 2108 1406 re-

144 1412 424 1485 dssSllcggglsstfensimis.
442 1451 496 1477 hnic
505 1451 559 1477 huic
573 1468 582 1483 ,
598 1449 666 1486 ἐγω]
688 1450 731 1477 Sic
742 1449 799 1478 Pal.
810 1448 859 1477 sec.
870 1449 938 1478 sext.
950 1451 1032 1478 Grut.
1043 1449 1101 1478 edi-

525 1557 620 1618 M.
705 1559 1203 1621 TULLIUS

1147 1416 1301 1450 quiruntui·.
1325 1414 1479 1440 victoriana
1488 1414 1571 1439 editio
1583 1434 1591 1444 ‚
1612 1413 1696 1440 isthaec
1705 1416 1794 1441 omnia
1812 1414 1890 1440 habet
1903 1435 1910 1446 ,
1929 1425 1959 1441 ac
1968 1423 2107 1451 praeterea,

1137 1452 1260 1486 fintiatiae.
1278 1452 1396 1484 pi‘aeclai‘a
1410 1451 1452 1476 illa
1461 1451 1506 1476 haec
1515 1452 1588 1476 oratio
1597 1450 1699 1484 quidem,
1704 1452 1728 1484 Ji
1735 1451 1789 1477 huic
1797 1452 1863 1484 huic,
1872 1451 1922 1482 (Ξῖ-ε.
1941 1452 2043 1488 inepti:-

1303 1560 1722 1620 CicERo

1011 1668 1247 1726 PRO

375 1762 478 1845 P.
763 1763 816 1849 S
997 1770 1071 1851 U

1241 1762 1861 1850 LLA.

496 1912 843 1960 ORATIO
912 1911 1758 1978 VICESIMAQJINTA.

337 2035 349 2045 ι»
362 2036 364 2043 .
375 2033 380 2042 1
391 2028 401 2030 t
425 2020 452 2048 A
462 2028 483 2049 x
494 2029 505 2048 ι
517 2029 542 2049 M
554 2029 573 2049 r.
593 2019 706 2050 vellem
717 2040 726 2054 ‚
739 2020 855 2060 judices
866 2041 876 2055 ,
888 2030 921 2052 ut
931 2024 963 2053 P.
975 2022 1057 2053 Sulla
1069 2022 1103 2053 δε

398 2077 410 2091 2
425 2069 510 2091 antea
518 2061 673 2101 dignitatis
684 2063 741 2093 suae
753 2063 943 2103 splendorem
953 2064 1101 2097 obtinere,

380 2110 383 2118 ¹
402 2106 409 2131 ί
425 2103 476 2136 &,
497 2103 564 2142 post
579 2104 778 2135 calamitatem
808 2114 975 2145 acceptam,
997 2106 1105 2136 mode-

377 2160 380 2162 ·
425 2144 486 2175 stiae
495 2144 628 2175 fructum
639 2146 768 2186 aliquem
784 2146 926 2186 potuisset
938 2149 1101 2188 percipere.

383 2216 400 2225 f
425 2186 475 2216 sed
486 2206 494 2219 ,
514 2187 660 2227 quoniam
677 2188 717 2217 ita
733 2188 803 2219 tulit
816 2188 1031 2219 casusinfestus
1042 2209 1050 2222 ‚
1071 2197 1106 2219 ut

329 2261 338 2272 x
424 2226 609 2267 amplissimo
635 2230 669 2257 in
698 2229 814 2259 honore
841 2229 914 2261 cum
942 2232 1106 2261 communi

383 2268 389 2275 *
425 2270 601 2299 ambitionis
611 2269 744 2303 invidia,
764 2279 830 2301 tum
842 2271 980 2312 singulari
990 2275 1102 2303 Autro-

148 2314 191 2343 nii
206 2311 279 2343 odio
289 2319 468 2342 everteretur
480 2331 488 2344 ‚
511 2311 544 2341 &
564 2312 596 2341 in
615 2311 662 2341 his
680 2311 811 2351 pristinae
829 2311 959 2343 fortun-x
971 2314 1107 2354 reliquiis

151 2355 268 2385 miseris
285 2373 295 2388 ,
320 2353 354 2384 &
375 2352 513 2386 afflictis,
534 2361 633 2383 tamen
651 2352 772 2383 haberet
788 2354 931 2394 quosdam
943 2373 951 2387 ,
972 2363 1104 2395 quorum

145 2398 266 2426 animos
285 2405 316 2424 ne
329 2395 465 2438 fiappl'tcio
479 2394 604 2435 quidem
616 2393 669 2424 suo
679 2394 781 2425 satiare
790 2393 900 2435 posset:
921 2405 1104 2437 quamquam

146 2447 185 2467 cx
203 2438 293 2477 hujus
311 2436 520 2468 incommodis
536 2445 676 2477 magnam
694 2437 800 2467 animo
818 2435 989 2467 molestiam
1007 2437 1103 2476 capio,

146 2488 250 2508 tamen
260 2481 292 2508 in
303 2487 406 2510 ceteris
417 2479 503 2508 malis
514 2476 599 2507 facile
614 2479 712 2518 patior
723 2478 859 2509 oblatum
880 2480 959 2509 mihi
974 2487 1103 2519 tempus,

148 2523 182 2550 in
191 2530 252 2560 quo
262 2522 336 2550 bom
346 2522 403 2551 viri
414 2521 569 2550 lenitatem
579 2529 678 2550 meam
690 2540 699 2554 ,
718 2520 1011 2562 misericordiamque
1022 2541 1030 2554 ,
1047 2530 1105 2551 no—

149 2571 210 2592 tam
221 2562 364 2592 omnibus
371 2562 525 2603 quondam
536 2582 545 2595 ,
566 2571 647 2591 nunc
658 2581 666 2595 ,
687 2560 764 2602 quafi
773 2561 974 2593 intermissam
984 2582 993 2596 ,
1013 2572 1106 2604 agno—

148 2604 281 2634 scerent:
305 2604 436 2644 improbi
456 2624 464 2638 ‚
488 2613 520 2634 ac
534 2603 643 2643 perditi
663 2605 743 2634 cives
757 2624 766 2638 ,
791 2608 801 2624 ¹
820 2604 963 2635 redomiti
981 2624 991 2638 ,
1022 2613 1108 2645 atque

148 2644 222 2684 vieti
237 2664 244 2678 ,
266 2646 454 2686 precipitante
470 2645 563 2686 repub.
587 2646 801 2677 vehementem
820 2656 870 2676 me
886 2645 972 2676 fuiss'e
986 2666 994 2680 ‚
1017 2654 1105 2687 atque

150 2686 261 2716 fortem
300 2687 460 2726 conservata
471 2707 478 2721 2
500 2689 609 2718 mitem
621 2707 629 2721 ,
649 2697 680 2717 ac
691 2688 920 2719 misericordem
933 2687 1104 2718 faterentur.

152 2731 187 2758 Et
200 2748 208 2761 ‚
229 2730 374 2769 quoniam
386 2730 422 2758 L.
434 2733 603 2770 Torquatus
613 2749 621 2763 ‚
643 2739 729 2759 meus
739 2729 896 2761 familiaris
907 2751 916 2766 ,
934 2739 966 2760 ac
976 2728 1106 2760 necessa-

153 2772 213 2799 rius
224 2790 232 2803 ‚
255 2769 387 2808 judices,
407 2770 589 2802 existimavit
603 2791 612 2804 ‚
631 2769 652 2800 fi
667 2770 798 2802 nostram
812 2774 845 2803 in
858 2772 1040 2802 accusatione
1056 2772 1106 2801 sua

153 2810 352 2842 necessitatem
362 2832 370 2846 ‚
382 2811 614 2843 familiaritatem
639 2823 674 2843 ue
684 2813 835 2848 violasset,
847 2813 960 2855 aliquid
970 2814 998 2844 se
1008 2813 1045 2844 de
1055 2823 1108 2843 au-

151 2851 288 2883 &oritate
298 2863 372 2883 meae
383 2853 564 2885 defensionis
573 2823 654 2894 polle
665 2855 816 2886 detrahere
829 2867 834 2886 z
847 2866 916 2886 cum
929 2856 1017 2895 hujus
1027 2856 1108 2895 peri-

149 2894 211 2926 culi
219 2895 441 2935 propulsatione
450 2898 633 2938 conjungam
643 2896 850 2929 defensionem
860 2896 954 2930 officii
965 2899 1035 2929 mci:
1045 2906 1107 2938 quo

1167 2020 1270 2052 uidem
1281 2031 1387 2063 genere
1397 2031 1461 2052 non
1472 2029 1568 2052 uterer
1577 2021 1723 2051 orationis
1734 2040 1742 2054 ,
1754 2019 1762 2060 j
1767 2018 1879 2054 udices,
1891 2019 1948 2051 hoc
1958 2028 2104 2063 tempore,

1159 2074 1167 2093 i
1179 2073 1245 2094 mea
1264 2063 1364 2093 solum
1382 2062 1539 2093 interesset.
1570 2063 1674 2093 multis
1694 2064 1778 2092 enim
1794 2063 1872 2092 mihi
1885 2062 1960 2092 locis
1970 2083 1979 2096 ‚
2001 2064 2033 2093 &
2041 2063 2107 2094 data
2143 2062 2145 2064 ’

1149 2105 1269 2136 facultas
1282 2104 1324 2135 est
1335 2125 1343 2138 ‚
1362 2105 1394 2135 &
1405 2105 1478 2145 saepe
1489 2104 1606 2136 dabitur
1615 2104 1651 2134 de
1661 2114 1729 2134 mea
1737 2103 1822 2134 laude
1832 2103 1965 2135 dicendi.
1988 2105 2037 2134 sed
2049 2124 2059 2139 ‚
2072 2113 2107 2136 ut

1148 2147 1200 2177 ille
1212 2167 1221 2181 ,
1230 2146 1346 2185 judices
1356 2167 1365 2180 ‚
1376 2155 1522 2187 quantum
1534 2146 1570 2176 de
1581 2156 1647 2176 mea
1659 2144 1830 2175 auctoritare
1838 2143 2009 2185 deripuisset
2019 2166 2029 2179 ,
2041 2154 2106 2176 tan-

1148 2197 1214 2218 tum
1225 2189 1254 2219 se
1263 2188 1300 2218 de
1310 2189 1400 2227 hujus
1415 2192 1428 2208 ²
1440 2187 1581 2228 praesidiis
1591 2187 1823 2218 deminuturum
1837 2197 1843 2217 2
1857 2185 1895 2217 fic
1904 2189 1962 2217 hoc
1971 2197 2026 2228 ego
2037 2187 2105 2216 sen·-

1147 2232 1190 2260 tio
1204 2251 1212 2263 ,
1223 2229 1245 2259 s1
1255 2231 1317 2260 mei
1325 2229 1397 2260 faeti
1405 2232 1553 2260 rationem
1564 2229 1652 2260 vobis
1666 2249 1675 2262 ‚
1687 2228 1943 2268 constantiamque
1953 2228 2044 2267 hujus
2054 2226 2105 2258 of-

1150 2270 1210 2302 ficii
1222 2291 1230 2305 ,
1241 2281 1272 2302 ac
1282 2270 1463 2301 defenfionis
1472 2271 1638 2311 probavero
1648 2281 1656 2304 3
1665 2269 1781 2301 causam
1791 2279 1910 2310 quoque
1918 2278 1968 2298 me
1978 2269 2104 2301 P.Su11ae

1147 2313 1353 2352 probaturum.
1377 2316 1421 2342 Ac
1430 2310 1566 2352 primum
1578 2311 1665 2341 abste
1677 2310 1752 2340 illud
1764 2330 1772 2344 ‚
1789 2312 1824 2340 L.
1835 2313 1987 2350 Torquate
1997 2330 2006 2344 ‚
2020 2320 2103 2351 quae-

1146 2363 1189 2384 ro.
1211 2362 1264 2383 cur
1275 2362 1324 2382 me
1335 2352 1352 2383 a
1361 2355 1466 2382 ceteris
1474 2351 1642 2383 clariffimis
1653 2354 1724 2382 viris
1735 2371 1743 2385 ‚
1765 2362 1796 2382 ac
1804 2352 1989 2392 principibus
1998 2354 2105 2383 civita-

1147 2396 1184 2425 tis
1195 2413 1204 2428 ,
1221 2395 1323 2424 inhoc
1332 2392 1435 2424 officio
1446 2414 1454 2427 ,
1473 2403 1557 2435 atque
1568 2395 1599 2423 in
1612 2392 1794 2423 defensionis
1804 2395 1866 2430 jure
1873 2393 2005 2433 secernas.
2028 2393 2104 2435 quid

1147 2437 1231 2466 enim
1242 2435 1286 2466 est
1294 2455 1302 2470 ‚
1315 2436 1513 2476 quamobrem
1524 2437 1575 2466 abs
1586 2444 1613 2466 te
1623 2433 1822 2476 QHortenfii
1834 2434 1947 2465 fafitum
1957 2455 1966 2469 ‚
1981 2433 2105 2466 clariffi·

1148 2479 1192 2507 mi
1209 2479 1286 2511 viri,
1307 2487 1393 2518 atque
1408 2476 1581 2508 ornatiffimi
1595 2479 1669 2507 civis
1681 2498 1689 2511 ‚
1710 2487 1777 2507 non
1788 2477 2036 2516 reprehendatur,
2057 2486 2104 2507 re-

1145 2520 1345 2560 prehendatur
1355 2529 1459 2550 meum
1472 2523 1481 2549 ἓ
1492 2529 1562 2549 narn
1573 2518 1593 2548 si
1603 2521 1715 2549 initum
1725 2518 1767 2548 est
1783 2517 1944 2549 consilium
1955 2518 1971 2549 a
1980 2521 2011 2549 P.
2023 2518 2106 2550 Sulla

1148 2560 1372 2592 inflammandae
1386 2563 1515 2592 civitatis
1525 2581 1533 2595 2
1556 2561 1646 2601 hujus
1664 2559 1876 2602 exstinguendi
1893 2562 2033 2600 imperii,
2052 2560 2106 2591 de-

1148 2603 1243 2633 lenda:
1254 2603 1334 2633 urbis
1346 2614 1351 2632 :
1366 2605 1443 2633 mihi
1453 2613 1600 2642 majorem
1610 2604 1654 2633 hae
1665 2612 1710 2632 res
1721 2602 1859 2632 dolorem
1868 2602 1959 2643 quam
1969 2604 2104 2644 QHor-

1149 2644 1241 2675 tensio
1250 2665 1258 2678 ,
1279 2646 1356 2675 mihi
1367 2646 1466 2685 majus
1476 2645 1584 2676 odium
1595 2642 1698 2675 afferre
1708 2643 1839 2674 debent?
1857 2653 1964 2674 meum
1974 2640 2105 2685 denique

1147 2688 1267 2728 gravius
1286 2685 1343 2717 esse
1365 2687 1510 2718 iudicium
1523 2707 1531 2721 ‚
1553 2688 1605 2728 qui
1619 2686 1801 2726 adjuvandus
1814 2688 1847 2715 in
1860 2687 1906 2716 his
1922 2684 2012 2716 causis
2023 2706 2031 2721 ‚
2050 2685 2105 2727 qui

1149 2728 1375 2770 oppugnandus,
1387 2732 1439 2770 qui
1449 2728 1669 2761 defendendus,
1682 2729 1734 2768 qui
1744 2727 1923 2758 deserendus
1933 2726 1990 2757 effe
2000 2727 2104 2757 videa-

1149 2773 1217 2801 tur?
1238 2774 1280 2802 Ita
1292 2791 1300 2804 ‚
1318 2772 1429 2812 inquit.
1453 2779 1486 2802 tu
1496 2768 1794 2810 eniminvestigasti‚
1811 2779 1843 2800 tu
1852 2767 2013 2809 patefecisti
2023 2778 2098 2799 con·-
2121 2781 2141 2807 2

1146 2813 1339 2853 jurationem.
1363 2812 1452 2855 Qod
1462 2812 1535 2844 cum
1544 2812 1616 2843 dicit
1626 2832 1634 2845 ‚
1649 2821 1711 2841 non
1721 2811 1848 2841 attendit
1857 2831 1867 2844 ,
1881 2819 1951 2840 eum
1963 2830 1973 2844 ‚
1992 2812 2043 2851 qui
2053 2819 2104 2850 pa-

1151 2854 1302 2888 tefecerit,
1322 2856 1379 2886 hoc
1397 2853 1506 2885 curasse
1518 2874 1526 2888 ,
1546 2864 1578 2884 ut
1589 2854 1618 2884 id
1629 2862 1737 2884 omnes
1747 2853 1883 2882 viderent
1894 2871 1902 2885 ‚
1922 2852 2003 2892 quod
2020 2861 2107 2883 antea

1149 2896 1165 2927 f
1166 2895 1252 2928 uiss'et
1260 2898 1424 2930 occultum.
1448 2899 1545 2939 Qare
1555 2894 1608 2927 ista
1616 2895 1784 2936 conjuratio
1795 2914 1804 2929 ‚
1816 2892 1838 2924 fi
1846 2892 1987 2935 patefach
1995 2903 2047 2936 per
2054 2903 2108 2966 rae

2050 2945 2066 2966 e
2094 2953 2107 2970 ι

156 3025 182 3048 1,
244 3017 347 3043 Edomiti
356 3025 427 3051 atquc
436 3020 524 3053 θωπί]
549 3020 613 3045 Haec
625 3021 660 3048 cst
680 3021 807 3057 scriptura
826 3027 946 3047 veterum
964 3018 1111 3055 imprcffio-
1154 3018 1280 3056 sequioris
1291 3020 1339 3046 :evi
1351 3018 1675 3050 editiones,tliminuturum
1686 3016 1813 3050 spermit.-
1825 3015 1930 3054 fic‚-t²y·f·
1950 3013 2022 3056 Culus
2034 3011 2107 3039 voci-⁶·

246 3063 307 3079 num
320 3073 328 3085 ‚
339 3054 392 3079 haec
403 3054 583 3081 Palatinorum
595 3056 657 3081 ocsio
670 3075 678 3088 ‚
696 3066 792 3084 novem
805 3076 813 3089 ,
823 3056 914 3083 decem
927 3075 935 3087 ‚
954 3055 1008 3081 hoec
1016 3055 1113 3082 codicis
1156 3057 1183 3082 in
1194 3056 1252 3083 aliis
1264 3056 1365 3082 nullum
1379 3055 1526 3091 vestigium.
1548 3053 1630 3080 solum
1641 3059 1697 3079 erat
1707 3051 1738 3078 ad
1749 3059 1821 3077 oram
1832 3058 1918 3085 quinti
1932 3049 2106 3084 ,fidicen-sen-

159 3090 187 3116 S.
200 3089 329 3120 Victoris,
341 3090 495 3126 Busbequi'„
506 3101 534 3117 ac
545 3092 665 3118 Gruteri.
686 3094 815 3120 recentius
827 3092 889 3125 cusi,
899 3093 999 3118 edomiti.

1150 3093 1193 3125 fit.
1215 3091 1304 3118 oetavi
1319 3111 1327 3123 ,
1337 3094 1453 3125 existimat
1464 3111 1472 3123 ‚
1492 3093 1519 3117 S.
1529 3089 1645 3116 Victoris
1656 3087 1766 3115 habebat
1776 3087 1803 3113 in
1815 3093 1942 3112 contextu
1948 3089 2048 3119 putavit
2058 3104 2067 3117 ,
2086 3083 2106 3111 fi

196 3135 225 3151 2.
244 3126 356 3160 Praefidiis
367 3127 554 3152 deminuturum:
567 3128 599 3161 fic
612 3131 650 3153 hoc
659 3130 797 3163 cgostnffo]
819 3130 881 3156 Non
892 3128 967 3165 potui
986 3127 1114 3154 exclude-
1156 3138 1207 3155 non
1221 3127 1290 3155 fallit
1309 3137 1401 3155 manus
1411 3126 1571 3157 Gulielmii5
1592 3126 1636 3161 qui
1648 3133 1734 3151 tamen
1746 3122 1959 3150 nihilannotavit
1969 3128 2105 3158 praeterca‚

163 3171 191 3191 re
202 3161 357 3199 scripturam
368 3162 437 3192 l'all.
447 3163 597 3194 nostrorum
608 3173 703 3194 novem
716 3184 724 3200 ‚
742 3165 808 3195 item
818 3165 884 3196 olim
902 3164 1033 3207 culorum.
1051 3174 1114 3195 uam
1126 3195 1128 3198 ,
1155 3166 1237 3202 quam
1247 3163 1315 3195 illud
1318 3166 1432 3203 spera-eit
1439 3162 1547 3206 absuiss‘e
1558 3162 1639 3193 ctiam
1649 3160 1718 3192 libro
1726 3158 1870 3196 Biisbequii
1880 3158 1972 3189 nostri.

419 3218 431 3243 ἑ
626 3216 637 3251 ὲ

2008 3199 2033 3220 ι.
2049 3190 2108 3219 ram
