2295 3400
81 855 126 886 4,

140 151 240 199 470
547 129 1053 178 M.Tut.1.11

139 221 199 252 vit,
211 218 348 248 tribunus
357 214 470 257 plebis.
482 213 622 254 pontifex
629 212 698 244 fuit.
721 222 802 255 ergo,
816 211 837 242 si
846 214 871 243 is
879 213 1097 253 QCaepionis,

141 262 262 291 inimici
273 260 327 291 sui,
340 257 455 297 postem
469 257 580 286 aedium
592 253 750 288 tenuisset,
764 257 795 285 &
809 265 901 295 pauca
909 255 998 285 verba
1010 254 1098 285 fecis—

141 303 185 333 set
195 323 203 335 ,
217 301 292 331 aedes
303 300 453 339 Cat-pionis
463 297 557 328 essent
575 297 715 327 dedicatae
728 301 738 326 ἓ
758 298 846 326 Nihil
858 297 967 336 loquor
976 297 1012 327 de
1021 306 1098 337 pon-

141 342 307 382 tificiojure
317 361 325 374 ,
338 341 415 370 nihil
427 341 462 370 de
473 339 561 380 ipsius
570 340 667 369 verbis
678 339 874 369 dedicationis
884 359 892 371 ,
918 340 995 368 nihil
1005 339 1041 369 de
1052 349 1099 369 re-

140 385 275 424 ligione,
294 383 500 413 caeremoniis:
525 391 589 411 non
608 379 761 411 diffimulo
779 391 828 410 me
842 379 953 410 nescire
964 391 1014 415 ea,
1033 391 1098 422 quae

141 435 233 456 etiam
253 423 273 454 si
285 425 408 458 scirem,
429 422 643 454 diffimularem
656 443 664 456 ,
686 433 723 452 ne
741 423 806 452 aliis
825 422 989 457 molestus,
1010 425 1098 454 vobis

143 469 233 497 etiam
244 464 377 497 curiosus
387 466 521 496 viderer:
538 463 587 495 etfi
598 464 726 494 effluunt
737 465 831 495 multa
848 474 887 495 ex
904 464 998 495 vestra
1008 465 1097 495 disci—

142 509 235 549 plina.
249 518 313 549 qua:
323 510 412 538 etiam
424 507 459 537 ad
470 507 586 537 nostras
594 510 689 537 aureis
698 507 770 547 saepe
780 516 962 547 permanant.
980 506 1098 537 Postem

143 552 240 580 teneri
262 553 294 579 in
314 549 502 580 dedicatione
520 558 656 589 oportere
673 549 779 579 videor
795 546 905 579 audisse
921 549 1029 590 templi.
1055 549 1098 579 ibi

145 594 232 622 enim
246 591 338 631 postis
349 591 391 621 est
402 612 410 624 ,
430 591 481 621 ubi
491 591 599 631 templi
607 590 703 621 aditus
712 590 755 621 est
765 611 774 624 ,
787 591 820 621 δε
829 592 929 621 valvae.
954 591 1099 621 Ambula—

144 636 240 664 tionis
250 633 361 674 posteis
381 643 474 663 nemo
486 643 630 674 umquam
640 634 738 662 tenuit
754 635 787 662 in
796 633 973 663 dedicando.
996 637 1099 663 Simu-

143 676 257 705 lacrum
267 685 366 705 autem
378 696 386 709 ,
410 684 460 705 aut
479 685 558 705 aram
578 673 599 704 fi
616 673 756 705 dedicasti
768 695 776 707 ,
796 674 857 705 sine
875 676 1020 716 religione
1031 676 1099 705 loco

145 719 264 747 moveri
276 716 382 757 potest.
413 717 539 757 Sedjarn
555 719 614 747 hoc
631 716 727 747 dicere
738 717 792 747 tibi
812 727 875 747 non
885 717 986 747 licebit
996 737 1004 750 ,
1025 727 1101 757 quo—

146 761 231 789 niam
245 758 423 799 pontificem
437 758 553 799 postem
564 757 690 788 tenuiffe
699 758 814 788 dixisti.
829 762 1018 801 Qamquam
1029 758 1102 799 quid

146 811 202 842 ego
213 801 249 831 de
260 801 448 831 dedicatione
458 801 583 842 loquar?
605 809 655 830 aut
666 800 739 841 quid
749 800 785 830 de
795 802 892 831 vestro
901 802 978 839 jure,
989 801 1021 830 δε
1032 801 1101 829 reli—

147 853 237 885 gione
248 843 361 876 contra,
372 842 463 884 quam
474 843 697 882 proposueram,
710 842 892 881 disputabo?
915 845 978 882 Ego
987 841 1070 874 vero,
1082 840 1103 870 fi

145 887 252 916 omnia
262 885 448 915 solemnibus
466 885 565 914 verbis
577 904 584 917 ‚
602 883 751 913 veteribus
763 903 771 918 ,
792 884 825 913 &
843 884 945 922 priscis
957 882 1100 913 institutis

144 927 208 958 aua
220 925 279 957 ess'e
290 926 435 956 dicerem:
451 935 552 956 tamen
563 935 610 954 me
622 924 723 965 reipub.
734 925 799 963 jure
809 924 1013 955 defenderem.
1037 927 1098 957 An,

143 968 216 1000 cum
227 977 259 998 tu
273 969 336 1006 ejus
346 970 422 998 civis
433 967 568 999 discessu,
580 968 664 1005 cujus
676 969 765 996 unius
776 976 865 1007 opera
874 966 1000 999 senatus,
1013 975 1100 1007 atque

141 1020 252 1041 omnes
265 1010 339 1040 boni
352 1011 506 1040 civitatem
522 1007 579 1038 effe
598 1009 786 1038 incolumem
806 1010 894 1038 toties
905 1007 1096 1047 judicassent,

144 1050 311 1093 oppressam
326 1053 486 1081 taeterrimo
497 1051 654 1080 latrocinio
664 1060 734 1079 cum
745 1050 863 1080 duobus
874 1048 1100 1080 sceleratissimis

143 1094 319 1125 consulibus
333 1092 480 1132 rempubl.
498 1100 611 1121 teneres
623 1098 637 1120 :⁴
652 1091 783 1122 domum
808 1093 889 1132 ejus,
907 1094 961 1133 qui
979 1094 1102 1131 patriam

143 1135 159 1167 a
172 1136 199 1166 se
213 1136 353 1165 servatam
362 1136 456 1174 perire
471 1134 522 1163 suo
539 1134 668 1163 nomine
678 1132 819 1163 noluiffet
829 1153 837 1167 ,
857 1143 909 1173 per
925 1132 1104 1174 pontificem

143 1178 277 1218 aliquem
294 1173 453 1206 dedicasses
475 1186 480 1204 :
510 1173 606 1214 poss'et
621 1184 746 1206 recreata
763 1176 929 1215 respublica
952 1175 1101 1205 sustinere.

147 1223 157 1239 ¹
171 1222 246 1249 Date
265 1217 302 1247 de
317 1218 371 1247 hac
382 1218 530 1257 religione
548 1217 680 1251 aditum,
702 1216 861 1257 pontifices
875 1228 880 1245 :
896 1218 959 1256 jam
981 1217 1102 1247 nullum

144 1260 274 1291 fortunis
291 1259 510 1290 communibus
528 1262 645 1288 exitum
662 1260 824 1299 reperietis.
848 1262 914 1292 An,
944 1257 964 1288 si
981 1257 1100 1298 postem

142 1303 274 1333 tenuerit
284 1300 424 1340 pontifex
434 1320 442 1334 ,
455 1301 487 1330 δε
497 1300 586 1330 verba
598 1300 633 1330 ad
645 1301 824 1342 religionem
833 1300 960 1330 deorum
972 1303 1102 1330 immor-

143 1345 250 1374 talium
261 1341 436 1382 composita,
447 1341 482 1372 ad
496 1343 649 1382 pernicem
660 1345 775 1372 civium
785 1341 962 1372 transtulerit
975 1362 983 1376 ,
996 1345 1010 1361 2
1022 1343 1103 1372 vale-

143 1386 192 1416 bit
208 1385 245 1415 ad
257 1385 398 1424 injuriam
419 1394 535 1414 nomen
554 1382 768 1414 ffinfihffimum
779 1384 951 1424 religionis:
977 1383 998 1413 sl
1010 1384 1104 1414 tribu-

146 1437 205 1458 nus
214 1426 310 1466 plebis
319 1427 417 1455 verbis
428 1436 492 1456 non
503 1428 604 1455 minus
612 1426 716 1465 priscis
727 1446 736 1459 ‚
761 1426 794 1456 &
806 1426 892 1465 paene
903 1426 1103 1456 sollemnibus

147 1469 230 1499 bona
248 1470 323 1498 civis
343 1468 508 1507 cujuspiam
528 1467 705 1497 consecrarit
721 1488 729 1501 ,
757 1477 820 1497 non
841 1467 953 1498 valebit
973 1471 984 1497 ἓ
1011 1469 1105 1509 Atqui

148 1513 184 1541 C.
198 1512 330 1542 Atinius,
342 1519 456 1549 patrum
468 1510 626 1542 memoria,
638 1509 717 1539 bona
726 1510 894 1550 QMetelli
904 1529 912 1543 ,
922 1511 974 1550 qui
984 1519 1055 1539 eum
1067 1519 1105 1539 ex

148 1553 251 1582 senatu
261 1551 400 1588 censorej
405 1560 508 1584 ecerat,
523 1553 569 1580 avi
580 1552 634 1584 tui,
646 1553 683 1590 Q.
696 1551 819 1581 Metelle
830 1571 838 1584 ‚
852 1551 885 1581 &
896 1554 951 1584 tui,
965 1554 995 1581 P.
1007 1553 1106 1582 Servi-

148 1594 184 1627 li,
197 1594 230 1624 &
240 1595 341 1634 proavi
352 1595 406 1626 tui,
419 1595 448 1623 P.
460 1595 570 1632 Scipio,
583 1593 777 1626 consecravit,
790 1592 894 1623 foculo
901 1592 996 1633 posito
1014 1595 1047 1623 in
1057 1603 1106 1623 ro—

148 1635 215 1666 stris
225 1656 233 1668 ,
246 1635 439 1675 adhibitoque
450 1634 583 1664 tibicine.
606 1633 688 1676 Qid
697 1643 763 1664 tum
779 1638 791 1663 ἓ
813 1645 889 1664 num
899 1635 951 1664 ille
960 1634 1045 1665 furor
1056 1638 1108 1664 tri—

148 1677 225 1708 buni
242 1677 349 1717 plebis.
376 1681 388 1704 3
407 1675 515 1705 dutitus
536 1686 575 1705 ex
593 1676 752 1705 nonnullis
778 1685 913 1706 veterum
933 1685 1107 1716 temporum

150 1719 313 1758 exemplis,
322 1717 418 1748 fraudi
430 1717 556 1746 Metello
565 1716 633 1750 fuit,
646 1718 767 1747 summo
778 1718 835 1751 illi,
848 1718 880 1748 &
889 1716 1048 1748 clariffimo
1058 1721 1105 1748 vi-

149 1771 185 1791 ro
199 1765 209 1790 ?
233 1761 317 1790 Certe
328 1769 391 1789 non
401 1758 469 1788 fuit.
492 1758 634 1788 Vidimus
645 1778 653 1791 ,
666 1760 723 1789 hoc
731 1759 814 1789 idem
824 1762 879 1790 Cn.
890 1761 1023 1791 Lentulo
1033 1770 1107 1790 cen-

151 1803 212 1834 sori
222 1802 377 1832 tribunum
388 1801 485 1840 plebis
497 1799 599 1830 facere.
621 1801 784 1842 Numquid
795 1803 885 1841 igitur
895 1804 921 1831 is
936 1802 1016 1832 bona
1026 1804 1109 1831 Len-

150 1845 208 1875 tuli
225 1845 367 1883 religioni
377 1843 523 1882 obligavit
533 1845 544 1871 ἓ
568 1842 624 1872 Sed
632 1843 704 1882 quid
715 1853 769 1884 ego
778 1847 912 1873 ceteros?
936 1846 997 1877 Tu,
1008 1852 1050 1877 tu,
1063 1846 1108 1873 in-

151 1896 255 1927 quam,
267 1886 360 1925 capite
370 1894 404 1914 ve
410 1885 479 1917 lato,
490 1885 639 1913 concione
652 1883 802 1918 advocata,
813 1883 917 1915 foculo
926 1884 1022 1925 posito
1033 1906 1041 1919 ‚
1052 1886 1110 1915 bo-

152 1938 192 1960 na
202 1930 245 1957 tui
256 1927 397 1959 Gabinii,
409 1927 459 1956 cui
474 1935 563 1965 regna
577 1927 685 1955 omnia
692 1929 837 1966 Syrorum
849 1947 856 1961 ‚
869 1929 1001 1957 Arabum
1017 1948 1024 1961 ‚
1043 1931 1109 1958 Per·

150 1970 311 2009 farumque
321 1966 647 2001 donaras,consecrasti.
660 1968 749 2008 Qod
759 1967 779 1997 si
789 1977 853 1998 tum
861 1970 937 1998 nihil
945 1968 987 1998 eft*
999 1968 1110 1998 actum.-

152 2011 225 2052 quid
236 2013 269 2040 in
279 2012 356 2040 meis
367 2009 456 2040 bonis
472 2011 517 2050 agi
527 2011 648 2049 potuit?
671 2009 714 2039 sm
733 2009 775 2040 est
785 2019 879 2041 ratum
892 2032 900 2044 ,
920 2021 971 2041 cur
980 2012 1032 2041 ille
1042 2022 1111 2053 gur-

151 2063 215 2094 ges,
235 2053 370 2082 heluatus
385 2060 483 2081 tecum
499 2049 586 2081 simul
605 2052 775 2091 reipublicae
786 2052 980 2094 sanguinem,
1002 2053 1037 2083 ad
1056 2063 1112 2084 cae—

152 2096 220 2124 lum
232 2103 334 2124 tamen
352 2092 499 2123 exstruxit
516 2093 620 2123 villam
632 2095 663 2123 in
674 2094 844 2124 Tusculano
863 2096 1024 2125 visceribus
1042 2106 1113 2125 aera—

156 2138 194 2165 rii
207 2148 216 2170 5
241 2137 319 2165 mihi
332 2145 412 2165 meas
422 2138 521 2164 ruinas
533 2155 541 2168 ‚
552 2145 677 2175 quarum
688 2145 743 2176 ego
755 2134 883 2167 similem
902 2146 997 2168 totam
1007 2138 1113 2167 urbem

88 2176 133 2217 48
154 2176 212 2208 esse
221 2175 316 2218 pass'us
327 2186 390 2206 non
405 2177 468 2206 sum
479 2196 486 2210 ‚
508 2177 656 2216 adspicere
674 2187 738 2207 non
757 2178 863 2208 licuit?
888 2181 1005 2210 Omitto
1016 2180 1111 2209 Gabi—

154 2221 244 2251 nium
261 2229 266 2247 :
298 2218 401 2260 Qid?
425 2219 567 2258 exemplo
591 2227 644 2248 tuo
663 2218 742 2248 bona
761 2228 808 2249 tua
822 2231 925 2250 nonne
950 2223 987 2252 L.
1009 2224 1111 2251 Mum-

157 2262 242 2292 mius
254 2281 262 2294 ,
277 2262 322 2290 vir
332 2260 475 2290 omnium
487 2258 665 2290 fortissimus
676 2280 684 2293 ,
696 2269 781 2300 atque
792 2264 927 2300 optimus
936 2283 944 2296 ‚
957 2265 1111 2294 consecra-

154 2305 200 2334 vit
212 2307 228 2332 ἓν
246 2301 328 2343 quod
338 2300 358 2331 si
368 2304 438 2341 quia
449 2300 483 2331 ad
494 2311 520 2331 te
530 2303 670 2341 pertinet,
683 2311 778 2331 ratum
789 2302 846 2332 effe
859 2314 945 2343 negas
957 2314 1092 2344 oportere
1105 2316 1110 2334 z

156 2355 191 2376 ea
196 2345 262 2385 jura
271 2342 452 2374 constituisti
472 2345 503 2372 in
520 2343 660 2383 praeclaro
670 2343 819 2373 tribunatu
835 2353 897 2377 tuo,
916 2347 1025 2386 quibus
1043 2347 1073 2374 in
1087 2353 1113 2375 te

155 2397 256 2416 conver
268 2397 300 2420 is,
313 2385 467 2417 recusares,
482 2385 556 2414 alios
567 2388 735 2414 everteres?
758 2384 801 2415 sin
812 2385 864 2416 ista
871 2387 1054 2417 consecratio
1069 2388 1112 2416 le-

156 2430 263 2474 gitima
272 2426 330 2457 est:
353 2426 426 2467 quid
436 2426 489 2459 est,
498 2426 579 2467 quod
590 2426 752 2466 profanum
764 2429 796 2456 in
807 2430 864 2457 tuis
876 2428 964 2457 bonis
974 2426 1031 2458 effe
1041 2429 1110 2468 pos-

156 2473 192 2500 iit
204 2475 215 2500 ?
239 2473 287 2500 An
305 2469 490 2499 consecratio
500 2468 622 2498 nullum
642 2468 730 2498 habet
744 2470 792 2507 jus
805 2489 812 2502 ,
833 2469 980 2499 dedicatio
991 2469 1032 2499 est
1043 2471 1112 2500 reli-

157 2513 262 2553 giosa?
286 2510 368 2550 Qud
384 2520 454 2550 ergo
470 2510 523 2540 illa
533 2519 581 2540 tua
599 2518 665 2539 tum
683 2509 842 2541 obtestatio
859 2511 1013 2541 tibicinis?
1037 2511 1110 2553 quid

157 2554 277 2583 toculus
287 2556 298 2582 ἓ
310 2552 383 2593 quid
393 2555 513 2591 preces?
528 2551 600 2592 quid
610 2552 704 2591 prisca
713 2552 802 2582 verba
812 2553 994 2583 voluerunt?
1006 2564 1112 2583 emen-

158 2596 220 2628 tiri,
232 2594 331 2624 fallere
344 2614 352 2627 ‚
363 2594 445 2623 abuti
455 2594 581 2623 deorum
595 2594 814 2624 immortalium
826 2597 954 2625 numine
964 2596 999 2625 ad
1010 2597 1112 2626 homi-

159 2646 236 2666 num
248 2638 390 2665 timorem
401 2635 474 2676 quid
484 2635 631 2665 voluisti?
655 2638 737 2666 Nam
747 2634 767 2665 si
776 2636 819 2666 est
828 2637 903 2667 illud
915 2647 1011 2667 ratum
1022 2648 1027 2667 1
1040 2640 1113 2667 mit-
1134 2645 1135 2655 ¹

157 2686 191 2708 to
206 2677 372 2707 Gabinium
385 2688 390 2705 z
414 2687 462 2707 tua
472 2676 581 2707 domus
593 2677 672 2707 certe
683 2698 692 2711 ‚
713 2678 745 2708 &
757 2679 900 2719 quicquid
910 2679 999 2709 habes
1017 2679 1110 2712 aliud,

158 2719 202 2749 est
212 2720 310 2749 Cereri
320 2719 532 2748 consecratum.
547 2723 564 2745 4
573 2717 617 2749 fin
627 2719 679 2749 ille
689 2720 744 2750 tibi
753 2720 840 2750 ludus
850 2720 921 2755 fuit,
932 2721 1004 2762 quid
1016 2731 1042 2751 te
1054 2723 1113 2751 im*

156 2762 282 2801 purius,
299 2763 350 2800 qui
369 2761 530 2800 religiones
548 2762 821 2802 omneispoilueris
838 2772 887 2792 aut
907 2764 1114 2797 ementiendo,

155 2811 206 2832 aut
219 2801 400 2842 stuprando?
420 2803 487 2843 Jam
498 2802 591 2832 fateor
603 2824 610 2836 ,
634 2804 733 2844 inquit
742 2824 750 2837 ,
772 2806 803 2834 in
814 2805 946 2835 Gabinio
964 2816 1013 2835 me
1033 2805 1116 2836 nefa-

157 2846 238 2875 rium
249 2842 344 2874 fuisse.
369 2846 486 2884 Qppe
497 2844 580 2875 vides
590 2864 598 2878 ‚
613 2854 736 2885 poenam
747 2846 831 2876 illam
844 2845 861 2877 a
871 2856 897 2877 te
916 2849 949 2877 in
959 2847 1053 2878 alium
1065 2850 1114 2877 in-

1133 132 1675 181 CrcERoN1s

1145 215 1276 247 stitutam
1288 236 1296 250 ,
1310 218 1342 246 in
1353 225 1382 246 te
1391 217 1490 257 ipsum
1499 217 1557 249 esse
1567 217 1754 250 conversam.
1778 215 1834 248 Sed
1844 217 1940 248 homo
1951 216 2094 249 omnium
2130 232 2134 233 ⁷

1144 259 1286 289 scelerum
1298 279 1306 291 ‚
1322 257 1563 301 flagitiorumque
1574 260 1795 292 documentum
1806 280 1814 293 ,
1825 260 1907 300 quod
1917 261 1951 289 in
1964 259 2096 290 Gabinio

1141 300 1241 331 fateris
1251 321 1260 334 ,
1274 302 1357 338 cujus
1368 301 1588 341 impudicitiam
1600 304 1732 343 pueritiae
1744 323 1752 336 ‚
1773 302 1915 332 libidines
1926 300 2098 332 adolescen-

1143 345 1201 377 tiae,
1213 342 1340 373 dedecus
1352 363 1359 376 ,
1373 342 1404 372 &
1416 342 1573 384 egestatem
1584 345 1703 386 reliquae
1713 347 1781 374 vitae
1797 365 1805 378 ,
1818 345 2012 374 latrocinium
2022 352 2098 373 con·

1144 386 1251 415 sulatus
1262 384 1398 414 vidimus
1410 396 1415 414 :
1440 387 1537 416 cuine
1551 385 1604 417 ista
1617 387 1741 427 quidem
1754 387 1813 426 ipsa
1825 386 1975 416 calamitas
1986 383 2098 423 injurii

1144 429 1241 467 potuit
1261 427 1407 456 accidere:
1430 427 1462 457 id
1472 429 1504 457 in
1515 437 1566 457 me
1582 429 1738 458 infirmas?
1761 429 1794 459 δε
1805 429 1924 469 gravius
1940 425 1998 456 ess'e
2011 427 2098 460 dicis,

1141 468 1221 509 quod
1231 479 1293 498 uno
1302 468 1497 502 adolescente,
1513 469 1603 510 quam
1614 469 1707 511 quod,
1721 472 1871 500 concione
1882 478 1942 499 tota
1957 467 2038 501 teste,
2051 466 2096 498 fe-

1141 510 1207 540 cisti
1220 513 1230 539 ?
1252 510 1411 540 Dedicatio
1421 520 1572 553 magnam,
1587 513 1698 552 inquit,
1709 511 1796 541 habet
1805 512 1996 550 religionem.
2009 513 2099 540 Non-

1143 563 1180 582 ne
1194 552 1282 582 vobis
1305 554 1409 582 Numa
1427 554 1594 592 Pompilius
1611 553 1729 583 videtur
1745 553 1852 593 loqui?
1875 552 1978 582 discite
1988 554 2098 582 oratio—

1144 604 1214 624 nem
1225 615 1232 628 ,
1244 593 1403 634 pontifices
1414 614 1423 628 ‚
1445 594 1542 625 &vos
1557 593 1694 625 flamines
1707 604 1713 623 t
1737 596 1827 624 etiam
1841 603 1873 624 tu
1895 603 1948 623 rex
1958 613 1966 626 ‚
1988 593 2066 623 disce
2084 593 2101 624 a

1142 637 1247 678 gentili
1258 637 1384 666 homine
1394 645 1446 666 tuo
1460 647 1464 665 :
1479 646 1662 677 quamquam
1673 636 1725 666 ille
1733 644 1854 677 gentem
1865 634 1951 665 istam
1962 635 2098 675 reliquit:

1144 678 1192 708 sed
1207 688 1307 708 tamen
1318 678 1395 708 disce
1405 678 1441 708 ab
1452 679 1579 709 homine
1588 678 1787 719 religionibus
1797 677 1899 708 dedito
1910 697 1918 711 ‚
1928 675 2021 717 justo,
2033 686 2100 707 tum

1143 723 1286 750 omniurn
1298 720 1479 760 religionum
1498 723 1604 760 perito.
1628 720 1730 760 Qd?
1747 722 1780 749 in
1791 719 1979 749 dedicatione
1997 727 2103 748 nonne

1145 762 1177 791 ὃς
1186 764 1254 802 quis
1265 761 1337 791 dicit
1346 782 1354 795 ‚
1365 762 1397 791 &
1407 762 1479 802 quid
1493 781 1501 795 ,
1523 762 1556 792 δε
1565 761 1739 802 quomodo,
1752 763 1912 802 quaeritur?
1935 763 1983 791 An
1993 769 2025 790 tu
2038 761 2101 791 haec

1143 805 1184 833 ita
1197 803 1372 837 confundis,
1385 804 1417 833 &
1427 804 1590 843 pei·turba5‚
1603 812 1645 837 ut,
1658 806 1841 844 quicumque
1850 803 1924 832 velit
1933 822 1942 836 ,
1956 802 2037 842 quod
2047 812 2102 832 ve-

1142 845 1187 878 lit,
1199 844 1355 885 quomodo
1367 846 1456 879 velit,
1469 844 1555 885 poffit
1569 845 1704 875 dedicare
1716 848 1726 874 ?
1750 847 1819 886 quis
1832 854 1892 874 eras
1903 853 1944 877 tu,
1955 845 2008 884 qui
2017 843 2103 874 dedi-

1142 886 1249 916 cabas?
1273 888 1406 926 quojure
1419 889 1430 916 ?
1451 897 1508 928 qua
1518 888 1581 928 lege
1593 890 1603 916 ?
1622 897 1683 928 quo
1697 887 1840 927 exemplo
1851 892 1861 918 ?
1871 896 1929 927 qua
1939 883 2103 926 potestate?

1145 928 1197 958 ubi
1208 936 1236 957 te
1254 927 1302 957 isti
1320 929 1362 957 rei
1372 930 1501 968 populus
1513 931 1607 960 Rom.
1626 927 1815 969 praefecerat?
1839 929 1930 958 video
1947 929 2032 957 enim
2043 925 2102 957 effe

1143 970 1241 1011 legem
1252 978 1385 999 veterem
1399 970 1589 1001 tribunitiam
1599 991 1606 1004 ,
1617 981 1682 1012 quae
1691 980 1770 1001 vetet
1779 989 1786 1003 ,
1798 969 1901 1008 injuffu
1907 968 1989 1011 plebis
1998 968 2100 1002 aedeis,

1144 1020 1262 1045 terram,
1274 1021 1353 1041 aram
1363 1012 1542 1042 consecrare.
1565 1023 1662 1053 neque
1681 1021 1747 1042 tum
1766 1013 1825 1042 hoc
1840 1013 1892 1041 ille
1903 1012 2101 1052 QPapiriuS,

1144 1054 1280 1092 quilianc
1290 1053 1388 1093 legem
1403 1056 1534 1096 rogavit,
1556 1053 1662 1088 sensit,
1680 1064 1778 1094 neque
1787 1054 1946 1093 suspicatus
1956 1052 2017 1085 est,
2037 1051 2104 1082 fore

1143 1095 1312 1134 periculum
1321 1114 1331 1128 ,
1350 1104 1388 1124 ne
1399 1094 1556 1125 domicilia
1567 1116 1575 1129 ,
1595 1105 1642 1126 aut
1651 1094 1844 1135 poffeffiones
1853 1095 2102 1125 indemnatorum

1142 1137 1260 1165 civium
1269 1136 1517 1166 consecrarentur.
1541 1147 1638 1178 neque
1647 1147 1732 1168 enim
1743 1137 1775 1167 id
1786 1136 1850 1167 fieri
1859 1136 1901 1167 fas
1912 1145 1972 1166 erat
1982 1156 1990 1170 ,
2005 1145 2105 1176 neque

1143 1178 1299 1218 quisquam
1311 1176 1433 1211 fecerat,
1456 1188 1553 1219 neque
1565 1188 1624 1208 erat
1632 1179 1715 1209 causa
1726 1198 1734 1212 ,
1759 1189 1812 1209 cur
1825 1178 2017 1218 prohibendo
2038 1187 2104 1207 non

1142 1228 1203 1250 tam
1217 1220 1362 1249 deterrere
1377 1219 1545 1252 videretur,
1563 1229 1656 1260 quam
1665 1220 1816 1249 admonere.
1843 1219 1900 1249 Sed
1917 1221 1988 1259 quia
1998 1219 2103 1249 conse-

1142 1261 1297 1291 crabantur
1308 1260 1385 1291 aedes
1396 1280 1405 1295 ,
1422 1271 1486 1290 non
1496 1264 1680 1301 privatorum
1689 1261 1848 1292 domicilia
1856 1280 1865 1294 ,
1885 1261 1934 1291 sed
1944 1270 2010 1301 quae
2020 1260 2106 1291 sacrae

1142 1304 1340 1332 nominantur
1365 1313 1371 1331 t
1405 1303 1651 1333 consecrabantur
1672 1305 1733 1343 agri
1753 1323 1763 1336 ‚
1804 1312 1870 1333 non
1889 1304 1930 1332 ita
1950 1312 1983 1332 ut
2003 1301 2106 1333 nostra

1142 1344 1252 1385 praedia
1262 1364 1270 1378 ‚
1289 1342 1309 1373 fi
1319 1345 1385 1384 quis
1395 1345 1485 1374 vellet
1497 1365 1505 1378 ,
1529 1345 1577 1375 sed
1589 1354 1622 1375 ut
1640 1347 1802 1385 imperator
1811 1354 1896 1386 agros
1907 1344 1943 1374 de
1964 1343 2103 1374 hostibus

1145 1395 1245 1426 captos
1254 1388 1453 1416 consecraret:
1477 1385 1680 1417 statuebantur
1690 1397 1745 1417 arae
1755 1406 1764 1420 ,
1783 1396 1849 1427 quae
1862 1386 2044 1430 religionem
2058 1384 2105 1416 af-

1142 1428 1265 1461 ferrent,
1277 1428 1342 1468 ipso
1352 1426 1372 1457 si
1385 1428 1454 1458 loco
1471 1426 1565 1458 effent
1574 1429 1770 1458 consecratae:
1795 1431 1867 1461 haec,
1882 1430 1937 1457 nili
1949 1427 2034 1468 plebs
2045 1427 2106 1464 jus-

1145 1468 1231 1503 fiffet,
1244 1468 1308 1500 fieri
1319 1471 1416 1500 vetuit
1429 1489 1438 1502 ,
1454 1479 1520 1509 quae
1530 1468 1590 1500 fitu
1601 1472 1799 1510 interpretaris
1809 1469 1845 1500 de
1856 1468 1966 1500 nostris
1979 1469 2105 1504 aedibus,

1145 1521 1233 1553 atque
1242 1514 1316 1554 agris
1326 1512 1431 1552 scripta
1439 1510 1499 1541 ess'e
1514 1522 1520 1541 :
1543 1522 1607 1542 non
1617 1522 1761 1553 repugno.
1784 1511 1833 1542 sed
1845 1521 1947 1552 quaero
1957 1531 1966 1546 ,
1979 1521 2044 1552 quae
2054 1510 2105 1541 lex

1146 1555 1202 1584 lata
1211 1552 1255 1587 sit,
1269 1562 1301 1584 ut
1312 1562 1343 1584 tu
1356 1553 1447 1583 aedeis
1462 1563 1542 1583 meas
1551 1554 1754 1585 consecrares:
1778 1553 1831 1583 ubi
1842 1554 1896 1583 tibi
1907 1554 1968 1583 haec
1980 1551 2106 1593 potestas

1149 1596 1213 1625 data
1222 1594 1256 1625 sit
1269 1607 1274 1624 :
1290 1605 1351 1636 quo
1357 1596 1424 1635 jure
1431 1594 1548 1625 feceris.
1561 1598 1669 1636 Neque
1680 1605 1735 1637 ego
1745 1605 1827 1625 nunc
1837 1595 1874 1624 de
1884 1595 2042 1636 religione,
2054 1593 2103 1624 sed

1149 1637 1184 1666 de
1196 1637 1285 1666 bonis
1300 1638 1442 1667 omnium
1457 1635 1595 1668 nostrum
1608 1657 1617 1670 ‚
1633 1647 1689 1667 nec
1701 1637 1738 1667 de
1749 1635 1920 1677 pontificio,
1931 1636 1981 1667 sed
1991 1636 2028 1667 de
2038 1636 2108 1675 jure

1148 1678 1272 1718 publico
1280 1678 1481 1718 disputoLex
1489 1681 1601 1719 Papiria
1607 1679 1789 1712 vetat,aedeis
1799 1676 1913 1718 injussu
1922 1678 2019 1718 plebis
2030 1687 2107 1708 con-

1149 1721 1261 1750 secrari.
1283 1722 1327 1751 Sit
1336 1720 1404 1750 sane
1418 1721 1478 1749 hoc
1488 1720 1525 1750 de
1540 1719 1650 1751 nostris
1659 1720 1774 1751 aedibus
1782 1740 1791 1754 ,
1812 1730 1845 1750 ac
1854 1729 1919 1750 non
1930 1719 1966 1749 de
1974 1720 2105 1759 publicis

1150 1762 1281 1802 templis.
1312 1765 1422 1792 Unum
1440 1760 1562 1792 ostende
1586 1762 1715 1792 verbum
1733 1762 1966 1792 consecrationis
1994 1763 2029 1791 in
2046 1760 2110 1800 ipsa

1150 1813 1200 1834 tua
1210 1805 1288 1846 lege:
1312 1802 1333 1833 si
1345 1804 1397 1834 illa
1409 1803 1454 1833 lex
1464 1802 1507 1834 est
1519 1824 1528 1837 ‚
1545 1814 1578 1834 ac
1587 1814 1651 1834 non
1661 1814 1724 1834 vox
1734 1804 1850 1834 sceleris
1861 1823 1869 1836 ‚
1882 1803 1915 1833 δε
1924 1802 2109 1837 crudelitatis

1152 1855 1220 1876 tuae.
1244 1844 1435 1887 Qiodsitibi
1455 1847 1630 1876 tuminillo
1648 1848 1688 1876 rei
1713 1845 1765 1875 ub.
1784 1844 1938 1887 naufragio
1948 1846 2055 1875 omnia
2071 1846 2107 1875 in

1153 1896 1289 1917 mentem
1301 1889 1404 1917 venire
1424 1887 1607 1928 potuissent,
1628 1897 1678 1918 aut
1698 1895 1790 1918 ltuus
1801 1887 1923 1927 scriptor
1941 1889 1975 1917 in
1984 1887 2040 1917 illo
2058 1888 2110 1918 in-

1155 1929 1265 1959 cendio
1282 1930 1412 1960 civitatis
1422 1939 1486 1959 non
1504 1930 1678 1970 syngraphas
1687 1939 1758 1960 cum
1768 1931 1921 1969 Byzantiis
1943 1928 2108 1962 exsulibus,

1157 1971 1189 2001 &
1202 1981 1274 2001 cum
1285 1972 1386 2010 legatis
1398 1972 1487 2013 regiis
1498 1971 1622 2005 faceret,
1637 1971 1687 2002 sed
1695 1981 1791 2002 vacuo
1800 1973 1905 2001 animo
1919 1970 1973 2001 tibi
1983 1970 2037 2001 ista
2046 1980 2111 2001 non

1154 2013 1224 2043 scita
1233 2033 1240 2047 ‚
1261 2013 1310 2044 sed
1320 2023 1455 2053 portenta
1463 2014 1664 2044 conscriberet
1676 2024 1682 2042 t
1699 2011 1771 2043 effes
1780 2015 1887 2043 omnia
1896 2033 1904 2046 ,
1922 2011 1944 2042 fi
1955 2014 2058 2042 minus
2068 2022 2111 2046 re,

1152 2064 1180 2085 at
1188 2055 1287 2085 verbis
1297 2056 1442 2096 legitimis
1457 2055 1643 2086 consecutus.
1666 2056 1722 2087 Sed
1733 2066 1796 2086 uno
1807 2064 1943 2095 tempore
1956 2056 2113 2086 cautiones

1156 2096 1266 2127 fiebant
1272 2099 1467 2137 pecuniarum
1477 2117 1485 2131 ,
1496 2097 1607 2128 foedera
1615 2096 1799 2128 feriebantur
1808 2097 2033 2137 provinciarum
2045 2115 2054 2130 ‚
2065 2106 2114 2126 re-

1154 2149 1227 2179 gum
1237 2140 1452 2179 appellationes
1460 2140 1580 2169 venales
1592 2149 1673 2170 erant
1684 2160 1692 2173 ‚
1709 2140 1863 2170 servorum
1873 2140 2016 2169 omnium
2033 2139 2114 2168 vica-

1155 2182 1211 2211 tim
1231 2181 1431 2212 celebrabatur
1449 2190 1512 2211 tota
1524 2181 1596 2212 urbe
1609 2181 1787 2221 descriptio,
1805 2183 1926 2211 inimici
1945 2182 1977 2210 in
1986 2181 2109 2220 gratiam

1154 2223 1433 2254 reconciliabantur.
1458 2226 1472 2250 5
1495 2225 1619 2263 imperia
1640 2223 1878 2253 adscribebantur
1894 2232 1981 2252 novae
1999 2222 2010 2260 j
2015 2230 2111 2251 uven-

1155 2267 1222 2299 tuti,
1234 2267 1351 2306 QSeio
1361 2275 1516 2296 venenum
1528 2265 1638 2295 misero
1648 2265 1801 2304 parabatur
1811 2283 1819 2296 ‚
1839 2263 1875 2293 de
1886 2265 1939 2293 Cn.
1951 2262 2109 2302 Pompeio,

1154 2316 1375 2347 propugnatore
1387 2327 1396 2340 ,
1415 2307 1448 2336 δε
1467 2305 1590 2345 custode
1609 2307 1747 2345 imperii,
1767 2303 1978 2334 interficiendo
1989 2301 2114 2334 consilia

1155 2348 1316 2380 inibantur,
1329 2348 1445 2377 senatus
1455 2346 1568 2386 nequid
1578 2345 1660 2380 esset,
1672 2356 1704 2376 ut
1714 2347 1848 2387 lugerent
1858 2347 1932 2376 boni
1943 2346 2068 2385 semper,
2079 2353 2112 2376 ut

1153 2396 1234 2427 capta
1247 2388 1362 2426 respub.
1375 2388 1535 2417 consulum
1546 2387 1730 2427 proditione,
1740 2390 1771 2418 vi
1785 2388 1940 2419 tribunitia
1949 2396 2112 2417 teneretur.

1156 2432 1228 2459 Haec
1238 2428 1310 2458 cum
1321 2438 1375 2463 tot,
1387 2439 1524 2470 tantaque
1536 2439 1708 2470 agerentur:
1725 2440 1789 2460 non
1803 2431 1916 2459 mirum
1927 2428 1979 2462 est,
1993 2429 2113 2469 praeser-

1157 2472 1212 2500 tim
1222 2472 1254 2500 in
1264 2470 1363 2500 furore
1373 2473 1485 2504 animi,
1509 2471 1542 2501 &
1552 2474 1680 2501 caecitate
1697 2472 1793 2502 multa
1803 2472 1892 2500 illum
1903 2491 1911 2505 ,
1932 2471 1965 2501 &
1981 2480 2009 2501 te
2024 2469 2114 2500 fefel-

1156 2511 1230 2542 liffe.
1255 2516 1293 2542 At
1302 2513 1414 2546 videte,
1425 2522 1535 2554 quanta
1550 2516 1596 2542 vis
1610 2511 1643 2542 sit
1652 2514 1740 2551 hujus
1751 2513 1871 2553 Papiriae
1882 2513 1966 2553 legis,
1979 2515 2012 2542 in
2020 2523 2050 2542 re
2062 2512 2114 2542 tali

1155 2553 1169 2574 ⁶
1184 2564 1248 2584 non
1259 2556 1379 2595 qualem
1389 2565 1420 2585 tu
1431 2554 1528 2587 affers,
1540 2555 1656 2584 sceleris
1665 2556 1797 2594 plenam,
1807 2554 1840 2584 &
1851 2555 1960 2585 suroris
1974 2575 1982 2589 ,
1991 2556 2119 2594 Q.Mar-,

1155 2599 1218 2627 cius
1229 2617 1236 2630 ,
1250 2597 1354 2627 censor
1364 2617 1374 2630 ‚
1391 2595 1507 2637 signum
1518 2597 1696 2627 Concordiae
1707 2595 1816 2627 fecerat
1824 2617 1832 2631 ,
1846 2596 1937 2637 idque
1948 2599 1980 2626 in
1990 2595 2115 2636 publico

1155 2639 1330 2672 collocarat,
1351 2640 1410 2669 hoc
1423 2638 1540 2680 signum
1559 2641 1592 2669 C.
1606 2636 1718 2668 Cassius
1737 2639 1843 2669 censor
1859 2638 1932 2668 cum
1950 2640 1984 2668 in
2000 2640 2116 2668 curiam

1156 2679 1366 2714 transtulisset,
1387 2682 1550 2722 collegium
1561 2679 1694 2711 vestrum
1706 2681 1875 2713 consuluit,
1889 2679 2040 2721 numquid
2057 2677 2116 2709 effe

1158 2733 1210 2752 cau
1216 2724 1249 2753 sae
1258 2723 1419 2756 videretur,
1430 2733 1506 2764 quin
1515 2723 1546 2753 id
1560 2721 1687 2764 fignum,
1698 2725 1869 2763 curiamque
1877 2721 2053 2752 Concordiae
2062 2720 2116 2750 de-

1159 2764 1276 2794 dicaret.
1301 2766 1427 2805 Qaeso,
1446 2763 1602 2804 pontifices
1613 2784 1622 2799 ,
1644 2765 1853 2794 &hominem
1867 2774 1939 2794 curn
1955 2763 2063 2792 homine
2081 2761 2115 2791 δε

1158 2816 1275 2846 tempus
1297 2817 1367 2837 cum
1380 2815 1517 2849 tempore,
1540 2807 1571 2836 &
1582 2817 1647 2836 rem
1657 2817 1726 2837 cum
1741 2817 1768 2835 re
1781 2815 1960 2845 compat-ate.
1983 2805 2037 2834 Ille
2056 2812 2118 2834 ciat

1158 2848 1276 2879 summa
1289 2848 1448 2882 modestia,
1464 2848 1496 2878 &
1506 2851 1646 2890 gravitate
1656 2848 1761 2879 censor
1773 2858 1779 2877 ι
1802 2849 1852 2877 hic
1863 2847 1999 2877 tribunus
2008 2845 2116 2916 plelbis‚

1999 2888 2044 2918 sce
2058 2897 2117 2922 ere,

166 2947 2110 2967 Μ

198 2994 222 3011 1.
242 2988 303 3012 Date
315 2988 375 3025 ¹huic
385 2988 486 3019 religioni
504 2989 594 3014 aditum
611 2990 765 3024 Pontifices]
789 2991 884 3026 Longe
895 2990 989 3017 melius
1010 2991 1043 3017 fic
1053 2991 1113 3017 Pii.

158 3029 255 3053 nonus,
268 3023 326 3048 Eri.
338 3023 445 3049 Gembl.
457 3033 534 3058 quam
550 3025 687 3059 vulgatum
700 3037 705 3052 :
719 3029 781 3052 Date
790 3027 816 3052 de
826 3029 870 3053 hac
880 3029 984 3061 religione
993 3027 1094 3053 aditum.

196 3066 223 3084 2.
244 3059 333 3084 Valebit
343 3059 497 3092 adinjuriam
506 3062 612 3095 nomem]
639 3061 697 3088 Pal.
709 3071 792 3089 nonus
803 3064 829 3089 &
843 3064 871 3090 S.
882 3063 954 3090 Viti.
967 3062 1065 3090 valebit
1074 3067 1114 3089 in-

150 3094 240 3126 jum'a5
262 3093 333 3121 forte
343 3098 368 3120 in
377 3098 478 3129 injuria.

1194 3000 1223 3025 4.
1242 2997 1283 3019 Sin
1292 2994 1328 3019 illc
1337 2994 1380 3018 tibi
1389 2991 1540 3026 ludus-suin]
1561 2991 1712 3018 pronomen
1723 2992 1766 3016 tibi
1781 2989 1916 3024 adjeftum
1927 2999 1960 3017 ex
1972 2990 2120 3027 Turingico

1160 3038 1190 3055 ac
1211 3029 1268 3055 Pal.
1289 3038 1369 3055 nono.

1199 3073 1224 3097 5.
1243 3067 1345 3098 Imperia
1355 3065 1549 3097 adstribebantur
1557 3063 1771 3097 mauja-remma]
1792 3062 1936 3089 Lambinus
1948 3072 1996 3099 pro
2007 3063 2121 3099 imperio

1161 3100 1262 3127 delevit
1280 3110 1343 3127 ποτα
1352 3103 1477 3134 juventuti
1489 3119 1496 3132 ,
1516 3101 1543 3126 &
1555 3100 1678 3136 syllabam
1690 3107 1817 3135 praetcrea
1832 3099 1951 3126 detraxit
1961 3098 1992 3126 ab
2002 3099 2120 3133 adscribe·

140 3149 146 3153 .
194 3137 207 3164 3
215 3149 220 3155 .
239 3133 330 3156 Duflus
340 3141 368 3157 ex
376 3131 491 3158 nonnul&
498 3138 605 3158 veterum
614 3135 763 3169 temporum]
788 3134 887 3163 Nihilo
905 3134 978 3173 pejus
988 3134 1071 3164 iidem
1081 3135 1116 3162 li-
1162 3138 1262 3163 bantur.
1282 3136 1444 3163 Gulielmius
1454 3135 1597 3163 conabatur
1606 3143 1693 3172 potius
1704 3144 1766 3161 nora
1775 3136 1925 3169 eju-uenture.

154 3162 195 3190 bri
200 3172 360 3198 perveterum.

1200 3173 1229 3200 6.
1247 3177 1299 3200 Non
1309 3175 1399 3208 qualem
1408 3180 1435 3199 tu
1445 3174 1552 3208 Λάβης]
1573 3172 1687 3209 Turiug.
1697 3172 1724 3198 ὃ(
1736 3171 1793 3199 Pal.
1804 3181 1900 3204 nonus,
1910 3171 2001 3207 uffa-ris.
2039 3209 2074 3233 Μ
2101 3205 2107 3211 .

1996 3215 2020 3234 ι.
2071 3213 2119 3239 agn·

2119 515 2165 549 49

2125 1687 2174 1718 50

2133 2770 2175 2802 51
