2297 3389
515 137 773 183 Onu-io
811 146 876 180 tu
912 117 1389 181 L.CA·1·11.11{1AM
1425 132 1650 180 PR1MA.

100 219 206 261 uisque
224 219 409 251 moverunt?
431 216 527 260 pate‘re
535 224 587 247 rua
598 216 711 257 consilia
729 225 792 247 non
805 215 896 246 sentis
913 218 926 245 ἓ
938 214 1066 246 constri-

102 261 184 292 &am
195 263 257 300 jam
275 263 418 292 omnium
436 261 547 289 horum
566 259 748 289 conscientia
767 259 862 288 teneri
879 257 1066 296 conjuratio-

102 313 176 333 nem
188 312 270 334 tuam
280 313 345 333 non
353 301 437 332 vides
448 305 460 331 ἓ
473 300 546 342 quid
553 302 694 341 proxima
704 319 712 334 ‚
727 298 801 340 quid
812 299 963 339 superiore
974 297 1066 328 nolite

101 348 196 386 egeris
208 365 216 380 ,
236 345 287 375 ubi
295 344 388 374 fueris
398 362 406 377 ³
418 352 494 384 quos
505 344 737 375 convocaveri5‚
762 340 835 382 quid
850 339 968 370 consilii
977 349 1064 379 cepe-

99 389 152 420 ris,
166 396 257 428 quem
267 383 405 416 nostrum
414 387 549 427 ignorare
560 384 708 415 arbitraris
718 386 731 412 ἓ
751 385 777 412 O
791 391 926 422 tempora
938 401 946 416 ‚
963 380 984 412 ὂ
995 391 1065 411 mo—

100 438 147 458 res
161 431 166 458 1
186 431 310 459 Senatus
320 427 551 468 haecintelligit,
573 424 771 457 consulvidet
783 435 788 453 :
800 425 848 454 hic
864 433 965 454 tamen
975 424 1061 454 vivit.

102 473 113 490 ¹
126 472 231 500 Vivit?
246 467 348 499 immo
361 468 434 499 verb
454 471 545 499 etiam
565 470 599 498 in
618 468 754 499 senatum
771 468 856 497 vcnit
869 477 874 496 :
895 464 929 496 fit
948 465 1063 506 publici

100 510 219 542 consilii
231 513 392 551 particeps:
407 520 492 542 notat
500 531 509 546 ‚
531 511 564 541 &
573 508 705 552 designat
723 509 820 540 oculis
838 508 873 539 ad
894 508 1007 538 caedem
1028 517 1062 537 u-

100 563 176 583 rium
199 562 330 594 nemque
339 551 490 583 nostrum.
513 555 581 583 Nos
592 561 708 586 autem,
729 552 788 581 viri
796 549 889 581 fortes
899 549 1063 580 satisfacere

97 596 183 634 reipu
207 595 272 625 licae
290 594 432 625 videmur
441 615 449 629 ‚
462 593 482 625 fi
494 594 578 625 istius
592 593 727 625 furorem
737 613 745 627 ‚
761 603 793 623 ac
802 592 859 622 tela
868 592 1002 621 vitemus.
1015 590 1061 621 Ad

100 646 234 667 mortem
244 645 282 670 te,
293 637 504 671 Catilina.duci
514 640 528 657 ²
540 636 617 673 juffu
624 635 768 669 consulis,
778 634 960 675 jampridem
971 642 1062 672 opor-

101 678 181 709 tebat
193 688 198 707 :
217 680 250 708 in
261 687 289 709 te
298 678 429 709 conferri
439 678 553 720 pestem
563 678 649 710 istam
658 698 667 712 ,
688 678 860 718 quamtum
871 685 928 705 nos
937 676 1059 704 omneis

56 733 66 737 -
94 719 216 761 jamdiu
225 722 471 752 machinaris-An
479 719 552 752 vero
561 723 608 751 vir
615 717 824 760 ampliffimus,
835 718 1062 756 P.sci·pi0‚pon-

99 761 176 793 tifex
186 765 356 797 maximus,
376 765 426 794 Ti.
438 764 607 794 Gracchum
619 782 627 795 .
640 760 833 791 mediocriter
842 757 1061 797 t'abefastantem

98 802 209 835 statum
218 805 400 845 reipublicae,
411 807 542 846 privatus
552 803 703 834 interfecit
715 801 893 832 :Catilinam
905 799 976 830 verb
988 820 996 834 ‚
1010 809 1059 830 or-

98 844 172 877 bem
181 855 262 877 terrae
272 847 363 881 caede,
372 856 457 888 atque
465 845 616 877 incendiis
625 843 737 875 vastare
761 844 935 883 cupientem
947 862 956 876 ‚
980 845 991 870 3
1004 851 1061 872 nos

99 889 238 919 consules
246 888 515 929 perferemus?nam
525 888 577 917 illa
586 888 680 917 nimis
690 887 811 927 antiqua
821 883 1061 926 praetereo‚quod

98 935 117 956 4
128 931 320 970 Qervilius
338 930 432 960 Ahala
445 932 493 970 Sp.
506 930 637 959 Melium
649 948 658 963 ,
669 929 759 959 novis
769 927 856 957 rebus
866 925 1037 957 studentem
1046 946 1055 959 ,

99 981 194 1002 manu
203 973 252 1003 sua
260 969 381 1002 occidit.
394 973 474 1005 Fuit,
484 970 543 1002 fuit
552 970 605 1001 ista
611 969 767 1012 quondam
777 970 809 999 in
820 970 872 999 hac
880 978 940 1009 rep.
952 969 1058 1002 virtus,

98 1023 133 1044 ut
139 1015 197 1044 viri
207 1013 299 1044 fortes
307 1013 473 1044 acrioribus
481 1014 635 1054 suppliciis
644 1014 736 1042 civem
746 1011 929 1051 perniciosum
937 1031 946 1044 ,
967 1020 1058 1052 quam

98 1053 320 1086 acerbiffimum
337 1054 456 1086 hostem
478 1057 662 1086 coercerent.
685 1057 701 1082 5
714 1054 870 1084 Habemus
880 1054 963 1083 enim
973 1053 1059 1083 sena—

96 1092 316 1128 tusconsultum
326 1098 360 1127 in
369 1106 410 1131 te,
423 1098 561 1131 Catilina,
570 1097 747 1130 vehemens,
759 1096 791 1126 &
801 1104 896 1137 grave:
907 1104 970 1125 non
979 1093 1060 1124 deest

96 1138 214 1179 reipub.
224 1138 386 1170 confilium
398 1160 406 1173 ,
424 1149 523 1181 neque
544 1138 704 1170 auaoritas
721 1139 812 1178 hujus
833 1137 966 1167 ordinis:
980 1146 1036 1166 nos
1048 1156 1057 1171 ,

59 1196 80 1221 2
96 1180 237 1216 n0s‚dico
246 1181 356 1222 aperte,
368 1181 486 1221 consules
492 1181 630 1222 desumus.
653 1181 799 1211 Decrevit
807 1179 961 1221 quondam
976 1179 1057 1208 sena-

96 1230 144 1253 tus
154 1243 162 1256 ‚
180 1232 211 1254 ut
221 1225 257 1254 L.
267 1225 410 1263 Opimius
418 1224 524 1254 consul
533 1223 658 1257 videret,
669 1222 784 1263 nequid
794 1232 822 1251 re
828 1222 867 1261 sp.
881 1221 1056 1251 detrimenti

93 1274 219 1305 caperet.
238 1275 303 1296 nox
312 1265 397 1296 nulla
405 1264 566 1297 intercessit
577 1277 585 1299 3
595 1264 771 1296 interfectus
785 1263 828 1294 est
837 1272 957 1303 propter
971 1263 1056 1303 quas-

93 1306 166 1337 dam
177 1306 363 1338 seditionum
373 1307 555 1349 suspiciones
563 1306 580 1327 ⁶
588 1310 618 1338 C.
623 1308 782 1340 Gracchus,
793 1303 952 1336 clarissimo
961 1314 1053 1345 patre,

93 1358 152 1379 avo
161 1368 169 1382 ‚
188 1348 372 1388 majoribus:
394 1350 508 1380 occisus
520 1349 562 1380 est
580 1359 644 1378 cum
653 1347 742 1378 libera
759 1349 803 1377 M.
815 1348 940 1377 Fulvius
950 1367 958 1380 ‚
979 1356 1054 1376 con—

94 1389 207 1422 sularis.
229 1392 330 1421 Simili
348 1390 604 1422 senatusconsulto
615 1411 624 1424 ‚
647 1393 682 1421 C.
694 1391 793 1420 Mario
804 1409 812 1423 ‚
832 1390 909 1419 &L.
920 1388 1053 1422 Valerio,

96 1442 179 1463 coss.
191 1430 329 1473 permissa
337 1430 380 1462 est
388 1433 461 1473 resp.
473 1442 550 1463 nun-i
561 1442 660 1463 unum
668 1431 751 1462 diem
760 1430 862 1472 postea
870 1433 907 1461 L.
920 1432 1055 1461 Saturni-

95 1483 174 1505 num
185 1494 194 1508 ,
216 1474 373 1509 tribunum
382 1475 422 1516 pl.
436 1475 469 1505 &
484 1479 499 1504 7
508 1477 541 1506 C.
550 1474 715 1506 Servilium
729 1482 887 1514 praetorem
897 1492 907 1506 .
930 1482 1012 1503 mors
1022 1482 1055 1503 ac

92 1517 167 1556 reip.
176 1526 267 1557 poena
275 1525 422 1547 remorata
430 1515 472 1547 est
482 1520 496 1546 ἓ
515 1520 555 1548 At
565 1526 623 1547 nos
634 1514 813 1546 vicesimum
820 1517 884 1555 jam
902 1514 985 1545 diem
1002 1525 1052 1555 pa-

91 1559 188 1588 timur
205 1557 337 1598 hebescere
351 1559 444 1589 aciem
459 1559 572 1590 horum
591 1558 786 1589 auaoiitatis.
812 1557 958 1588 habemus
967 1558 1052 1587 enim

95 1600 272 1640 hujusmodi
286 1600 798 1635 senatusconsultum‚verumtamen
810 1600 962 1630 inclusum
972 1601 1004 1629 in
1014 1608 1056 1630 ta-

92 1641 172 1672 bulis
176 1654 185 1677 3
197 1637 212 1661 ⁸
221 1652 359 1683 tanquam
370 1644 403 1673 in
411 1645 519 1685 vagina
528 1643 729 1676 reconditum:
741 1651 803 1684 quo
813 1651 852 1673 ex
863 1641 1054 1672 senatuscon-

90 1683 170 1714 sulto
177 1683 340 1716 confestim
351 1684 545 1716 interfeemm
555 1694 583 1716 te
592 1683 660 1718 effe,
672 1686 801 1716 Catilina
809 1704 818 1718 ,
827 1685 984 1716 convenit.
999 1685 1053 1714 Vi-

92 1726 150 1755 vis:
161 1726 194 1756 &
203 1728 283 1756 vivis
291 1736 355 1757 non
364 1726 399 1757 ad
409 1726 634 1767 deponendam,
646 1726 695 1757 sed
704 1726 739 1758 ad
749 1724 993 1758 confirmandam
1000 1735 1053 1755 au—

88 1766 217 1798 daciam.
228 1770 411 1808 Cupio,P.C.
425 1779 474 1801 me
484 1767 543 1800 effe
552 1769 724 1799 clementem.-
732 1770 823 1809 cupio
834 1770 868 1798 in
877 1770 966 1798 tantis
975 1769 1049 1808 reip.

90 1810 234 1849 periculis
245 1820 311 1840 non
325 1809 504 1841 dissolutum
518 1811 631 1842 videri:
654 1811 703 1841 sed
717 1811 781 1850 jam
794 1820 844 1841 me
854 1810 954 1851 ipsum
971 1812 1051 1841 iner-

90 1853 138 1881 tiae
150 1870 158 1885 ‚
180 1853 383 1893 nequitiaeque
401 1853 586 1884 condemno.
606 1852 703 1884 Castra
719 1853 829 1884 suntin
847 1852 935 1883 Italia
951 1860 1054 1882 contra

89 1893 202 1934 Remp.
222 1895 255 1923 in
271 1896 396 1924 Etruriae
404 1893 542 1928 faucibus
551 1895 696 1925 collocata
708 1905 713 1924 :
724 1895 828 1925 crescit
837 1895 870 1924 in
880 1894 943 1924 dies
953 1892 1053 1934 fingu-

87 1935 135 1966 los
148 1935 284 1966 hostium
294 1945 441 1966 numerus
454 1947 459 1966 :
475 1946 583 1968 eorum
597 1946 699 1968 autern
719 1938 934 1977 imperatorem
944 1935 1053 1967 castro-

128 2055 153 2073 ι.
173 2049 241 2072 Vivit
251 2051 262 2073 ἓ
271 2049 314 2071 imo
323 2046 380 2071 verb
391 2049 461 2071 eriam
469 2050 496 2071 in
505 2050 616 2071 Senatum
626 2045 719 2078 venia]
740 2045 797 2071 Pal.
809 2045 858 2071 lec.
869 2054 920 2071 non
932 2043 1052 2079 agnoscit

85 2083 168 2108 etiam.
183 2081 250 2108 sext.
261 2082 289 2108 id
300 2082 389 2113 habet,
399 2081 441 2108 sed
453 2081 565 2108 exclusit
575 2082 641 2106 verb.
662 2081 690 2106 &
702 2089 761 2107 ineo
774 2080 878 2115 judicio
888 2080 1049 2106 alterutrum

85 2118 170 2145 abesse
178 2125 286 2154 poterat
299 2138 306 2150 ‚
326 2117 344 2144 si
356 2128 407 2144 non
419 2125 574 2152 uti-unique.
595 2126 656 2144 iiam
668 2115 726 2142 sani:
739 2117 795 2143 Pal.
807 2126 891 2143 nonus
903 2115 992 2142 scribit
1007 2118 1050 2141 imb
1073 2129 1075 2138 .

86 2155 142 2180 verb
153 2158 233 2181 etiam.
253 2152 323 2190 quod
335 2154 399 2180 &in
411 2152 473 2180 edd.
483 2153 599 2188 antiquis
611 2163 617 2180 ι
638 2152 705 2180 adeo
717 2160 747 2179 ut
759 2172 768 2186 ,
778 2162 812 2180 ex
824 2154 941 2180 variante
952 2151 1050 2178 leffio-

87 2199 120 2217 ne
132 2210 141 2222 ,
161 2190 263 2226 liqueat
274 2191 358 2216 ferme
368 2189 401 2216 de
412 2189 560 2216 mendacio.

123 2235 152 2252 ι.
169 2227 241 2261 Juffic
251 2226 373 2261 confidas-‚J
394 2226 484 2252 Minus
503 2224 611 2252 iuvidiae
630 2223 739 2252 haberet
753 2224 841 2251 oratio
853 2244 861 2257 ,
882 2224 900 2251 fi
915 2224 1051 2260 legeretur

86 2263 214 2297 causulum.

123 2307 136 2334 3
145 2319 151 2325 .
170 2302 228 2333 ‘Kos
236 2297 515 2332 confitlespctfiremurffl
536 2297 594 2324 Pal.
604 2296 672 2324 sext.
681 2297 787 2331 perferre
798 2301 808 2324 ?
827 2306 880 2323 non
891 2296 929 2323 ita
938 2297 1029 2332 inepti:
1042 2305 1050 2327 5

86 2343 120 2361 ne
130 2334 195 2370 quid
205 2335 277 2361 aliud
289 2333 384 2360 dicani.

121 2378 150 2403 4.
170 2372 332 2406 &ser-vilius
340 2370 446 2403 Ahalas]
464 2368 556 2404 Pigius
567 2368 635 2395 libro
648 2377 699 2395 111.
709 2368 779 2395 Fast.
791 2368 875 2394 Rom.
886 2367 965 2394 docet
976 2367 1063 2394 resti-⁷

86 2406 216 2433 tuendum
227 2410 255 2432 C.
265 2408 442 2437 Servilius-,nos
453 2405 533 2431 secuti
543 2404 630 2432 sumus
642 2405 805 2441 exemplaria
814 2404 910 2440 scripta
922 2423 931 2435 ,
951 2404 977 2430 in
989 2405 1051 2439 qui-

87 2442 135 2468 bus
154 2443 290 2473 altei·um;
311 2442 358 2469 nili
377 2441 448 2478 quod
463 2441 552 2468 sextus
562 2442 618 2477 ejus
629 2441 689 2468 loco
700 2441 825 2474 haberet,
850 2442 935 2468 ecum
952 2440 1054 2476 virgula

86 2478 278 2515 superjacente.

127 2524 153 2549 5.
172 2517 292 2541 Habemus·
300 2517 360 2540 enim
368 2513 448 2548 620]
470 2512 589 2540 Passec.
608 2514 727 2539 Habemm
744 2513 812 2539 verb.
832 2513 949 2540 alterurn
964 2520 1052 2539 tamen

88 2559 208 2579 remanet
217 2552 245 2578 in
255 2551 349 2577 ceteriS
362 2551 455 2577 nostris
467 2569 474 2582 ‚
487 2550 553 2576 iterii
564 2549 752 2576 Gulielm'ianis
766 2568 774 2581 ,
794 2557 907 2585 excepto
917 2549 1054 2578 Fabricia-

88 2597 124 2651 ‘1³⁷⁰
134 2587 232 2650 {pfimae
244 2587 389 2614 vetustatis.
415 2587 539 2614 Muretus
550 2594 638 2613 tamen
649 2585 767 2613 affirmat
780 2605 788 2618 ‚
800 2585 933 2613 veteribus
944 2584 996 2612 suis
1005 2584 1054 2612 ab·

106 2633 130 2651 ui
155 2634 180 2650 c.

123 2661 152 2687 6.
163 2660 318 2686 caract-lma·
327 2660 446 2692 clarrffimo
451 2665 535 2692 patre,
549 2667 608 2689 ατο,
618 2658 775 2693 majoribus]
799 2657 878 2685 Hanc
887 2656 1055 2685 emendatio-

88 2705 149 2724 nem
160 2695 207 2723 diu
218 2695 254 2722 est
268 2694 340 2730 quod
352 2694 491 2722 venditant
510 2695 606 2722 Carrio
626 2694 672 2721 lib.
687 2703 710 2720 i.
722 2694 820 2730 Antiq.
840 2693 920 2721 Lect.
940 2703 998 2730 cap.
1012 2702 1054 2728 17.

38 2741 43 2745 '
89 2732 198 2760 modius
218 2731 335 2767 Epistola
350 2740 379 2758 ν.
398 2731 568 2767 Novantiqq.
589 2730 732 2767 habuitque
749 2730 817 2756 item
835 2730 863 2757 iii
884 2730 982 2757 schedis
1003 2729 1055 2757 suis

89 2768 254 2796 Gulielmius
266 2777 274 2798 5
293 2774 505 2804 annotatumque
524 2767 562 2793 ita
581 2767 692 2793 omnino
713 2767 766 2802 legi
787 2767 813 2793 in
824 2766 930 2792 Uverd.
942 2776 995 2803 quo
1004 2776 1054 2802 pu-

89 2811 119 2831 to
136 2803 266 2841 designari
287 2803 424 2840 exemplar
435 2805 462 2830 S.
474 2803 590 2830 Victoris
601 2812 683 2841 prope
694 2802 818 2831 Parisios.
838 2801 946 2839 vulgata
959 2812 969 2834 3
985 2810 1056 2836 patre

91 2848 165 2868 nami·
175 2861 184 2874 ‚
211 2840 266 2866 avis
279 2859 287 2871 ,
306 2841 447 2875 majurihue.

125 2889 155 2917 7.
173 2884 202 2907 C.
210 2882 339 2907 Servilium
345 2887 464 2914 pretorem
473 2888 534 2905 mors
545 2887 575 2905 ae
584 2881 644 2912 reip.
660 2886 731 2912 poena
745 2885 863 2905 mmor-ata
882 2881 919 2905 εῐὶ
928 2878 962 2912 2]
984 2878 1028 2905 Est
1039 2878 1054 2904 a

88 2924 204 2951 quatuor
215 2916 353 2948 Palatinis,
371 2916 438 2942 item
450 2915 631 2942 Gemblacensi
642 2916 670 2941 δε
681 2915 780 2941 Colon.
793 2916 849 2941 imo
859 2925 911 2942 non
921 2914 1000 2941 aliter
1011 2923 1056 2940 ve-

91 2953 184 2980 tustius
195 2952 256 2979 cusi.
276 2953 436 2979 recentiores
447 2952 518 2978 enirn
531 2971 539 2984 ,
550 2954 579 2977 C.
588 2954 715 2978 Servilium
725 2960 786 2978 mors
796 2960 824 2977 ac
835 2954 971 2985 reip.poena
982 2969 991 2983 ,
1001 2951 1052 2982 &a

89 2988 215 3016 Lambini
224 2988 377 3015 emendatio
387 2988 536 3025 longissime
545 2987 601 3014 abit
611 2989 626 3014 a
637 2987 725 3014 libris.

126 3029 154 3056 8.
173 3034 294 3063 Tanquam
311 3032 337 3055 in
354 3030 473 3064 vagina]
499 3028 635 3056 Palatinus
654 3028 744 3055 nullus
763 3026 855 3054 habuit
867 3028 1055 3063 praetereagla·

89 3065 154 3092 tffum
164 3084 174 3097 ‚
184 3065 239 3091 imo
249 3075 281 3091 ne
292 3065 376 3092 editio
386 3064 495 3102 quidem
506 3073 718 3091 cccCLxxxul.
737 3063 822 3090 servat
832 3070 921 3090 tamen
932 3064 1053 3091 omnium

89 3102 186 3137 prima.
207 3100 249 3127 sed
259 3110 306 3127 nec
314 3101 350 3128 est
361 3102 387 3128 in
401 3101 501 3128 Mureti
515 3121 522 3134 ‚
534 3100 693 3127 Lambinive
704 3099 783 3127 codd.
794 3099 897 3135 scriptis
909 3108 917 3130 3
940 3100 996 3126 imo
1006 3108 1054 3126 nec

91 3138 166 3165 flitt.
177 3144 223 3163 aut
233 3136 437 3163 Uverd.voccm
454 3146 511 3163 eam
530 3135 670 3165 admisere.
690 3137 783 3173 itaque
800 3135 942 3164 delendam
961 3135 1053 3173 putavi

90 3183 152 3202 cum
162 3172 312 3201 Gulielmio
321 3181 352 3200 ac
361 3173 486 3201 Mamurio
495 3173 616 3210 Nepote.

1960 144 2055 196 395

1105 223 1173 244 rum
1185 235 1193 249 ‚
1213 215 1382 257 ducemque
1396 214 1531 246 hostium
1544 235 1553 249 ,
1568 216 1644 245 intra
1657 212 1793 247 moenir,
1813 214 1829 240 9
1838 219 1925 253 atque
1942 212 2016 242 adeo
2027 214 2061 243 in

1109 257 1207 288 senatu
1219 258 1358 288 videmus
1369 278 1378 292 ‚
1394 257 1555 294 intestinam
1562 257 1694 298 aliquam
1703 254 1840 298 quotidie
1849 254 1997 295 perniciem
2005 255 2060 283 rei-

1103 297 1171 336 pub.
1183 300 1375 330 molientem.
1397 303 1429 330 Si
1439 300 1535 339 tejam
1549 319 1557 333 ,
1570 299 1698 330 Catilina
1708 319 1718 332 ,
1729 296 1966 337 comprehendi,
1979 293 1999 325 si
2011 298 2060 325 in-

1104 338 1199 380 terfici
1210 341 1216 376 1'
1221 340 1317 371 uss'ero
1328 352 1335 370 :
1345 342 1434 372 credo
1445 361 1454 375 ‚
1466 343 1522 372 erit
1530 340 1697 372 verendum
1708 340 1786 370 mihi
1797 359 1806 373 ‚
1815 349 1854 369 ne
1863 348 1928 368 non
1936 338 1993 368 hoc
2002 347 2060 378 po-

1104 382 1165 410 tius
1177 391 1285 412 omnes
1296 383 1466 422 bonisen‘as
1475 383 1491 413 a
1502 393 1550 414 me
1564 403 1572 417 ‚
1585 383 1677 424 quam
1691 383 1850 424 quisquam
1868 378 2006 410 crudelitas
2015 378 2061 410 fa-

1103 419 1188 466 &um
1199 421 1257 452 effe
1267 424 1376 455 dicant.
1390 428 1503 454 Verum
1514 435 1569 467 ego
1581 426 1649 459 hoc,
1660 424 1742 466 quod
1751 422 1933 464 jampridem
1941 420 2060 452 faetum

1102 461 1159 492 esse
1178 467 1331 506 oportuit,
1350 475 1428 496 certa
1448 466 1484 496 de
1502 467 1587 497 causa
1605 467 1746 497 nondum
1755 465 1886 496 adducor
1895 474 1926 495 ut
1935 463 2053 494 faciam.

1105 506 1134 524 ¹⁰
1144 505 1342 547 tumdenique
1351 505 1530 538 interficiam
1542 517 1569 538 te
1581 528 1589 541 ,
1601 507 1743 548 cumjam
1756 517 1851 538 nemo
1870 516 1930 536 tam
1940 507 2057 546 impro-

1101 546 1157 576 bus
1167 567 1175 581 ‚
1196 556 1257 577 tam
1266 548 1400 587 perditus
1411 568 1419 582 ‚
1441 557 1502 578 tarn
1514 551 1557 579 tui
1567 548 1672 579 similis
1682 551 1813 580 inveniri
1824 550 1933 589 poterit
1944 568 1952 581 .
1965 547 2058 589 quiid

1102 598 1164 619 non
1172 589 1358 634 jarefaostum
1369 588 1426 620 ess'e
1435 589 1570 620 fateatur.
1585 591 1739 632 Qamdiu
1749 592 1905 632 quisquam
1917 592 1973 620 erit
1982 609 1990 623 ‚
2003 590 2058 630 qui

1101 638 1129 660 te
1146 630 1308 661 defendere
1325 631 1450 665 audeat,
1473 633 1574 661 vives:
1594 632 1626 662 &
1638 635 1721 662 vives
1732 635 1770 663 ita
1781 653 1789 666 ‚
1811 642 1843 663 ut
1863 642 1945 662 nunc
1957 633 2055 665 vivrs,

1102 673 1207 703 multis
1220 675 1313 707 meis,
1337 673 1370 703 &
1380 672 1477 704 firmis
1490 672 1632 713 praesidiis
1647 673 1759 714 obfcffm
1770 694 1778 708 ‚
1802 684 1839 704 ne
1861 682 2059 704 commovere

1100 722 1127 744 te
1142 724 1245 746 contra
1254 725 1351 756 remp.
1362 714 1461 756 possis.
1485 716 1655 745 multorum
1666 725 1692 745 te
1703 718 1792 746 etiam
1808 716 1908 749 oculi,
1929 716 1962 746 δε
1971 723 2055 745 aures

1100 766 1165 786 non
1177 757 1358 788 sentientem
1368 778 1376 791 .
1396 756 1469 787 sicut
1478 757 1574 787 adhuc
1583 756 1718 787 fecerunt
1727 776 1735 790 ,
1756 757 1982 796 speculabuntur
1994 777 2002 790 ,
2013 765 2058 787 at-

1099 807 1157 838 que
1166 798 1345 830 custodient.
1369 801 1493 832 Etenim
1504 799 1577 840 quid
1589 798 1632 829 est
1642 819 1650 833 ,
1668 799 1796 833 Catilina
1807 818 1816 831 ,
1829 799 1909 839 quod
1918 809 1980 838 jam
1991 809 2079 842 :im-3

1097 839 1178 879 plius
1197 841 1348 882 exspeStes
1360 862 1369 875 ,
1388 839 1408 871 si
1422 851 1518 883 neque
1538 850 1604 871 nox
1612 840 1744 871 tenebris
1764 843 1788 860 ¹¹
1801 841 1954 871 obscurare
1963 849 2058 871 coetus

1099 881 1229 912 nefarios
1241 903 1249 917 ‚
1273 894 1329 914 nec
1348 884 1461 924 privata
1474 883 1585 913 domus
1602 882 1763 922 parietibus
1780 884 1937 912 continere
1950 891 2059 912 vocem

1099 925 1319 964 conjurationis
1337 934 1393 956 tuae
1412 924 1530 965 potest?
1550 928 1578 945 ¹²
1599 923 1620 954 si
1638 923 1840 957 illustrantur,
1859 922 1879 953 si
1897 932 2060 963 erumpunt

1099 968 1225 996 omnia?
1244 970 1331 998 Muta
1342 968 1406 1007 jam
1416 966 1502 997 istam
1515 975 1667 997 mentem:
1688 965 1863 996 mihicrede
1878 975 1883 994 1
1899 965 2061 995 oblivisce-

1099 1018 1128 1038 re
1142 1008 1229 1039 caedis
1240 1029 1249 1043 ‚
1271 1018 1357 1050 atque
1367 1010 1594 1040 incendiorum.
1619 1007 1728 1039 teneris
1744 1007 1896 1048 undique:
1918 1007 1983 1036 luce
1993 1007 2062 1037 sunt

1099 1051 1223 1081 clariora
1233 1052 1322 1082 nobis
1334 1060 1383 1082 tua
1396 1049 1520 1081 consilia
1529 1052 1634 1081 emnia
1649 1061 1655 1079 :
1674 1060 1740 1092 quae
1752 1051 1842 1080 etiam
1857 1058 1980 1079 mecum
1991 1049 2062 1079 licet

1096 1093 1276 1133 recognofim.
1298 1093 1510 1123 Meministine
1520 1113 1529 1128 ,
1544 1097 1573 1120 ¹3
1586 1103 1635 1123 irie
1645 1102 1713 1123 ante
1723 1092 1808 1122 diem
1821 1101 1886 1122 ΧΗ.
1911 1090 2061 1120 Kalendas

1099 1135 1254 1165 Novemb.
1278 1135 1376 1166 dicere
1390 1137 1424 1165 in
1442 1136 1542 1166 senatu
1553 1154 1562 1169 ‚
1592 1144 1672 1165 certo
1684 1134 1733 1165 die
1749 1133 1815 1164 fore
1833 1135 1866 1163 in
1878 1134 1968 1163 armis
1980 1152 1988 1166 ‚
2008 1133 2061 1172 qui

1096 1176 1159 1206 dies
1169 1176 1288 1208 futurus
1300 1177 1375 1209 esset
1390 1181 1420 1205 ¹4
1429 1187 1497 1208 ante
1510 1177 1593 1207 diem
1605 1177 1725 1207 vnKal.
1737 1175 1940 1206 Novembreis
1952 1195 1960 1209 ‚
1987 1178 2014 1202 ¹5
2025 1177 2060 1205 C.

1098 1219 1251 1250 Manlium
1264 1240 1272 1253 ,
1291 1220 1419 1251 audaciae
1439 1220 1598 1250 satellitem
1611 1240 1620 1252 ‚
1641 1228 1728 1260 atque
1751 1216 1963 1248 administrum
1981 1219 2052 1247 tuae?

1097 1271 1171 1292 num
1184 1271 1232 1291 me
1241 1261 1352 1292 fefellit
1360 1262 1509 1302 „Catilina
1519 1281 1528 1296 ,
1541 1271 1607 1292 non
1615 1259 1711 1292 modo
1723 1270 1768 1290 res
1779 1269 1871 1292 tanta,
1887 1269 1947 1290 tam
1958 1268 2055 1292 atrox,

1095 1312 1157 1333 tam
1175 1303 1363 1334 incredibilis
1380 1324 1388 1338 ‚
1413 1304 1520 1334 verum
1532 1323 1540 1337 ‚
1561 1304 1592 1334 id
1603 1303 1685 1344 quod
1695 1302 1899 1343 multomagis
1910 1300 1951 1331 est
1961 1300 2060 1331 admi-

1095 1344 1222 1375 randum
1235 1365 1244 1380 ‚
1267 1345 1351 1376 dies?
1372 1348 1450 1376 Dixi
1461 1356 1516 1387 ego
1527 1345 1609 1377 idem
1622 1348 1654 1376 in
1673 1345 1774 1375 senatu
1786 1364 1795 1378 ‚
1817 1343 1930 1374 caedem
1943 1351 1970 1373 te
1980 1344 2060 1382 opti-

1096 1397 1212 1418 matum
1224 1386 1384 1418 contuliss'e
1396 1390 1430 1418 in
1438 1398 1506 1418 ante
1516 1388 1599 1418 diem
1612 1399 1642 1418 v.
1655 1386 1803 1418 Kalendas
1817 1388 1900 1415 Nov.
1912 1394 1977 1414 tum
1987 1384 2059 1415 cum

1097 1430 1187 1460 multi
1207 1431 1359 1470 principes
1376 1432 1505 1460 civitatis
1532 1432 1634 1460 Roma
1651 1439 1717 1460 non
1731 1428 1845 1468 tamsm‘
1858 1425 2054 1467 confirmandi.

1092 1471 1184 1512 quam
1203 1480 1326 1503 tuorum
1347 1470 1548 1504 consiliorum
1571 1470 1834 1513 reprimendorum
1852 1469 1936 1500 causa
1956 1467 2061 1509 profu-

1091 1523 1208 1555 gerunt.
1240 1516 1327 1544 Num
1346 1513 1471 1545 infitiari
1489 1523 1573 1554 potes
1587 1535 1595 1547 ,
1612 1522 1638 1544 te
1651 1514 1706 1543 illo
1724 1512 1789 1553 ipso
1800 1512 1850 1542 die
1869 1512 1945 1541 meis
1964 1508 2061 1551 praesi·

1095 1557 1172 1589 diis,
1196 1565 1264 1587 mea
1283 1556 1441 1597 diligentia
1457 1556 1709 1589 circumclusum,
1736 1562 1934 1584 commovere
1945 1561 1972 1582 te
1985 1562 2062 1582 con-

1095 1607 1136 1628 tra
1143 1608 1239 1638 remp.
1251 1608 1315 1628 non
1325 1596 1456 1638 potuiss'e
1468 1618 1476 1632 ‚
1496 1597 1571 1629 cum
1581 1607 1613 1628 tu
1625 1594 1750 1628 discessu
1759 1604 1929 1627 ceterorum
1941 1614 1950 1628 ,
1962 1593 2062 1632 nostra

1094 1649 1196 1671 tamen
1207 1660 1215 1674 ,
1239 1642 1291 1681 qui
1301 1637 1539 1670 remansissemus
1549 1660 1558 1674 ,
1579 1640 1660 1670 caede
1669 1647 1851 1669 contentum
1868 1646 1895 1667 te
1909 1635 1967 1666 esse
1979 1636 2062 1666 dice-

1094 1682 1144 1713 bas
1157 1685 1168 1711 ?
1188 1681 1215 1702 ¹⁶
1227 1682 1330 1724 Qud?
1349 1681 1422 1713 cum
1433 1690 1494 1713 tute
1508 1681 1654 1713 Praeneste
1671 1680 1816 1711 Kalendis
1828 1677 1894 1720 ipsis
1912 1681 1995 1708 Nov.
2008 1688 2060 1708 oc-

1092 1733 1272 1764 cupaturum
1292 1723 1446 1754 nodhuno
1467 1726 1583 1764 impetu
1603 1722 1661 1755 efle
1686 1720 1870 1754 confideres:
1896 1718 2060 1754 sensistine,

1094 1768 1178 1797 illam
1189 1767 1343 1797 coloniam
1355 1776 1426 1796 meo
1436 1764 1516 1806 juffu
1528 1786 1537 1799 ,
1561 1767 1638 1796 meis
1655 1763 1797 1805 praefidiis
1808 1784 1816 1797 ‚
1835 1762 1980 1794 custodiis
1992 1782 2001 1796 ,
2014 1763 2063 1792 vi-

1093 1809 1232 1851 giliisque
1243 1806 1301 1838 effe
1322 1808 1489 1838 munitam?
1514 1808 1603 1838 Nihil
1620 1810 1682 1850 agis
1693 1827 1701 1841 ‚
1724 1806 1803 1837 nihil
1814 1806 1933 1836 moliris
1949 1824 1957 1839 ‚
1980 1804 2059 1834 nihil

1094 1852 1206 1893 cogitas
1218 1871 1226 1885 ‚
1247 1850 1329 1891 quod
1343 1860 1399 1892 ego
1429 1854 1456 1879 ¹7
1470 1860 1535 1880 non
1546 1849 1641 1880 modo
1653 1859 1718 1879 non
1736 1848 1856 1880 audiam
1867 1868 1876 1881 ‚
1900 1846 1950 1877 sed
1967 1848 2060 1876 etiam

1093 1904 1158 1923 non
1168 1892 1288 1923 videam
1299 1913 1306 1926 ‚
1319 1892 1469 1933 planeque
1479 1892 1614 1922 sentiam.
1644 1890 1839 1931 Recognosce
1858 1888 1982 1920 tandem
1993 1898 2059 1918 me·
2078 1899 2100 1930 4

1093 1945 1165 1966 cum
1179 1934 1265 1966 illam
1276 1934 1463 1975 superiorem
1473 1933 1610 1965 nostem·
1639 1934 1704 1974 jam
1722 1932 1873 1973 intelliges
1888 1930 2060 2002 multo-lme

1933 1982 1996 2013 vrgi
2011 1982 2060 2002 are

1129 2052 1159 2079 9.
1177 2048 1269 2077 exitque
1279 2044 1332 2068 adeo
1341 2046 1366 2067 in
1377 2046 1464 2067 Senam
1473 2041 1606 2074 videmus]
1630 2039 1708 2066 Haud
1719 2040 1798 2066 aliter
1809 2039 1933 2065 Palatini.
1944 2046 1971 2065 at
1983 2039 2059 2066 Hitt.

1095 2081 1122 2106 &
1135 2081 1160 2104 U
1169 2078 1242 2105 verd.
1253 2079 1340 2104 videtis
1353 2098 1361 2110 ‚
1381 2077 1451 2113 quod
1462 2077 1563 2118 placuit
1575 2076 1725 2103 Gulielmio
1737 2095 1744 2107 ‚
1757 2083 1787 2101 ut
1797 2084 1828 2101 eo
1840 2074 1923 2110 inagis
1933 2082 2062 2110 arguatur

1095 2116 1233 2142 Ciceronis
1248 2115 1364 2150 ignavia,
1375 2113 1447 2149 quod
1459 2118 1590 2139 leiiatores
1603 2112 1695 2139 vident
1708 2112 1737 2137 &a
1747 2111 1819 2138 taciti
1833 2111 2042 2147 reprehendi-int.

1133 2160 1174 2178 10.
1194 2156 1249 2176 Tum
1260 2151 1355 2184 denique
1364 2152 1506 2184 inteffficiam
1517 2150 1563 2184 nn]
1578 2149 1654 2175 Nihil
1666 2148 1697 2175 ab
1714 2148 1760 2174 hac
1770 2147 1926 2174 dissentiunt
1937 2147 2005 2174 Pan.
2016 2147 2061 2174 sed

1095 2187 1198 2223 Lipsius
1210 2187 1278 2213 libro
1290 2195 1340 2212 111.
1351 2188 1414 2212 Var.
1430 2185 1508 2211 Le&
1520 2195 1575 2221 cap.
1587 2193 1634 2211 υ..
1654 2183 1761 2211 Modius
1782 2184 1863 2219 Epist.
1875 2193 1904 2209 v.
1918 2183 2060 2220 prodidere

1095 2226 1190 2250 restare
1207 2224 1234 2250 in
1256 2222 1358 2258 scriptis
1380 2221 1430 2248 suis
1445 2241 1453 2253 ,
1472 2224 1622 2256 interficiere.
1643 2221 1794 2257 reperitque
1804 2221 1830 2246 in
1841 2219 1941 2246 Colon.
1952 2220 2061 2247 Guliel-

1095 2261 1175 2292 mius,
1193 2258 1352 2295 videturque
1364 2257 1505 2284 modestius
1516 2267 1546 2284 ac
1555 2258 1687 2293 grai-itate
1698 2256 1830 2283 consulari
1840 2254 1960 2291 dignius.

1133 2305 1173 2322 11.
1194 2296 1322 2329 obscurare
1336 2301 1404 2320 extus
1413 2294 1544 2328 nefarios]
1568 2294 1760 2328 Zinzerlingus
1782 2292 1870 2319 noster
1889 2292 2059 2328 promulsidis

1094 2341 1150 2367 cap.
1161 2339 1209 2366 43.
1219 2331 1288 2357 eruit
1299 2334 1313 2357 e
1324 2331 1473 2366 Turingico
1484 2329 1574 2356 codice
1585 2337 1671 2362 coeptus
1680 2331 1729 2362 nef.
1747 2328 1926 2354 declinatione
1945 2337 2038 2364 quarta
2049 2338 2060 2360 ς

1093 2369 1120 2394 ὃ(
1133 2369 1170 2394 ita
1199 2376 1286 2403 uoque
1298 2366 1366 2393 Pall.
1377 2367 1458 2393 nostri
1471 2374 1601 2402 quatuor:
1614 2366 1657 2391 sed
1669 2366 1726 2402 plus
1737 2365 1839 2391 roboris
1851 2364 1886 2392 est
1897 2364 1924 2392 in
1937 2365 2059 2401 vulgato.

1094 2377 1315 2440 nequeci'equendi
1326 2402 1387 2429 libri
1400 2410 1501 2429 veteres
1515 2422 1523 2434 ,
1544 2402 1589 2429 nisi
1602 2402 1644 2428 ubi
1657 2403 1683 2428 Sc
1696 2402 1764 2428 ratio
1775 2408 1864 2436 urget.

1135 2449 1178 2468 12.
1197 2443 1223 2465 Si
1231 2440 1407 2473 Abstra-ntum]
1428 2439 1535 2465 Nonius
1554 2440 1698 2471 lustrantur.
1716 2438 1830 2465 alterum
1842 2444 1930 2464 tamen
1944 2436 2022 2464 restat
2032 2436 2060 2465 in

1095 2476 1155 2539 mssd
1164 2476 1269 2504 nostris.
1289 2475 1396 2502 Modins
1407 2474 1434 2501 d.
1447 2474 1563 2511 Epistola
1575 2483 1599 2501 ν.
1610 2474 1719 2509 conjicit
1730 2494 1738 2507 ,
1757 2475 1903 2507 elustranmr
1915 2492 1923 2506 ,
1946 2483 1999 2501 uon
2010 2473 2058 2500 ab·

1097 2514 1139 2540 sui·
1159 2522 1184 2539 e.

1135 2558 1177 2586 ¹3·
1196 2553 1239 2576 M«.-
1248 2548 1373 2575 antediem
1383 2549 1499 2575 xii.Kal.
1510 2547 1677 2581 Nowemhresj
1698 2545 1798 2573 Colon.
1818 2544 1887 2571 liber·
1898 2564 1906 2577 ‚
1925 2554 1959 2570 me
1976 2547 2061 2571 inante

1091 2591 1162 2617 diem.
1185 2584 1349 2628 αρχαϊιιῶς,
1370 2587 1403 2614 sic
1414 2586 1568 2623 Propertius
1582 2596 1588 2612 t
1608 2588 1652 2611 Hic
1662 2586 1777 2611 dominam
1788 2585 1885 2616 exemplo
1890 2591 1966 2616 ponat
1974 2587 2059 2610 inante

1094 2639 1179 2656 meam.
1200 2629 1307 2657 laudant
1324 2627 1432 2655 Medius
1445 2635 1475 2652 ac
1493 2625 1668 2651 Gulielmius.
1688 2619 1769 2651 ndstri
1781 2622 1849 2649 Pall.
1861 2623 1918 2649 heic
1927 2623 1993 2650 nihil
2004 2623 2059 2650 dis-

1095 2674 1205 2702 crepant
1223 2668 1238 2692 :i
1260 2665 1375 2700 vulgatis
1387 2675 1392 2691 :
1419 2662 1461 2688 scd
1471 2660 1551 2688 infra
1562 2661 1648 2687 statim
1659 2669 1751 2687 omnes
1762 2659 1859 2685 habent
1872 2678 1880 2690 ,
1897 2662 1924 2685 in
1933 2667 1988 2686 ante
1998 2661 2058 2686 diem

1098 2711 1154 2729 lix.
1165 2703 1266 2728 Kalend.
1277 2702 1388 2727 Novemb.
1403 2699 1449 2726 nisi
1460 2696 1531 2734 quod
1543 2696 1610 2723 sext.
1620 2700 1646 2723 in
1657 2704 1712 2723 ante
1721 2697 1780 2721 diem
1791 2704 1816 2722 v.
1827 2697 1929 2722 Kalend.
1939 2698 2055 2723 Novemb.

1094 2737 1160 2765 adeo
1170 2747 1200 2765 ut
1209 2738 1293 2764 difflo
1303 2747 1333 2763 ea
1343 2736 1400 2763 heic
1410 2744 1516 2771 quoque
1526 2732 1693 2760 admittenda
1704 2731 1837 2758 videatur.

1135 2781 1176 2808 14.
1196 2779 1272 2802 eAme
1281 2774 1339 2799 diem
1349 2783 1365 2798 v
1372 2782 1379 2799 i
1387 2770 1633 2806 ‚Kalend.‘1={3·vemb.]
1648 2767 1732 2805 Qod
1742 2767 1919 2804 discreparent
1930 2768 2058 2800 Palatini„

1095 2810 1123 2836 δε
1133 2810 1199 2837 hanc
1207 2810 1279 2836 diem
1290 2809 1392 2836 Manlio
1403 2807 1549 2834 adstrueret
1559 2805 1695 2833 Sallustius
1708 2824 1716 2836 ,
1735 2803 1894 2840 auctorique
1913 2805 2001 2831 nostro
2013 2812 2055 2831 et-

1095 2846 1147 2872 iam
1158 2845 1316 2873 adscriberet
1326 2844 1475 2871 Priscianus
1487 2862 1496 2874 ,
1515 2842 1579 2875 ejeci
1591 2841 1727 2877 vulgatum
1738 2841 1810 2877 prius
1824 2850 1880 2867 iix.
1891 2841 1992 2867 Kalend.
2005 2844 2056 2866 Nu-

1093 2884 1171 2909 ·vemb.
1182 2883 1258 2918 hujus
1269 2882 1307 2908 rei
1317 2881 1445 2908 indicium
1456 2878 1539 2905 debeo
1549 2877 1704 2915 praeceptori
1713 2886 1772 2904 mco
1785 2876 1866 2914 Justo
1877 2876 1967 2913 Liplio
1979 2896 1988 2909 ‚
2008 2876 2054 2913 qui

1094 2918 1246 2946 consulatur
1256 2918 1304 2944 lib.
1319 2927 1360 2944 ii.
1371 2919 1434 2943 Var.
1445 2915 1508 2941 Ιεξὶ.
1520 2924 1575 2951 cap.
1589 2922 1616 2950 3.

1133 2964 1142 2981 1
1150 2964 1176 2988 5.
1195 2957 1223 2981 C.
1234 2953 1382 2987 Manlium]
1404 2951 1505 2988 Lipsius
1525 2950 1553 2977 d.
1564 2951 1622 2977 loco
1633 2950 1700 2986 legit
1710 2953 1724 2976 ὲ
1737 2948 1794 2975 mss.
1806 2948 1856 2975 suis
1867 2951 1980 2975 Mallium
1990 2968 1999 2980 ,
2010 2947 2053 2976 sed

1093 2991 1212 3018 nostri&
1223 2989 1398 3017 Gulieliniani
1408 2989 1522 3015 alierum
1533 2994 1643 3014 tuentur
1654 3006 1662 3020 ‚
1682 2993 1777 3023 praetor
1798 2985 1905 3012 unicum
1924 2984 2054 3012 (sembla-

1093 3026 1195 3053 censern
1210 3046 1217 3058 ‚
1235 3034 1265 3053 ut
1275 3025 1414 3053 annotavit
1423 3024 1596 3050 Gulielmius.

1131 3072 1140 3089 ι
1147 3063 1174 3089 6.
1193 3064 1259 3096 Qid
1266 3062 1317 3088 cam
1327 3069 1375 3087 mre
1383 3062 1507 3093 Praeneste,
1516 3060 1582 3094 „iq-cn]
1596 3059 1715 3086 Multum
1726 3057 1860 3085 vetustatis
1871 3057 1933 3084 huic
1943 3056 2054 3093 periodo

1092 3098 1196 3126 accessit
1209 3119 1216 3130 ‚
1236 3104 1359 3124 revocata
1368 3097 1462 3123 vocula
1473 3103 1499 3122 m
1508 3095 1714 3123 el‘all.d=10bns
1725 3095 1753 3121 ὃ(
1766 3095 1840 3120 Hitt.
1850 3103 1880 3120 :ic
1891 3092 1994 3119 Uverd.

1132 3142 1176 3169 17.
1195 3138 1247 3160 Non
1257 3133 1318 3159 mod&
1326 3143 1371 3159 non
1380 3133 1478 3159 audiam
1490 3152 1497 3164 ,
1509 3133 1554 3166 sed
1571 3134 1642 3158 etiam
1659 3141 1704 3157 non
1713 3130 1835 3164 videam]
1858 3128 2051 3165 obtemperavi

1089 3170 1192 3207 scriptis
1204 3169 1280 3199 libris
1291 3169 1394 3206 Cujacii
1407 3187 1416 3203 ,
1427 3177 1543 3233 quoDrp'ni
1552 3168 1676 3196 meminit
1685 3167 1733 3196 lib.
1744 3175 1801 3194 311.
1812 3165 1925 3194 observ.
1936 3174 1992 3200 cap.
2004 3172 2051 3213 ἓξ

1511 3222 1514 3228 .
1561 3213 1578 3231 2
1937 3210 1961 3230 i.
1981 3204 2051 3228 sau.-
