<?xml version="1.0" encoding="UTF-8"?>
<!DOCTYPE html PUBLIC "-//W3C//DTD XHTML 1.0 Transitional//EN"
    "http://www.w3.org/TR/xhtml1/DTD/xhtml1-transitional.dtd">
<html xmlns="http://www.w3.org/1999/xhtml" xml:lang="en" lang="en">
 <head>
  <title>
</title>
<meta http-equiv="Content-Type" content="text/html;charset=utf-8" />
  <meta name='ocr-system' content='tesseract 3.04.00' />
  <meta name='ocr-capabilities' content='ocr_page ocr_carea ocr_par ocr_line ocrx_word'/>
</head>
<body>
  <div class='ocr_page' id='page_1' title='image "./mtuliiciceroniso00cice/mtuliiciceroniso00cice_0388.png"; bbox 0 0 2295 3400; ppageno 0'>
   <div class='ocr_carea' id='block_1_1' title="bbox 133 2869 1146 2921">
    <p class='ocr_par' dir='ltr' id='par_1_1' title="bbox 133 2869 1146 2921">
     <span class='ocr_line' id='line_1_1' title="bbox 133 2869 1146 2921; baseline -0.008 -14"><span class='ocrx_word' id='word_1_1' title='bbox 133 2888 147 2921; x_wconf 83' lang='lat'><em>3</em></span> <span class='ocrx_word' id='word_1_2' title='bbox 160 2887 171 2911; x_wconf 93' lang='lat'>1</span> <span class='ocrx_word' id='word_1_3' title='bbox 195 2885 292 2918; x_wconf 86' lang='lat' dir='ltr'>grum.</span> <span class='ocrx_word' id='word_1_4' title='bbox 316 2874 357 2905; x_wconf 91' lang='lat' dir='ltr'>est</span> <span class='ocrx_word' id='word_1_5' title='bbox 366 2872 567 2905; x_wconf 73' lang='grc'><strong>661105106115,</strong></span> <span class='ocrx_word' id='word_1_6' title='bbox 578 2871 723 2906; x_wconf 61' lang='grc'><strong>6611111611,</strong></span> <span class='ocrx_word' id='word_1_7' title='bbox 740 2871 1002 2906; x_wconf 71' lang='grc'><strong>66111101111011031,</strong></span> <span class='ocrx_word' id='word_1_8' title='bbox 1016 2869 1077 2912; x_wconf 73' lang='lat' dir='ltr'>quo</span> <span class='ocrx_word' id='word_1_9' title='bbox 1087 2871 1146 2900; x_wconf 90' lang='lat' dir='ltr'>hoc</span> 
     </span>
    </p>
   </div>
   <div class='ocr_carea' id='block_1_2' title="bbox 180 125 1093 192">
    <p class='ocr_par' dir='ltr' id='par_1_2' title="bbox 180 125 1093 192">
     <span class='ocr_line' id='line_1_2' title="bbox 180 125 1093 192; baseline -0.001 -18"><span class='ocrx_word' id='word_1_10' title='bbox 180 127 274 192; x_wconf 79' lang='lat'>318</span> <span class='ocrx_word' id='word_1_11' title='bbox 599 125 1093 176; x_wconf 68' lang='lat' dir='ltr'>MTuLLxx</span> 
     </span>
    </p>
   </div>
   <div class='ocr_carea' id='block_1_3' title="bbox 174 205 1171 2874">
    <p class='ocr_par' dir='ltr' id='par_1_3' title="bbox 174 205 1164 1164">
     <span class='ocr_line' id='line_1_3' title="bbox 176 205 1135 250; baseline -0.005 -11"><span class='ocrx_word' id='word_1_12' title='bbox 176 208 250 239; x_wconf 78' lang='lat' dir='ltr'>cum</span> <span class='ocrx_word' id='word_1_13' title='bbox 262 216 306 240; x_wconf 86' lang='lat' dir='ltr'>tot</span> <span class='ocrx_word' id='word_1_14' title='bbox 317 207 441 240; x_wconf 75' lang='lat' dir='ltr'>testibus</span> <span class='ocrx_word' id='word_1_15' title='bbox 452 211 617 250; x_wconf 70' lang='lat' dir='ltr'>coarguare,</span> <span class='ocrx_word' id='word_1_16' title='bbox 629 216 713 248; x_wconf 80' lang='lat' dir='ltr'>potes</span> <span class='ocrx_word' id='word_1_17' title='bbox 727 207 763 237; x_wconf 87' lang='lat' dir='ltr'>de</span> <span class='ocrx_word' id='word_1_18' title='bbox 774 207 968 238; x_wconf 82' lang='lat' dir='ltr'>damnatione</span> <span class='ocrx_word' id='word_1_19' title='bbox 980 205 1135 236; x_wconf 87' lang='lat' dir='ltr'>dubitare?</span> 
     </span>
     <span class='ocr_line' id='line_1_4' title="bbox 177 246 1136 289; baseline -0.002 -10"><span class='ocrx_word' id='word_1_20' title='bbox 177 249 293 280; x_wconf 80' lang='lat' dir='ltr'>Verum</span> <span class='ocrx_word' id='word_1_21' title='bbox 306 271 313 284; x_wconf 87' lang='lat'>‚</span> <span class='ocrx_word' id='word_1_22' title='bbox 326 250 344 280; x_wconf 88' lang='lat' dir='ltr'>si</span> <span class='ocrx_word' id='word_1_23' title='bbox 353 261 468 281; x_wconf 85' lang='lat' dir='ltr'>crimen</span> <span class='ocrx_word' id='word_1_24' title='bbox 481 252 536 280; x_wconf 85' lang='lat' dir='ltr'>hoc</span> <span class='ocrx_word' id='word_1_25' title='bbox 547 249 700 279; x_wconf 69' lang='lat' dir='ltr'>metuebas</span> <span class='ocrx_word' id='word_1_26' title='bbox 711 268 718 282; x_wconf 89' lang='lat'>‚</span> <span class='ocrx_word' id='word_1_27' title='bbox 740 252 845 289; x_wconf 87' lang='lat' dir='ltr'>nequis</span> <span class='ocrx_word' id='word_1_28' title='bbox 854 250 903 279; x_wconf 86' lang='lat' dir='ltr'>abs</span> <span class='ocrx_word' id='word_1_29' title='bbox 913 257 941 278; x_wconf 84' lang='lat' dir='ltr'>te</span> <span class='ocrx_word' id='word_1_30' title='bbox 952 246 1136 288; x_wconf 74' lang='lat' dir='ltr'>suppositum</span> 
     </span>
     <span class='ocr_line' id='line_1_5' title="bbox 177 290 1136 333; baseline -0.003 -11"><span class='ocrx_word' id='word_1_31' title='bbox 177 291 237 322; x_wconf 80' lang='lat' dir='ltr'>effe</span> <span class='ocrx_word' id='word_1_32' title='bbox 245 292 355 322; x_wconf 86' lang='lat' dir='ltr'>diceret</span> <span class='ocrx_word' id='word_1_33' title='bbox 364 313 372 324; x_wconf 87' lang='lat'><em>.</em></span> <span class='ocrx_word' id='word_1_34' title='bbox 385 295 435 333; x_wconf 87' lang='lat' dir='ltr'>qui</span> <span class='ocrx_word' id='word_1_35' title='bbox 446 302 500 331; x_wconf 86' lang='lat' dir='ltr'>pro</span> <span class='ocrx_word' id='word_1_36' title='bbox 509 293 680 331; x_wconf 73' lang='lat' dir='ltr'>archipirata</span> <span class='ocrx_word' id='word_1_37' title='bbox 690 291 782 320; x_wconf 82' lang='lat' dir='ltr'>securi</span> <span class='ocrx_word' id='word_1_38' title='bbox 793 290 929 320; x_wconf 78' lang='lat' dir='ltr'>feriretur</span> <span class='ocrx_word' id='word_1_39' title='bbox 941 301 945 319; x_wconf 90' lang='lat'>:</span> <span class='ocrx_word' id='word_1_40' title='bbox 958 299 1059 320; x_wconf 88' lang='lat' dir='ltr'>utrum</span> <span class='ocrx_word' id='word_1_41' title='bbox 1071 299 1136 319; x_wconf 88' lang='lat' dir='ltr'>tan-</span> 
     </span>
     <span class='ocr_line' id='line_1_6' title="bbox 180 331 1134 371; baseline -0.004 -7"><span class='ocrx_word' id='word_1_42' title='bbox 180 333 250 364; x_wconf 89' lang='lat' dir='ltr'>dem</span> <span class='ocrx_word' id='word_1_43' title='bbox 264 334 317 364; x_wconf 89' lang='lat' dir='ltr'>tibi</span> <span class='ocrx_word' id='word_1_44' title='bbox 328 334 362 363; x_wconf 84' lang='lat' dir='ltr'>ad</span> <span class='ocrx_word' id='word_1_45' title='bbox 372 331 576 369; x_wconf 75' lang='lat' dir='ltr'>defensionem</span> <span class='ocrx_word' id='word_1_46' title='bbox 591 332 706 362; x_wconf 73' lang='lat' dir='ltr'>firmius</span> <span class='ocrx_word' id='word_1_47' title='bbox 722 331 786 362; x_wconf 81' lang='lat' dir='ltr'>fore</span> <span class='ocrx_word' id='word_1_48' title='bbox 803 331 908 371; x_wconf 84' lang='lat' dir='ltr'>putasti</span> <span class='ocrx_word' id='word_1_49' title='bbox 920 352 928 365; x_wconf 89' lang='lat'>‚</span> <span class='ocrx_word' id='word_1_50' title='bbox 948 334 982 361; x_wconf 90' lang='lat' dir='ltr'>in</span> <span class='ocrx_word' id='word_1_51' title='bbox 997 331 1114 371; x_wconf 82' lang='lat' dir='ltr'>judicio</span> <span class='ocrx_word' id='word_1_52' title='bbox 1126 351 1134 363; x_wconf 87' lang='lat'>‚</span> 
     </span>
     <span class='ocr_line' id='line_1_7' title="bbox 180 374 1136 416; baseline -0.003 -12"><span class='ocrx_word' id='word_1_53' title='bbox 180 375 284 405; x_wconf 65' lang='lat' dir='ltr'>coa&amp;u</span> <span class='ocrx_word' id='word_1_54' title='bbox 295 396 303 409; x_wconf 94' lang='lat'><em>‚</em></span> <span class='ocrx_word' id='word_1_55' title='bbox 327 385 411 416; x_wconf 86' lang='lat' dir='ltr'>atque</span> <span class='ocrx_word' id='word_1_56' title='bbox 427 374 586 416; x_wconf 74' lang='lat' dir='ltr'>efflagitatu</span> <span class='ocrx_word' id='word_1_57' title='bbox 604 384 674 404; x_wconf 89' lang='lat' dir='ltr'>meo</span> <span class='ocrx_word' id='word_1_58' title='bbox 684 394 691 407; x_wconf 87' lang='lat'><em>,</em></span> <span class='ocrx_word' id='word_1_59' title='bbox 710 374 871 413; x_wconf 86' lang='lat' dir='ltr'>producere</span> <span class='ocrx_word' id='word_1_60' title='bbox 881 374 915 403; x_wconf 88' lang='lat' dir='ltr'>ad</span> <span class='ocrx_word' id='word_1_61' title='bbox 926 375 1047 414; x_wconf 87' lang='lat' dir='ltr'>ignotos</span> <span class='ocrx_word' id='word_1_62' title='bbox 1058 380 1136 402; x_wconf 72' lang='lat' dir='ltr'>tanto</span> 
     </span>
     <span class='ocr_line' id='line_1_8' title="bbox 174 414 1134 457; baseline -0.002 -12"><span class='ocrx_word' id='word_1_63' title='bbox 174 415 244 456; x_wconf 55' lang='lat' dir='ltr'>pbft&#39;</span> <span class='ocrx_word' id='word_1_64' title='bbox 256 427 326 446; x_wconf 83' lang='lat' dir='ltr'>eum</span> <span class='ocrx_word' id='word_1_65' title='bbox 338 437 345 449; x_wconf 79' lang='lat'>,</span> <span class='ocrx_word' id='word_1_66' title='bbox 364 427 456 457; x_wconf 86' lang='lat' dir='ltr'>quem</span> <span class='ocrx_word' id='word_1_67' title='bbox 470 418 674 456; x_wconf 67' lang='lat' dir='ltr'>archipiratam</span> <span class='ocrx_word' id='word_1_68' title='bbox 690 414 746 445; x_wconf 79' lang='lat' dir='ltr'>effe</span> <span class='ocrx_word' id='word_1_69' title='bbox 761 416 889 445; x_wconf 76' lang='lat' dir='ltr'>diceres:</span> <span class='ocrx_word' id='word_1_70' title='bbox 910 425 946 445; x_wconf 83' lang='grc'>311</span> <span class='ocrx_word' id='word_1_71' title='bbox 960 417 1070 445; x_wconf 81' lang='lat' dir='ltr'><strong>recenti</strong></span> <span class='ocrx_word' id='word_1_72' title='bbox 1085 425 1115 444; x_wconf 86' lang='lat' dir='ltr'>re</span> <span class='ocrx_word' id='word_1_73' title='bbox 1125 434 1134 447; x_wconf 87' lang='lat'>‚</span> 
     </span>
     <span class='ocr_line' id='line_1_9' title="bbox 177 456 1138 498; baseline -0.002 -10"><span class='ocrx_word' id='word_1_74' title='bbox 177 457 324 498; x_wconf 76' lang='lat' dir='ltr'>Syracusis</span> <span class='ocrx_word' id='word_1_75' title='bbox 334 478 341 491; x_wconf 95' lang='lat'>‚</span> <span class='ocrx_word' id='word_1_76' title='bbox 354 458 429 498; x_wconf 85' lang='lat' dir='ltr'>apud</span> <span class='ocrx_word' id='word_1_77' title='bbox 441 468 531 488; x_wconf 78' lang='lat' dir='ltr'>notos</span> <span class='ocrx_word' id='word_1_78' title='bbox 543 478 550 491; x_wconf 89' lang='lat'>‚</span> <span class='ocrx_word' id='word_1_79' title='bbox 564 457 745 498; x_wconf 61' lang='lat' dir='ltr'>inspectante</span> <span class='ocrx_word' id='word_1_80' title='bbox 755 458 856 487; x_wconf 89' lang='lat' dir='ltr'>Sicilia</span> <span class='ocrx_word' id='word_1_81' title='bbox 866 458 950 496; x_wconf 74' lang='lat' dir='ltr'>paene</span> <span class='ocrx_word' id='word_1_82' title='bbox 963 466 1032 491; x_wconf 84' lang='lat' dir='ltr'>tota,</span> <span class='ocrx_word' id='word_1_83' title='bbox 1045 456 1138 486; x_wconf 86' lang='lat' dir='ltr'>securi</span> 
     </span>
     <span class='ocr_line' id='line_1_10' title="bbox 178 498 1136 540; baseline -0.003 -11"><span class='ocrx_word' id='word_1_84' title='bbox 178 499 285 529; x_wconf 74' lang='lat' dir='ltr'>ferire?</span> <span class='ocrx_word' id='word_1_85' title='bbox 299 500 368 529; x_wconf 90' lang='lat' dir='ltr'>vide</span> <span class='ocrx_word' id='word_1_86' title='bbox 378 521 386 533; x_wconf 84' lang='lat'><em>‚</em></span> <span class='ocrx_word' id='word_1_87' title='bbox 398 499 471 540; x_wconf 87' lang='lat' dir='ltr'>quid</span> <span class='ocrx_word' id='word_1_88' title='bbox 483 498 603 532; x_wconf 76' lang='lat' dir='ltr'>intersit,</span> <span class='ocrx_word' id='word_1_89' title='bbox 618 508 718 529; x_wconf 86' lang='lat' dir='ltr'>utrum</span> <span class='ocrx_word' id='word_1_90' title='bbox 730 498 902 528; x_wconf 75' lang='lat' dir='ltr'>faciendum</span> <span class='ocrx_word' id='word_1_91' title='bbox 913 498 1010 528; x_wconf 80' lang='lat' dir='ltr'>fuerit.</span> <span class='ocrx_word' id='word_1_92' title='bbox 1034 501 1071 528; x_wconf 88' lang='lat' dir='ltr'>In</span> <span class='ocrx_word' id='word_1_93' title='bbox 1082 498 1136 527; x_wconf 89' lang='lat' dir='ltr'>illo</span> 
     </span>
     <span class='ocr_line' id='line_1_11' title="bbox 179 539 1132 580; baseline -0.003 -9"><span class='ocrx_word' id='word_1_94' title='bbox 179 540 366 580; x_wconf 85' lang='lat' dir='ltr'>reprehensio</span> <span class='ocrx_word' id='word_1_95' title='bbox 378 542 460 571; x_wconf 81' lang='lat' dir='ltr'>nulla</span> <span class='ocrx_word' id='word_1_96' title='bbox 468 539 526 571; x_wconf 79' lang='lat' dir='ltr'>esse</span> <span class='ocrx_word' id='word_1_97' title='bbox 536 544 642 580; x_wconf 88' lang='lat' dir='ltr'>potuit.</span> <span class='ocrx_word' id='word_1_98' title='bbox 666 539 713 570; x_wconf 78' lang='lat' dir='ltr'>hic</span> <span class='ocrx_word' id='word_1_99' title='bbox 723 539 855 570; x_wconf 80' lang='lat' dir='ltr'>defensio</span> <span class='ocrx_word' id='word_1_100' title='bbox 866 541 947 570; x_wconf 88' lang='lat' dir='ltr'>nulla</span> <span class='ocrx_word' id='word_1_101' title='bbox 956 539 1006 570; x_wconf 89' lang='lat' dir='ltr'>est.</span> <span class='ocrx_word' id='word_1_102' title='bbox 1032 543 1132 580; x_wconf 81' lang='lat' dir='ltr'>Itaque</span> 
     </span>
     <span class='ocr_line' id='line_1_12' title="bbox 178 583 1137 623; baseline -0.002 -11"><span class='ocrx_word' id='word_1_103' title='bbox 178 583 254 612; x_wconf 80' lang='lat' dir='ltr'>illud</span> <span class='ocrx_word' id='word_1_104' title='bbox 267 584 379 623; x_wconf 82' lang='lat' dir='ltr'>semper</span> <span class='ocrx_word' id='word_1_105' title='bbox 388 583 611 621; x_wconf 69' lang='lat' dir='ltr'>omnesfeceruat</span> <span class='ocrx_word' id='word_1_106' title='bbox 620 593 631 610; x_wconf 92' lang='lat'><em>:</em></span> <span class='ocrx_word' id='word_1_107' title='bbox 651 584 708 612; x_wconf 80' lang='lat' dir='ltr'>hoc</span> <span class='ocrx_word' id='word_1_108' title='bbox 722 586 730 602; x_wconf 86' lang='lat'><em>¹</em></span> <span class='ocrx_word' id='word_1_109' title='bbox 742 585 808 623; x_wconf 82' lang='lat' dir='ltr'>quis</span> <span class='ocrx_word' id='word_1_110' title='bbox 818 592 884 612; x_wconf 82' lang='lat' dir='ltr'>ante</span> <span class='ocrx_word' id='word_1_111' title='bbox 895 592 921 612; x_wconf 90' lang='lat' dir='ltr'>te</span> <span class='ocrx_word' id='word_1_112' title='bbox 935 603 941 614; x_wconf 89' lang='lat'><em>,</em></span> <span class='ocrx_word' id='word_1_113' title='bbox 955 585 1021 623; x_wconf 91' lang='lat' dir='ltr'>quis</span> <span class='ocrx_word' id='word_1_114' title='bbox 1033 590 1137 621; x_wconf 79' lang='lat' dir='ltr'>praeter</span> 
     </span>
     <span class='ocr_line' id='line_1_13' title="bbox 179 623 1134 665; baseline -0.004 -10"><span class='ocrx_word' id='word_1_115' title='bbox 179 634 206 655; x_wconf 81' lang='lat' dir='ltr'>te</span> <span class='ocrx_word' id='word_1_116' title='bbox 217 623 330 658; x_wconf 85' lang='lat' dir='ltr'>feccrit,</span> <span class='ocrx_word' id='word_1_117' title='bbox 343 635 454 665; x_wconf 84' lang='lat' dir='ltr'>quoero.</span> <span class='ocrx_word' id='word_1_118' title='bbox 470 627 596 655; x_wconf 80' lang='lat' dir='ltr'>Piratarn</span> <span class='ocrx_word' id='word_1_119' title='bbox 607 627 712 654; x_wconf 79' lang='lat' dir='ltr'>vivum</span> <span class='ocrx_word' id='word_1_120' title='bbox 723 623 854 654; x_wconf 86' lang='lat' dir='ltr'>tenuisti.</span> <span class='ocrx_word' id='word_1_121' title='bbox 869 627 969 664; x_wconf 78' lang='lat' dir='ltr'>Qm</span> <span class='ocrx_word' id='word_1_122' title='bbox 981 623 1015 654; x_wconf 81' lang='lat' dir='ltr'>ad</span> <span class='ocrx_word' id='word_1_123' title='bbox 1026 623 1134 653; x_wconf 82' lang='lat' dir='ltr'>finem?</span> 
     </span>
     <span class='ocr_line' id='line_1_14' title="bbox 181 665 1138 707; baseline -0.003 -11"><span class='ocrx_word' id='word_1_124' title='bbox 181 666 256 697; x_wconf 87' lang='lat' dir='ltr'>dum</span> <span class='ocrx_word' id='word_1_125' title='bbox 266 677 335 696; x_wconf 85' lang='lat' dir='ltr'>cum</span> <span class='ocrx_word' id='word_1_126' title='bbox 347 668 474 706; x_wconf 79' lang='lat' dir='ltr'>imperio</span> <span class='ocrx_word' id='word_1_127' title='bbox 484 665 576 696; x_wconf 84' lang='lat' dir='ltr'>fuisti.</span> <span class='ocrx_word' id='word_1_128' title='bbox 599 666 815 707; x_wconf 83' lang='lat' dir='ltr'>quamobrem?</span> <span class='ocrx_word' id='word_1_129' title='bbox 833 676 922 706; x_wconf 83' lang='lat' dir='ltr'>quam</span> <span class='ocrx_word' id='word_1_130' title='bbox 941 666 981 695; x_wconf 89' lang='lat' dir='ltr'>ob</span> <span class='ocrx_word' id='word_1_131' title='bbox 1000 665 1113 695; x_wconf 87' lang='lat' dir='ltr'>causam</span> <span class='ocrx_word' id='word_1_132' title='bbox 1129 666 1138 692; x_wconf 92' lang='lat'>?</span> 
     </span>
     <span class='ocr_line' id='line_1_15' title="bbox 180 707 1139 749; baseline -0.003 -12"><span class='ocrx_word' id='word_1_133' title='bbox 180 718 242 749; x_wconf 86' lang='lat' dir='ltr'>quo</span> <span class='ocrx_word' id='word_1_134' title='bbox 254 709 396 747; x_wconf 75' lang='lat' dir='ltr'>exemplo</span> <span class='ocrx_word' id='word_1_135' title='bbox 409 710 417 734; x_wconf 65' lang='grc' dir='ltr'><em>ἕ</em></span> <span class='ocrx_word' id='word_1_136' title='bbox 433 718 486 738; x_wconf 89' lang='lat' dir='ltr'>cui·</span> <span class='ocrx_word' id='word_1_137' title='bbox 495 707 609 738; x_wconf 90' lang='lat' dir='ltr'>tamdiu</span> <span class='ocrx_word' id='word_1_138' title='bbox 621 713 630 738; x_wconf 79' lang='lat'>‚³</span> <span class='ocrx_word' id='word_1_139' title='bbox 649 718 702 738; x_wconf 91' lang='lat' dir='ltr'>cur</span> <span class='ocrx_word' id='word_1_140' title='bbox 712 727 719 740; x_wconf 90' lang='grc'><strong>,</strong></span> <span class='ocrx_word' id='word_1_141' title='bbox 734 709 856 747; x_wconf 79' lang='lat' dir='ltr'>inquam</span> <span class='ocrx_word' id='word_1_142' title='bbox 867 728 874 740; x_wconf 94' lang='lat'><em>,</em></span> <span class='ocrx_word' id='word_1_143' title='bbox 896 707 1013 737; x_wconf 80' lang='lat' dir='ltr'>civibus</span> <span class='ocrx_word' id='word_1_144' title='bbox 1023 709 1139 736; x_wconf 86' lang='lat' dir='ltr'>Roma-</span> 
     </span>
     <span class='ocr_line' id='line_1_16' title="bbox 182 746 1161 790; baseline -0.004 -11"><span class='ocrx_word' id='word_1_145' title='bbox 182 759 230 779; x_wconf 85' lang='lat' dir='ltr'>nis</span> <span class='ocrx_word' id='word_1_146' title='bbox 240 770 247 782; x_wconf 92' lang='lat'><strong>‚</strong></span> <span class='ocrx_word' id='word_1_147' title='bbox 260 760 335 790; x_wconf 86' lang='lat' dir='ltr'>quos</span> <span class='ocrx_word' id='word_1_148' title='bbox 347 751 445 789; x_wconf 69' lang='lat' dir='ltr'>piratae</span> <span class='ocrx_word' id='word_1_149' title='bbox 455 758 592 789; x_wconf 85' lang='lat' dir='ltr'>ceperant</span> <span class='ocrx_word' id='word_1_150' title='bbox 601 770 608 782; x_wconf 92' lang='lat'><em>,</em></span> <span class='ocrx_word' id='word_1_151' title='bbox 630 750 718 779; x_wconf 87' lang='lat' dir='ltr'>securi</span> <span class='ocrx_word' id='word_1_152' title='bbox 731 748 828 779; x_wconf 84' lang='lat' dir='ltr'>statim</span> <span class='ocrx_word' id='word_1_153' title='bbox 839 747 976 789; x_wconf 84' lang='lat' dir='ltr'>percuffis</span> <span class='ocrx_word' id='word_1_154' title='bbox 988 769 995 781; x_wconf 85' lang='lat'>‚</span> <span class='ocrx_word' id='word_1_155' title='bbox 1018 746 1083 787; x_wconf 81' lang='lat' dir='ltr'>ipsis</span> <span class='ocrx_word' id='word_1_156' title='bbox 1093 749 1138 787; x_wconf 86' lang='lat' dir='ltr'>pi·</span> <span class='ocrx_word' id='word_1_157' title='bbox 1159 763 1161 780; x_wconf 50' lang='grc' dir='ltr'>ν,</span> 
     </span>
     <span class='ocr_line' id='line_1_17' title="bbox 181 787 1140 822; baseline -0.003 -2"><span class='ocrx_word' id='word_1_158' title='bbox 181 793 250 821; x_wconf 83' lang='lat' dir='ltr'>ratis</span> <span class='ocrx_word' id='word_1_159' title='bbox 262 792 335 821; x_wconf 80' lang='lat' dir='ltr'>lucis</span> <span class='ocrx_word' id='word_1_160' title='bbox 346 792 463 822; x_wconf 81' lang='lat' dir='ltr'>usuram</span> <span class='ocrx_word' id='word_1_161' title='bbox 476 801 535 821; x_wconf 78' lang='lat' dir='ltr'>tam</span> <span class='ocrx_word' id='word_1_162' title='bbox 547 791 718 821; x_wconf 77' lang='lat' dir='ltr'>diuturnam</span> <span class='ocrx_word' id='word_1_163' title='bbox 731 790 836 821; x_wconf 86' lang='lat' dir='ltr'>dedisti</span> <span class='ocrx_word' id='word_1_164' title='bbox 850 794 859 819; x_wconf 88' lang='lat'><strong>?</strong></span> <span class='ocrx_word' id='word_1_165' title='bbox 882 790 995 820; x_wconf 78' lang='lat' dir='ltr'>Verum</span> <span class='ocrx_word' id='word_1_166' title='bbox 1009 788 1086 819; x_wconf 80' lang='lat' dir='ltr'>esto:</span> <span class='ocrx_word' id='word_1_167' title='bbox 1107 787 1140 817; x_wconf 86' lang='lat' dir='ltr'>fit</span> 
     </span>
     <span class='ocr_line' id='line_1_18' title="bbox 182 829 1140 872; baseline -0.004 -9"><span class='ocrx_word' id='word_1_168' title='bbox 182 834 239 863; x_wconf 83' lang='lat' dir='ltr'>tibi</span> <span class='ocrx_word' id='word_1_169' title='bbox 256 833 334 862; x_wconf 83' lang='lat' dir='ltr'>illud</span> <span class='ocrx_word' id='word_1_170' title='bbox 350 833 480 863; x_wconf 86' lang='lat' dir='ltr'>liberum</span> <span class='ocrx_word' id='word_1_171' title='bbox 500 843 593 863; x_wconf 88' lang='lat' dir='ltr'>omne</span> <span class='ocrx_word' id='word_1_172' title='bbox 612 842 746 872; x_wconf 83' lang='lat' dir='ltr'>tempiiS,</span> <span class='ocrx_word' id='word_1_173' title='bbox 768 832 929 872; x_wconf 85' lang='lat' dir='ltr'>quodcum</span> <span class='ocrx_word' id='word_1_174' title='bbox 941 833 1068 871; x_wconf 82' lang='lat' dir='ltr'>imperio</span> <span class='ocrx_word' id='word_1_175' title='bbox 1079 829 1140 860; x_wconf 84' lang='lat' dir='ltr'>fui-</span> 
     </span>
     <span class='ocr_line' id='line_1_19' title="bbox 184 870 1163 915; baseline -0.004 -10"><span class='ocrx_word' id='word_1_176' title='bbox 184 874 230 905; x_wconf 89' lang='lat' dir='ltr'>sti.</span> <span class='ocrx_word' id='word_1_177' title='bbox 253 884 385 905; x_wconf 76' lang='lat' dir='ltr'>etiamne</span> <span class='ocrx_word' id='word_1_178' title='bbox 402 876 553 915; x_wconf 82' lang='lat' dir='ltr'>privatus?</span> <span class='ocrx_word' id='word_1_179' title='bbox 579 877 709 904; x_wconf 77' lang='lat' dir='ltr'>etiamne</span> <span class='ocrx_word' id='word_1_180' title='bbox 728 878 813 903; x_wconf 78' lang='lat' dir='ltr'>reus?</span> <span class='ocrx_word' id='word_1_181' title='bbox 838 876 968 903; x_wconf 76' lang='lat' dir='ltr'>etiamne</span> <span class='ocrx_word' id='word_1_182' title='bbox 988 873 1070 912; x_wconf 79' lang='lat' dir='ltr'>paene</span> <span class='ocrx_word' id='word_1_183' title='bbox 1092 871 1142 901; x_wconf 83' lang='lat' dir='ltr'>da·</span> <span class='ocrx_word' id='word_1_184' title='bbox 1161 870 1163 880; x_wconf 94' lang='lat'>&#39;</span> 
     </span>
     <span class='ocr_line' id='line_1_20' title="bbox 183 913 1139 957; baseline -0.004 -11"><span class='ocrx_word' id='word_1_185' title='bbox 183 926 304 947; x_wconf 84' lang='lat' dir='ltr'>mnatus</span> <span class='ocrx_word' id='word_1_186' title='bbox 314 937 322 950; x_wconf 91' lang='lat'><em>,</em></span> <span class='ocrx_word' id='word_1_187' title='bbox 337 915 471 946; x_wconf 84' lang='lat' dir='ltr'>hostium</span> <span class='ocrx_word' id='word_1_188' title='bbox 484 916 572 946; x_wconf 87' lang='lat' dir='ltr'>duces</span> <span class='ocrx_word' id='word_1_189' title='bbox 580 916 699 957; x_wconf 69' lang='lat' dir='ltr'>privata.</span> <span class='ocrx_word' id='word_1_190' title='bbox 713 916 741 944; x_wconf 80' lang='lat' dir='ltr'>in</span> <span class='ocrx_word' id='word_1_191' title='bbox 755 916 832 944; x_wconf 79' lang='lat' dir='ltr'>domo</span> <span class='ocrx_word' id='word_1_192' title='bbox 848 913 1005 950; x_wconf 77' lang='lat' dir='ltr'>retinm&#39;sti?</span> <span class='ocrx_word' id='word_1_193' title='bbox 1024 923 1118 943; x_wconf 89' lang='lat' dir='ltr'>iinum</span> <span class='ocrx_word' id='word_1_194' title='bbox 1131 933 1139 945; x_wconf 93' lang='lat'><em>,</em></span> 
     </span>
     <span class='ocr_line' id='line_1_21' title="bbox 181 954 1164 997; baseline -0.006 -8"><span class='ocrx_word' id='word_1_195' title='bbox 181 959 310 989; x_wconf 82' lang='lat' dir='ltr'>alterum</span> <span class='ocrx_word' id='word_1_196' title='bbox 328 959 465 989; x_wconf 83' lang='lat' dir='ltr'>mensem</span> <span class='ocrx_word' id='word_1_197' title='bbox 477 978 486 992; x_wconf 84' lang='lat'>‚</span> <span class='ocrx_word' id='word_1_198' title='bbox 506 961 597 997; x_wconf 73' lang='lat' dir='ltr'>prope</span> <span class='ocrx_word' id='word_1_199' title='bbox 608 967 721 987; x_wconf 88' lang='lat' dir='ltr'>annum</span> <span class='ocrx_word' id='word_1_200' title='bbox 733 957 861 997; x_wconf 82' lang='lat' dir='ltr'>denique</span> <span class='ocrx_word' id='word_1_201' title='bbox 873 976 880 990; x_wconf 89' lang='lat'>,</span> <span class='ocrx_word' id='word_1_202' title='bbox 902 956 987 986; x_wconf 89' lang='lat' dir='ltr'>domi</span> <span class='ocrx_word' id='word_1_203' title='bbox 1001 965 1056 985; x_wconf 80' lang='lat' dir='ltr'>tuae</span> <span class='ocrx_word' id='word_1_204' title='bbox 1067 957 1144 995; x_wconf 87' lang='lat' dir='ltr'>pira-</span> <span class='ocrx_word' id='word_1_205' title='bbox 1162 954 1164 982; x_wconf 74' lang='grc'>1</span> 
     </span>
     <span class='ocr_line' id='line_1_22' title="bbox 187 995 1141 1041; baseline -0.005 -11"><span class='ocrx_word' id='word_1_206' title='bbox 187 1009 223 1030; x_wconf 71' lang='lat' dir='ltr'>ta:</span> <span class='ocrx_word' id='word_1_207' title='bbox 233 1021 241 1034; x_wconf 92' lang='lat'>‚</span> <span class='ocrx_word' id='word_1_208' title='bbox 262 999 278 1030; x_wconf 73' lang='lat' dir='ltr'>a</span> <span class='ocrx_word' id='word_1_209' title='bbox 291 1010 353 1041; x_wconf 85' lang='lat' dir='ltr'>quo</span> <span class='ocrx_word' id='word_1_210' title='bbox 363 1009 497 1040; x_wconf 72' lang='lat' dir='ltr'>tempore</span> <span class='ocrx_word' id='word_1_211' title='bbox 508 1001 583 1039; x_wconf 73' lang='lat' dir='ltr'>capti</span> <span class='ocrx_word' id='word_1_212' title='bbox 596 999 662 1029; x_wconf 89' lang='lat' dir='ltr'>sunt</span> <span class='ocrx_word' id='word_1_213' title='bbox 672 1019 680 1032; x_wconf 87' lang='lat'>‚</span> <span class='ocrx_word' id='word_1_214' title='bbox 701 999 798 1038; x_wconf 88' lang='lat' dir='ltr'>quoad</span> <span class='ocrx_word' id='word_1_215' title='bbox 814 1008 925 1038; x_wconf 81' lang='lat' dir='ltr'>perine</span> <span class='ocrx_word' id='word_1_216' title='bbox 944 998 1060 1027; x_wconf 88' lang='lat' dir='ltr'>licitum</span> <span class='ocrx_word' id='word_1_217' title='bbox 1081 995 1123 1026; x_wconf 86' lang='lat' dir='ltr'>est</span> <span class='ocrx_word' id='word_1_218' title='bbox 1133 1015 1141 1028; x_wconf 83' lang='grc'><strong>,</strong></span> 
     </span>
     <span class='ocr_line' id='line_1_23' title="bbox 183 1038 1164 1080; baseline -0.007 -8"><span class='ocrx_word' id='word_1_219' title='bbox 183 1042 322 1072; x_wconf 81' lang='lat' dir='ltr'>fuerunt:</span> <span class='ocrx_word' id='word_1_220' title='bbox 342 1043 399 1072; x_wconf 91' lang='lat' dir='ltr'>hoc</span> <span class='ocrx_word' id='word_1_221' title='bbox 415 1041 456 1071; x_wconf 83' lang='lat' dir='ltr'>cst</span> <span class='ocrx_word' id='word_1_222' title='bbox 467 1061 474 1074; x_wconf 89' lang='lat'>‚</span> <span class='ocrx_word' id='word_1_223' title='bbox 494 1041 591 1080; x_wconf 78' lang='lat' dir='ltr'>quoad</span> <span class='ocrx_word' id='word_1_224' title='bbox 609 1051 660 1079; x_wconf 87' lang='lat' dir='ltr'>per</span> <span class='ocrx_word' id='word_1_225' title='bbox 680 1043 724 1070; x_wconf 85' lang='lat' dir='ltr'>M.</span> <span class='ocrx_word' id='word_1_226' title='bbox 736 1042 869 1070; x_wconf 88' lang='lat' dir='ltr'>Acilium</span> <span class='ocrx_word' id='word_1_227' title='bbox 889 1039 1086 1069; x_wconf 70' lang='lat' dir='ltr'>Glabrionem</span> <span class='ocrx_word' id='word_1_228' title='bbox 1106 1038 1144 1067; x_wconf 88' lang='lat' dir='ltr'>li-</span> <span class='ocrx_word' id='word_1_229' title='bbox 1162 1043 1164 1064; x_wconf 61' lang='grc' dir='ltr'><strong><em>ὲ</em></strong></span> 
     </span>
     <span class='ocr_line' id='line_1_24' title="bbox 184 1076 1164 1124; baseline -0.005 -10"><span class='ocrx_word' id='word_1_230' title='bbox 184 1086 280 1114; x_wconf 86' lang='lat' dir='ltr'>citum</span> <span class='ocrx_word' id='word_1_231' title='bbox 291 1083 333 1114; x_wconf 87' lang='lat' dir='ltr'>est</span> <span class='ocrx_word' id='word_1_232' title='bbox 345 1094 350 1112; x_wconf 77' lang='lat'>2</span> <span class='ocrx_word' id='word_1_233' title='bbox 368 1085 438 1124; x_wconf 85' lang='lat' dir='ltr'>qui,</span> <span class='ocrx_word' id='word_1_234' title='bbox 451 1083 617 1122; x_wconf 69' lang='lat' dir='ltr'>postulante</span> <span class='ocrx_word' id='word_1_235' title='bbox 629 1092 679 1111; x_wconf 87' lang='lat' dir='ltr'>me</span> <span class='ocrx_word' id='word_1_236' title='bbox 689 1102 697 1115; x_wconf 87' lang='lat'>,</span> <span class='ocrx_word' id='word_1_237' title='bbox 708 1082 843 1121; x_wconf 80' lang='lat' dir='ltr'>produci,</span> <span class='ocrx_word' id='word_1_238' title='bbox 856 1091 941 1122; x_wconf 84' lang='lat' dir='ltr'>atque</span> <span class='ocrx_word' id='word_1_239' title='bbox 953 1083 985 1110; x_wconf 89' lang='lat' dir='ltr'>in</span> <span class='ocrx_word' id='word_1_240' title='bbox 994 1089 1141 1110; x_wconf 71' lang='lat' dir='ltr'>carcerem</span> <span class='ocrx_word' id='word_1_241' title='bbox 1162 1076 1164 1087; x_wconf 64' lang='lat'><strong>¹</strong></span> 
     </span>
     <span class='ocr_line' id='line_1_25' title="bbox 185 1122 1137 1164; baseline -0.006 -8"><span class='ocrx_word' id='word_1_242' title='bbox 185 1126 276 1156; x_wconf 87' lang='lat' dir='ltr'>condi</span> <span class='ocrx_word' id='word_1_243' title='bbox 287 1127 455 1164; x_wconf 82' lang='lat' dir='ltr'>imperavit.</span> <span class='ocrx_word' id='word_1_244' title='bbox 479 1123 571 1164; x_wconf 82' lang='lat' dir='ltr'>Qod</span> <span class='ocrx_word' id='word_1_245' title='bbox 582 1122 624 1153; x_wconf 84' lang='lat' dir='ltr'>est</span> <span class='ocrx_word' id='word_1_246' title='bbox 635 1123 755 1157; x_wconf 78' lang='lat' dir='ltr'>huiusce</span> <span class='ocrx_word' id='word_1_247' title='bbox 767 1125 807 1152; x_wconf 85' lang='lat' dir='ltr'>rei</span> <span class='ocrx_word' id='word_1_248' title='bbox 820 1124 888 1162; x_wconf 79' lang='lat' dir='ltr'>jus?</span> <span class='ocrx_word' id='word_1_249' title='bbox 906 1132 969 1163; x_wconf 81' lang='lat' dir='ltr'>qua:</span> <span class='ocrx_word' id='word_1_250' title='bbox 981 1122 1137 1152; x_wconf 84' lang='lat' dir='ltr'>consuetu-</span> 
     </span>
    </p>

    <p class='ocr_par' dir='ltr' id='par_1_4' title="bbox 183 1162 1167 1957">
     <span class='ocr_line' id='line_1_26' title="bbox 185 1162 1141 1207; baseline -0.006 -9"><span class='ocrx_word' id='word_1_251' title='bbox 185 1167 245 1198; x_wconf 88' lang='lat' dir='ltr'>do?</span> <span class='ocrx_word' id='word_1_252' title='bbox 264 1167 345 1207; x_wconf 84' lang='lat' dir='ltr'>quod</span> <span class='ocrx_word' id='word_1_253' title='bbox 361 1165 538 1206; x_wconf 56' lang='lat' dir='ltr'>exemptum?</span> <span class='ocrx_word' id='word_1_254' title='bbox 564 1164 691 1195; x_wconf 83' lang='lat' dir='ltr'>Hostem</span> <span class='ocrx_word' id='word_1_255' title='bbox 702 1167 880 1197; x_wconf 78' lang='lat' dir='ltr'>acerrimum</span> <span class='ocrx_word' id='word_1_256' title='bbox 891 1184 898 1197; x_wconf 89' lang='lat'>‚</span> <span class='ocrx_word' id='word_1_257' title='bbox 917 1174 1001 1204; x_wconf 83' lang='lat' dir='ltr'>atque</span> <span class='ocrx_word' id='word_1_258' title='bbox 1012 1162 1141 1193; x_wconf 85' lang='lat' dir='ltr'>infestis-</span> 
     </span>
     <span class='ocr_line' id='line_1_27' title="bbox 183 1204 1154 1248; baseline -0.006 -9"><span class='ocrx_word' id='word_1_259' title='bbox 183 1208 294 1239; x_wconf 89' lang='lat' dir='ltr'>simum</span> <span class='ocrx_word' id='word_1_260' title='bbox 305 1209 408 1248; x_wconf 84' lang='lat' dir='ltr'>populi</span> <span class='ocrx_word' id='word_1_261' title='bbox 417 1207 614 1239; x_wconf 84' lang='lat' dir='ltr'>Romani‚seu</span> <span class='ocrx_word' id='word_1_262' title='bbox 624 1208 724 1246; x_wconf 81' lang='lat' dir='ltr'>potius</span> <span class='ocrx_word' id='word_1_263' title='bbox 734 1215 932 1236; x_wconf 87' lang='lat' dir='ltr'>communem</span> <span class='ocrx_word' id='word_1_264' title='bbox 945 1204 1061 1235; x_wconf 88' lang='lat' dir='ltr'>hostem</span> <span class='ocrx_word' id='word_1_265' title='bbox 1071 1214 1154 1246; x_wconf 35' lang='lat' dir='ltr'>gena</span> 
     </span>
     <span class='ocr_line' id='line_1_28' title="bbox 183 1248 1165 1289; baseline -0.006 -8"><span class='ocrx_word' id='word_1_266' title='bbox 183 1253 262 1281; x_wconf 89' lang='lat' dir='ltr'>tium</span> <span class='ocrx_word' id='word_1_267' title='bbox 275 1271 283 1283; x_wconf 88' lang='lat'><em>,</em></span> <span class='ocrx_word' id='word_1_268' title='bbox 297 1252 516 1289; x_wconf 85' lang='lat' dir='ltr'>nationumque</span> <span class='ocrx_word' id='word_1_269' title='bbox 526 1258 668 1278; x_wconf 79' lang='lat' dir='ltr'>omnium</span> <span class='ocrx_word' id='word_1_270' title='bbox 680 1268 687 1281; x_wconf 85' lang='lat'>‚</span> <span class='ocrx_word' id='word_1_271' title='bbox 709 1248 866 1288; x_wconf 81' lang='lat' dir='ltr'>quisquam</span> <span class='ocrx_word' id='word_1_272' title='bbox 877 1249 1019 1277; x_wconf 86' lang='lat' dir='ltr'>omnium</span> <span class='ocrx_word' id='word_1_273' title='bbox 1031 1256 1142 1276; x_wconf 89' lang='lat' dir='ltr'>morta-</span> <span class='ocrx_word' id='word_1_274' title='bbox 1163 1268 1165 1274; x_wconf 94' lang='lat'>.</span> 
     </span>
     <span class='ocr_line' id='line_1_29' title="bbox 184 1284 1165 1331; baseline -0.006 -9"><span class='ocrx_word' id='word_1_275' title='bbox 184 1292 262 1322; x_wconf 88' lang='lat' dir='ltr'>lium</span> <span class='ocrx_word' id='word_1_276' title='bbox 276 1293 406 1331; x_wconf 82' lang='lat' dir='ltr'>privatus</span> <span class='ocrx_word' id='word_1_277' title='bbox 417 1293 492 1320; x_wconf 84' lang='lat' dir='ltr'>intra</span> <span class='ocrx_word' id='word_1_278' title='bbox 502 1299 616 1320; x_wconf 70' lang='lat' dir='ltr'>moenia</span> <span class='ocrx_word' id='word_1_279' title='bbox 625 1289 710 1319; x_wconf 90' lang='lat' dir='ltr'>domi</span> <span class='ocrx_word' id='word_1_280' title='bbox 721 1290 777 1319; x_wconf 73' lang='lat' dir='ltr'>i‘uae</span> <span class='ocrx_word' id='word_1_281' title='bbox 788 1292 913 1319; x_wconf 87' lang='lat' dir='ltr'>retinere</span> <span class='ocrx_word' id='word_1_282' title='bbox 924 1291 1034 1328; x_wconf 85' lang='lat' dir='ltr'>poterit</span> <span class='ocrx_word' id='word_1_283' title='bbox 1043 1290 1053 1317; x_wconf 87' lang='lat'>?</span> <span class='ocrx_word' id='word_1_284' title='bbox 1062 1287 1143 1329; x_wconf 85' lang='lat' dir='ltr'>Qid</span> <span class='ocrx_word' id='word_1_285' title='bbox 1163 1284 1165 1315; x_wconf 67' lang='grc' dir='ltr'>ἶ</span> 
     </span>
     <span class='ocr_line' id='line_1_30' title="bbox 186 1329 1138 1374; baseline -0.005 -11"><span class='ocrx_word' id='word_1_286' title='bbox 186 1333 208 1363; x_wconf 87' lang='grc'>[1</span> <span class='ocrx_word' id='word_1_287' title='bbox 218 1334 313 1374; x_wconf 91' lang='lat' dir='ltr'>pridie</span> <span class='ocrx_word' id='word_1_288' title='bbox 324 1353 332 1367; x_wconf 87' lang='lat'><strong>,</strong></span> <span class='ocrx_word' id='word_1_289' title='bbox 347 1333 437 1374; x_wconf 67' lang='lat' dir='ltr'>quam</span> <span class='ocrx_word' id='word_1_290' title='bbox 449 1332 464 1362; x_wconf 72' lang='grc' dir='ltr'>Ξι</span> <span class='ocrx_word' id='word_1_291' title='bbox 475 1342 525 1361; x_wconf 86' lang='grc'>016</span> <span class='ocrx_word' id='word_1_292' title='bbox 535 1341 565 1361; x_wconf 89' lang='lat' dir='ltr'>tu</span> <span class='ocrx_word' id='word_1_293' title='bbox 576 1330 695 1361; x_wconf 69' lang='grc'><strong>60361115</strong></span> <span class='ocrx_word' id='word_1_294' title='bbox 705 1340 735 1360; x_wconf 85' lang='grc'>65</span> <span class='ocrx_word' id='word_1_295' title='bbox 749 1329 886 1361; x_wconf 82' lang='lat' dir='ltr'>confiteri</span> <span class='ocrx_word' id='word_1_296' title='bbox 895 1350 904 1364; x_wconf 84' lang='lat'>‚</span> <span class='ocrx_word' id='word_1_297' title='bbox 919 1330 1036 1360; x_wconf 85' lang='lat' dir='ltr'>civibus</span> <span class='ocrx_word' id='word_1_298' title='bbox 1046 1332 1138 1359; x_wconf 90' lang='lat' dir='ltr'>Rom.</span> 
     </span>
     <span class='ocr_line' id='line_1_31' title="bbox 185 1370 1141 1414; baseline -0.005 -9"><span class='ocrx_word' id='word_1_299' title='bbox 185 1376 280 1407; x_wconf 89' lang='lat' dir='ltr'>securi</span> <span class='ocrx_word' id='word_1_300' title='bbox 291 1373 436 1414; x_wconf 78' lang='lat' dir='ltr'>pei-cussis,</span> <span class='ocrx_word' id='word_1_301' title='bbox 447 1373 624 1414; x_wconf 76' lang='lat' dir='ltr'>praedonum</span> <span class='ocrx_word' id='word_1_302' title='bbox 636 1373 743 1403; x_wconf 85' lang='lat' dir='ltr'>ducem</span> <span class='ocrx_word' id='word_1_303' title='bbox 755 1374 866 1406; x_wconf 82' lang='lat' dir='ltr'>vivere,</span> <span class='ocrx_word' id='word_1_304' title='bbox 877 1371 952 1412; x_wconf 87' lang='lat' dir='ltr'>apud</span> <span class='ocrx_word' id='word_1_305' title='bbox 965 1381 991 1402; x_wconf 89' lang='lat' dir='ltr'>te</span> <span class='ocrx_word' id='word_1_306' title='bbox 1003 1370 1141 1401; x_wconf 85' lang='lat' dir='ltr'>habitare:</span> 
     </span>
     <span class='ocr_line' id='line_1_32' title="bbox 186 1412 1165 1458; baseline -0.005 -11"><span class='ocrx_word' id='word_1_307' title='bbox 186 1415 218 1451; x_wconf 84' lang='lat' dir='ltr'>si,</span> <span class='ocrx_word' id='word_1_308' title='bbox 231 1420 366 1458; x_wconf 87' lang='lat' dir='ltr'>inquam,</span> <span class='ocrx_word' id='word_1_309' title='bbox 377 1416 471 1456; x_wconf 78' lang='lat' dir='ltr'>pridie</span> <span class='ocrx_word' id='word_1_310' title='bbox 482 1415 577 1445; x_wconf 87' lang='lat' dir='ltr'>domo</span> <span class='ocrx_word' id='word_1_311' title='bbox 589 1425 637 1445; x_wconf 90' lang='lat' dir='ltr'>tua</span> <span class='ocrx_word' id='word_1_312' title='bbox 646 1412 829 1456; x_wconf 71' lang='lat' dir='ltr'>profugisset,</span> <span class='ocrx_word' id='word_1_313' title='bbox 841 1413 863 1444; x_wconf 88' lang='lat' dir='ltr'>si</span> <span class='ocrx_word' id='word_1_314' title='bbox 874 1416 1005 1455; x_wconf 83' lang='lat' dir='ltr'>aliquam</span> <span class='ocrx_word' id='word_1_315' title='bbox 1016 1423 1142 1443; x_wconf 85' lang='lat' dir='ltr'>manum</span> <span class='ocrx_word' id='word_1_316' title='bbox 1164 1441 1165 1444; x_wconf 72' lang='grc'><strong>,</strong></span> 
     </span>
     <span class='ocr_line' id='line_1_33' title="bbox 184 1455 1165 1498; baseline -0.006 -8"><span class='ocrx_word' id='word_1_317' title='bbox 184 1468 289 1490; x_wconf 68' lang='lat' dir='ltr'>contra</span> <span class='ocrx_word' id='word_1_318' title='bbox 301 1459 447 1498; x_wconf 81' lang='lat' dir='ltr'>populum</span> <span class='ocrx_word' id='word_1_319' title='bbox 459 1459 550 1487; x_wconf 89' lang='lat' dir='ltr'>Rom.</span> <span class='ocrx_word' id='word_1_320' title='bbox 562 1455 656 1486; x_wconf 83' lang='lat' dir='ltr'>facere</span> <span class='ocrx_word' id='word_1_321' title='bbox 665 1455 816 1496; x_wconf 82' lang='lat' dir='ltr'>potuisset,</span> <span class='ocrx_word' id='word_1_322' title='bbox 826 1456 898 1497; x_wconf 91' lang='lat' dir='ltr'>quid</span> <span class='ocrx_word' id='word_1_323' title='bbox 910 1457 1038 1486; x_wconf 78' lang='lat' dir='ltr'>diceres?</span> <span class='ocrx_word' id='word_1_324' title='bbox 1054 1455 1142 1495; x_wconf 88' lang='lat' dir='ltr'>Apud</span> <span class='ocrx_word' id='word_1_325' title='bbox 1163 1473 1165 1497; x_wconf 80' lang='lat' dir='ltr'>l</span> 
     </span>
     <span class='ocr_line' id='line_1_34' title="bbox 187 1497 1137 1538; baseline -0.005 -7"><span class='ocrx_word' id='word_1_326' title='bbox 187 1511 239 1531; x_wconf 89' lang='lat' dir='ltr'>me</span> <span class='ocrx_word' id='word_1_327' title='bbox 249 1501 393 1530; x_wconf 79' lang='lat' dir='ltr'>habitavit</span> <span class='ocrx_word' id='word_1_328' title='bbox 407 1510 411 1528; x_wconf 91' lang='lat'>:</span> <span class='ocrx_word' id='word_1_329' title='bbox 430 1509 550 1529; x_wconf 90' lang='lat' dir='ltr'>mecum</span> <span class='ocrx_word' id='word_1_330' title='bbox 561 1498 634 1528; x_wconf 89' lang='lat' dir='ltr'>fuit:</span> <span class='ocrx_word' id='word_1_331' title='bbox 651 1508 705 1538; x_wconf 86' lang='lat' dir='ltr'>ego</span> <span class='ocrx_word' id='word_1_332' title='bbox 718 1498 805 1527; x_wconf 91' lang='lat' dir='ltr'>illum</span> <span class='ocrx_word' id='word_1_333' title='bbox 817 1500 851 1528; x_wconf 87' lang='lat' dir='ltr'>ad</span> <span class='ocrx_word' id='word_1_334' title='bbox 860 1497 1011 1537; x_wconf 83' lang='lat' dir='ltr'>judicium</span> <span class='ocrx_word' id='word_1_335' title='bbox 1023 1507 1137 1530; x_wconf 86' lang='lat' dir='ltr'>meum,</span> 
     </span>
     <span class='ocr_line' id='line_1_35' title="bbox 185 1537 1139 1584; baseline -0.005 -11"><span class='ocrx_word' id='word_1_336' title='bbox 185 1542 248 1584; x_wconf 75' lang='lat' dir='ltr'>quo</span> <span class='ocrx_word' id='word_1_337' title='bbox 257 1541 375 1572; x_wconf 77' lang='lat' dir='ltr'>facilius</span> <span class='ocrx_word' id='word_1_338' title='bbox 386 1542 501 1571; x_wconf 84' lang='lat' dir='ltr'>crimen</span> <span class='ocrx_word' id='word_1_339' title='bbox 511 1541 710 1570; x_wconf 89' lang='lat' dir='ltr'>inimicorum</span> <span class='ocrx_word' id='word_1_340' title='bbox 728 1539 842 1569; x_wconf 86' lang='lat' dir='ltr'>diluere</span> <span class='ocrx_word' id='word_1_341' title='bbox 859 1537 973 1579; x_wconf 67' lang='lat' dir='ltr'>poffem</span> <span class='ocrx_word' id='word_1_342' title='bbox 986 1559 993 1572; x_wconf 91' lang='lat'>,</span> <span class='ocrx_word' id='word_1_343' title='bbox 1011 1541 1117 1569; x_wconf 86' lang='lat' dir='ltr'>vivum</span> <span class='ocrx_word' id='word_1_344' title='bbox 1131 1558 1139 1572; x_wconf 91' lang='lat'>‚</span> 
     </span>
     <span class='ocr_line' id='line_1_36' title="bbox 183 1579 1166 1625; baseline -0.006 -11"><span class='ocrx_word' id='word_1_345' title='bbox 183 1594 272 1625; x_wconf 84' lang='lat' dir='ltr'>atquc</span> <span class='ocrx_word' id='word_1_346' title='bbox 291 1583 479 1614; x_wconf 89' lang='lat' dir='ltr'>incolumem</span> <span class='ocrx_word' id='word_1_347' title='bbox 496 1582 648 1612; x_wconf 81' lang='lat' dir='ltr'>reservavi.</span> <span class='ocrx_word' id='word_1_348' title='bbox 681 1584 763 1611; x_wconf 78' lang='lat' dir='ltr'>Itane</span> <span class='ocrx_word' id='word_1_349' title='bbox 784 1579 855 1611; x_wconf 74' lang='lat' dir='ltr'>verb</span> <span class='ocrx_word' id='word_1_350' title='bbox 867 1585 876 1607; x_wconf 82' lang='lat'><em>?</em></span> <span class='ocrx_word' id='word_1_351' title='bbox 896 1590 928 1610; x_wconf 89' lang='lat' dir='ltr'>tu</span> <span class='ocrx_word' id='word_1_352' title='bbox 947 1590 995 1610; x_wconf 89' lang='lat' dir='ltr'>tua</span> <span class='ocrx_word' id='word_1_353' title='bbox 1013 1580 1143 1620; x_wconf 83' lang='lat' dir='ltr'>pericula</span> <span class='ocrx_word' id='word_1_354' title='bbox 1164 1579 1166 1608; x_wconf 91' lang='lat'>!</span> 
     </span>
     <span class='ocr_line' id='line_1_37' title="bbox 184 1613 1167 1665; baseline -0.005 -9"><span class='ocrx_word' id='word_1_355' title='bbox 184 1627 326 1656; x_wconf 75' lang='lat' dir='ltr'>communi</span> <span class='ocrx_word' id='word_1_356' title='bbox 334 1625 451 1665; x_wconf 77' lang='lat' dir='ltr'>periculo</span> <span class='ocrx_word' id='word_1_357' title='bbox 463 1622 624 1655; x_wconf 85' lang='lat' dir='ltr'>defendes?</span> <span class='ocrx_word' id='word_1_358' title='bbox 641 1631 672 1653; x_wconf 89' lang='lat' dir='ltr'>tu</span> <span class='ocrx_word' id='word_1_359' title='bbox 685 1623 826 1663; x_wconf 84' lang='lat' dir='ltr'>supplicia</span> <span class='ocrx_word' id='word_1_360' title='bbox 835 1642 842 1656; x_wconf 84' lang='lat'>‚</span> <span class='ocrx_word' id='word_1_361' title='bbox 855 1632 921 1663; x_wconf 80' lang='lat' dir='ltr'>qua:</span> <span class='ocrx_word' id='word_1_362' title='bbox 932 1622 1142 1652; x_wconf 82' lang='lat' dir='ltr'>debenturho-</span> <span class='ocrx_word' id='word_1_363' title='bbox 1164 1613 1167 1642; x_wconf 72' lang='lat' dir='ltr'>l</span> 
     </span>
     <span class='ocr_line' id='line_1_38' title="bbox 185 1662 1140 1704; baseline -0.007 -5"><span class='ocrx_word' id='word_1_364' title='bbox 185 1667 280 1699; x_wconf 86' lang='lat' dir='ltr'>stibus</span> <span class='ocrx_word' id='word_1_365' title='bbox 291 1666 379 1697; x_wconf 71' lang='lat' dir='ltr'>vi&amp;is</span> <span class='ocrx_word' id='word_1_366' title='bbox 388 1686 396 1698; x_wconf 63' lang='lat'>2</span> <span class='ocrx_word' id='word_1_367' title='bbox 407 1666 443 1696; x_wconf 87' lang='lat' dir='ltr'>ad</span> <span class='ocrx_word' id='word_1_368' title='bbox 455 1675 550 1698; x_wconf 81' lang='lat' dir='ltr'>tuum,</span> <span class='ocrx_word' id='word_1_369' title='bbox 564 1675 629 1695; x_wconf 90' lang='lat' dir='ltr'>non</span> <span class='ocrx_word' id='word_1_370' title='bbox 638 1665 672 1695; x_wconf 89' lang='lat' dir='ltr'>ad</span> <span class='ocrx_word' id='word_1_371' title='bbox 683 1665 787 1704; x_wconf 88' lang='lat' dir='ltr'>populi</span> <span class='ocrx_word' id='word_1_372' title='bbox 798 1667 892 1695; x_wconf 89' lang='lat' dir='ltr'>Rom.</span> <span class='ocrx_word' id='word_1_373' title='bbox 906 1673 1024 1704; x_wconf 78' lang='lat' dir='ltr'>tempus</span> <span class='ocrx_word' id='word_1_374' title='bbox 1035 1662 1140 1693; x_wconf 84' lang='lat' dir='ltr'>confe-</span> 
     </span>
     <span class='ocr_line' id='line_1_39' title="bbox 185 1704 1143 1749; baseline -0.006 -9"><span class='ocrx_word' id='word_1_375' title='bbox 185 1711 250 1741; x_wconf 85' lang='lat' dir='ltr'>res?</span> <span class='ocrx_word' id='word_1_376' title='bbox 268 1709 373 1749; x_wconf 76' lang='lat' dir='ltr'>populi</span> <span class='ocrx_word' id='word_1_377' title='bbox 383 1710 476 1738; x_wconf 88' lang='lat' dir='ltr'>Rom.</span> <span class='ocrx_word' id='word_1_378' title='bbox 489 1705 581 1737; x_wconf 81' lang='lat' dir='ltr'>hostis</span> <span class='ocrx_word' id='word_1_379' title='bbox 590 1708 711 1746; x_wconf 81' lang='lat' dir='ltr'>privatis</span> <span class='ocrx_word' id='word_1_380' title='bbox 720 1705 863 1736; x_wconf 80' lang='lat' dir='ltr'>custodiis</span> <span class='ocrx_word' id='word_1_381' title='bbox 874 1704 1085 1736; x_wconf 73' lang='lat' dir='ltr'>asservabitur?</span> <span class='ocrx_word' id='word_1_382' title='bbox 1104 1707 1143 1735; x_wconf 93' lang='lat' dir='ltr'>At</span> 
     </span>
     <span class='ocr_line' id='line_1_40' title="bbox 187 1746 1144 1790; baseline -0.006 -8"><span class='ocrx_word' id='word_1_383' title='bbox 187 1754 279 1782; x_wconf 82' lang='lat' dir='ltr'>ctiam</span> <span class='ocrx_word' id='word_1_384' title='bbox 289 1753 341 1790; x_wconf 86' lang='lat' dir='ltr'>qui</span> <span class='ocrx_word' id='word_1_385' title='bbox 351 1750 536 1789; x_wconf 85' lang='lat' dir='ltr'>triumphant</span> <span class='ocrx_word' id='word_1_386' title='bbox 547 1769 554 1782; x_wconf 91' lang='lat'>‚</span> <span class='ocrx_word' id='word_1_387' title='bbox 573 1758 667 1789; x_wconf 89' lang='lat' dir='ltr'>eoque</span> <span class='ocrx_word' id='word_1_388' title='bbox 679 1747 790 1778; x_wconf 88' lang='lat' dir='ltr'>diutius</span> <span class='ocrx_word' id='word_1_389' title='bbox 801 1750 887 1777; x_wconf 90' lang='lat' dir='ltr'>vivos</span> <span class='ocrx_word' id='word_1_390' title='bbox 901 1746 1036 1778; x_wconf 86' lang='lat' dir='ltr'>hostium</span> <span class='ocrx_word' id='word_1_391' title='bbox 1055 1746 1144 1777; x_wconf 85' lang='lat' dir='ltr'>duces</span> 
     </span>
     <span class='ocr_line' id='line_1_41' title="bbox 186 1789 1167 1830; baseline -0.005 -7"><span class='ocrx_word' id='word_1_392' title='bbox 186 1793 305 1824; x_wconf 85' lang='lat' dir='ltr'>servant</span> <span class='ocrx_word' id='word_1_393' title='bbox 314 1812 323 1826; x_wconf 91' lang='lat'>,</span> <span class='ocrx_word' id='word_1_394' title='bbox 337 1801 369 1821; x_wconf 91' lang='lat' dir='ltr'>ut</span> <span class='ocrx_word' id='word_1_395' title='bbox 379 1811 386 1824; x_wconf 89' lang='lat'>‚</span> <span class='ocrx_word' id='word_1_396' title='bbox 400 1792 444 1820; x_wconf 88' lang='lat' dir='ltr'>his</span> <span class='ocrx_word' id='word_1_397' title='bbox 455 1800 506 1830; x_wconf 86' lang='lat' dir='ltr'>per</span> <span class='ocrx_word' id='word_1_398' title='bbox 516 1792 705 1829; x_wconf 88' lang='lat' dir='ltr'>triumphum</span> <span class='ocrx_word' id='word_1_399' title='bbox 716 1789 1144 1829; x_wconf 63' lang='lat' dir='ltr'>du&amp;1s‚pu1chen·imumspe-</span> <span class='ocrx_word' id='word_1_400' title='bbox 1165 1791 1167 1798; x_wconf 82' lang='grc'><em>’</em></span> 
     </span>
     <span class='ocr_line' id='line_1_42' title="bbox 189 1830 1167 1872; baseline -0.004 -9"><span class='ocrx_word' id='word_1_401' title='bbox 189 1833 334 1863; x_wconf 63' lang='lat' dir='ltr'>Haemum</span> <span class='ocrx_word' id='word_1_402' title='bbox 342 1854 350 1867; x_wconf 86' lang='lat'>,</span> <span class='ocrx_word' id='word_1_403' title='bbox 374 1831 566 1872; x_wconf 56' lang='lat' dir='ltr'>frustumque</span> <span class='ocrx_word' id='word_1_404' title='bbox 582 1830 718 1861; x_wconf 70' lang='lat' dir='ltr'>viCtoriae</span> <span class='ocrx_word' id='word_1_405' title='bbox 736 1833 866 1871; x_wconf 86' lang='lat' dir='ltr'>populus</span> <span class='ocrx_word' id='word_1_406' title='bbox 884 1833 976 1861; x_wconf 89' lang='lat' dir='ltr'>Rom.</span> <span class='ocrx_word' id='word_1_407' title='bbox 995 1833 1144 1870; x_wconf 81' lang='lat' dir='ltr'>percipere</span> <span class='ocrx_word' id='word_1_408' title='bbox 1165 1837 1167 1852; x_wconf 67' lang='lat'>¹=</span> 
     </span>
     <span class='ocr_line' id='line_1_43' title="bbox 187 1871 1167 1916; baseline -0.004 -11"><span class='ocrx_word' id='word_1_409' title='bbox 187 1874 289 1916; x_wconf 82' lang='lat' dir='ltr'>pollit:</span> <span class='ocrx_word' id='word_1_410' title='bbox 310 1884 411 1905; x_wconf 76' lang='lat' dir='ltr'>tamen</span> <span class='ocrx_word' id='word_1_411' title='bbox 429 1872 504 1902; x_wconf 79' lang='lat' dir='ltr'>cum</span> <span class='ocrx_word' id='word_1_412' title='bbox 518 1873 554 1902; x_wconf 88' lang='lat' dir='ltr'>de</span> <span class='ocrx_word' id='word_1_413' title='bbox 563 1871 629 1903; x_wconf 88' lang='lat' dir='ltr'>foro</span> <span class='ocrx_word' id='word_1_414' title='bbox 639 1875 672 1902; x_wconf 88' lang='lat' dir='ltr'>in</span> <span class='ocrx_word' id='word_1_415' title='bbox 684 1873 868 1912; x_wconf 51' lang='lat' dir='ltr'>Capitolium</span> <span class='ocrx_word' id='word_1_416' title='bbox 884 1882 1004 1902; x_wconf 87' lang='lat' dir='ltr'>currum</span> <span class='ocrx_word' id='word_1_417' title='bbox 1024 1871 1143 1901; x_wconf 73' lang='lat' dir='ltr'>flectere</span> <span class='ocrx_word' id='word_1_418' title='bbox 1166 1888 1167 1907; x_wconf 51' lang='lat'>3</span> 
     </span>
     <span class='ocr_line' id='line_1_44' title="bbox 186 1913 1141 1957; baseline -0.004 -10"><span class='ocrx_word' id='word_1_419' title='bbox 186 1919 353 1957; x_wconf 69' lang='lat' dir='ltr'>incipiunt,</span> <span class='ocrx_word' id='word_1_420' title='bbox 374 1916 444 1945; x_wconf 87' lang='lat' dir='ltr'>illos</span> <span class='ocrx_word' id='word_1_421' title='bbox 454 1914 522 1945; x_wconf 87' lang='lat' dir='ltr'>duci</span> <span class='ocrx_word' id='word_1_422' title='bbox 532 1916 565 1944; x_wconf 86' lang='lat' dir='ltr'>in</span> <span class='ocrx_word' id='word_1_423' title='bbox 581 1924 727 1944; x_wconf 79' lang='lat' dir='ltr'>carcerem</span> <span class='ocrx_word' id='word_1_424' title='bbox 746 1915 866 1952; x_wconf 77' lang='lat' dir='ltr'>jubent:</span> <span class='ocrx_word' id='word_1_425' title='bbox 884 1914 1024 1955; x_wconf 82' lang='lat' dir='ltr'>idemque</span> <span class='ocrx_word' id='word_1_426' title='bbox 1034 1913 1098 1943; x_wconf 84' lang='lat' dir='ltr'>dies</span> <span class='ocrx_word' id='word_1_427' title='bbox 1109 1913 1141 1943; x_wconf 86' lang='lat'>&amp;</span> 
     </span>
    </p>

    <p class='ocr_par' dir='ltr' id='par_1_5' title="bbox 186 1954 1144 1996">
     <span class='ocr_line' id='line_1_45' title="bbox 186 1954 1144 1996; baseline -0.005 -7"><span class='ocrx_word' id='word_1_428' title='bbox 186 1958 353 1990; x_wconf 58' lang='lat' dir='ltr'>vietor-ibus</span> <span class='ocrx_word' id='word_1_429' title='bbox 365 1958 503 1996; x_wconf 83' lang='lat' dir='ltr'>imperii,</span> <span class='ocrx_word' id='word_1_430' title='bbox 516 1956 548 1986; x_wconf 87' lang='lat'>&amp;</span> <span class='ocrx_word' id='word_1_431' title='bbox 558 1955 648 1985; x_wconf 74' lang='lat' dir='ltr'>viEtis</span> <span class='ocrx_word' id='word_1_432' title='bbox 657 1957 723 1986; x_wconf 83' lang='lat' dir='ltr'>vitae</span> <span class='ocrx_word' id='word_1_433' title='bbox 736 1954 828 1985; x_wconf 86' lang='lat' dir='ltr'>finem</span> <span class='ocrx_word' id='word_1_434' title='bbox 838 1957 915 1986; x_wconf 84' lang='grc'><strong>13611.</strong></span> <span class='ocrx_word' id='word_1_435' title='bbox 942 1958 979 1986; x_wconf 90' lang='lat' dir='ltr'>Et</span> <span class='ocrx_word' id='word_1_436' title='bbox 988 1965 1069 1985; x_wconf 90' lang='lat' dir='ltr'>nunc</span> <span class='ocrx_word' id='word_1_437' title='bbox 1079 1957 1144 1984; x_wconf 90' lang='lat' dir='ltr'>cui-</span> 
     </span>
    </p>

    <p class='ocr_par' dir='ltr' id='par_1_6' title="bbox 186 1996 1143 2043">
     <span class='ocr_line' id='line_1_46' title="bbox 186 1996 1143 2043; baseline -0.005 -12"><span class='ocrx_word' id='word_1_438' title='bbox 186 2011 278 2043; x_wconf 80' lang='lat' dir='ltr'>quam</span> <span class='ocrx_word' id='word_1_439' title='bbox 287 2000 374 2030; x_wconf 82' lang='lat' dir='ltr'>credo</span> <span class='ocrx_word' id='word_1_440' title='bbox 385 1997 442 2029; x_wconf 83' lang='lat' dir='ltr'>effe</span> <span class='ocrx_word' id='word_1_441' title='bbox 453 1997 579 2027; x_wconf 89' lang='lat' dir='ltr'>dubium</span> <span class='ocrx_word' id='word_1_442' title='bbox 592 2017 598 2030; x_wconf 94' lang='lat'><em>,</em></span> <span class='ocrx_word' id='word_1_443' title='bbox 609 1999 685 2038; x_wconf 86' lang='lat' dir='ltr'>quin</span> <span class='ocrx_word' id='word_1_444' title='bbox 696 2007 727 2028; x_wconf 89' lang='lat' dir='ltr'>tu</span> <span class='ocrx_word' id='word_1_445' title='bbox 739 1997 768 2027; x_wconf 88' lang='lat' dir='ltr'>id</span> <span class='ocrx_word' id='word_1_446' title='bbox 779 1996 993 2027; x_wconf 67' lang='lat' dir='ltr'>commissurus</span> <span class='ocrx_word' id='word_1_447' title='bbox 1005 2007 1068 2027; x_wconf 89' lang='lat' dir='ltr'>non</span> <span class='ocrx_word' id='word_1_448' title='bbox 1078 1996 1143 2026; x_wconf 90' lang='lat' dir='ltr'>fue-</span> 
     </span>
    </p>

    <p class='ocr_par' dir='ltr' id='par_1_7' title="bbox 187 2037 1144 2083">
     <span class='ocr_line' id='line_1_47' title="bbox 187 2037 1144 2083; baseline -0.005 -10"><span class='ocrx_word' id='word_1_449' title='bbox 187 2046 238 2076; x_wconf 86' lang='lat' dir='ltr'>ris,</span> <span class='ocrx_word' id='word_1_450' title='bbox 249 2042 410 2083; x_wconf 82' lang='lat' dir='ltr'>praesei·tim</span> <span class='ocrx_word' id='word_1_451' title='bbox 423 2038 493 2070; x_wconf 77' lang='lat' dir='ltr'>cum</span> <span class='ocrx_word' id='word_1_452' title='bbox 506 2038 660 2072; x_wconf 61' lang='lat' dir='ltr'>statuisses,</span> <span class='ocrx_word' id='word_1_453' title='bbox 674 2041 766 2073; x_wconf 70' lang='grc'><strong>111315,</strong></span> <span class='ocrx_word' id='word_1_454' title='bbox 780 2039 836 2069; x_wconf 89' lang='lat' dir='ltr'>tibi</span> <span class='ocrx_word' id='word_1_455' title='bbox 845 2038 961 2069; x_wconf 72' lang='lat' dir='ltr'>causim</span> <span class='ocrx_word' id='word_1_456' title='bbox 971 2037 1029 2068; x_wconf 82' lang='lat' dir='ltr'>ess&#39;e</span> <span class='ocrx_word' id='word_1_457' title='bbox 1040 2038 1144 2068; x_wconf 86' lang='lat' dir='ltr'>dicen-</span> 
     </span>
    </p>

    <p class='ocr_par' dir='ltr' id='par_1_8' title="bbox 188 2080 1168 2204">
     <span class='ocr_line' id='line_1_48' title="bbox 189 2080 1168 2125; baseline -0.004 -11"><span class='ocrx_word' id='word_1_458' title='bbox 189 2085 259 2116; x_wconf 86' lang='lat' dir='ltr'>dam</span> <span class='ocrx_word' id='word_1_459' title='bbox 271 2104 279 2118; x_wconf 87' lang='lat'>‚</span> <span class='ocrx_word' id='word_1_460' title='bbox 302 2092 333 2113; x_wconf 85' lang='lat' dir='ltr'>ut</span> <span class='ocrx_word' id='word_1_461' title='bbox 344 2083 394 2112; x_wconf 87' lang='lat' dir='ltr'>ille</span> <span class='ocrx_word' id='word_1_462' title='bbox 402 2083 573 2120; x_wconf 79' lang='lat' dir='ltr'>archipirata</span> <span class='ocrx_word' id='word_1_463' title='bbox 582 2091 645 2110; x_wconf 90' lang='lat' dir='ltr'>non</span> <span class='ocrx_word' id='word_1_464' title='bbox 656 2082 755 2120; x_wconf 85' lang='lat' dir='ltr'>potius</span> <span class='ocrx_word' id='word_1_465' title='bbox 767 2081 858 2111; x_wconf 89' lang='lat' dir='ltr'>securi</span> <span class='ocrx_word' id='word_1_466' title='bbox 868 2080 1019 2114; x_wconf 78' lang='lat' dir='ltr'>feriretur,</span> <span class='ocrx_word' id='word_1_467' title='bbox 1032 2080 1122 2121; x_wconf 62' lang='lat' dir='ltr'>quam</span> <span class='ocrx_word' id='word_1_468' title='bbox 1134 2100 1142 2114; x_wconf 89' lang='lat'>‚</span> <span class='ocrx_word' id='word_1_469' title='bbox 1166 2114 1168 2125; x_wconf 44' lang='grc' dir='ltr'>Ι</span> 
     </span>
     <span class='ocr_line' id='line_1_49' title="bbox 188 2121 1168 2168; baseline -0.005 -12"><span class='ocrx_word' id='word_1_470' title='bbox 188 2125 272 2168; x_wconf 87' lang='lat' dir='ltr'>quod</span> <span class='ocrx_word' id='word_1_471' title='bbox 286 2133 345 2155; x_wconf 85' lang='lat' dir='ltr'>erat</span> <span class='ocrx_word' id='word_1_472' title='bbox 354 2131 422 2154; x_wconf 87' lang='lat' dir='ltr'>ante</span> <span class='ocrx_word' id='word_1_473' title='bbox 431 2124 537 2153; x_wconf 88' lang='lat' dir='ltr'>oculos</span> <span class='ocrx_word' id='word_1_474' title='bbox 548 2121 689 2162; x_wconf 85' lang='lat' dir='ltr'>positum,</span> <span class='ocrx_word' id='word_1_475' title='bbox 699 2129 746 2151; x_wconf 77' lang='lat' dir='ltr'>tuo</span> <span class='ocrx_word' id='word_1_476' title='bbox 752 2123 873 2163; x_wconf 74' lang='lat' dir='ltr'>periculo</span> <span class='ocrx_word' id='word_1_477' title='bbox 884 2124 1004 2152; x_wconf 77' lang='lat' dir='ltr'>viveret.</span> <span class='ocrx_word' id='word_1_478' title='bbox 1021 2125 1051 2152; x_wconf 87' lang='lat' dir='ltr'>Si</span> <span class='ocrx_word' id='word_1_479' title='bbox 1061 2125 1144 2152; x_wconf 90' lang='lat' dir='ltr'>enim</span> <span class='ocrx_word' id='word_1_480' title='bbox 1166 2130 1168 2135; x_wconf 78' lang='grc'>’</span> 
     </span>
     <span class='ocr_line' id='line_1_50' title="bbox 189 2163 1146 2204; baseline -0.006 -5"><span class='ocrx_word' id='word_1_481' title='bbox 189 2167 261 2199; x_wconf 79' lang='lat' dir='ltr'>efl&#39;et</span> <span class='ocrx_word' id='word_1_482' title='bbox 271 2174 410 2196; x_wconf 88' lang='lat' dir='ltr'>mortuus</span> <span class='ocrx_word' id='word_1_483' title='bbox 421 2185 429 2197; x_wconf 90' lang='lat'>‚</span> <span class='ocrx_word' id='word_1_484' title='bbox 447 2173 478 2194; x_wconf 86' lang='lat' dir='ltr'>tu</span> <span class='ocrx_word' id='word_1_485' title='bbox 488 2184 496 2198; x_wconf 93' lang='lat'>,</span> <span class='ocrx_word' id='word_1_486' title='bbox 529 2166 684 2194; x_wconf 88' lang='lat' dir='ltr'>uicrimen</span> <span class='ocrx_word' id='word_1_487' title='bbox 695 2166 735 2194; x_wconf 88' lang='lat' dir='ltr'>ais</span> <span class='ocrx_word' id='word_1_488' title='bbox 748 2174 774 2193; x_wconf 86' lang='lat' dir='ltr'>te</span> <span class='ocrx_word' id='word_1_489' title='bbox 785 2163 922 2194; x_wconf 83' lang='lat' dir='ltr'>metuiss&#39;e</span> <span class='ocrx_word' id='word_1_490' title='bbox 932 2184 940 2197; x_wconf 89' lang='lat'>‚</span> <span class='ocrx_word' id='word_1_491' title='bbox 956 2174 1056 2204; x_wconf 75' lang='lat' dir='ltr'>quaero</span> <span class='ocrx_word' id='word_1_492' title='bbox 1068 2183 1076 2197; x_wconf 91' lang='lat'>,</span> <span class='ocrx_word' id='word_1_493' title='bbox 1097 2165 1146 2194; x_wconf 86' lang='lat' dir='ltr'>cui</span> 
     </span>
    </p>

    <p class='ocr_par' dir='ltr' id='par_1_9' title="bbox 187 2204 1171 2793">
     <span class='ocr_line' id='line_1_51' title="bbox 187 2204 1168 2251; baseline -0.004 -13"><span class='ocrx_word' id='word_1_494' title='bbox 187 2209 348 2251; x_wconf 82' lang='lat' dir='ltr'>probares?</span> <span class='ocrx_word' id='word_1_495' title='bbox 371 2206 442 2236; x_wconf 76' lang='lat' dir='ltr'>cum</span> <span class='ocrx_word' id='word_1_496' title='bbox 454 2215 513 2235; x_wconf 92' lang='lat' dir='ltr'>con</span> <span class='ocrx_word' id='word_1_497' title='bbox 543 2215 617 2238; x_wconf 81' lang='lat' dir='ltr'>aret,</span> <span class='ocrx_word' id='word_1_498' title='bbox 638 2204 881 2245; x_wconf 87' lang='lat' dir='ltr'>istuin·Syi·acusis</span> <span class='ocrx_word' id='word_1_499' title='bbox 891 2206 927 2235; x_wconf 92' lang='lat' dir='ltr'>ab</span> <span class='ocrx_word' id='word_1_500' title='bbox 941 2206 1027 2235; x_wconf 79' lang='grc'><strong>1111110</strong></span> <span class='ocrx_word' id='word_1_501' title='bbox 1044 2205 1144 2235; x_wconf 89' lang='lat' dir='ltr'>visum</span> <span class='ocrx_word' id='word_1_502' title='bbox 1166 2204 1168 2219; x_wconf 87' lang='lat'><strong>¹</strong></span> 
     </span>
     <span class='ocr_line' id='line_1_52' title="bbox 190 2245 1146 2288; baseline -0.005 -7"><span class='ocrx_word' id='word_1_503' title='bbox 190 2250 249 2282; x_wconf 81' lang='lat' dir='ltr'>effe</span> <span class='ocrx_word' id='word_1_504' title='bbox 258 2250 462 2288; x_wconf 77' lang='lat' dir='ltr'>archipiratam</span> <span class='ocrx_word' id='word_1_505' title='bbox 471 2267 479 2280; x_wconf 89' lang='lat'>,</span> <span class='ocrx_word' id='word_1_506' title='bbox 490 2247 527 2277; x_wconf 90' lang='lat' dir='ltr'>ab</span> <span class='ocrx_word' id='word_1_507' title='bbox 536 2246 679 2277; x_wconf 87' lang='lat' dir='ltr'>omnibus</span> <span class='ocrx_word' id='word_1_508' title='bbox 689 2245 884 2277; x_wconf 86' lang='lat' dir='ltr'>desideratum</span> <span class='ocrx_word' id='word_1_509' title='bbox 897 2257 901 2275; x_wconf 88' lang='lat'>:</span> <span class='ocrx_word' id='word_1_510' title='bbox 918 2246 989 2276; x_wconf 77' lang='lat' dir='ltr'>cum</span> <span class='ocrx_word' id='word_1_511' title='bbox 999 2247 1146 2277; x_wconf 85' lang='lat' dir='ltr'>dubitaret</span> 
     </span>
     <span class='ocr_line' id='line_1_53' title="bbox 192 2287 1144 2331; baseline -0.005 -8"><span class='ocrx_word' id='word_1_512' title='bbox 192 2302 285 2324; x_wconf 89' lang='lat' dir='ltr'>nemo</span> <span class='ocrx_word' id='word_1_513' title='bbox 295 2311 304 2325; x_wconf 87' lang='lat'>,</span> <span class='ocrx_word' id='word_1_514' title='bbox 323 2292 398 2331; x_wconf 87' lang='lat' dir='ltr'>quin</span> <span class='ocrx_word' id='word_1_515' title='bbox 409 2289 495 2319; x_wconf 80' lang='lat' dir='ltr'>abste</span> <span class='ocrx_word' id='word_1_516' title='bbox 507 2291 633 2328; x_wconf 86' lang='lat' dir='ltr'>pecunia</span> <span class='ocrx_word' id='word_1_517' title='bbox 642 2288 780 2318; x_wconf 82' lang='lat' dir='ltr'>liberatus</span> <span class='ocrx_word' id='word_1_518' title='bbox 792 2287 862 2318; x_wconf 85' lang='lat' dir='ltr'>effet</span> <span class='ocrx_word' id='word_1_519' title='bbox 871 2308 878 2322; x_wconf 86' lang='lat'>‚</span> <span class='ocrx_word' id='word_1_520' title='bbox 900 2287 971 2318; x_wconf 81' lang='lat' dir='ltr'>cum</span> <span class='ocrx_word' id='word_1_521' title='bbox 989 2287 1080 2329; x_wconf 77' lang='lat' dir='ltr'>vulgo</span> <span class='ocrx_word' id='word_1_522' title='bbox 1098 2289 1144 2318; x_wconf 89' lang='lat' dir='ltr'>lo-</span> 
     </span>
     <span class='ocr_line' id='line_1_54' title="bbox 189 2329 1143 2376; baseline -0.006 -12"><span class='ocrx_word' id='word_1_523' title='bbox 189 2342 359 2376; x_wconf 77' lang='lat' dir='ltr'>querentur,</span> <span class='ocrx_word' id='word_1_524' title='bbox 367 2330 540 2370; x_wconf 79' lang='lat' dir='ltr'>ficppofimm</span> <span class='ocrx_word' id='word_1_525' title='bbox 550 2333 582 2360; x_wconf 89' lang='lat' dir='ltr'>in</span> <span class='ocrx_word' id='word_1_526' title='bbox 593 2331 656 2366; x_wconf 78' lang='lat' dir='ltr'>eius</span> <span class='ocrx_word' id='word_1_527' title='bbox 667 2330 780 2363; x_wconf 86' lang='lat' dir='ltr'>locum,</span> <span class='ocrx_word' id='word_1_528' title='bbox 794 2339 884 2371; x_wconf 85' lang='lat' dir='ltr'>quem</span> <span class='ocrx_word' id='word_1_529' title='bbox 892 2339 947 2369; x_wconf 90' lang='lat' dir='ltr'>pro</span> <span class='ocrx_word' id='word_1_530' title='bbox 957 2329 1011 2359; x_wconf 91' lang='lat' dir='ltr'>illo</span> <span class='ocrx_word' id='word_1_531' title='bbox 1022 2330 1143 2369; x_wconf 86' lang='lat' dir='ltr'>probare</span> 
     </span>
     <span class='ocr_line' id='line_1_55' title="bbox 188 2370 1147 2408; baseline -0.006 -2"><span class='ocrx_word' id='word_1_532' title='bbox 188 2377 299 2408; x_wconf 86' lang='lat' dir='ltr'>velles:</span> <span class='ocrx_word' id='word_1_533' title='bbox 318 2372 390 2403; x_wconf 72' lang='lat' dir='ltr'>cum</span> <span class='ocrx_word' id='word_1_534' title='bbox 401 2381 463 2402; x_wconf 82' lang='lat' dir='ltr'>tute</span> <span class='ocrx_word' id='word_1_535' title='bbox 472 2370 560 2401; x_wconf 73' lang='lat' dir='ltr'>fass&#39;us</span> <span class='ocrx_word' id='word_1_536' title='bbox 571 2371 643 2401; x_wconf 79' lang='lat' dir='ltr'>effes</span> <span class='ocrx_word' id='word_1_537' title='bbox 653 2392 661 2404; x_wconf 88' lang='lat'>,</span> <span class='ocrx_word' id='word_1_538' title='bbox 683 2381 711 2401; x_wconf 87' lang='lat' dir='ltr'>te</span> <span class='ocrx_word' id='word_1_539' title='bbox 723 2372 751 2401; x_wconf 87' lang='lat' dir='ltr'>id</span> <span class='ocrx_word' id='word_1_540' title='bbox 763 2373 879 2401; x_wconf 85' lang='lat' dir='ltr'>crimen</span> <span class='ocrx_word' id='word_1_541' title='bbox 896 2380 977 2401; x_wconf 86' lang='lat' dir='ltr'>tanto</span> <span class='ocrx_word' id='word_1_542' title='bbox 995 2376 1062 2401; x_wconf 81' lang='lat' dir='ltr'>ante</span> <span class='ocrx_word' id='word_1_543' title='bbox 1081 2381 1147 2400; x_wconf 92' lang='lat' dir='ltr'>me-</span> 
     </span>
     <span class='ocr_line' id='line_1_56' title="bbox 190 2411 1143 2454; baseline -0.007 -5"><span class='ocrx_word' id='word_1_544' title='bbox 190 2416 277 2449; x_wconf 73' lang='grc'><strong>101116</strong></span> <span class='ocrx_word' id='word_1_545' title='bbox 289 2427 294 2446; x_wconf 88' lang='grc'>;</span> <span class='ocrx_word' id='word_1_546' title='bbox 307 2414 327 2445; x_wconf 85' lang='grc'>[1</span> <span class='ocrx_word' id='word_1_547' title='bbox 339 2424 410 2446; x_wconf 85' lang='lat' dir='ltr'>eum</span> <span class='ocrx_word' id='word_1_548' title='bbox 421 2414 532 2443; x_wconf 79' lang='lat' dir='ltr'>diceres</span> <span class='ocrx_word' id='word_1_549' title='bbox 544 2411 598 2442; x_wconf 74' lang='grc' dir='ltr'>61ἶὲ</span> <span class='ocrx_word' id='word_1_550' title='bbox 610 2422 779 2446; x_wconf 84' lang='lat' dir='ltr'>mortuum,</span> <span class='ocrx_word' id='word_1_551' title='bbox 791 2416 858 2454; x_wconf 90' lang='lat' dir='ltr'>quis</span> <span class='ocrx_word' id='word_1_552' title='bbox 867 2422 895 2443; x_wconf 84' lang='lat' dir='ltr'>te</span> <span class='ocrx_word' id='word_1_553' title='bbox 904 2412 1039 2442; x_wconf 79' lang='lat' dir='ltr'>audiret&gt;</span> <span class='ocrx_word' id='word_1_554' title='bbox 1052 2423 1143 2446; x_wconf 85' lang='lat' dir='ltr'>nunc,</span> 
     </span>
     <span class='ocr_line' id='line_1_57' title="bbox 190 2454 1147 2495; baseline -0.006 -6"><span class='ocrx_word' id='word_1_555' title='bbox 190 2459 263 2491; x_wconf 76' lang='lat' dir='ltr'>esim</span> <span class='ocrx_word' id='word_1_556' title='bbox 275 2460 382 2488; x_wconf 70' lang='lat' dir='ltr'>vivum</span> <span class='ocrx_word' id='word_1_557' title='bbox 395 2454 487 2485; x_wconf 85' lang='lat' dir='ltr'>istum</span> <span class='ocrx_word' id='word_1_558' title='bbox 498 2455 597 2485; x_wconf 86' lang='lat' dir='ltr'>nescio</span> <span class='ocrx_word' id='word_1_559' title='bbox 609 2465 699 2495; x_wconf 86' lang='lat' dir='ltr'>quem</span> <span class='ocrx_word' id='word_1_560' title='bbox 710 2455 865 2494; x_wconf 73' lang='lat' dir='ltr'>produce5‚</span> <span class='ocrx_word' id='word_1_561' title='bbox 877 2463 1017 2484; x_wconf 82' lang='lat' dir='ltr'>tamenne</span> <span class='ocrx_word' id='word_1_562' title='bbox 1028 2454 1057 2483; x_wconf 88' lang='lat' dir='ltr'>id</span> <span class='ocrx_word' id='word_1_563' title='bbox 1068 2454 1147 2484; x_wconf 88' lang='lat' dir='ltr'>credi</span> 
     </span>
     <span class='ocr_line' id='line_1_58' title="bbox 191 2494 1149 2540; baseline -0.007 -8"><span class='ocrx_word' id='word_1_564' title='bbox 191 2502 295 2532; x_wconf 82' lang='lat' dir='ltr'>voles?</span> <span class='ocrx_word' id='word_1_565' title='bbox 309 2498 390 2540; x_wconf 86' lang='lat' dir='ltr'>Qid</span> <span class='ocrx_word' id='word_1_566' title='bbox 400 2496 421 2526; x_wconf 90' lang='lat' dir='ltr'>si</span> <span class='ocrx_word' id='word_1_567' title='bbox 431 2495 603 2537; x_wconf 70' lang='lat' dir='ltr'>aufugisset?</span> <span class='ocrx_word' id='word_1_568' title='bbox 622 2495 642 2525; x_wconf 87' lang='grc'>[1</span> <span class='ocrx_word' id='word_1_569' title='bbox 653 2497 751 2526; x_wconf 80' lang='lat' dir='ltr'>vincla</span> <span class='ocrx_word' id='word_1_570' title='bbox 759 2494 880 2536; x_wconf 84' lang='lat' dir='ltr'>rnpiss&#39;et</span> <span class='ocrx_word' id='word_1_571' title='bbox 888 2516 896 2529; x_wconf 90' lang='lat'>‚</span> <span class='ocrx_word' id='word_1_572' title='bbox 910 2498 948 2525; x_wconf 85' lang='lat' dir='ltr'>ita</span> <span class='ocrx_word' id='word_1_573' title='bbox 958 2516 965 2529; x_wconf 93' lang='lat'>‚</span> <span class='ocrx_word' id='word_1_574' title='bbox 978 2505 1008 2525; x_wconf 88' lang='lat' dir='ltr'>ut</span> <span class='ocrx_word' id='word_1_575' title='bbox 1021 2498 1101 2525; x_wconf 92' lang='lat' dir='ltr'>Nico</span> <span class='ocrx_word' id='word_1_576' title='bbox 1112 2496 1149 2524; x_wconf 87' lang='lat' dir='ltr'>il-</span> 
     </span>
     <span class='ocr_line' id='line_1_59' title="bbox 191 2536 1148 2578; baseline -0.008 -4"><span class='ocrx_word' id='word_1_577' title='bbox 191 2543 220 2573; x_wconf 90' lang='lat' dir='ltr'>le</span> <span class='ocrx_word' id='word_1_578' title='bbox 232 2563 240 2577; x_wconf 87' lang='lat'>‚</span> <span class='ocrx_word' id='word_1_579' title='bbox 253 2537 454 2572; x_wconf 80' lang='lat' dir='ltr'>nobiliisimus</span> <span class='ocrx_word' id='word_1_580' title='bbox 465 2539 556 2578; x_wconf 81' lang='lat' dir='ltr'>pirata</span> <span class='ocrx_word' id='word_1_581' title='bbox 567 2537 634 2568; x_wconf 78' lang='lat' dir='ltr'>fecit</span> <span class='ocrx_word' id='word_1_582' title='bbox 644 2559 651 2571; x_wconf 83' lang='grc'><strong>,</strong></span> <span class='ocrx_word' id='word_1_583' title='bbox 664 2548 755 2578; x_wconf 83' lang='lat' dir='ltr'>quem</span> <span class='ocrx_word' id='word_1_584' title='bbox 764 2541 795 2569; x_wconf 85' lang='lat' dir='ltr'>P.</span> <span class='ocrx_word' id='word_1_585' title='bbox 806 2538 947 2568; x_wconf 87' lang='lat' dir='ltr'>Servilius</span> <span class='ocrx_word' id='word_1_586' title='bbox 959 2558 966 2571; x_wconf 89' lang='lat'>,</span> <span class='ocrx_word' id='word_1_587' title='bbox 981 2547 1039 2578; x_wconf 89' lang='lat' dir='ltr'>qua</span> <span class='ocrx_word' id='word_1_588' title='bbox 1049 2536 1148 2567; x_wconf 89' lang='lat' dir='ltr'>felici-</span> 
     </span>
     <span class='ocr_line' id='line_1_60' title="bbox 191 2578 1149 2622; baseline -0.008 -6"><span class='ocrx_word' id='word_1_589' title='bbox 191 2594 250 2616; x_wconf 83' lang='lat' dir='ltr'>tate</span> <span class='ocrx_word' id='word_1_590' title='bbox 259 2591 373 2622; x_wconf 83' lang='lat' dir='ltr'>ceperat</span> <span class='ocrx_word' id='word_1_591' title='bbox 384 2601 392 2614; x_wconf 88' lang='lat'>‚</span> <span class='ocrx_word' id='word_1_592' title='bbox 405 2578 510 2610; x_wconf 55' lang='lat' dir='ltr'>effidem</span> <span class='ocrx_word' id='word_1_593' title='bbox 521 2581 722 2620; x_wconf 85' lang='lat' dir='ltr'>recuperavit?</span> <span class='ocrx_word' id='word_1_594' title='bbox 736 2580 809 2621; x_wconf 87' lang='lat' dir='ltr'>quid</span> <span class='ocrx_word' id='word_1_595' title='bbox 820 2579 951 2610; x_wconf 82' lang='lat' dir='ltr'>diceres?</span> <span class='ocrx_word' id='word_1_596' title='bbox 966 2578 1080 2608; x_wconf 79' lang='lat' dir='ltr'>Verum</span> <span class='ocrx_word' id='word_1_597' title='bbox 1092 2579 1149 2608; x_wconf 90' lang='lat' dir='ltr'>hoc</span> 
     </span>
     <span class='ocr_line' id='line_1_61' title="bbox 193 2619 1147 2661; baseline -0.007 -5"><span class='ocrx_word' id='word_1_598' title='bbox 193 2636 265 2656; x_wconf 82' lang='lat' dir='ltr'>erat.</span> <span class='ocrx_word' id='word_1_599' title='bbox 289 2624 371 2654; x_wconf 79' lang='grc'><strong>[11116</strong></span> <span class='ocrx_word' id='word_1_600' title='bbox 385 2622 476 2652; x_wconf 84' lang='lat' dir='ltr'>semel</span> <span class='ocrx_word' id='word_1_601' title='bbox 491 2632 576 2651; x_wconf 86' lang='lat' dir='ltr'>verus</span> <span class='ocrx_word' id='word_1_602' title='bbox 593 2622 764 2661; x_wconf 78' lang='lat' dir='ltr'>archipirata</span> <span class='ocrx_word' id='word_1_603' title='bbox 782 2622 873 2652; x_wconf 80' lang='lat' dir='ltr'>securi</span> <span class='ocrx_word' id='word_1_604' title='bbox 889 2619 1036 2661; x_wconf 75' lang='lat' dir='ltr'>perculsus</span> <span class='ocrx_word' id='word_1_605' title='bbox 1056 2619 1127 2650; x_wconf 82' lang='lat' dir='ltr'>esset</span> <span class='ocrx_word' id='word_1_606' title='bbox 1139 2640 1147 2654; x_wconf 89' lang='lat'>‚</span> 
     </span>
     <span class='ocr_line' id='line_1_62' title="bbox 193 2661 1171 2708; baseline -0.006 -11"><span class='ocrx_word' id='word_1_607' title='bbox 193 2669 354 2708; x_wconf 82' lang='lat' dir='ltr'>pecuniam</span> <span class='ocrx_word' id='word_1_608' title='bbox 365 2664 448 2693; x_wconf 83' lang='lat' dir='ltr'>illam</span> <span class='ocrx_word' id='word_1_609' title='bbox 460 2673 522 2693; x_wconf 89' lang='lat' dir='ltr'>non</span> <span class='ocrx_word' id='word_1_610' title='bbox 533 2663 664 2693; x_wconf 80' lang='lat' dir='ltr'>haberes.</span> <span class='ocrx_word' id='word_1_611' title='bbox 689 2662 709 2692; x_wconf 88' lang='grc'>[1</span> <span class='ocrx_word' id='word_1_612' title='bbox 727 2664 777 2693; x_wconf 83' lang='grc'><strong>1116</strong></span> <span class='ocrx_word' id='word_1_613' title='bbox 794 2663 883 2693; x_wconf 87' lang='lat' dir='ltr'>falsus</span> <span class='ocrx_word' id='word_1_614' title='bbox 900 2661 971 2693; x_wconf 83' lang='lat' dir='ltr'>esset</span> <span class='ocrx_word' id='word_1_615' title='bbox 991 2671 1127 2692; x_wconf 87' lang='lat' dir='ltr'>mortuus</span> <span class='ocrx_word' id='word_1_616' title='bbox 1138 2681 1146 2695; x_wconf 91' lang='lat'>,</span> <span class='ocrx_word' id='word_1_617' title='bbox 1170 2671 1171 2684; x_wconf 61' lang='lat'>¹</span> 
     </span>
     <span class='ocr_line' id='line_1_63' title="bbox 194 2702 1171 2749; baseline -0.008 -9"><span class='ocrx_word' id='word_1_618' title='bbox 194 2718 244 2740; x_wconf 83' lang='lat' dir='ltr'>aut</span> <span class='ocrx_word' id='word_1_619' title='bbox 253 2703 428 2749; x_wconf 79' lang='lat' dir='ltr'>profugisset</span> <span class='ocrx_word' id='word_1_620' title='bbox 436 2724 444 2738; x_wconf 93' lang='lat'>‚</span> <span class='ocrx_word' id='word_1_621' title='bbox 460 2714 525 2734; x_wconf 88' lang='lat' dir='ltr'>non</span> <span class='ocrx_word' id='word_1_622' title='bbox 535 2703 604 2735; x_wconf 79' lang='lat' dir='ltr'>ess&#39;et</span> <span class='ocrx_word' id='word_1_623' title='bbox 613 2703 736 2734; x_wconf 85' lang='lat' dir='ltr'>difficile</span> <span class='ocrx_word' id='word_1_624' title='bbox 747 2705 841 2735; x_wconf 87' lang='lat' dir='ltr'>alium</span> <span class='ocrx_word' id='word_1_625' title='bbox 853 2707 884 2734; x_wconf 87' lang='lat' dir='ltr'>in</span> <span class='ocrx_word' id='word_1_626' title='bbox 894 2702 1033 2744; x_wconf 83' lang='lat' dir='ltr'>suppositi</span> <span class='ocrx_word' id='word_1_627' title='bbox 1044 2704 1146 2733; x_wconf 86' lang='lat' dir='ltr'>locum</span> <span class='ocrx_word' id='word_1_628' title='bbox 1169 2725 1171 2737; x_wconf 36' lang='grc' dir='ltr'><em>Α</em></span> 
     </span>
     <span class='ocr_line' id='line_1_64' title="bbox 187 2744 1147 2793; baseline -0.004 -14"><span class='ocrx_word' id='word_1_629' title='bbox 187 2748 346 2793; x_wconf 72' lang='lat' dir='ltr'>ficpponcre.</span> <span class='ocrx_word' id='word_1_630' title='bbox 371 2747 456 2779; x_wconf 86' lang='lat' dir='ltr'>Plura</span> <span class='ocrx_word' id='word_1_631' title='bbox 469 2746 553 2780; x_wconf 86' lang='lat' dir='ltr'>dixi,</span> <span class='ocrx_word' id='word_1_632' title='bbox 573 2748 662 2787; x_wconf 64' lang='lat' dir='ltr'>quam</span> <span class='ocrx_word' id='word_1_633' title='bbox 674 2747 777 2780; x_wconf 84' lang='lat' dir='ltr'>volui,</span> <span class='ocrx_word' id='word_1_634' title='bbox 796 2746 832 2777; x_wconf 89' lang='lat' dir='ltr'>de</span> <span class='ocrx_word' id='word_1_635' title='bbox 843 2747 898 2776; x_wconf 87' lang='lat' dir='ltr'>illo</span> <span class='ocrx_word' id='word_1_636' title='bbox 907 2747 1094 2785; x_wconf 83' lang='lat' dir='ltr'>archipirata:</span> <span class='ocrx_word' id='word_1_637' title='bbox 1114 2744 1147 2775; x_wconf 88' lang='lat'>&amp;</span> 
     </span>
    </p>

    <p class='ocr_par' dir='ltr' id='par_1_10' title="bbox 194 2786 1144 2831">
     <span class='ocr_line' id='line_1_65' title="bbox 194 2786 1144 2831; baseline -0.003 -12"><span class='ocrx_word' id='word_1_638' title='bbox 194 2802 296 2823; x_wconf 86' lang='lat' dir='ltr'>tamen</span> <span class='ocrx_word' id='word_1_639' title='bbox 307 2802 339 2821; x_wconf 78' lang='lat' dir='ltr'>ea</span> <span class='ocrx_word' id='word_1_640' title='bbox 350 2810 358 2823; x_wconf 91' lang='lat'>,</span> <span class='ocrx_word' id='word_1_641' title='bbox 376 2798 441 2831; x_wconf 81' lang='lat' dir='ltr'>quae</span> <span class='ocrx_word' id='word_1_642' title='bbox 453 2786 607 2818; x_wconf 71' lang='lat' dir='ltr'>certissima</span> <span class='ocrx_word' id='word_1_643' title='bbox 624 2788 691 2818; x_wconf 89' lang='lat' dir='ltr'>sunt</span> <span class='ocrx_word' id='word_1_644' title='bbox 710 2789 798 2827; x_wconf 85' lang='lat' dir='ltr'>hujus</span> <span class='ocrx_word' id='word_1_645' title='bbox 807 2790 944 2818; x_wconf 82' lang='lat' dir='ltr'>criminis</span> <span class='ocrx_word' id='word_1_646' title='bbox 954 2795 1124 2828; x_wconf 79' lang='lat' dir='ltr'>argumenta</span> <span class='ocrx_word' id='word_1_647' title='bbox 1136 2788 1144 2819; x_wconf 73' lang='lat'>¹,</span> 
     </span>
    </p>

    <p class='ocr_par' dir='ltr' id='par_1_11' title="bbox 191 2828 1145 2874">
     <span class='ocr_line' id='line_1_66' title="bbox 191 2828 1145 2874; baseline -0.006 -11"><span class='ocrx_word' id='word_1_648' title='bbox 191 2831 374 2874; x_wconf 81' lang='lat' dir='ltr'>praetermisi.</span> <span class='ocrx_word' id='word_1_649' title='bbox 406 2830 486 2859; x_wconf 89' lang='lat' dir='ltr'>Volo</span> <span class='ocrx_word' id='word_1_650' title='bbox 498 2832 582 2859; x_wconf 82' lang='lat' dir='ltr'>enim</span> <span class='ocrx_word' id='word_1_651' title='bbox 597 2831 674 2859; x_wconf 86' lang='lat' dir='ltr'>mihi</span> <span class='ocrx_word' id='word_1_652' title='bbox 685 2839 784 2860; x_wconf 88' lang='lat' dir='ltr'>totum</span> <span class='ocrx_word' id='word_1_653' title='bbox 794 2828 851 2860; x_wconf 72' lang='lat' dir='ltr'>ess&#39;e</span> <span class='ocrx_word' id='word_1_654' title='bbox 862 2832 976 2860; x_wconf 88' lang='lat' dir='ltr'>crimen</span> <span class='ocrx_word' id='word_1_655' title='bbox 993 2831 1049 2859; x_wconf 89' lang='grc'><strong>1106</strong></span> <span class='ocrx_word' id='word_1_656' title='bbox 1068 2831 1145 2858; x_wconf 86' lang='lat' dir='ltr'>inte-</span> 
     </span>
    </p>
   </div>
   <div class='ocr_carea' id='block_1_4' title="bbox 1157 206 1177 2912">
    <p class='ocr_par' dir='ltr' id='par_1_12' title="bbox 1157 206 1177 2912">
     <span class='ocr_line' id='line_1_67' title="bbox 1157 206 1177 2912; baseline 0 0"><span class='ocrx_word' id='word_1_657' title='bbox 1157 206 1177 2912; x_wconf 95' lang='lat' dir='ltr'> </span> 
     </span>
    </p>
   </div>
   <div class='ocr_carea' id='block_1_5' title="bbox 191 3003 1152 3186">
    <p class='ocr_par' dir='ltr' id='par_1_13' title="bbox 194 3003 1152 3110">
     <span class='ocr_line' id='line_1_68' title="bbox 234 3003 1152 3039; baseline 0 -10"><span class='ocrx_word' id='word_1_658' title='bbox 234 3012 244 3030; x_wconf 83' lang='grc' dir='ltr'>ι</span> <span class='ocrx_word' id='word_1_659' title='bbox 252 3024 258 3030; x_wconf 90' lang='grc'><strong>.</strong></span> <span class='ocrx_word' id='word_1_660' title='bbox 277 3004 335 3036; x_wconf 65' lang='lat' dir='ltr'>Qis</span> <span class='ocrx_word' id='word_1_661' title='bbox 345 3011 400 3030; x_wconf 82' lang='lat' dir='ltr'>ame</span> <span class='ocrx_word' id='word_1_662' title='bbox 409 3010 431 3028; x_wconf 81' lang='lat' dir='ltr'>te</span> <span class='ocrx_word' id='word_1_663' title='bbox 442 3022 450 3034; x_wconf 83' lang='lat'>‚</span> <span class='ocrx_word' id='word_1_664' title='bbox 460 3004 600 3037; x_wconf 71' lang='lat' dir='ltr'>quisprxter</span> <span class='ocrx_word' id='word_1_665' title='bbox 609 3005 742 3039; x_wconf 55' lang='lat' dir='ltr'>tefam-in]</span> <span class='ocrx_word' id='word_1_666' title='bbox 761 3004 853 3034; x_wconf 74' lang='lat' dir='ltr'>CuiaC.</span> <span class='ocrx_word' id='word_1_667' title='bbox 865 3014 915 3031; x_wconf 90' lang='lat' dir='ltr'>non</span> <span class='ocrx_word' id='word_1_668' title='bbox 928 3004 1004 3031; x_wconf 84' lang='lat' dir='ltr'>habet</span> <span class='ocrx_word' id='word_1_669' title='bbox 1014 3003 1080 3030; x_wconf 82' lang='lat' dir='ltr'>illud</span> <span class='ocrx_word' id='word_1_670' title='bbox 1091 3005 1152 3038; x_wconf 67' lang='lat' dir='ltr'>quis:</span> 
     </span>
     <span class='ocr_line' id='line_1_69' title="bbox 194 3039 1149 3076; baseline 0 -10"><span class='ocrx_word' id='word_1_671' title='bbox 194 3039 263 3066; x_wconf 87' lang='lat' dir='ltr'>unde</span> <span class='ocrx_word' id='word_1_672' title='bbox 274 3040 381 3075; x_wconf 68' lang='lat' dir='ltr'>putabat</span> <span class='ocrx_word' id='word_1_673' title='bbox 391 3039 551 3065; x_wconf 79' lang='lat' dir='ltr'>Gulielmius</span> <span class='ocrx_word' id='word_1_674' title='bbox 563 3039 665 3066; x_wconf 85' lang='lat' dir='ltr'>rescribi</span> <span class='ocrx_word' id='word_1_675' title='bbox 678 3041 746 3076; x_wconf 68' lang='lat' dir='ltr'>possc</span> <span class='ocrx_word' id='word_1_676' title='bbox 758 3061 766 3073; x_wconf 86' lang='lat'>,</span> <span class='ocrx_word' id='word_1_677' title='bbox 777 3043 828 3076; x_wconf 73' lang='lat' dir='ltr'>quis</span> <span class='ocrx_word' id='word_1_678' title='bbox 838 3048 894 3067; x_wconf 78' lang='lat' dir='ltr'>ante</span> <span class='ocrx_word' id='word_1_679' title='bbox 905 3041 1149 3074; x_wconf 71' lang='lat' dir='ltr'>tepraetoremfecerit.</span> 
     </span>
     <span class='ocr_line' id='line_1_70' title="bbox 195 3075 667 3110; baseline 0 -9"><span class='ocrx_word' id='word_1_680' title='bbox 195 3084 286 3102; x_wconf 85' lang='lat' dir='ltr'>verum</span> <span class='ocrx_word' id='word_1_681' title='bbox 297 3076 410 3102; x_wconf 71' lang='lat' dir='ltr'>alterum</span> <span class='ocrx_word' id='word_1_682' title='bbox 422 3075 526 3101; x_wconf 77' lang='lat' dir='ltr'>videtui·</span> <span class='ocrx_word' id='word_1_683' title='bbox 536 3076 667 3110; x_wconf 79' lang='lat' dir='ltr'>argutius.</span> 
     </span>
    </p>

    <p class='ocr_par' dir='ltr' id='par_1_14' title="bbox 191 3111 1150 3186">
     <span class='ocr_line' id='line_1_71' title="bbox 231 3111 1150 3147; baseline 0.001 -10"><span class='ocrx_word' id='word_1_684' title='bbox 231 3121 258 3137; x_wconf 84' lang='lat'>2.</span> <span class='ocrx_word' id='word_1_685' title='bbox 279 3115 311 3137; x_wconf 78' lang='lat' dir='ltr'>Et</span> <span class='ocrx_word' id='word_1_686' title='bbox 328 3111 488 3145; x_wconf 48' lang='lat' dir='ltr'>concursare]</span> <span class='ocrx_word' id='word_1_687' title='bbox 510 3111 633 3137; x_wconf 84' lang='lat' dir='ltr'>Lambini</span> <span class='ocrx_word' id='word_1_688' title='bbox 649 3111 731 3140; x_wconf 81' lang='lat' dir='ltr'>editio</span> <span class='ocrx_word' id='word_1_689' title='bbox 742 3132 750 3146; x_wconf 82' lang='lat'>,</span> <span class='ocrx_word' id='word_1_690' title='bbox 769 3112 962 3147; x_wconf 77' lang='lat' dir='ltr'>circumcursare.</span> <span class='ocrx_word' id='word_1_691' title='bbox 985 3111 1027 3140; x_wconf 79' lang='lat' dir='ltr'>sed</span> <span class='ocrx_word' id='word_1_692' title='bbox 1036 3111 1150 3140; x_wconf 82' lang='lat' dir='ltr'>alterum</span> 
     </span>
     <span class='ocr_line' id='line_1_72' title="bbox 191 3146 696 3186; baseline 0 -11"><span class='ocrx_word' id='word_1_693' title='bbox 191 3147 290 3186; x_wconf 72' lang='lat' dir='ltr'>iterum</span> <span class='ocrx_word' id='word_1_694' title='bbox 302 3147 439 3175; x_wconf 63' lang='lat' dir='ltr'>habuimus</span> <span class='ocrx_word' id='word_1_695' title='bbox 450 3146 525 3184; x_wconf 80' lang='lat' dir='ltr'>supra</span> <span class='ocrx_word' id='word_1_696' title='bbox 533 3156 589 3183; x_wconf 81' lang='lat' dir='ltr'>cap.</span> <span class='ocrx_word' id='word_1_697' title='bbox 604 3156 645 3175; x_wconf 80' lang='lat'>12.</span> <span class='ocrx_word' id='word_1_698' title='bbox 655 3157 696 3184; x_wconf 86' lang='lat' dir='ltr'>pr.</span> 
     </span>
    </p>
   </div>
   <div class='ocr_carea' id='block_1_6' title="bbox 1173 126 1699 175">
    <p class='ocr_par' dir='ltr' id='par_1_15' title="bbox 1173 126 1699 175">
     <span class='ocr_line' id='line_1_73' title="bbox 1173 126 1699 175; baseline 0.004 -2"><span class='ocrx_word' id='word_1_699' title='bbox 1173 126 1699 175; x_wconf 69' lang='lat' dir='ltr'>Cxcunours</span> 
     </span>
    </p>
   </div>
   <div class='ocr_carea' id='block_1_7' title="bbox 1183 203 2144 330">
    <p class='ocr_par' dir='ltr' id='par_1_16' title="bbox 1183 203 2144 330">
     <span class='ocr_line' id='line_1_74' title="bbox 1185 203 2144 250; baseline 0.005 -15"><span class='ocrx_word' id='word_1_700' title='bbox 1185 205 1356 235; x_wconf 84' lang='lat' dir='ltr'>reservetur.</span> <span class='ocrx_word' id='word_1_701' title='bbox 1389 207 1454 236; x_wconf 85' lang='lat' dir='ltr'>Hac</span> <span class='ocrx_word' id='word_1_702' title='bbox 1462 214 1540 236; x_wconf 82' lang='lat' dir='ltr'>tanta</span> <span class='ocrx_word' id='word_1_703' title='bbox 1548 205 1644 246; x_wconf 88' lang='lat' dir='ltr'>praeda</span> <span class='ocrx_word' id='word_1_704' title='bbox 1662 203 1768 236; x_wconf 74' lang='grc'><strong>31161115</strong></span> <span class='ocrx_word' id='word_1_705' title='bbox 1777 224 1786 240; x_wconf 85' lang='grc'><strong>,</strong></span> <span class='ocrx_word' id='word_1_706' title='bbox 1807 204 1967 248; x_wconf 84' lang='lat' dir='ltr'>mancipiis</span> <span class='ocrx_word' id='word_1_707' title='bbox 1976 226 1984 242; x_wconf 90' lang='lat'><strong><em>,</em></strong></span> <span class='ocrx_word' id='word_1_708' title='bbox 2005 212 2144 250; x_wconf 66' lang='lat' dir='ltr'>argento,</span> 
     </span>
     <span class='ocr_line' id='line_1_75' title="bbox 1183 246 2138 288; baseline 0.005 -12"><span class='ocrx_word' id='word_1_709' title='bbox 1183 246 1264 277; x_wconf 79' lang='lat' dir='ltr'>veste</span> <span class='ocrx_word' id='word_1_710' title='bbox 1277 248 1482 287; x_wconf 85' lang='lat' dir='ltr'>locupletatus,</span> <span class='ocrx_word' id='word_1_711' title='bbox 1495 247 1595 277; x_wconf 79' lang='lat' dir='ltr'>nihilo</span> <span class='ocrx_word' id='word_1_712' title='bbox 1605 247 1778 288; x_wconf 79' lang='lat' dir='ltr'>diligentior</span> <span class='ocrx_word' id='word_1_713' title='bbox 1787 248 1822 278; x_wconf 89' lang='lat' dir='ltr'>ad</span> <span class='ocrx_word' id='word_1_714' title='bbox 1831 248 1949 280; x_wconf 81' lang='lat' dir='ltr'>classem</span> <span class='ocrx_word' id='word_1_715' title='bbox 1960 250 2138 285; x_wconf 75' lang='lat' dir='ltr'>ornandam,</span> 
     </span>
     <span class='ocr_line' id='line_1_76' title="bbox 1184 288 2139 330; baseline 0.004 -12"><span class='ocrx_word' id='word_1_716' title='bbox 1184 289 1297 318; x_wconf 84' lang='lat' dir='ltr'>milites</span> <span class='ocrx_word' id='word_1_717' title='bbox 1307 289 1489 319; x_wconf 85' lang='lat' dir='ltr'>revocandos</span> <span class='ocrx_word' id='word_1_718' title='bbox 1499 309 1507 322; x_wconf 82' lang='lat'>‚</span> <span class='ocrx_word' id='word_1_719' title='bbox 1519 289 1701 330; x_wconf 83' lang='lat' dir='ltr'>alendosque</span> <span class='ocrx_word' id='word_1_720' title='bbox 1709 288 1768 319; x_wconf 81' lang='lat' dir='ltr'>effe</span> <span class='ocrx_word' id='word_1_721' title='bbox 1777 292 1883 329; x_wconf 85' lang='lat' dir='ltr'>coepit:</span> <span class='ocrx_word' id='word_1_722' title='bbox 1894 290 1965 321; x_wconf 75' lang='lat' dir='ltr'>cum</span> <span class='ocrx_word' id='word_1_723' title='bbox 1976 301 2008 321; x_wconf 88' lang='lat' dir='ltr'>ea</span> <span class='ocrx_word' id='word_1_724' title='bbox 2018 301 2062 321; x_wconf 89' lang='lat' dir='ltr'>res</span> <span class='ocrx_word' id='word_1_725' title='bbox 2073 301 2139 322; x_wconf 87' lang='lat' dir='ltr'>non</span> 
     </span>
    </p>
   </div>
   <div class='ocr_carea' id='block_1_8' title="bbox 1181 330 2182 373">
    <p class='ocr_par' dir='ltr' id='par_1_17' title="bbox 1181 330 2182 373">
     <span class='ocr_line' id='line_1_77' title="bbox 1181 330 2182 373; baseline 0.003 -14"><span class='ocrx_word' id='word_1_726' title='bbox 1181 330 1282 360; x_wconf 73' lang='lat' dir='ltr'>solum</span> <span class='ocrx_word' id='word_1_727' title='bbox 1292 333 1454 371; x_wconf 85' lang='lat' dir='ltr'>provinciae</span> <span class='ocrx_word' id='word_1_728' title='bbox 1467 331 1560 364; x_wconf 85' lang='lat' dir='ltr'>saluti,</span> <span class='ocrx_word' id='word_1_729' title='bbox 1569 330 1675 360; x_wconf 81' lang='lat' dir='ltr'>verum</span> <span class='ocrx_word' id='word_1_730' title='bbox 1686 333 1777 361; x_wconf 86' lang='lat' dir='ltr'>etiarn</span> <span class='ocrx_word' id='word_1_731' title='bbox 1788 330 1839 371; x_wconf 89' lang='lat' dir='ltr'>ipsi</span> <span class='ocrx_word' id='word_1_732' title='bbox 1849 333 1953 372; x_wconf 81' lang='lat' dir='ltr'>praedae</span> <span class='ocrx_word' id='word_1_733' title='bbox 1964 332 2020 363; x_wconf 78' lang='lat' dir='ltr'>ess&#39;c</span> <span class='ocrx_word' id='word_1_734' title='bbox 2031 332 2136 373; x_wconf 84' lang='lat' dir='ltr'>poffet.</span> <span class='ocrx_word' id='word_1_735' title='bbox 2173 332 2182 336; x_wconf 81' lang='grc'><em>“</em></span> 
     </span>
    </p>
   </div>
   <div class='ocr_carea' id='block_1_9' title="bbox 1181 372 2143 578">
    <p class='ocr_par' dir='ltr' id='par_1_18' title="bbox 1181 372 2143 578">
     <span class='ocr_line' id='line_1_78' title="bbox 1184 372 2139 415; baseline 0.002 -13"><span class='ocrx_word' id='word_1_736' title='bbox 1184 374 1263 402; x_wconf 78' lang='lat' dir='ltr'>Nam</span> <span class='ocrx_word' id='word_1_737' title='bbox 1277 372 1372 403; x_wconf 86' lang='lat' dir='ltr'>aestate</span> <span class='ocrx_word' id='word_1_738' title='bbox 1383 373 1499 402; x_wconf 82' lang='lat' dir='ltr'>summa</span> <span class='ocrx_word' id='word_1_739' title='bbox 1508 392 1516 405; x_wconf 83' lang='lat'>‚</span> <span class='ocrx_word' id='word_1_740' title='bbox 1528 382 1590 412; x_wconf 91' lang='lat' dir='ltr'>quo</span> <span class='ocrx_word' id='word_1_741' title='bbox 1603 381 1736 412; x_wconf 84' lang='lat' dir='ltr'>tempore</span> <span class='ocrx_word' id='word_1_742' title='bbox 1748 376 1836 403; x_wconf 86' lang='lat' dir='ltr'>ceteri</span> <span class='ocrx_word' id='word_1_743' title='bbox 1848 383 1987 414; x_wconf 81' lang='lat' dir='ltr'>praetores</span> <span class='ocrx_word' id='word_1_744' title='bbox 1996 373 2069 403; x_wconf 82' lang='lat' dir='ltr'>obire</span> <span class='ocrx_word' id='word_1_745' title='bbox 2072 382 2139 415; x_wconf 83' lang='lat' dir='ltr'>pro-</span> 
     </span>
     <span class='ocr_line' id='line_1_79' title="bbox 1182 414 2138 447; baseline 0.004 -5"><span class='ocrx_word' id='word_1_746' title='bbox 1182 414 1309 442; x_wconf 83' lang='lat' dir='ltr'>vinciam</span> <span class='ocrx_word' id='word_1_747' title='bbox 1321 434 1328 447; x_wconf 93' lang='lat'>,</span> <span class='ocrx_word' id='word_1_748' title='bbox 1352 414 1383 443; x_wconf 87' lang='lat'>&amp;</span> <span class='ocrx_word' id='word_1_749' title='bbox 1398 414 1569 444; x_wconf 79' lang='lat' dir='ltr'>concursare</span> <span class='ocrx_word' id='word_1_750' title='bbox 1588 414 1809 444; x_wconf 87' lang='lat' dir='ltr'>consueverunt</span> <span class='ocrx_word' id='word_1_751' title='bbox 1819 435 1827 447; x_wconf 88' lang='lat'>‚</span> <span class='ocrx_word' id='word_1_752' title='bbox 1847 425 1897 446; x_wconf 82' lang='lat' dir='ltr'>aut</span> <span class='ocrx_word' id='word_1_753' title='bbox 1910 419 2000 446; x_wconf 83' lang='lat' dir='ltr'>etiam</span> <span class='ocrx_word' id='word_1_754' title='bbox 2012 419 2044 445; x_wconf 89' lang='lat' dir='ltr'>in</span> <span class='ocrx_word' id='word_1_755' title='bbox 2056 425 2138 446; x_wconf 87' lang='lat' dir='ltr'>tanto</span> 
     </span>
     <span class='ocr_line' id='line_1_80' title="bbox 1181 453 2141 497; baseline 0.004 -13"><span class='ocrx_word' id='word_1_756' title='bbox 1181 456 1360 495; x_wconf 62' lang='lat' dir='ltr'>praedonum</span> <span class='ocrx_word' id='word_1_757' title='bbox 1373 464 1455 485; x_wconf 83' lang='lat' dir='ltr'>metu</span> <span class='ocrx_word' id='word_1_758' title='bbox 1466 475 1474 487; x_wconf 92' lang='lat'>‚</span> <span class='ocrx_word' id='word_1_759' title='bbox 1489 455 1521 485; x_wconf 90' lang='lat'>&amp;</span> <span class='ocrx_word' id='word_1_760' title='bbox 1531 456 1664 495; x_wconf 88' lang='lat' dir='ltr'>periculo</span> <span class='ocrx_word' id='word_1_761' title='bbox 1674 453 1727 495; x_wconf 74' lang='lat' dir='ltr'>ipsi</span> <span class='ocrx_word' id='word_1_762' title='bbox 1737 458 1873 497; x_wconf 84' lang='lat' dir='ltr'>navigare</span> <span class='ocrx_word' id='word_1_763' title='bbox 1885 468 1890 486; x_wconf 77' lang='lat' dir='ltr'>z</span> <span class='ocrx_word' id='word_1_764' title='bbox 1912 468 1948 487; x_wconf 90' lang='lat' dir='ltr'>eo</span> <span class='ocrx_word' id='word_1_765' title='bbox 1961 466 2095 497; x_wconf 88' lang='lat' dir='ltr'>tempore</span> <span class='ocrx_word' id='word_1_766' title='bbox 2104 457 2141 488; x_wconf 86' lang='lat' dir='ltr'>ad</span> 
     </span>
     <span class='ocr_line' id='line_1_81' title="bbox 1181 497 2143 540; baseline 0.003 -14"><span class='ocrx_word' id='word_1_767' title='bbox 1181 497 1332 526; x_wconf 81' lang='lat' dir='ltr'>luxuriam</span> <span class='ocrx_word' id='word_1_768' title='bbox 1343 517 1351 530; x_wconf 93' lang='lat'>,</span> <span class='ocrx_word' id='word_1_769' title='bbox 1374 497 1572 537; x_wconf 80' lang='lat' dir='ltr'>libidinesque</span> <span class='ocrx_word' id='word_1_770' title='bbox 1583 497 1646 527; x_wconf 88' lang='lat' dir='ltr'>suas</span> <span class='ocrx_word' id='word_1_771' title='bbox 1657 516 1665 530; x_wconf 90' lang='lat'>,</span> <span class='ocrx_word' id='word_1_772' title='bbox 1686 497 1781 527; x_wconf 87' lang='lat' dir='ltr'>domo</span> <span class='ocrx_word' id='word_1_773' title='bbox 1800 499 1849 528; x_wconf 86' lang='lat' dir='ltr'>sua</span> <span class='ocrx_word' id='word_1_774' title='bbox 1866 500 1942 540; x_wconf 88' lang='lat' dir='ltr'>regia</span> <span class='ocrx_word' id='word_1_775' title='bbox 1955 520 1963 532; x_wconf 84' lang='lat'><em>,</em></span> <span class='ocrx_word' id='word_1_776' title='bbox 1984 509 2050 540; x_wconf 82' lang='lat' dir='ltr'>quae</span> <span class='ocrx_word' id='word_1_777' title='bbox 2066 501 2143 540; x_wconf 72' lang='lat' dir='ltr'>regis</span> 
     </span>
     <span class='ocr_line' id='line_1_82' title="bbox 1183 538 2139 578; baseline 0.001 -11"><span class='ocrx_word' id='word_1_778' title='bbox 1183 540 1327 568; x_wconf 82' lang='lat' dir='ltr'>Hieronis</span> <span class='ocrx_word' id='word_1_779' title='bbox 1337 538 1395 568; x_wconf 88' lang='lat' dir='ltr'>fuit</span> <span class='ocrx_word' id='word_1_780' title='bbox 1404 559 1412 570; x_wconf 86' lang='lat'>,</span> <span class='ocrx_word' id='word_1_781' title='bbox 1426 548 1482 578; x_wconf 88' lang='lat' dir='ltr'>qua</span> <span class='ocrx_word' id='word_1_782' title='bbox 1492 547 1629 577; x_wconf 81' lang='lat' dir='ltr'>praetores</span> <span class='ocrx_word' id='word_1_783' title='bbox 1640 540 1684 568; x_wconf 89' lang='lat' dir='ltr'>uti</span> <span class='ocrx_word' id='word_1_784' title='bbox 1695 539 1792 569; x_wconf 88' lang='lat' dir='ltr'>solent</span> <span class='ocrx_word' id='word_1_785' title='bbox 1803 560 1810 572; x_wconf 90' lang='lat'>‚</span> <span class='ocrx_word' id='word_1_786' title='bbox 1824 549 1986 570; x_wconf 82' lang='lat' dir='ltr'>contentus</span> <span class='ocrx_word' id='word_1_787' title='bbox 1996 550 2060 570; x_wconf 90' lang='lat' dir='ltr'>non</span> <span class='ocrx_word' id='word_1_788' title='bbox 2070 540 2139 570; x_wconf 89' lang='lat' dir='ltr'>fuit.</span> 
     </span>
    </p>
   </div>
   <div class='ocr_carea' id='block_1_10' title="bbox 1157 579 2142 622">
    <p class='ocr_par' dir='ltr' id='par_1_19' title="bbox 1157 579 2142 622">
     <span class='ocr_line' id='line_1_83' title="bbox 1157 579 2142 622; baseline 0.002 -13"><span class='ocrx_word' id='word_1_789' title='bbox 1157 605 1159 614; x_wconf 67' lang='lat'>.</span> <span class='ocrx_word' id='word_1_790' title='bbox 1182 580 1377 612; x_wconf 71' lang='lat' dir='ltr'>tabernacula,</span> <span class='ocrx_word' id='word_1_791' title='bbox 1390 579 1649 620; x_wconf 77' lang='lat' dir='ltr'>quemadmodum</span> <span class='ocrx_word' id='word_1_792' title='bbox 1660 580 1854 611; x_wconf 85' lang='lat' dir='ltr'>consueverat</span> <span class='ocrx_word' id='word_1_793' title='bbox 1867 582 2053 622; x_wconf 84' lang='lat' dir='ltr'>temporibus</span> <span class='ocrx_word' id='word_1_794' title='bbox 2064 581 2142 612; x_wconf 82' lang='lat' dir='ltr'>aesti·</span> 
     </span>
    </p>
   </div>
   <div class='ocr_carea' id='block_1_11' title="bbox 1183 621 2142 786">
    <p class='ocr_par' dir='ltr' id='par_1_20' title="bbox 1183 621 2142 786">
     <span class='ocr_line' id='line_1_84' title="bbox 1183 621 2139 662; baseline 0.002 -12"><span class='ocrx_word' id='word_1_795' title='bbox 1183 623 1228 650; x_wconf 88' lang='lat' dir='ltr'>vis</span> <span class='ocrx_word' id='word_1_796' title='bbox 1240 641 1248 654; x_wconf 91' lang='lat'>‚</span> <span class='ocrx_word' id='word_1_797' title='bbox 1267 622 1348 662; x_wconf 73' lang='lat' dir='ltr'>quod</span> <span class='ocrx_word' id='word_1_798' title='bbox 1360 622 1513 660; x_wconf 81' lang='lat' dir='ltr'>anteajam</span> <span class='ocrx_word' id='word_1_799' title='bbox 1525 621 1748 656; x_wconf 86' lang='lat' dir='ltr'>demonstravi,</span> <span class='ocrx_word' id='word_1_800' title='bbox 1768 623 1910 654; x_wconf 81' lang='lat' dir='ltr'>carbaseis</span> <span class='ocrx_word' id='word_1_801' title='bbox 1920 625 2033 653; x_wconf 87' lang='lat' dir='ltr'>intenta</span> <span class='ocrx_word' id='word_1_802' title='bbox 2041 624 2118 652; x_wconf 86' lang='lat' dir='ltr'>velis</span> <span class='ocrx_word' id='word_1_803' title='bbox 2127 635 2139 656; x_wconf 48' lang='lat'>‚¹</span> 
     </span>
     <span class='ocr_line' id='line_1_85' title="bbox 1183 662 2142 705; baseline 0.001 -12"><span class='ocrx_word' id='word_1_804' title='bbox 1183 664 1341 699; x_wconf 83' lang='lat' dir='ltr'>collocarij</span> <span class='ocrx_word' id='word_1_805' title='bbox 1348 662 1414 692; x_wconf 87' lang='lat' dir='ltr'>uffit</span> <span class='ocrx_word' id='word_1_806' title='bbox 1425 673 1457 692; x_wconf 91' lang='lat' dir='ltr'>in</span> <span class='ocrx_word' id='word_1_807' title='bbox 1467 663 1570 692; x_wconf 89' lang='lat' dir='ltr'>litore:</span> <span class='ocrx_word' id='word_1_808' title='bbox 1590 664 1672 704; x_wconf 90' lang='lat' dir='ltr'>quod</span> <span class='ocrx_word' id='word_1_809' title='bbox 1689 662 1731 694; x_wconf 89' lang='lat' dir='ltr'>est</span> <span class='ocrx_word' id='word_1_810' title='bbox 1748 664 1819 693; x_wconf 86' lang='lat' dir='ltr'>litus</span> <span class='ocrx_word' id='word_1_811' title='bbox 1837 667 1871 695; x_wconf 88' lang='lat' dir='ltr'>in</span> <span class='ocrx_word' id='word_1_812' title='bbox 1892 665 1987 695; x_wconf 85' lang='lat' dir='ltr'>&#39;insula</span> <span class='ocrx_word' id='word_1_813' title='bbox 1996 663 2142 705; x_wconf 79' lang='lat' dir='ltr'>Syracusis</span> 
     </span>
     <span class='ocr_line' id='line_1_86' title="bbox 1185 704 2142 747; baseline 0.004 -14"><span class='ocrx_word' id='word_1_814' title='bbox 1185 704 1251 744; x_wconf 87' lang='lat' dir='ltr'>post</span> <span class='ocrx_word' id='word_1_815' title='bbox 1270 705 1422 734; x_wconf 74' lang='lat' dir='ltr'>Arethusae</span> <span class='ocrx_word' id='word_1_816' title='bbox 1438 704 1556 734; x_wconf 84' lang='lat' dir='ltr'>fontem</span> <span class='ocrx_word' id='word_1_817' title='bbox 1568 724 1576 738; x_wconf 89' lang='lat'>‚</span> <span class='ocrx_word' id='word_1_818' title='bbox 1601 713 1720 745; x_wconf 87' lang='lat' dir='ltr'>propter</span> <span class='ocrx_word' id='word_1_819' title='bbox 1739 705 1837 745; x_wconf 87' lang='lat' dir='ltr'>ipsum</span> <span class='ocrx_word' id='word_1_820' title='bbox 1854 708 2014 736; x_wconf 85' lang='lat' dir='ltr'>introitum</span> <span class='ocrx_word' id='word_1_821' title='bbox 2025 727 2034 739; x_wconf 92' lang='lat'><em>,</em></span> <span class='ocrx_word' id='word_1_822' title='bbox 2054 715 2142 747; x_wconf 86' lang='lat' dir='ltr'>atque</span> 
     </span>
     <span class='ocr_line' id='line_1_87' title="bbox 1186 745 2139 786; baseline 0 -11"><span class='ocrx_word' id='word_1_823' title='bbox 1186 745 1298 776; x_wconf 89' lang='lat' dir='ltr'>ostium</span> <span class='ocrx_word' id='word_1_824' title='bbox 1309 756 1411 786; x_wconf 86' lang='lat' dir='ltr'>portus</span> <span class='ocrx_word' id='word_1_825' title='bbox 1422 766 1430 779; x_wconf 92' lang='lat'><em>‚</em></span> <span class='ocrx_word' id='word_1_826' title='bbox 1451 755 1572 776; x_wconf 86' lang='lat' dir='ltr'>amoeno</span> <span class='ocrx_word' id='word_1_827' title='bbox 1590 747 1657 777; x_wconf 68' lang='lat' dir='ltr'>sane</span> <span class='ocrx_word' id='word_1_828' title='bbox 1671 767 1679 779; x_wconf 92' lang='lat'><em>,</em></span> <span class='ocrx_word' id='word_1_829' title='bbox 1702 746 1778 777; x_wconf 90' lang='lat' dir='ltr'>&amp;ab</span> <span class='ocrx_word' id='word_1_830' title='bbox 1788 747 1905 777; x_wconf 88' lang='lat' dir='ltr'>arbitris</span> <span class='ocrx_word' id='word_1_831' title='bbox 1922 757 2041 778; x_wconf 88' lang='lat' dir='ltr'>remoto</span> <span class='ocrx_word' id='word_1_832' title='bbox 2062 748 2139 778; x_wconf 92' lang='lat' dir='ltr'>loco.</span> 
     </span>
    </p>
   </div>
   <div class='ocr_carea' id='block_1_12' title="bbox 1186 786 2144 829">
    <p class='ocr_par' dir='ltr' id='par_1_21' title="bbox 1160 786 2144 832">
     <span class='ocr_line' id='line_1_88' title="bbox 1186 786 2144 829; baseline 0.003 -11.921"><span class='ocrx_word' id='word_1_833' title='bbox 1186 786 1235 817; x_wconf 84' lang='lat' dir='ltr'>hic</span> <span class='ocrx_word' id='word_1_834' title='bbox 1245 788 1307 817; x_wconf 75' lang='lat' dir='ltr'>dics</span> <span class='ocrx_word' id='word_1_835' title='bbox 1318 787 1434 817; x_wconf 79' lang='lat' dir='ltr'>aestivos</span> <span class='ocrx_word' id='word_1_836' title='bbox 1446 788 1595 828; x_wconf 81' lang='lat' dir='ltr'>sexaginta</span> <span class='ocrx_word' id='word_1_837' title='bbox 1611 798 1717 828; x_wconf 86' lang='lat' dir='ltr'>praetor</span> <span class='ocrx_word' id='word_1_838' title='bbox 1732 789 1942 829; x_wconf 86' lang='lat' dir='ltr'>populiRom.</span> <span class='ocrx_word' id='word_1_839' title='bbox 1953 789 2050 820; x_wconf 88' lang='lat' dir='ltr'>custos</span> <span class='ocrx_word' id='word_1_840' title='bbox 2062 810 2070 823; x_wconf 88' lang='lat'><em>.</em></span> <span class='ocrx_word' id='word_1_841' title='bbox 2091 789 2144 820; x_wconf 87' lang='lat' dir='ltr'>de-</span> 
     </span>
    </p>
   </div>
   <div class='ocr_carea' id='block_1_13' title="bbox 1185 828 2145 913">
    <p class='ocr_par' dir='ltr' id='par_1_22' title="bbox 1185 828 2145 913">
     <span class='ocr_line' id='line_1_89' title="bbox 1185 828 2145 872; baseline 0.002 -14"><span class='ocrx_word' id='word_1_842' title='bbox 1185 828 1346 870; x_wconf 86' lang='lat' dir='ltr'>fensorque</span> <span class='ocrx_word' id='word_1_843' title='bbox 1357 831 1520 869; x_wconf 83' lang='lat' dir='ltr'>provinciae</span> <span class='ocrx_word' id='word_1_844' title='bbox 1532 850 1540 862; x_wconf 78' lang='grc'><strong>,</strong></span> <span class='ocrx_word' id='word_1_845' title='bbox 1552 828 1590 859; x_wconf 87' lang='lat' dir='ltr'>fic</span> <span class='ocrx_word' id='word_1_846' title='bbox 1599 832 1680 860; x_wconf 87' lang='lat' dir='ltr'>vixit</span> <span class='ocrx_word' id='word_1_847' title='bbox 1688 849 1696 862; x_wconf 86' lang='lat'>‚</span> <span class='ocrx_word' id='word_1_848' title='bbox 1710 839 1743 860; x_wconf 90' lang='lat' dir='ltr'>ut</span> <span class='ocrx_word' id='word_1_849' title='bbox 1752 830 1901 860; x_wconf 79' lang='lat' dir='ltr'>muliebria</span> <span class='ocrx_word' id='word_1_850' title='bbox 1910 831 2037 872; x_wconf 74' lang='lat' dir='ltr'>quotidie</span> <span class='ocrx_word' id='word_1_851' title='bbox 2046 831 2145 860; x_wconf 71' lang='lat' dir='ltr'>convi‹</span> 
     </span>
     <span class='ocr_line' id='line_1_90' title="bbox 1186 869 2141 913; baseline 0.004 -14"><span class='ocrx_word' id='word_1_852' title='bbox 1186 871 1238 899; x_wconf 65' lang='lat' dir='ltr'>via</span> <span class='ocrx_word' id='word_1_853' title='bbox 1250 869 1343 903; x_wconf 76' lang='lat' dir='ltr'>efflent</span> <span class='ocrx_word' id='word_1_854' title='bbox 1352 891 1360 904; x_wconf 92' lang='lat'>‚</span> <span class='ocrx_word' id='word_1_855' title='bbox 1380 873 1427 900; x_wconf 89' lang='lat' dir='ltr'>vir</span> <span class='ocrx_word' id='word_1_856' title='bbox 1436 871 1623 901; x_wconf 87' lang='lat' dir='ltr'>accumberet</span> <span class='ocrx_word' id='word_1_857' title='bbox 1633 881 1741 905; x_wconf 89' lang='lat' dir='ltr'>nemo,</span> <span class='ocrx_word' id='word_1_858' title='bbox 1763 881 1867 912; x_wconf 82' lang='lat' dir='ltr'>praeter</span> <span class='ocrx_word' id='word_1_859' title='bbox 1884 874 1983 913; x_wconf 88' lang='lat' dir='ltr'>ipsum</span> <span class='ocrx_word' id='word_1_860' title='bbox 1995 892 2003 906; x_wconf 88' lang='lat'><em>‚</em></span> <span class='ocrx_word' id='word_1_861' title='bbox 2025 873 2058 902; x_wconf 88' lang='lat'>&amp;</span> <span class='ocrx_word' id='word_1_862' title='bbox 2067 882 2141 912; x_wconf 83' lang='lat' dir='ltr'>prae-</span> 
     </span>
    </p>
   </div>
   <div class='ocr_carea' id='block_1_14' title="bbox 1162 911 2140 955">
    <p class='ocr_par' dir='ltr' id='par_1_23' title="bbox 1162 911 2140 955">
     <span class='ocr_line' id='line_1_91' title="bbox 1162 911 2140 955; baseline 0.003 -14"><span class='ocrx_word' id='word_1_863' title='bbox 1162 921 1164 951; x_wconf 55' lang='grc'>1</span> <span class='ocrx_word' id='word_1_864' title='bbox 1189 920 1334 942; x_wconf 83' lang='lat' dir='ltr'>textatum</span> <span class='ocrx_word' id='word_1_865' title='bbox 1347 911 1456 942; x_wconf 85' lang='lat' dir='ltr'>filium.</span> <span class='ocrx_word' id='word_1_866' title='bbox 1481 912 1594 943; x_wconf 82' lang='lat' dir='ltr'>tametsi</span> <span class='ocrx_word' id='word_1_867' title='bbox 1612 912 1693 943; x_wconf 69' lang='grc'><strong>16516</strong></span> <span class='ocrx_word' id='word_1_868' title='bbox 1710 912 1770 943; x_wconf 88' lang='lat' dir='ltr'>fine</span> <span class='ocrx_word' id='word_1_869' title='bbox 1789 917 1965 955; x_wconf 85' lang='lat' dir='ltr'>exceptione</span> <span class='ocrx_word' id='word_1_870' title='bbox 1984 914 2118 944; x_wconf 75' lang='lat' dir='ltr'>dixeram</span> <span class='ocrx_word' id='word_1_871' title='bbox 2131 933 2140 949; x_wconf 81' lang='lat'>‚</span> 
     </span>
    </p>
   </div>
   <div class='ocr_carea' id='block_1_15' title="bbox 1185 952 2149 1912">
    <p class='ocr_par' dir='ltr' id='par_1_24' title="bbox 1185 952 2149 1912">
     <span class='ocr_line' id='line_1_92' title="bbox 1187 952 2145 996; baseline 0.002 -13"><span class='ocrx_word' id='word_1_872' title='bbox 1187 955 1288 983; x_wconf 87' lang='lat' dir='ltr'>virum</span> <span class='ocrx_word' id='word_1_873' title='bbox 1301 974 1308 987; x_wconf 90' lang='lat'>‚</span> <span class='ocrx_word' id='word_1_874' title='bbox 1325 953 1396 984; x_wconf 80' lang='lat' dir='ltr'>cum</span> <span class='ocrx_word' id='word_1_875' title='bbox 1407 953 1455 984; x_wconf 87' lang='lat' dir='ltr'>isti</span> <span class='ocrx_word' id='word_1_876' title='bbox 1464 952 1558 984; x_wconf 86' lang='lat' dir='ltr'>effent</span> <span class='ocrx_word' id='word_1_877' title='bbox 1567 974 1575 986; x_wconf 81' lang='lat'>,</span> <span class='ocrx_word' id='word_1_878' title='bbox 1598 956 1757 984; x_wconf 87' lang='lat' dir='ltr'>neminem</span> <span class='ocrx_word' id='word_1_879' title='bbox 1768 953 1866 985; x_wconf 84' lang='lat' dir='ltr'>fuisse.</span> <span class='ocrx_word' id='word_1_880' title='bbox 1898 958 2145 996; x_wconf 87' lang='lat' dir='ltr'>Nonnumquam</span> 
     </span>
     <span class='ocr_line' id='line_1_93' title="bbox 1188 996 2144 1027; baseline 0.003 -3"><span class='ocrx_word' id='word_1_881' title='bbox 1188 998 1277 1025; x_wconf 85' lang='lat' dir='ltr'>etiam</span> <span class='ocrx_word' id='word_1_882' title='bbox 1296 996 1420 1025; x_wconf 88' lang='lat' dir='ltr'>libertus</span> <span class='ocrx_word' id='word_1_883' title='bbox 1429 996 1635 1025; x_wconf 85' lang='lat' dir='ltr'>Timarchides</span> <span class='ocrx_word' id='word_1_884' title='bbox 1658 996 1860 1027; x_wconf 85' lang='lat' dir='ltr'>adhibebatur.</span> <span class='ocrx_word' id='word_1_885' title='bbox 1891 997 2032 1027; x_wconf 88' lang='lat' dir='ltr'>mulieres</span> <span class='ocrx_word' id='word_1_886' title='bbox 2042 1006 2144 1027; x_wconf 86' lang='lat' dir='ltr'>autem</span> 
     </span>
     <span class='ocr_line' id='line_1_94' title="bbox 1190 1037 2144 1079; baseline 0.002 -13"><span class='ocrx_word' id='word_1_887' title='bbox 1190 1045 1289 1077; x_wconf 83' lang='lat' dir='ltr'>nuptae</span> <span class='ocrx_word' id='word_1_888' title='bbox 1300 1037 1428 1071; x_wconf 86' lang='lat' dir='ltr'>nobiles,</span> <span class='ocrx_word' id='word_1_889' title='bbox 1439 1046 1542 1077; x_wconf 82' lang='lat' dir='ltr'>praeter</span> <span class='ocrx_word' id='word_1_890' title='bbox 1553 1047 1643 1067; x_wconf 87' lang='lat' dir='ltr'>unam</span> <span class='ocrx_word' id='word_1_891' title='bbox 1655 1040 1746 1068; x_wconf 89' lang='lat' dir='ltr'>mimi</span> <span class='ocrx_word' id='word_1_892' title='bbox 1756 1037 1859 1068; x_wconf 78' lang='lat' dir='ltr'>Isidori</span> <span class='ocrx_word' id='word_1_893' title='bbox 1872 1038 2068 1079; x_wconf 84' lang='lat' dir='ltr'>filiam,quam</span> <span class='ocrx_word' id='word_1_894' title='bbox 2079 1037 2144 1072; x_wconf 85' lang='lat' dir='ltr'>iste,</span> 
     </span>
     <span class='ocr_line' id='line_1_95' title="bbox 1185 1079 2147 1121; baseline 0.002 -13"><span class='ocrx_word' id='word_1_895' title='bbox 1185 1088 1306 1118; x_wconf 88' lang='lat' dir='ltr'>propter</span> <span class='ocrx_word' id='word_1_896' title='bbox 1314 1089 1460 1112; x_wconf 86' lang='lat' dir='ltr'>amorem,</span> <span class='ocrx_word' id='word_1_897' title='bbox 1472 1079 1508 1108; x_wconf 86' lang='lat' dir='ltr'>ab</span> <span class='ocrx_word' id='word_1_898' title='bbox 1516 1079 1639 1109; x_wconf 85' lang='lat' dir='ltr'>Rhodio</span> <span class='ocrx_word' id='word_1_899' title='bbox 1649 1080 1772 1110; x_wconf 86' lang='lat' dir='ltr'>tibicine</span> <span class='ocrx_word' id='word_1_900' title='bbox 1781 1080 1953 1114; x_wconf 81' lang='lat' dir='ltr'>abduxerat,</span> <span class='ocrx_word' id='word_1_901' title='bbox 1966 1083 2054 1120; x_wconf 86' lang='lat' dir='ltr'>Pippa</span> <span class='ocrx_word' id='word_1_902' title='bbox 2062 1089 2147 1121; x_wconf 82' lang='lat' dir='ltr'>quae-·</span> 
     </span>
     <span class='ocr_line' id='line_1_96' title="bbox 1189 1120 2145 1163; baseline 0.002 -14"><span class='ocrx_word' id='word_1_903' title='bbox 1189 1120 1258 1149; x_wconf 87' lang='lat' dir='ltr'>dam</span> <span class='ocrx_word' id='word_1_904' title='bbox 1268 1141 1275 1153; x_wconf 86' lang='grc'><strong>,</strong></span> <span class='ocrx_word' id='word_1_905' title='bbox 1289 1130 1367 1150; x_wconf 89' lang='lat' dir='ltr'>uxor</span> <span class='ocrx_word' id='word_1_906' title='bbox 1378 1121 1564 1150; x_wconf 86' lang='lat' dir='ltr'>AEschrionis</span> <span class='ocrx_word' id='word_1_907' title='bbox 1574 1122 1745 1159; x_wconf 71' lang='lat' dir='ltr'>Syracusani</span> <span class='ocrx_word' id='word_1_908' title='bbox 1757 1133 1762 1150; x_wconf 89' lang='lat'>:</span> <span class='ocrx_word' id='word_1_909' title='bbox 1780 1121 1817 1151; x_wconf 86' lang='lat' dir='ltr'>de</span> <span class='ocrx_word' id='word_1_910' title='bbox 1824 1132 1881 1163; x_wconf 87' lang='lat' dir='ltr'>qua</span> <span class='ocrx_word' id='word_1_911' title='bbox 1892 1122 2017 1152; x_wconf 88' lang='lat' dir='ltr'>muliere</span> <span class='ocrx_word' id='word_1_912' title='bbox 2023 1121 2145 1162; x_wconf 74' lang='lat' dir='ltr'>plurimi</span> 
     </span>
     <span class='ocr_line' id='line_1_97' title="bbox 1189 1161 2146 1203; baseline 0.004 -14"><span class='ocrx_word' id='word_1_913' title='bbox 1189 1162 1284 1201; x_wconf 76' lang='lat' dir='ltr'>versus</span> <span class='ocrx_word' id='word_1_914' title='bbox 1295 1181 1302 1195; x_wconf 89' lang='lat'>‚</span> <span class='ocrx_word' id='word_1_915' title='bbox 1315 1164 1366 1202; x_wconf 90' lang='lat' dir='ltr'>qui</span> <span class='ocrx_word' id='word_1_916' title='bbox 1377 1164 1409 1191; x_wconf 87' lang='lat' dir='ltr'>in</span> <span class='ocrx_word' id='word_1_917' title='bbox 1420 1161 1503 1191; x_wconf 85' lang='lat' dir='ltr'>istius</span> <span class='ocrx_word' id='word_1_918' title='bbox 1515 1163 1708 1201; x_wconf 85' lang='lat' dir='ltr'>cupiditatem</span> <span class='ocrx_word' id='word_1_919' title='bbox 1719 1162 1788 1193; x_wconf 71' lang='lat' dir='ltr'>faffi</span> <span class='ocrx_word' id='word_1_920' title='bbox 1800 1163 1867 1193; x_wconf 91' lang='lat' dir='ltr'>sunt</span> <span class='ocrx_word' id='word_1_921' title='bbox 1877 1184 1885 1197; x_wconf 86' lang='lat'>,</span> <span class='ocrx_word' id='word_1_922' title='bbox 1899 1173 1959 1194; x_wconf 91' lang='lat' dir='ltr'>tota</span> <span class='ocrx_word' id='word_1_923' title='bbox 1969 1163 2068 1194; x_wconf 87' lang='lat' dir='ltr'>Sicilia</span> <span class='ocrx_word' id='word_1_924' title='bbox 2077 1172 2146 1203; x_wconf 84' lang='lat' dir='ltr'>per-</span> 
     </span>
     <span class='ocr_line' id='line_1_98' title="bbox 1186 1203 2147 1244; baseline 0.002 -12"><span class='ocrx_word' id='word_1_925' title='bbox 1186 1204 1380 1233; x_wconf 83' lang='lat' dir='ltr'>celebrantur.</span> <span class='ocrx_word' id='word_1_926' title='bbox 1413 1206 1482 1234; x_wconf 85' lang='lat' dir='ltr'>Erat</span> <span class='ocrx_word' id='word_1_927' title='bbox 1499 1203 1531 1233; x_wconf 88' lang='lat'>&amp;</span> <span class='ocrx_word' id='word_1_928' title='bbox 1542 1205 1618 1233; x_wconf 86' lang='lat' dir='ltr'>Nice</span> <span class='ocrx_word' id='word_1_929' title='bbox 1629 1224 1637 1236; x_wconf 89' lang='lat'>‚</span> <span class='ocrx_word' id='word_1_930' title='bbox 1662 1203 1736 1234; x_wconf 86' lang='lat' dir='ltr'>facie</span> <span class='ocrx_word' id='word_1_931' title='bbox 1753 1207 1867 1235; x_wconf 84' lang='lat' dir='ltr'>eximia</span> <span class='ocrx_word' id='word_1_932' title='bbox 1877 1225 1885 1238; x_wconf 92' lang='lat'>‚</span> <span class='ocrx_word' id='word_1_933' title='bbox 1909 1214 1941 1234; x_wconf 91' lang='lat' dir='ltr'>ut</span> <span class='ocrx_word' id='word_1_934' title='bbox 1949 1204 2125 1244; x_wconf 73' lang='lat' dir='ltr'>praedicatur</span> <span class='ocrx_word' id='word_1_935' title='bbox 2134 1218 2147 1238; x_wconf 67' lang='grc' dir='ltr'><em>ς</em></span> 
     </span>
     <span class='ocr_line' id='line_1_99' title="bbox 1188 1245 2144 1284; baseline 0.002 -10"><span class='ocrx_word' id='word_1_936' title='bbox 1188 1254 1265 1275; x_wconf 87' lang='lat' dir='ltr'>uxor</span> <span class='ocrx_word' id='word_1_937' title='bbox 1275 1245 1448 1275; x_wconf 87' lang='lat' dir='ltr'>Cleomenis</span> <span class='ocrx_word' id='word_1_938' title='bbox 1458 1245 1638 1284; x_wconf 81' lang='lat' dir='ltr'>Syracusani.</span> <span class='ocrx_word' id='word_1_939' title='bbox 1662 1247 1738 1275; x_wconf 87' lang='lat' dir='ltr'>hanc</span> <span class='ocrx_word' id='word_1_940' title='bbox 1754 1247 1933 1276; x_wconf 85' lang='lat' dir='ltr'>Cleomenes</span> <span class='ocrx_word' id='word_1_941' title='bbox 1950 1248 1995 1276; x_wconf 86' lang='lat' dir='ltr'>vir</span> <span class='ocrx_word' id='word_1_942' title='bbox 2011 1245 2144 1276; x_wconf 83' lang='lat' dir='ltr'>amabat:</span> 
     </span>
     <span class='ocr_line' id='line_1_100' title="bbox 1187 1286 2146 1328; baseline 0.002 -12"><span class='ocrx_word' id='word_1_943' title='bbox 1187 1296 1397 1316; x_wconf 86' lang='lat' dir='ltr'>verumtamen</span> <span class='ocrx_word' id='word_1_944' title='bbox 1408 1288 1496 1327; x_wconf 78' lang='lat' dir='ltr'>hujus</span> <span class='ocrx_word' id='word_1_945' title='bbox 1508 1286 1630 1316; x_wconf 85' lang='lat' dir='ltr'>libidini</span> <span class='ocrx_word' id='word_1_946' title='bbox 1639 1287 1783 1327; x_wconf 78' lang='lat' dir='ltr'>adversari</span> <span class='ocrx_word' id='word_1_947' title='bbox 1791 1298 1847 1318; x_wconf 87' lang='lat' dir='ltr'>nec</span> <span class='ocrx_word' id='word_1_948' title='bbox 1856 1297 1977 1328; x_wconf 85' lang='lat' dir='ltr'>poterat,</span> <span class='ocrx_word' id='word_1_949' title='bbox 1990 1298 2046 1318; x_wconf 92' lang='lat' dir='ltr'>nec</span> <span class='ocrx_word' id='word_1_950' title='bbox 2053 1287 2146 1318; x_wconf 65' lang='lat' dir='ltr'>aude-</span> 
     </span>
     <span class='ocr_line' id='line_1_101' title="bbox 1188 1327 2147 1370; baseline 0.001 -12"><span class='ocrx_word' id='word_1_951' title='bbox 1188 1329 1237 1358; x_wconf 87' lang='lat' dir='ltr'>bat</span> <span class='ocrx_word' id='word_1_952' title='bbox 1249 1339 1254 1357; x_wconf 87' lang='lat'>:</span> <span class='ocrx_word' id='word_1_953' title='bbox 1275 1329 1307 1358; x_wconf 89' lang='lat'>&amp;</span> <span class='ocrx_word' id='word_1_954' title='bbox 1318 1327 1404 1358; x_wconf 87' lang='lat' dir='ltr'>simul</span> <span class='ocrx_word' id='word_1_955' title='bbox 1423 1329 1458 1358; x_wconf 90' lang='lat' dir='ltr'>ab</span> <span class='ocrx_word' id='word_1_956' title='bbox 1470 1327 1527 1358; x_wconf 81' lang='lat' dir='ltr'>isto</span> <span class='ocrx_word' id='word_1_957' title='bbox 1537 1327 1627 1358; x_wconf 91' lang='lat' dir='ltr'>donis</span> <span class='ocrx_word' id='word_1_958' title='bbox 1638 1349 1646 1361; x_wconf 85' lang='lat'>,</span> <span class='ocrx_word' id='word_1_959' title='bbox 1667 1328 1876 1370; x_wconf 79' lang='lat' dir='ltr'>beneficiisque</span> <span class='ocrx_word' id='word_1_960' title='bbox 1886 1329 2026 1370; x_wconf 87' lang='lat' dir='ltr'>plurimis</span> <span class='ocrx_word' id='word_1_961' title='bbox 2038 1329 2147 1360; x_wconf 87' lang='lat' dir='ltr'>devin-</span> 
     </span>
     <span class='ocr_line' id='line_1_102' title="bbox 1188 1369 2147 1410; baseline 0 -10"><span class='ocrx_word' id='word_1_962' title='bbox 1188 1370 1329 1400; x_wconf 87' lang='lat' dir='ltr'>ciebatur.</span> <span class='ocrx_word' id='word_1_963' title='bbox 1356 1370 1415 1400; x_wconf 87' lang='lat' dir='ltr'>Illo</span> <span class='ocrx_word' id='word_1_964' title='bbox 1433 1378 1531 1400; x_wconf 84' lang='lat' dir='ltr'>autem</span> <span class='ocrx_word' id='word_1_965' title='bbox 1547 1378 1682 1410; x_wconf 89' lang='lat' dir='ltr'>tempore</span> <span class='ocrx_word' id='word_1_966' title='bbox 1701 1370 1753 1401; x_wconf 86' lang='lat' dir='ltr'>iste</span> <span class='ocrx_word' id='word_1_967' title='bbox 1765 1390 1773 1404; x_wconf 87' lang='lat'>,</span> <span class='ocrx_word' id='word_1_968' title='bbox 1794 1370 2000 1401; x_wconf 82' lang='lat' dir='ltr'>tametfieaest</span> <span class='ocrx_word' id='word_1_969' title='bbox 2009 1369 2147 1400; x_wconf 78' lang='lat' dir='ltr'>hominis</span> 
     </span>
     <span class='ocr_line' id='line_1_103' title="bbox 1189 1410 2148 1452; baseline 0.002 -11"><span class='ocrx_word' id='word_1_970' title='bbox 1189 1412 1378 1452; x_wconf 88' lang='lat' dir='ltr'>impudentia</span> <span class='ocrx_word' id='word_1_971' title='bbox 1388 1431 1395 1445; x_wconf 93' lang='lat'>‚</span> <span class='ocrx_word' id='word_1_972' title='bbox 1408 1421 1497 1452; x_wconf 86' lang='lat' dir='ltr'>quarn</span> <span class='ocrx_word' id='word_1_973' title='bbox 1507 1410 1601 1441; x_wconf 89' lang='lat' dir='ltr'>nostis</span> <span class='ocrx_word' id='word_1_974' title='bbox 1612 1432 1619 1445; x_wconf 86' lang='lat'>‚</span> <span class='ocrx_word' id='word_1_975' title='bbox 1634 1413 1694 1452; x_wconf 89' lang='lat' dir='ltr'>ipse</span> <span class='ocrx_word' id='word_1_976' title='bbox 1706 1421 1807 1443; x_wconf 85' lang='lat' dir='ltr'>tamen</span> <span class='ocrx_word' id='word_1_977' title='bbox 1818 1434 1826 1446; x_wconf 91' lang='lat'>,</span> <span class='ocrx_word' id='word_1_978' title='bbox 1842 1412 1914 1443; x_wconf 77' lang='lat' dir='ltr'>cum</span> <span class='ocrx_word' id='word_1_979' title='bbox 1925 1415 1972 1443; x_wconf 90' lang='lat' dir='ltr'>vii·</span> <span class='ocrx_word' id='word_1_980' title='bbox 1980 1411 2053 1443; x_wconf 83' lang='lat' dir='ltr'>ess&#39;et</span> <span class='ocrx_word' id='word_1_981' title='bbox 2062 1415 2148 1452; x_wconf 77' lang='lat' dir='ltr'>Syia-·</span> 
     </span>
     <span class='ocr_line' id='line_1_104' title="bbox 1187 1453 2147 1493; baseline 0.001 -10"><span class='ocrx_word' id='word_1_982' title='bbox 1187 1453 1262 1484; x_wconf 88' lang='lat' dir='ltr'>cufis</span> <span class='ocrx_word' id='word_1_983' title='bbox 1274 1473 1282 1487; x_wconf 95' lang='lat'>‚</span> <span class='ocrx_word' id='word_1_984' title='bbox 1301 1463 1430 1483; x_wconf 85' lang='lat' dir='ltr'>uxorem</span> <span class='ocrx_word' id='word_1_985' title='bbox 1441 1454 1504 1492; x_wconf 88' lang='lat' dir='ltr'>ejus</span> <span class='ocrx_word' id='word_1_986' title='bbox 1517 1462 1620 1493; x_wconf 86' lang='lat' dir='ltr'>parum</span> <span class='ocrx_word' id='word_1_987' title='bbox 1632 1462 1745 1493; x_wconf 85' lang='lat' dir='ltr'>poterat</span> <span class='ocrx_word' id='word_1_988' title='bbox 1754 1457 1858 1485; x_wconf 86' lang='lat' dir='ltr'>animo</span> <span class='ocrx_word' id='word_1_989' title='bbox 1870 1455 1969 1485; x_wconf 88' lang='lat' dir='ltr'>soluto</span> <span class='ocrx_word' id='word_1_990' title='bbox 1980 1474 1989 1488; x_wconf 91' lang='lat'><em>,</em></span> <span class='ocrx_word' id='word_1_991' title='bbox 2006 1464 2038 1484; x_wconf 93' lang='lat' dir='ltr'>ac</span> <span class='ocrx_word' id='word_1_992' title='bbox 2048 1454 2147 1484; x_wconf 87' lang='lat' dir='ltr'>libero</span> 
     </span>
     <span class='ocr_line' id='line_1_105' title="bbox 1189 1494 2146 1541; baseline 0.003 -19"><span class='ocrx_word' id='word_1_993' title='bbox 1189 1499 1201 1522; x_wconf 82' lang='lat'>3</span> <span class='ocrx_word' id='word_1_994' title='bbox 1213 1504 1257 1526; x_wconf 92' lang='lat' dir='ltr'>tot</span> <span class='ocrx_word' id='word_1_995' title='bbox 1268 1497 1300 1525; x_wconf 90' lang='lat' dir='ltr'>in</span> <span class='ocrx_word' id='word_1_996' title='bbox 1310 1494 1373 1525; x_wconf 72' lang='grc'><strong>3613</strong></span> <span class='ocrx_word' id='word_1_997' title='bbox 1382 1494 1444 1524; x_wconf 86' lang='lat' dir='ltr'>dies</span> <span class='ocrx_word' id='word_1_998' title='bbox 1455 1495 1554 1525; x_wconf 88' lang='lat' dir='ltr'>secum</span> <span class='ocrx_word' id='word_1_999' title='bbox 1565 1495 1681 1525; x_wconf 86' lang='lat' dir='ltr'>habere.</span> <span class='ocrx_word' id='word_1_1000' title='bbox 1703 1498 1806 1541; x_wconf 87' lang='lat' dir='ltr'>Itaque</span> <span class='ocrx_word' id='word_1_1001' title='bbox 1815 1498 1965 1537; x_wconf 87' lang='lat' dir='ltr'>excogitat</span> <span class='ocrx_word' id='word_1_1002' title='bbox 1973 1505 2038 1526; x_wconf 90' lang='lat' dir='ltr'>rem</span> <span class='ocrx_word' id='word_1_1003' title='bbox 2047 1494 2146 1537; x_wconf 86' lang='lat' dir='ltr'>fingu-</span> 
     </span>
     <span class='ocr_line' id='line_1_106' title="bbox 1189 1536 2142 1577; baseline -0.001 -10"><span class='ocrx_word' id='word_1_1004' title='bbox 1189 1537 1294 1567; x_wconf 89' lang='lat' dir='ltr'>larem.</span> <span class='ocrx_word' id='word_1_1005' title='bbox 1318 1538 1419 1566; x_wconf 87' lang='lat' dir='ltr'>naveis</span> <span class='ocrx_word' id='word_1_1006' title='bbox 1431 1556 1438 1570; x_wconf 90' lang='lat'>‚</span> <span class='ocrx_word' id='word_1_1007' title='bbox 1450 1536 1561 1577; x_wconf 87' lang='lat' dir='ltr'>quibus</span> <span class='ocrx_word' id='word_1_1008' title='bbox 1571 1536 1682 1577; x_wconf 87' lang='lat' dir='ltr'>legatus</span> <span class='ocrx_word' id='word_1_1009' title='bbox 1691 1540 1855 1577; x_wconf 62' lang='lat' dir='ltr'>praefuerat,</span> <span class='ocrx_word' id='word_1_1010' title='bbox 1867 1539 2027 1568; x_wconf 88' lang='lat' dir='ltr'>Cleomeni</span> <span class='ocrx_word' id='word_1_1011' title='bbox 2037 1537 2142 1567; x_wconf 88' lang='lat' dir='ltr'>tradit:</span> 
     </span>
     <span class='ocr_line' id='line_1_107' title="bbox 1192 1577 2147 1619; baseline -0.001 -10"><span class='ocrx_word' id='word_1_1012' title='bbox 1192 1578 1269 1609; x_wconf 86' lang='lat' dir='ltr'>claffi</span> <span class='ocrx_word' id='word_1_1013' title='bbox 1278 1579 1382 1618; x_wconf 88' lang='lat' dir='ltr'>populi</span> <span class='ocrx_word' id='word_1_1014' title='bbox 1393 1579 1532 1608; x_wconf 85' lang='lat' dir='ltr'>Romani</span> <span class='ocrx_word' id='word_1_1015' title='bbox 1542 1578 1740 1609; x_wconf 87' lang='lat' dir='ltr'>Cleomenem</span> <span class='ocrx_word' id='word_1_1016' title='bbox 1748 1580 1960 1619; x_wconf 85' lang='lat' dir='ltr'>Syracusanum</span> <span class='ocrx_word' id='word_1_1017' title='bbox 1970 1577 2088 1619; x_wconf 73' lang='lat' dir='ltr'>praeefl‘e</span> <span class='ocrx_word' id='word_1_1018' title='bbox 2095 1579 2147 1618; x_wconf 85' lang='lat' dir='ltr'>ju-</span> 
     </span>
     <span class='ocr_line' id='line_1_108' title="bbox 1190 1618 2147 1662; baseline 0.001 -12"><span class='ocrx_word' id='word_1_1019' title='bbox 1190 1621 1251 1654; x_wconf 88' lang='lat' dir='ltr'>bet,</span> <span class='ocrx_word' id='word_1_1020' title='bbox 1262 1629 1348 1662; x_wconf 87' lang='lat' dir='ltr'>atque</span> <span class='ocrx_word' id='word_1_1021' title='bbox 1362 1621 1495 1660; x_wconf 87' lang='lat' dir='ltr'>imperat.</span> <span class='ocrx_word' id='word_1_1022' title='bbox 1519 1622 1588 1652; x_wconf 87' lang='lat' dir='ltr'>Hoc</span> <span class='ocrx_word' id='word_1_1023' title='bbox 1598 1619 1635 1650; x_wconf 76' lang='grc'>60</span> <span class='ocrx_word' id='word_1_1024' title='bbox 1645 1619 1731 1655; x_wconf 86' lang='lat' dir='ltr'>facit,</span> <span class='ocrx_word' id='word_1_1025' title='bbox 1748 1630 1779 1651; x_wconf 90' lang='lat' dir='ltr'>ut</span> <span class='ocrx_word' id='word_1_1026' title='bbox 1791 1621 1843 1651; x_wconf 89' lang='lat' dir='ltr'>ille</span> <span class='ocrx_word' id='word_1_1027' title='bbox 1853 1631 1918 1651; x_wconf 91' lang='lat' dir='ltr'>non</span> <span class='ocrx_word' id='word_1_1028' title='bbox 1928 1620 2028 1651; x_wconf 78' lang='lat' dir='ltr'>solum</span> <span class='ocrx_word' id='word_1_1029' title='bbox 2038 1618 2147 1651; x_wconf 81' lang='lat' dir='ltr'>abefl&#39;et</span> 
     </span>
     <span class='ocr_line' id='line_1_109' title="bbox 1190 1659 2149 1702; baseline 0 -10"><span class='ocrx_word' id='word_1_1030' title='bbox 1190 1662 1205 1692; x_wconf 77' lang='grc' dir='ltr'>Ξι</span> <span class='ocrx_word' id='word_1_1031' title='bbox 1216 1662 1310 1693; x_wconf 90' lang='lat' dir='ltr'>domo</span> <span class='ocrx_word' id='word_1_1032' title='bbox 1320 1671 1397 1696; x_wconf 83' lang='lat' dir='ltr'>turn,</span> <span class='ocrx_word' id='word_1_1033' title='bbox 1410 1659 1482 1691; x_wconf 74' lang='lat' dir='ltr'>cum</span> <span class='ocrx_word' id='word_1_1034' title='bbox 1492 1664 1655 1701; x_wconf 86' lang='lat' dir='ltr'>navigaret:</span> <span class='ocrx_word' id='word_1_1035' title='bbox 1667 1662 1716 1692; x_wconf 87' lang='lat' dir='ltr'>sed</span> <span class='ocrx_word' id='word_1_1036' title='bbox 1727 1664 1818 1693; x_wconf 85' lang='lat' dir='ltr'>etiam</span> <span class='ocrx_word' id='word_1_1037' title='bbox 1829 1662 1944 1692; x_wconf 83' lang='lat' dir='ltr'>libenter</span> <span class='ocrx_word' id='word_1_1038' title='bbox 1953 1673 2024 1692; x_wconf 90' lang='lat' dir='ltr'>cum</span> <span class='ocrx_word' id='word_1_1039' title='bbox 2037 1671 2149 1702; x_wconf 88' lang='lat' dir='ltr'>magno</span> 
     </span>
     <span class='ocr_line' id='line_1_110' title="bbox 1190 1701 2149 1744; baseline -0.001 -10"><span class='ocrx_word' id='word_1_1040' title='bbox 1190 1705 1305 1734; x_wconf 88' lang='lat' dir='ltr'>honore</span> <span class='ocrx_word' id='word_1_1041' title='bbox 1315 1723 1324 1737; x_wconf 89' lang='lat'>,</span> <span class='ocrx_word' id='word_1_1042' title='bbox 1337 1702 1546 1744; x_wconf 88' lang='lat' dir='ltr'>beneficioque</span> <span class='ocrx_word' id='word_1_1043' title='bbox 1556 1701 1664 1733; x_wconf 86' lang='lat' dir='ltr'>abeffet</span> <span class='ocrx_word' id='word_1_1044' title='bbox 1677 1715 1682 1732; x_wconf 91' lang='lat'>:</span> <span class='ocrx_word' id='word_1_1045' title='bbox 1700 1704 1761 1744; x_wconf 87' lang='lat' dir='ltr'>ipse</span> <span class='ocrx_word' id='word_1_1046' title='bbox 1772 1713 1873 1734; x_wconf 90' lang='lat' dir='ltr'>autem</span> <span class='ocrx_word' id='word_1_1047' title='bbox 1883 1724 1891 1739; x_wconf 84' lang='lat'>‚</span> <span class='ocrx_word' id='word_1_1048' title='bbox 1903 1713 2023 1734; x_wconf 87' lang='lat' dir='ltr'>remoto</span> <span class='ocrx_word' id='word_1_1049' title='bbox 2032 1724 2041 1736; x_wconf 83' lang='lat'>,</span> <span class='ocrx_word' id='word_1_1050' title='bbox 2062 1711 2149 1744; x_wconf 87' lang='lat' dir='ltr'>atque</span> 
     </span>
     <span class='ocr_line' id='line_1_111' title="bbox 1189 1744 2148 1788; baseline -0.001 -13"><span class='ocrx_word' id='word_1_1051' title='bbox 1189 1746 1321 1788; x_wconf 90' lang='lat' dir='ltr'>ablegato</span> <span class='ocrx_word' id='word_1_1052' title='bbox 1330 1747 1406 1779; x_wconf 84' lang='lat' dir='ltr'>viro,</span> <span class='ocrx_word' id='word_1_1053' title='bbox 1421 1755 1485 1775; x_wconf 91' lang='lat' dir='ltr'>non</span> <span class='ocrx_word' id='word_1_1054' title='bbox 1494 1744 1628 1778; x_wconf 78' lang='lat' dir='ltr'>liberius,</span> <span class='ocrx_word' id='word_1_1055' title='bbox 1637 1745 1728 1786; x_wconf 76' lang='lat' dir='ltr'>quam</span> <span class='ocrx_word' id='word_1_1056' title='bbox 1739 1747 1807 1776; x_wconf 71' lang='lat' dir='ltr'>ante</span> <span class='ocrx_word' id='word_1_1057' title='bbox 1817 1748 1896 1787; x_wconf 86' lang='lat' dir='ltr'>(quis</span> <span class='ocrx_word' id='word_1_1058' title='bbox 1906 1747 1991 1776; x_wconf 90' lang='lat' dir='ltr'>enim</span> <span class='ocrx_word' id='word_1_1059' title='bbox 2000 1754 2148 1786; x_wconf 86' lang='lat' dir='ltr'>umquam</span> 
     </span>
     <span class='ocr_line' id='line_1_112' title="bbox 1190 1785 2146 1827; baseline -0.001 -10"><span class='ocrx_word' id='word_1_1060' title='bbox 1190 1786 1274 1818; x_wconf 88' lang='lat' dir='ltr'>istius</span> <span class='ocrx_word' id='word_1_1061' title='bbox 1291 1786 1414 1817; x_wconf 81' lang='lat' dir='ltr'>libidini</span> <span class='ocrx_word' id='word_1_1062' title='bbox 1429 1785 1544 1817; x_wconf 88' lang='lat' dir='ltr'>obstitit</span> <span class='ocrx_word' id='word_1_1063' title='bbox 1553 1787 1582 1826; x_wconf 92' lang='lat'>?)</span> <span class='ocrx_word' id='word_1_1064' title='bbox 1603 1786 1651 1817; x_wconf 88' lang='lat' dir='ltr'>sed</span> <span class='ocrx_word' id='word_1_1065' title='bbox 1662 1787 1763 1827; x_wconf 90' lang='lat' dir='ltr'>paullo</span> <span class='ocrx_word' id='word_1_1066' title='bbox 1775 1788 1918 1818; x_wconf 88' lang='lat' dir='ltr'>solutiore</span> <span class='ocrx_word' id='word_1_1067' title='bbox 1929 1796 2030 1817; x_wconf 86' lang='lat' dir='ltr'>tamen</span> <span class='ocrx_word' id='word_1_1068' title='bbox 2039 1789 2146 1817; x_wconf 89' lang='lat' dir='ltr'>animo</span> 
     </span>
     <span class='ocr_line' id='line_1_113' title="bbox 1190 1826 2147 1870; baseline -0.001 -11"><span class='ocrx_word' id='word_1_1069' title='bbox 1190 1830 1291 1859; x_wconf 83' lang='lat' dir='ltr'>secum</span> <span class='ocrx_word' id='word_1_1070' title='bbox 1307 1829 1391 1858; x_wconf 88' lang='lat' dir='ltr'>illam</span> <span class='ocrx_word' id='word_1_1071' title='bbox 1403 1828 1538 1861; x_wconf 84' lang='lat' dir='ltr'>haberet,</span> <span class='ocrx_word' id='word_1_1072' title='bbox 1553 1826 1573 1857; x_wconf 89' lang='lat' dir='ltr'>fi</span> <span class='ocrx_word' id='word_1_1073' title='bbox 1584 1838 1647 1858; x_wconf 93' lang='lat' dir='ltr'>non</span> <span class='ocrx_word' id='word_1_1074' title='bbox 1659 1838 1810 1870; x_wconf 88' lang='lat' dir='ltr'>tamquam</span> <span class='ocrx_word' id='word_1_1075' title='bbox 1822 1831 1921 1859; x_wconf 91' lang='lat' dir='ltr'>virum</span> <span class='ocrx_word' id='word_1_1076' title='bbox 1931 1849 1941 1862; x_wconf 89' lang='lat'>‚</span> <span class='ocrx_word' id='word_1_1077' title='bbox 1956 1839 1985 1860; x_wconf 92' lang='lat' dir='ltr'>at</span> <span class='ocrx_word' id='word_1_1078' title='bbox 1994 1838 2147 1869; x_wconf 88' lang='lat' dir='ltr'>tamquam</span> 
     </span>
     <span class='ocr_line' id='line_1_114' title="bbox 1190 1868 2149 1912; baseline 0.001 -13"><span class='ocrx_word' id='word_1_1079' title='bbox 1190 1876 1320 1900; x_wconf 73' lang='lat' dir='ltr'>amulum</span> <span class='ocrx_word' id='word_1_1080' title='bbox 1328 1868 1513 1900; x_wconf 77' lang='lat' dir='ltr'>removiss&#39;et.</span> <span class='ocrx_word' id='word_1_1081' title='bbox 1538 1871 1656 1910; x_wconf 87' lang='lat' dir='ltr'>Accipit</span> <span class='ocrx_word' id='word_1_1082' title='bbox 1665 1880 1774 1900; x_wconf 88' lang='lat' dir='ltr'>navem</span> <span class='ocrx_word' id='word_1_1083' title='bbox 1789 1871 1937 1901; x_wconf 89' lang='lat' dir='ltr'>sociorum</span> <span class='ocrx_word' id='word_1_1084' title='bbox 1947 1891 1956 1905; x_wconf 88' lang='lat'>‚</span> <span class='ocrx_word' id='word_1_1085' title='bbox 1974 1879 2060 1912; x_wconf 86' lang='lat' dir='ltr'>atque</span> <span class='ocrx_word' id='word_1_1086' title='bbox 2071 1871 2149 1900; x_wconf 89' lang='lat' dir='ltr'>ami-</span> 
     </span>
    </p>
   </div>
   <div class='ocr_carea' id='block_1_16' title="bbox 1189 1911 2210 1958">
    <p class='ocr_par' dir='ltr' id='par_1_25' title="bbox 1189 1911 2210 1958">
     <span class='ocr_line' id='line_1_115' title="bbox 1189 1911 2210 1958; baseline 0.001 -16"><span class='ocrx_word' id='word_1_1087' title='bbox 1189 1923 1294 1943; x_wconf 86' lang='lat' dir='ltr'>corum</span> <span class='ocrx_word' id='word_1_1088' title='bbox 1304 1913 1485 1942; x_wconf 83' lang='lat' dir='ltr'>Cleomenes</span> <span class='ocrx_word' id='word_1_1089' title='bbox 1493 1912 1694 1957; x_wconf 81' lang='lat' dir='ltr'>Syracusanus.</span> <span class='ocrx_word' id='word_1_1090' title='bbox 1702 1912 1783 1958; x_wconf 83' lang='lat' dir='ltr'>Qid</span> <span class='ocrx_word' id='word_1_1091' title='bbox 1793 1911 1930 1953; x_wconf 66' lang='lat' dir='ltr'>primum</span> <span class='ocrx_word' id='word_1_1092' title='bbox 1941 1922 1992 1943; x_wconf 89' lang='lat' dir='ltr'>aut</span> <span class='ocrx_word' id='word_1_1093' title='bbox 2000 1913 2148 1946; x_wconf 67' lang='grc' dir='ltr'>3661116111,Δ</span> <span class='ocrx_word' id='word_1_1094' title='bbox 2167 1920 2210 1955; x_wconf 85' lang='lat'>32</span> 
     </span>
    </p>
   </div>
   <div class='ocr_carea' id='block_1_17' title="bbox 1190 1953 2147 2079">
    <p class='ocr_par' dir='ltr' id='par_1_26' title="bbox 1190 1953 2147 2079">
     <span class='ocr_line' id='line_1_116' title="bbox 1190 1953 2144 1996; baseline -0.001 -11"><span class='ocrx_word' id='word_1_1095' title='bbox 1190 1963 1241 1985; x_wconf 88' lang='lat' dir='ltr'>aut</span> <span class='ocrx_word' id='word_1_1096' title='bbox 1250 1963 1363 1994; x_wconf 84' lang='lat' dir='ltr'>querar,</span> <span class='ocrx_word' id='word_1_1097' title='bbox 1372 1953 1488 1993; x_wconf 87' lang='lat' dir='ltr'>judices</span> <span class='ocrx_word' id='word_1_1098' title='bbox 1499 1957 1508 1981; x_wconf 93' lang='lat'>?</span> <span class='ocrx_word' id='word_1_1099' title='bbox 1519 1953 1647 1983; x_wconf 75' lang='lat' dir='ltr'>Siculone</span> <span class='ocrx_word' id='word_1_1100' title='bbox 1656 1960 1772 1988; x_wconf 69' lang='lat' dir='ltr'>nomzm,</span> <span class='ocrx_word' id='word_1_1101' title='bbox 1784 1955 1881 1996; x_wconf 86' lang='lat' dir='ltr'>legati,</span> <span class='ocrx_word' id='word_1_1102' title='bbox 1892 1954 2059 1996; x_wconf 85' lang='lat' dir='ltr'>quaestoris,</span> <span class='ocrx_word' id='word_1_1103' title='bbox 2068 1963 2144 1994; x_wconf 87' lang='lat' dir='ltr'>prae-</span> 
     </span>
     <span class='ocr_line' id='line_1_117' title="bbox 1191 1994 2147 2036; baseline 0.001 -11"><span class='ocrx_word' id='word_1_1104' title='bbox 1191 2005 1263 2026; x_wconf 89' lang='lat' dir='ltr'>toris</span> <span class='ocrx_word' id='word_1_1105' title='bbox 1273 1996 1403 2036; x_wconf 89' lang='lat' dir='ltr'>denique</span> <span class='ocrx_word' id='word_1_1106' title='bbox 1412 1994 1587 2035; x_wconf 76' lang='lat' dir='ltr'>potestatem</span> <span class='ocrx_word' id='word_1_1107' title='bbox 1598 2015 1606 2028; x_wconf 91' lang='lat'>,</span> <span class='ocrx_word' id='word_1_1108' title='bbox 1619 1997 1768 2026; x_wconf 87' lang='lat' dir='ltr'>honorem</span> <span class='ocrx_word' id='word_1_1109' title='bbox 1781 2016 1789 2029; x_wconf 91' lang='lat'><em>,</em></span> <span class='ocrx_word' id='word_1_1110' title='bbox 1801 1995 2011 2026; x_wconf 69' lang='grc'><strong>311610111316111</strong></span> <span class='ocrx_word' id='word_1_1111' title='bbox 2023 1996 2106 2026; x_wconf 86' lang='lat' dir='ltr'>dari?</span> <span class='ocrx_word' id='word_1_1112' title='bbox 2116 1996 2147 2026; x_wconf 81' lang='lat' dir='ltr'>si</span> 
     </span>
     <span class='ocr_line' id='line_1_118' title="bbox 1191 2036 2146 2079; baseline 0 -12"><span class='ocrx_word' id='word_1_1113' title='bbox 1191 2047 1219 2068; x_wconf 91' lang='lat' dir='ltr'>te</span> <span class='ocrx_word' id='word_1_1114' title='bbox 1229 2037 1411 2077; x_wconf 82' lang='lat' dir='ltr'>impediebat</span> <span class='ocrx_word' id='word_1_1115' title='bbox 1421 2036 1474 2067; x_wconf 80' lang='lat' dir='ltr'>ista</span> <span class='ocrx_word' id='word_1_1116' title='bbox 1484 2039 1698 2067; x_wconf 87' lang='lat' dir='ltr'>conviviorum</span> <span class='ocrx_word' id='word_1_1117' title='bbox 1710 2057 1718 2071; x_wconf 86' lang='lat'><strong>,</strong></span> <span class='ocrx_word' id='word_1_1118' title='bbox 1731 2039 1956 2079; x_wconf 85' lang='lat' dir='ltr'>mulierumque</span> <span class='ocrx_word' id='word_1_1119' title='bbox 1972 2038 2146 2077; x_wconf 85' lang='lat' dir='ltr'>occupatio:</span> 
     </span>
    </p>
   </div>
   <div class='ocr_carea' id='block_1_18' title="bbox 1191 2078 2183 2120">
    <p class='ocr_par' dir='ltr' id='par_1_27' title="bbox 1191 2078 2183 2120">
     <span class='ocr_line' id='line_1_119' title="bbox 1191 2078 2183 2120; baseline -0.001 -11"><span class='ocrx_word' id='word_1_1120' title='bbox 1191 2078 1432 2120; x_wconf 78' lang='lat' dir='ltr'>ubiquaestores?</span> <span class='ocrx_word' id='word_1_1121' title='bbox 1449 2079 1501 2108; x_wconf 90' lang='lat' dir='ltr'>ubi</span> <span class='ocrx_word' id='word_1_1122' title='bbox 1514 2078 1620 2120; x_wconf 69' lang='lat' dir='ltr'>legati?</span> <span class='ocrx_word' id='word_1_1123' title='bbox 1637 2079 1690 2108; x_wconf 88' lang='lat' dir='ltr'>ubi</span> <span class='ocrx_word' id='word_1_1124' title='bbox 1706 2082 1797 2109; x_wconf 84' lang='lat' dir='ltr'>ternis</span> <span class='ocrx_word' id='word_1_1125' title='bbox 1816 2079 1945 2109; x_wconf 85' lang='lat' dir='ltr'>denariis</span> <span class='ocrx_word' id='word_1_1126' title='bbox 1963 2078 2147 2109; x_wconf 86' lang='lat' dir='ltr'>aestimatum</span> <span class='ocrx_word' id='word_1_1127' title='bbox 2173 2096 2183 2101; x_wconf 68' lang='lat'>=</span> 
     </span>
    </p>
   </div>
   <div class='ocr_carea' id='block_1_19' title="bbox 1189 2120 2154 2534">
    <p class='ocr_par' dir='ltr' id='par_1_28' title="bbox 1189 2120 2154 2534">
     <span class='ocr_line' id='line_1_120' title="bbox 1189 2120 2147 2161; baseline -0.001 -10"><span class='ocrx_word' id='word_1_1128' title='bbox 1189 2121 1382 2151; x_wconf 87' lang='lat' dir='ltr'>frumentum</span> <span class='ocrx_word' id='word_1_1129' title='bbox 1394 2121 1403 2146; x_wconf 91' lang='lat'>?</span> <span class='ocrx_word' id='word_1_1130' title='bbox 1421 2120 1472 2150; x_wconf 86' lang='lat' dir='ltr'>ubi</span> <span class='ocrx_word' id='word_1_1131' title='bbox 1484 2122 1581 2149; x_wconf 81' lang='lat' dir='ltr'>mun?</span> <span class='ocrx_word' id='word_1_1132' title='bbox 1597 2120 1649 2149; x_wconf 87' lang='lat' dir='ltr'>ubi</span> <span class='ocrx_word' id='word_1_1133' title='bbox 1660 2121 1864 2152; x_wconf 82' lang='lat' dir='ltr'>tabernacula?</span> <span class='ocrx_word' id='word_1_1134' title='bbox 1875 2120 1926 2150; x_wconf 90' lang='lat' dir='ltr'>ubi</span> <span class='ocrx_word' id='word_1_1135' title='bbox 1937 2129 1997 2154; x_wconf 91' lang='lat' dir='ltr'>tot,</span> <span class='ocrx_word' id='word_1_1136' title='bbox 2009 2129 2147 2161; x_wconf 84' lang='lat' dir='ltr'>tantaque</span> 
     </span>
     <span class='ocr_line' id='line_1_121' title="bbox 1191 2161 2146 2203; baseline -0.001 -11"><span class='ocrx_word' id='word_1_1137' title='bbox 1191 2171 1365 2193; x_wconf 85' lang='lat' dir='ltr'>ornamenta</span> <span class='ocrx_word' id='word_1_1138' title='bbox 1379 2161 1596 2202; x_wconf 63' lang='lat' dir='ltr'>magistratib-„is</span> <span class='ocrx_word' id='word_1_1139' title='bbox 1607 2181 1615 2194; x_wconf 91' lang='lat'>‚</span> <span class='ocrx_word' id='word_1_1140' title='bbox 1639 2161 1780 2202; x_wconf 85' lang='lat' dir='ltr'>&amp;legatis</span> <span class='ocrx_word' id='word_1_1141' title='bbox 1797 2162 1812 2192; x_wconf 77' lang='lat' dir='ltr'>a</span> <span class='ocrx_word' id='word_1_1142' title='bbox 1831 2162 1931 2192; x_wconf 83' lang='lat' dir='ltr'>senatu</span> <span class='ocrx_word' id='word_1_1143' title='bbox 1943 2183 1951 2196; x_wconf 93' lang='lat'>‚</span> <span class='ocrx_word' id='word_1_1144' title='bbox 1973 2163 2146 2203; x_wconf 87' lang='lat' dir='ltr'>populoque</span> 
     </span>
     <span class='ocr_line' id='line_1_122' title="bbox 1192 2201 2154 2244; baseline -0.002 -10"><span class='ocrx_word' id='word_1_1145' title='bbox 1192 2207 1286 2235; x_wconf 89' lang='lat' dir='ltr'>Rom.</span> <span class='ocrx_word' id='word_1_1146' title='bbox 1301 2201 1440 2243; x_wconf 69' lang='lat' dir='ltr'>permiffa</span> <span class='ocrx_word' id='word_1_1147' title='bbox 1450 2223 1458 2236; x_wconf 86' lang='lat'><em>.</em></span> <span class='ocrx_word' id='word_1_1148' title='bbox 1479 2203 1511 2232; x_wconf 87' lang='lat'>&amp;</span> <span class='ocrx_word' id='word_1_1149' title='bbox 1522 2202 1605 2233; x_wconf 76' lang='lat' dir='ltr'>data?</span> <span class='ocrx_word' id='word_1_1150' title='bbox 1622 2203 1752 2244; x_wconf 89' lang='lat' dir='ltr'>denique</span> <span class='ocrx_word' id='word_1_1151' title='bbox 1762 2202 1972 2244; x_wconf 71' lang='lat' dir='ltr'>ubipraefeffi,</span> <span class='ocrx_word' id='word_1_1152' title='bbox 1992 2205 2025 2234; x_wconf 91' lang='lat'>&amp;</span> <span class='ocrx_word' id='word_1_1153' title='bbox 2036 2202 2154 2233; x_wconf 72' lang='lat' dir='ltr'>tribuni&#39;</span> 
     </span>
     <span class='ocr_line' id='line_1_123' title="bbox 1191 2244 2150 2287; baseline -0.002 -11"><span class='ocrx_word' id='word_1_1154' title='bbox 1191 2248 1234 2276; x_wconf 89' lang='lat' dir='ltr'>tui</span> <span class='ocrx_word' id='word_1_1155' title='bbox 1247 2249 1256 2275; x_wconf 86' lang='lat'>?</span> <span class='ocrx_word' id='word_1_1156' title='bbox 1270 2248 1300 2275; x_wconf 91' lang='lat' dir='ltr'>Si</span> <span class='ocrx_word' id='word_1_1157' title='bbox 1308 2245 1376 2274; x_wconf 58' lang='lat' dir='ltr'>civis</span> <span class='ocrx_word' id='word_1_1158' title='bbox 1384 2247 1465 2274; x_wconf 81' lang='lat' dir='ltr'>Rom.</span> <span class='ocrx_word' id='word_1_1159' title='bbox 1481 2244 1588 2284; x_wconf 85' lang='lat' dir='ltr'>dignus</span> <span class='ocrx_word' id='word_1_1160' title='bbox 1600 2244 1656 2274; x_wconf 88' lang='lat' dir='ltr'>isto</span> <span class='ocrx_word' id='word_1_1161' title='bbox 1666 2248 1789 2286; x_wconf 82' lang='lat' dir='ltr'>negotio</span> <span class='ocrx_word' id='word_1_1162' title='bbox 1800 2256 1893 2275; x_wconf 84' lang='lat' dir='ltr'>nemo</span> <span class='ocrx_word' id='word_1_1163' title='bbox 1901 2244 1977 2279; x_wconf 87' lang='lat' dir='ltr'>fuit,</span> <span class='ocrx_word' id='word_1_1164' title='bbox 1989 2245 2061 2287; x_wconf 88' lang='lat' dir='ltr'>quid</span> <span class='ocrx_word' id='word_1_1165' title='bbox 2073 2246 2150 2275; x_wconf 90' lang='lat' dir='ltr'>civi-</span> 
     </span>
     <span class='ocr_line' id='line_1_124' title="bbox 1192 2284 2150 2328; baseline -0.002 -11"><span class='ocrx_word' id='word_1_1166' title='bbox 1192 2297 1274 2321; x_wconf 70' lang='grc'><strong>13163,</strong></span> <span class='ocrx_word' id='word_1_1167' title='bbox 1285 2296 1350 2328; x_wconf 86' lang='lat' dir='ltr'>quae</span> <span class='ocrx_word' id='word_1_1168' title='bbox 1360 2288 1393 2315; x_wconf 89' lang='lat' dir='ltr'>in</span> <span class='ocrx_word' id='word_1_1169' title='bbox 1403 2288 1545 2319; x_wconf 79' lang='lat' dir='ltr'>amicitia,</span> <span class='ocrx_word' id='word_1_1170' title='bbox 1562 2284 1680 2326; x_wconf 83' lang='lat' dir='ltr'>fideque</span> <span class='ocrx_word' id='word_1_1171' title='bbox 1689 2287 1794 2326; x_wconf 85' lang='lat' dir='ltr'>populi</span> <span class='ocrx_word' id='word_1_1172' title='bbox 1804 2289 1897 2317; x_wconf 84' lang='lat' dir='ltr'>Rom.</span> <span class='ocrx_word' id='word_1_1173' title='bbox 1908 2286 2051 2328; x_wconf 74' lang='lat' dir='ltr'>perpetuo</span> <span class='ocrx_word' id='word_1_1174' title='bbox 2062 2296 2150 2328; x_wconf 78' lang='lat' dir='ltr'>man-</span> 
     </span>
     <span class='ocr_line' id='line_1_125' title="bbox 1193 2327 2149 2369; baseline 0 -11"><span class='ocrx_word' id='word_1_1175' title='bbox 1193 2330 1307 2359; x_wconf 75' lang='lat' dir='ltr'>serant?</span> <span class='ocrx_word' id='word_1_1176' title='bbox 1325 2328 1377 2357; x_wconf 90' lang='lat' dir='ltr'>ubi</span> <span class='ocrx_word' id='word_1_1177' title='bbox 1390 2327 1563 2368; x_wconf 74' lang='lat' dir='ltr'>Segestana?</span> <span class='ocrx_word' id='word_1_1178' title='bbox 1582 2327 1632 2358; x_wconf 89' lang='lat' dir='ltr'>ubi</span> <span class='ocrx_word' id='word_1_1179' title='bbox 1643 2330 1839 2368; x_wconf 89' lang='lat' dir='ltr'>Centuripina</span> <span class='ocrx_word' id='word_1_1180' title='bbox 1856 2331 1978 2362; x_wconf 82' lang='lat' dir='ltr'>civitas,</span> <span class='ocrx_word' id='word_1_1181' title='bbox 2000 2338 2066 2369; x_wconf 81' lang='lat' dir='ltr'>quae</span> <span class='ocrx_word' id='word_1_1182' title='bbox 2082 2337 2149 2358; x_wconf 87' lang='lat' dir='ltr'>tum</span> 
     </span>
     <span class='ocr_line' id='line_1_126' title="bbox 1193 2367 2148 2412; baseline -0.003 -12"><span class='ocrx_word' id='word_1_1183' title='bbox 1193 2369 1314 2402; x_wconf 87' lang='lat' dir='ltr'>officiis,</span> <span class='ocrx_word' id='word_1_1184' title='bbox 1328 2367 1397 2401; x_wconf 83' lang='lat' dir='ltr'>fide,</span> <span class='ocrx_word' id='word_1_1185' title='bbox 1411 2368 1563 2402; x_wconf 77' lang='lat' dir='ltr'>vetustate,</span> <span class='ocrx_word' id='word_1_1186' title='bbox 1575 2377 1641 2399; x_wconf 90' lang='lat' dir='ltr'>tum</span> <span class='ocrx_word' id='word_1_1187' title='bbox 1654 2373 1742 2399; x_wconf 85' lang='lat' dir='ltr'>etiam</span> <span class='ocrx_word' id='word_1_1188' title='bbox 1753 2372 1930 2412; x_wconf 86' lang='lat' dir='ltr'>cognatione</span> <span class='ocrx_word' id='word_1_1189' title='bbox 1941 2372 2046 2411; x_wconf 88' lang='lat' dir='ltr'>populi</span> <span class='ocrx_word' id='word_1_1190' title='bbox 2055 2372 2148 2400; x_wconf 86' lang='lat' dir='ltr'>Rom.</span> 
     </span>
     <span class='ocr_line' id='line_1_127' title="bbox 1194 2410 2152 2453; baseline 0.001 -12"><span class='ocrx_word' id='word_1_1191' title='bbox 1194 2421 1310 2441; x_wconf 90' lang='lat' dir='ltr'>nomen</span> <span class='ocrx_word' id='word_1_1192' title='bbox 1318 2412 1487 2451; x_wconf 81' lang='lat' dir='ltr'>attingunt?</span> <span class='ocrx_word' id='word_1_1193' title='bbox 1512 2413 1538 2440; x_wconf 95' lang='lat' dir='ltr'>O</span> <span class='ocrx_word' id='word_1_1194' title='bbox 1548 2410 1591 2440; x_wconf 90' lang='lat' dir='ltr'>dii</span> <span class='ocrx_word' id='word_1_1195' title='bbox 1601 2412 1788 2441; x_wconf 81' lang='lat' dir='ltr'>immortales</span> <span class='ocrx_word' id='word_1_1196' title='bbox 1801 2414 1806 2441; x_wconf 79' lang='grc'>1</span> <span class='ocrx_word' id='word_1_1197' title='bbox 1825 2412 1898 2453; x_wconf 87' lang='lat' dir='ltr'>quid</span> <span class='ocrx_word' id='word_1_1198' title='bbox 1910 2433 1918 2446; x_wconf 89' lang='lat'>‚</span> <span class='ocrx_word' id='word_1_1199' title='bbox 1929 2411 1951 2442; x_wconf 85' lang='lat' dir='ltr'><strong>fi</strong></span> <span class='ocrx_word' id='word_1_1200' title='bbox 1961 2413 2065 2442; x_wconf 87' lang='lat' dir='ltr'>harum</span> <span class='ocrx_word' id='word_1_1201' title='bbox 2077 2411 2152 2451; x_wconf 60' lang='grc'><strong>11113-</strong></span> 
     </span>
     <span class='ocr_line' id='line_1_128' title="bbox 1193 2452 2152 2494; baseline 0 -12"><span class='ocrx_word' id='word_1_1202' title='bbox 1193 2463 1261 2483; x_wconf 86' lang='lat' dir='ltr'>rum</span> <span class='ocrx_word' id='word_1_1203' title='bbox 1271 2453 1425 2482; x_wconf 85' lang='lat' dir='ltr'>civitatum</span> <span class='ocrx_word' id='word_1_1204' title='bbox 1438 2452 1588 2482; x_wconf 84' lang='lat' dir='ltr'>militibus</span> <span class='ocrx_word' id='word_1_1205' title='bbox 1598 2473 1606 2486; x_wconf 90' lang='lat'><em>,</em></span> <span class='ocrx_word' id='word_1_1206' title='bbox 1621 2453 1748 2483; x_wconf 86' lang='lat' dir='ltr'>navibus</span> <span class='ocrx_word' id='word_1_1207' title='bbox 1758 2473 1767 2487; x_wconf 91' lang='grc'><strong>,</strong></span> <span class='ocrx_word' id='word_1_1208' title='bbox 1778 2455 1943 2487; x_wconf 86' lang='lat' dir='ltr'>navarchis‚</span> <span class='ocrx_word' id='word_1_1209' title='bbox 1958 2454 2152 2494; x_wconf 71' lang='lat' dir='ltr'>Syracusanus</span> 
     </span>
     <span class='ocr_line' id='line_1_129' title="bbox 1195 2491 2151 2534; baseline 0 -10"><span class='ocrx_word' id='word_1_1210' title='bbox 1195 2491 1477 2533; x_wconf 80' lang='lat' dir='ltr'>Cleomenesjuss&#39;us</span> <span class='ocrx_word' id='word_1_1211' title='bbox 1487 2493 1527 2523; x_wconf 86' lang='lat' dir='ltr'>est</span> <span class='ocrx_word' id='word_1_1212' title='bbox 1538 2504 1681 2534; x_wconf 86' lang='lat' dir='ltr'>imperare</span> <span class='ocrx_word' id='word_1_1213' title='bbox 1692 2497 1704 2524; x_wconf 88' lang='lat'>?</span> <span class='ocrx_word' id='word_1_1214' title='bbox 1715 2505 1779 2525; x_wconf 91' lang='lat' dir='ltr'>non</span> <span class='ocrx_word' id='word_1_1215' title='bbox 1789 2497 1892 2525; x_wconf 89' lang='lat' dir='ltr'>omnis</span> <span class='ocrx_word' id='word_1_1216' title='bbox 1902 2496 1981 2524; x_wconf 76' lang='lat' dir='ltr'>honos</span> <span class='ocrx_word' id='word_1_1217' title='bbox 1989 2495 2026 2526; x_wconf 88' lang='lat' dir='ltr'>ab</span> <span class='ocrx_word' id='word_1_1218' title='bbox 2036 2494 2093 2525; x_wconf 88' lang='lat' dir='ltr'>isto</span> <span class='ocrx_word' id='word_1_1219' title='bbox 2104 2494 2151 2524; x_wconf 88' lang='lat' dir='ltr'>di-</span> 
     </span>
    </p>
   </div>
   <div class='ocr_carea' id='block_1_20' title="bbox 1171 2535 2152 2578">
    <p class='ocr_par' dir='ltr' id='par_1_29' title="bbox 1171 2535 2152 2578">
     <span class='ocr_line' id='line_1_130' title="bbox 1171 2535 2152 2578; baseline 0 -13"><span class='ocrx_word' id='word_1_1220' title='bbox 1171 2553 1172 2562; x_wconf 55' lang='grc'>1</span> <span class='ocrx_word' id='word_1_1221' title='bbox 1193 2538 1312 2578; x_wconf 81' lang='lat' dir='ltr'>gnitatis</span> <span class='ocrx_word' id='word_1_1222' title='bbox 1324 2555 1331 2569; x_wconf 90' lang='lat'>,</span> <span class='ocrx_word' id='word_1_1223' title='bbox 1344 2537 1491 2576; x_wconf 75' lang='lat' dir='ltr'>aequitatis</span> <span class='ocrx_word' id='word_1_1224' title='bbox 1502 2556 1510 2569; x_wconf 92' lang='lat'>‚</span> <span class='ocrx_word' id='word_1_1225' title='bbox 1522 2535 1674 2577; x_wconf 86' lang='lat' dir='ltr'>officiique</span> <span class='ocrx_word' id='word_1_1226' title='bbox 1684 2537 1813 2566; x_wconf 87' lang='lat' dir='ltr'>sublatus</span> <span class='ocrx_word' id='word_1_1227' title='bbox 1827 2535 1886 2567; x_wconf 85' lang='lat' dir='ltr'>est?</span> <span class='ocrx_word' id='word_1_1228' title='bbox 1905 2537 2028 2578; x_wconf 88' lang='lat' dir='ltr'>Ecquod</span> <span class='ocrx_word' id='word_1_1229' title='bbox 2038 2539 2071 2566; x_wconf 91' lang='lat' dir='ltr'>in</span> <span class='ocrx_word' id='word_1_1230' title='bbox 2078 2537 2152 2566; x_wconf 85' lang='lat' dir='ltr'>Sici·-</span> 
     </span>
    </p>
   </div>
   <div class='ocr_carea' id='block_1_21' title="bbox 1195 2575 2154 2950">
    <p class='ocr_par' dir='ltr' id='par_1_30' title="bbox 1195 2575 2154 2911">
     <span class='ocr_line' id='line_1_131' title="bbox 1198 2575 2153 2619; baseline 0 -12"><span class='ocrx_word' id='word_1_1231' title='bbox 1198 2584 1236 2608; x_wconf 82' lang='lat' dir='ltr'>lia</span> <span class='ocrx_word' id='word_1_1232' title='bbox 1247 2578 1363 2607; x_wconf 87' lang='lat' dir='ltr'>bellum</span> <span class='ocrx_word' id='word_1_1233' title='bbox 1373 2575 1512 2618; x_wconf 78' lang='lat' dir='ltr'>gessimus</span> <span class='ocrx_word' id='word_1_1234' title='bbox 1523 2597 1531 2611; x_wconf 90' lang='lat'>‚</span> <span class='ocrx_word' id='word_1_1235' title='bbox 1543 2579 1618 2618; x_wconf 91' lang='lat' dir='ltr'>quin</span> <span class='ocrx_word' id='word_1_1236' title='bbox 1628 2580 1833 2618; x_wconf 85' lang='lat' dir='ltr'>Centuripinis</span> <span class='ocrx_word' id='word_1_1237' title='bbox 1843 2579 1929 2609; x_wconf 87' lang='lat' dir='ltr'>sociis</span> <span class='ocrx_word' id='word_1_1238' title='bbox 1937 2598 1946 2612; x_wconf 84' lang='lat'><em>‚</em></span> <span class='ocrx_word' id='word_1_1239' title='bbox 1966 2577 2153 2619; x_wconf 84' lang='lat' dir='ltr'>Syracusanis</span> 
     </span>
     <span class='ocr_line' id='line_1_132' title="bbox 1196 2619 2151 2660; baseline 0.001 -12"><span class='ocrx_word' id='word_1_1240' title='bbox 1196 2619 1332 2649; x_wconf 82' lang='lat' dir='ltr'>hostibus</span> <span class='ocrx_word' id='word_1_1241' title='bbox 1353 2629 1503 2649; x_wconf 83' lang='lat' dir='ltr'>uteremur</span> <span class='ocrx_word' id='word_1_1242' title='bbox 1513 2622 1523 2648; x_wconf 95' lang='lat'>?</span> <span class='ocrx_word' id='word_1_1243' title='bbox 1542 2628 1627 2660; x_wconf 83' lang='lat' dir='ltr'>atque</span> <span class='ocrx_word' id='word_1_1244' title='bbox 1637 2621 1700 2651; x_wconf 87' lang='lat' dir='ltr'>haec</span> <span class='ocrx_word' id='word_1_1245' title='bbox 1711 2623 1815 2650; x_wconf 82' lang='lat' dir='ltr'>omnia</span> <span class='ocrx_word' id='word_1_1246' title='bbox 1825 2620 1862 2650; x_wconf 89' lang='lat' dir='ltr'>ad</span> <span class='ocrx_word' id='word_1_1247' title='bbox 1874 2620 2055 2650; x_wconf 84' lang='lat' dir='ltr'>memoriam</span> <span class='ocrx_word' id='word_1_1248' title='bbox 2063 2628 2151 2649; x_wconf 87' lang='lat' dir='ltr'>vetu-</span> 
     </span>
     <span class='ocr_line' id='line_1_133' title="bbox 1197 2660 2154 2701; baseline 0.001 -11"><span class='ocrx_word' id='word_1_1249' title='bbox 1197 2660 1277 2691; x_wconf 82' lang='lat' dir='ltr'>statis</span> <span class='ocrx_word' id='word_1_1250' title='bbox 1287 2681 1295 2694; x_wconf 88' lang='lat'><em>,</em></span> <span class='ocrx_word' id='word_1_1251' title='bbox 1315 2670 1380 2690; x_wconf 90' lang='lat' dir='ltr'>non</span> <span class='ocrx_word' id='word_1_1252' title='bbox 1397 2660 1430 2690; x_wconf 89' lang='lat' dir='ltr'>ad</span> <span class='ocrx_word' id='word_1_1253' title='bbox 1449 2662 1665 2691; x_wconf 88' lang='lat' dir='ltr'>contumeliam</span> <span class='ocrx_word' id='word_1_1254' title='bbox 1683 2664 1810 2692; x_wconf 88' lang='lat' dir='ltr'>civitatis</span> <span class='ocrx_word' id='word_1_1255' title='bbox 1824 2661 1924 2692; x_wconf 89' lang='lat' dir='ltr'>referri</span> <span class='ocrx_word' id='word_1_1256' title='bbox 1935 2662 2021 2692; x_wconf 87' lang='lat' dir='ltr'>volo.</span> <span class='ocrx_word' id='word_1_1257' title='bbox 2052 2664 2154 2701; x_wconf 84' lang='lat' dir='ltr'>Iraque</span> 
     </span>
     <span class='ocr_line' id='line_1_134' title="bbox 1198 2700 2151 2743; baseline 0.001 -12"><span class='ocrx_word' id='word_1_1258' title='bbox 1198 2703 1250 2732; x_wconf 88' lang='lat' dir='ltr'>ille</span> <span class='ocrx_word' id='word_1_1259' title='bbox 1261 2705 1308 2732; x_wconf 89' lang='lat' dir='ltr'>vir</span> <span class='ocrx_word' id='word_1_1260' title='bbox 1315 2700 1491 2732; x_wconf 79' lang='lat' dir='ltr'>clarissimus</span> <span class='ocrx_word' id='word_1_1261' title='bbox 1501 2723 1509 2736; x_wconf 91' lang='lat'>,</span> <span class='ocrx_word' id='word_1_1262' title='bbox 1521 2703 1716 2743; x_wconf 83' lang='lat' dir='ltr'>summusque</span> <span class='ocrx_word' id='word_1_1263' title='bbox 1729 2706 1887 2743; x_wconf 84' lang='lat' dir='ltr'>imperator</span> <span class='ocrx_word' id='word_1_1264' title='bbox 1896 2723 1905 2737; x_wconf 81' lang='grc'><strong>,</strong></span> <span class='ocrx_word' id='word_1_1265' title='bbox 1916 2706 1960 2733; x_wconf 90' lang='grc' dir='ltr'><strong>Μ.</strong></span> <span class='ocrx_word' id='word_1_1266' title='bbox 1971 2703 2131 2733; x_wconf 84' lang='lat' dir='ltr'>Marcellus</span> <span class='ocrx_word' id='word_1_1267' title='bbox 2141 2720 2151 2736; x_wconf 91' lang='lat'>‚</span> 
     </span>
     <span class='ocr_line' id='line_1_135' title="bbox 1195 2743 2154 2784; baseline 0.003 -11"><span class='ocrx_word' id='word_1_1268' title='bbox 1195 2745 1242 2784; x_wconf 89' lang='lat' dir='ltr'>cuj</span> <span class='ocrx_word' id='word_1_1269' title='bbox 1246 2754 1280 2774; x_wconf 86' lang='lat' dir='ltr'>us</span> <span class='ocrx_word' id='word_1_1270' title='bbox 1290 2745 1397 2774; x_wconf 89' lang='lat' dir='ltr'>virtute</span> <span class='ocrx_word' id='word_1_1271' title='bbox 1408 2754 1507 2784; x_wconf 64' lang='lat' dir='ltr'>captae,</span> <span class='ocrx_word' id='word_1_1272' title='bbox 1519 2744 1723 2775; x_wconf 79' lang='lat' dir='ltr'>misericordia</span> <span class='ocrx_word' id='word_1_1273' title='bbox 1733 2745 1910 2775; x_wconf 84' lang='lat' dir='ltr'>conservata:</span> <span class='ocrx_word' id='word_1_1274' title='bbox 1921 2746 1989 2776; x_wconf 91' lang='lat' dir='ltr'>sunt</span> <span class='ocrx_word' id='word_1_1275' title='bbox 1997 2743 2154 2784; x_wconf 70' lang='lat' dir='ltr'>Syracusae,</span> 
     </span>
     <span class='ocr_line' id='line_1_136' title="bbox 1197 2786 2153 2826; baseline -0.001 -11"><span class='ocrx_word' id='word_1_1276' title='bbox 1197 2786 1325 2816; x_wconf 77' lang='lat' dir='ltr'>habitare</span> <span class='ocrx_word' id='word_1_1277' title='bbox 1340 2787 1372 2815; x_wconf 91' lang='lat' dir='ltr'>in</span> <span class='ocrx_word' id='word_1_1278' title='bbox 1382 2796 1414 2815; x_wconf 86' lang='lat' dir='ltr'>ea</span> <span class='ocrx_word' id='word_1_1279' title='bbox 1421 2795 1501 2825; x_wconf 83' lang='lat' dir='ltr'>parte</span> <span class='ocrx_word' id='word_1_1280' title='bbox 1511 2786 1593 2816; x_wconf 89' lang='lat' dir='ltr'>urbis</span> <span class='ocrx_word' id='word_1_1281' title='bbox 1603 2806 1610 2819; x_wconf 86' lang='lat'>‚</span> <span class='ocrx_word' id='word_1_1282' title='bbox 1627 2796 1692 2826; x_wconf 86' lang='lat' dir='ltr'>quae</span> <span class='ocrx_word' id='word_1_1283' title='bbox 1704 2787 1800 2817; x_wconf 86' lang='lat' dir='ltr'>insula</span> <span class='ocrx_word' id='word_1_1284' title='bbox 1810 2786 1863 2820; x_wconf 82' lang='lat' dir='ltr'>est,</span> <span class='ocrx_word' id='word_1_1285' title='bbox 1875 2786 2086 2826; x_wconf 78' lang='lat' dir='ltr'>Syracusanum</span> <span class='ocrx_word' id='word_1_1286' title='bbox 2099 2794 2153 2815; x_wconf 61' lang='grc' dir='ltr'>116ὅ</span> 
     </span>
     <span class='ocr_line' id='line_1_137' title="bbox 1201 2827 2153 2868; baseline -0.001 -11"><span class='ocrx_word' id='word_1_1287' title='bbox 1201 2829 1317 2857; x_wconf 84' lang='lat' dir='ltr'>minem</span> <span class='ocrx_word' id='word_1_1288' title='bbox 1329 2828 1438 2857; x_wconf 87' lang='lat' dir='ltr'>voluit.</span> <span class='ocrx_word' id='word_1_1289' title='bbox 1464 2827 1564 2857; x_wconf 86' lang='lat' dir='ltr'>Hodie</span> <span class='ocrx_word' id='word_1_1290' title='bbox 1575 2848 1584 2860; x_wconf 88' lang='lat'>,</span> <span class='ocrx_word' id='word_1_1291' title='bbox 1605 2829 1726 2868; x_wconf 85' lang='lat' dir='ltr'>inquam</span> <span class='ocrx_word' id='word_1_1292' title='bbox 1739 2849 1748 2862; x_wconf 86' lang='lat'><em>,</em></span> <span class='ocrx_word' id='word_1_1293' title='bbox 1767 2829 1981 2868; x_wconf 84' lang='lat' dir='ltr'>Syracusanum</span> <span class='ocrx_word' id='word_1_1294' title='bbox 1989 2829 2022 2857; x_wconf 85' lang='lat' dir='ltr'>in</span> <span class='ocrx_word' id='word_1_1295' title='bbox 2032 2838 2066 2857; x_wconf 81' lang='lat' dir='ltr'>ea</span> <span class='ocrx_word' id='word_1_1296' title='bbox 2075 2835 2153 2867; x_wconf 87' lang='lat' dir='ltr'>parte</span> 
     </span>
     <span class='ocr_line' id='line_1_138' title="bbox 1198 2867 2154 2911; baseline -0.001 -12"><span class='ocrx_word' id='word_1_1297' title='bbox 1198 2869 1328 2900; x_wconf 82' lang='lat' dir='ltr'>habitare</span> <span class='ocrx_word' id='word_1_1298' title='bbox 1339 2869 1491 2899; x_wconf 87' lang='lat' dir='ltr'>nonlicet.</span> <span class='ocrx_word' id='word_1_1299' title='bbox 1514 2868 1557 2900; x_wconf 86' lang='lat' dir='ltr'>est</span> <span class='ocrx_word' id='word_1_1300' title='bbox 1567 2872 1651 2899; x_wconf 87' lang='lat' dir='ltr'>enim</span> <span class='ocrx_word' id='word_1_1301' title='bbox 1662 2871 1745 2900; x_wconf 88' lang='lat' dir='ltr'>locus</span> <span class='ocrx_word' id='word_1_1302' title='bbox 1756 2890 1765 2904; x_wconf 83' lang='lat'>‚</span> <span class='ocrx_word' id='word_1_1303' title='bbox 1784 2880 1876 2911; x_wconf 88' lang='lat' dir='ltr'>quem</span> <span class='ocrx_word' id='word_1_1304' title='bbox 1886 2871 1934 2900; x_wconf 93' lang='lat' dir='ltr'>vel</span> <span class='ocrx_word' id='word_1_1305' title='bbox 1949 2870 2034 2910; x_wconf 77' lang='lat' dir='ltr'>pauci</span> <span class='ocrx_word' id='word_1_1306' title='bbox 2043 2867 2154 2911; x_wconf 72' lang='lat' dir='ltr'>poffmit</span> 
     </span>
    </p>

    <p class='ocr_par' dir='ltr' id='par_1_31' title="bbox 2064 2910 2154 2950">
     <span class='ocr_line' id='line_1_139' title="bbox 2064 2910 2154 2950; baseline -0.011 -11"><span class='ocrx_word' id='word_1_1307' title='bbox 2064 2910 2154 2950; x_wconf 78' lang='lat' dir='ltr'>defen·</span> 
     </span>
    </p>
   </div>
   <div class='ocr_carea' id='block_1_22' title="bbox 1232 3001 2149 3038">
    <p class='ocr_par' dir='ltr' id='par_1_32' title="bbox 1232 3001 2149 3038">
     <span class='ocr_line' id='line_1_140' title="bbox 1232 3001 2149 3038; baseline -0.001 -9"><span class='ocrx_word' id='word_1_1308' title='bbox 1232 3011 1245 3038; x_wconf 87' lang='lat'>3</span> <span class='ocrx_word' id='word_1_1309' title='bbox 1253 3023 1259 3029; x_wconf 88' lang='lat'>.</span> <span class='ocrx_word' id='word_1_1310' title='bbox 1278 3004 1315 3028; x_wconf 69' lang='lat' dir='ltr'>Tb!</span> <span class='ocrx_word' id='word_1_1311' title='bbox 1325 3006 1349 3028; x_wconf 86' lang='lat' dir='ltr'>in</span> <span class='ocrx_word' id='word_1_1312' title='bbox 1360 3005 1419 3028; x_wconf 58' lang='lat' dir='ltr'>aaa</span> <span class='ocrx_word' id='word_1_1313' title='bbox 1430 3003 1478 3028; x_wconf 78' lang='lat' dir='ltr'>dies</span> <span class='ocrx_word' id='word_1_1314' title='bbox 1490 3021 1498 3033; x_wconf 87' lang='lat'>‚</span> <span class='ocrx_word' id='word_1_1315' title='bbox 1510 3003 1589 3035; x_wconf 83' lang='lat' dir='ltr'>secum</span> <span class='ocrx_word' id='word_1_1316' title='bbox 1599 3002 1708 3036; x_wconf 64' lang='lat' dir='ltr'>habere]</span> <span class='ocrx_word' id='word_1_1317' title='bbox 1729 3003 1898 3028; x_wconf 82' lang='lat' dir='ltr'>Hotomanus</span> <span class='ocrx_word' id='word_1_1318' title='bbox 1911 3022 1918 3034; x_wconf 90' lang='lat'><strong>‚</strong></span> <span class='ocrx_word' id='word_1_1319' title='bbox 1938 3001 2050 3038; x_wconf 68' lang='lat' dir='ltr'>negabat</span> <span class='ocrx_word' id='word_1_1320' title='bbox 2059 3001 2083 3028; x_wconf 88' lang='lat' dir='ltr'>se</span> <span class='ocrx_word' id='word_1_1321' title='bbox 2093 3001 2149 3028; x_wconf 86' lang='lat' dir='ltr'>sen-</span> 
     </span>
    </p>
   </div>
   <div class='ocr_carea' id='block_1_23' title="bbox 1176 3011 2147 3073">
    <p class='ocr_par' dir='ltr' id='par_1_33' title="bbox 1176 3011 2147 3073">
     <span class='ocr_line' id='line_1_141' title="bbox 1176 3011 2147 3073; baseline -0.001 -9"><span class='ocrx_word' id='word_1_1322' title='bbox 1176 3011 1180 3069; x_wconf 74' lang='grc'>1</span> <span class='ocrx_word' id='word_1_1323' title='bbox 1197 3038 1251 3064; x_wconf 83' lang='lat' dir='ltr'>sum</span> <span class='ocrx_word' id='word_1_1324' title='bbox 1273 3039 1361 3064; x_wconf 71' lang='lat' dir='ltr'>videi-e</span> <span class='ocrx_word' id='word_1_1325' title='bbox 1373 3058 1379 3068; x_wconf 82' lang='lat'>‚</span> <span class='ocrx_word' id='word_1_1326' title='bbox 1402 3037 1448 3064; x_wconf 83' lang='lat' dir='ltr'>nisi</span> <span class='ocrx_word' id='word_1_1327' title='bbox 1459 3037 1529 3064; x_wconf 75' lang='lat' dir='ltr'>forte</span> <span class='ocrx_word' id='word_1_1328' title='bbox 1540 3039 1703 3073; x_wconf 77' lang='lat' dir='ltr'>corrigamus</span> <span class='ocrx_word' id='word_1_1329' title='bbox 1716 3057 1724 3069; x_wconf 96' lang='lat'>,</span> <span class='ocrx_word' id='word_1_1330' title='bbox 1743 3046 1799 3064; x_wconf 77' lang='lat' dir='ltr'>totos</span> <span class='ocrx_word' id='word_1_1331' title='bbox 1809 3041 1836 3063; x_wconf 82' lang='lat' dir='ltr'>in</span> <span class='ocrx_word' id='word_1_1332' title='bbox 1846 3041 1900 3064; x_wconf 64' lang='lat' dir='ltr'>ffet‘lu</span> <span class='ocrx_word' id='word_1_1333' title='bbox 1909 3039 1958 3064; x_wconf 64' lang='lat' dir='ltr'>dies</span> <span class='ocrx_word' id='word_1_1334' title='bbox 1969 3050 1975 3064; x_wconf 90' lang='lat'>.·</span> <span class='ocrx_word' id='word_1_1335' title='bbox 1993 3037 2127 3065; x_wconf 72' lang='lat' dir='ltr'>invenuste</span> <span class='ocrx_word' id='word_1_1336' title='bbox 2137 3055 2147 3070; x_wconf 90' lang='lat'>,</span> 
     </span>
    </p>
   </div>
   <div class='ocr_carea' id='block_1_24' title="bbox 1197 3073 2150 3114">
    <p class='ocr_par' dir='ltr' id='par_1_34' title="bbox 1197 3073 2150 3114">
     <span class='ocr_line' id='line_1_142' title="bbox 1197 3073 2150 3114; baseline 0 -15"><span class='ocrx_word' id='word_1_1337' title='bbox 1197 3074 1279 3100; x_wconf 74' lang='lat' dir='ltr'>veluti</span> <span class='ocrx_word' id='word_1_1338' title='bbox 1290 3073 1403 3100; x_wconf 75' lang='lat' dir='ltr'>ostendit</span> <span class='ocrx_word' id='word_1_1339' title='bbox 1413 3075 1535 3100; x_wconf 85' lang='lat' dir='ltr'>Muretus</span> <span class='ocrx_word' id='word_1_1340' title='bbox 1549 3073 1595 3099; x_wconf 92' lang='lat' dir='ltr'>lib.</span> <span class='ocrx_word' id='word_1_1341' title='bbox 1612 3083 1634 3100; x_wconf 90' lang='lat'>1.</span> <span class='ocrx_word' id='word_1_1342' title='bbox 1645 3075 1707 3100; x_wconf 73' lang='lat' dir='ltr'>Var.</span> <span class='ocrx_word' id='word_1_1343' title='bbox 1720 3074 1783 3100; x_wconf 63' lang='lat' dir='ltr'>leci.</span> <span class='ocrx_word' id='word_1_1344' title='bbox 1794 3084 1822 3100; x_wconf 77' lang='lat' dir='ltr'>ca</span> <span class='ocrx_word' id='word_1_1345' title='bbox 1843 3083 1887 3110; x_wconf 81' lang='lat'>.3.</span> <span class='ocrx_word' id='word_1_1346' title='bbox 1906 3073 2150 3114; x_wconf 55' lang='lat' dir='ltr'>Gulielniiosupeij-</span> 
     </span>
    </p>
   </div>
   <div class='ocr_carea' id='block_1_25' title="bbox 1196 3109 2154 3173">
    <p class='ocr_par' dir='ltr' id='par_1_35' title="bbox 1196 3109 2154 3173">
     <span class='ocr_line' id='line_1_143' title="bbox 1197 3109 2154 3150; baseline 0 -15"><span class='ocrx_word' id='word_1_1347' title='bbox 1197 3119 1276 3150; x_wconf 68' lang='lat' dir='ltr'>vacua</span> <span class='ocrx_word' id='word_1_1348' title='bbox 1297 3109 1347 3137; x_wconf 75' lang='lat' dir='ltr'>visa</span> <span class='ocrx_word' id='word_1_1349' title='bbox 1370 3119 1420 3137; x_wconf 71' lang='lat' dir='ltr'>vox</span> <span class='ocrx_word' id='word_1_1350' title='bbox 1434 3109 1524 3143; x_wconf 82' lang='lat' dir='ltr'>secum.</span> <span class='ocrx_word' id='word_1_1351' title='bbox 1542 3109 1623 3137; x_wconf 84' lang='lat' dir='ltr'>etiam</span> <span class='ocrx_word' id='word_1_1352' title='bbox 1640 3110 1729 3138; x_wconf 86' lang='lat' dir='ltr'>minus</span> <span class='ocrx_word' id='word_1_1353' title='bbox 1750 3113 1826 3137; x_wconf 83' lang='lat' dir='ltr'>venui</span> <span class='ocrx_word' id='word_1_1354' title='bbox 1840 3121 1853 3138; x_wconf 75' lang='grc'>6</span> <span class='ocrx_word' id='word_1_1355' title='bbox 1866 3130 1874 3143; x_wconf 89' lang='lat'>‚</span> <span class='ocrx_word' id='word_1_1356' title='bbox 1893 3119 1951 3138; x_wconf 82' lang='lat' dir='ltr'>mea</span> <span class='ocrx_word' id='word_1_1357' title='bbox 1969 3109 2075 3147; x_wconf 85' lang='lat' dir='ltr'>quidem</span> <span class='ocrx_word' id='word_1_1358' title='bbox 2093 3118 2154 3145; x_wconf 68' lang='lat' dir='ltr'>opi«</span> 
     </span>
     <span class='ocr_line' id='line_1_144' title="bbox 1196 3155 1285 3173; baseline 0 0"><span class='ocrx_word' id='word_1_1359' title='bbox 1196 3155 1285 3173; x_wconf 83' lang='grc'><strong>1110116.</strong></span> 
     </span>
    </p>
   </div>
   <div class='ocr_carea' id='block_1_26' title="bbox 2047 3182 2154 3213">
    <p class='ocr_par' dir='ltr' id='par_1_36' title="bbox 2047 3182 2154 3213">
     <span class='ocr_line' id='line_1_145' title="bbox 2047 3182 2154 3213; baseline -0.019 -5"><span class='ocrx_word' id='word_1_1360' title='bbox 2047 3189 2057 3208; x_wconf 86' lang='grc'>1</span> <span class='ocrx_word' id='word_1_1361' title='bbox 2063 3200 2070 3208; x_wconf 89' lang='grc'><strong>.</strong></span> <span class='ocrx_word' id='word_1_1362' title='bbox 2080 3182 2154 3213; x_wconf 73' lang='lat' dir='ltr'>Egre-</span> 
     </span>
    </p>
   </div>
   <div class='ocr_carea' id='block_1_27' title="bbox 2217 2032 2231 2039">
    <p class='ocr_par' dir='ltr' id='par_1_37' title="bbox 2217 2032 2231 2039">
     <span class='ocr_line' id='line_1_146' title="bbox 2217 2032 2231 2039; baseline 0 0"><span class='ocrx_word' id='word_1_1363' title='bbox 2217 2032 2231 2039; x_wconf 54' lang='grc' dir='ltr'><em>κ</em></span> 
     </span>
    </p>
   </div>
   <div class='ocr_carea' id='block_1_28' title="bbox 2214 0 2295 3400">
    <p class='ocr_par' dir='ltr' id='par_1_38' title="bbox 2214 0 2295 3400">
     <span class='ocr_line' id='line_1_147' title="bbox 2214 0 2295 3400; baseline 0 0"><span class='ocrx_word' id='word_1_1364' title='bbox 2214 0 2295 3400; x_wconf 95' lang='lat' dir='ltr'> </span> 
     </span>
    </p>
   </div>
  </div>
 </body>
</html>
