<?xml version="1.0" encoding="UTF-8"?>
<!DOCTYPE html PUBLIC "-//W3C//DTD XHTML 1.0 Transitional//EN"
    "http://www.w3.org/TR/xhtml1/DTD/xhtml1-transitional.dtd">
<html xmlns="http://www.w3.org/1999/xhtml" xml:lang="en" lang="en">
 <head>
  <title>
</title>
<meta http-equiv="Content-Type" content="text/html;charset=utf-8" />
  <meta name='ocr-system' content='tesseract 3.04.00' />
  <meta name='ocr-capabilities' content='ocr_page ocr_carea ocr_par ocr_line ocrx_word'/>
</head>
<body>
  <div class='ocr_page' id='page_1' title='image "./mtuliiciceroniso00cice/mtuliiciceroniso00cice_0913.png"; bbox 0 0 2360 3400; ppageno 0'>
   <div class='ocr_carea' id='block_1_1' title="bbox 166 946 215 974">
    <p class='ocr_par' dir='ltr' id='par_1_1' title="bbox 166 946 215 974">
     <span class='ocr_line' id='line_1_1' title="bbox 166 946 215 974; baseline 0.041 -2"><span class='ocrx_word' id='word_1_1' title='bbox 166 946 215 974; x_wconf 81' lang='lat'>20</span> 
     </span>
    </p>
   </div>
   <div class='ocr_carea' id='block_1_2' title="bbox 606 125 1676 183">
    <p class='ocr_par' dir='ltr' id='par_1_2' title="bbox 606 125 1676 183">
     <span class='ocr_line' id='line_1_2' title="bbox 606 125 1676 183; baseline 0.003 -10"><span class='ocrx_word' id='word_1_2' title='bbox 606 125 856 173; x_wconf 68' lang='lat' dir='ltr'>Epis-r.</span> <span class='ocrx_word' id='word_1_3' title='bbox 919 140 1003 172; x_wconf 80' lang='lat' dir='ltr'>AD</span> <span class='ocrx_word' id='word_1_4' title='bbox 1063 127 1471 183; x_wconf 71' lang='grc' dir='ltr'>ΑττιευΜ,</span> <span class='ocrx_word' id='word_1_5' title='bbox 1524 130 1676 176; x_wconf 84' lang='lat' dir='ltr'>L113.</span> 
     </span>
    </p>
   </div>
   <div class='ocr_carea' id='block_1_3' title="bbox 211 204 1198 2022">
    <p class='ocr_par' dir='ltr' id='par_1_3' title="bbox 224 204 1198 963">
     <span class='ocr_line' id='line_1_3' title="bbox 235 204 1195 254; baseline -0.002 -14"><span class='ocrx_word' id='word_1_6' title='bbox 235 210 327 254; x_wconf 53' lang='lat' dir='ltr'>rongi:</span> <span class='ocrx_word' id='word_1_7' title='bbox 350 204 467 251; x_wconf 53' lang='lat' dir='ltr'>mmihi</span> <span class='ocrx_word' id='word_1_8' title='bbox 474 213 536 238; x_wconf 82' lang='lat' dir='ltr'>tuas</span> <span class='ocrx_word' id='word_1_9' title='bbox 546 205 657 237; x_wconf 82' lang='lat' dir='ltr'>litteras</span> <span class='ocrx_word' id='word_1_10' title='bbox 665 205 804 237; x_wconf 85' lang='lat' dir='ltr'>reddidit.</span> <span class='ocrx_word' id='word_1_11' title='bbox 827 215 867 236; x_wconf 86' lang='lat' dir='ltr'>ex</span> <span class='ocrx_word' id='word_1_12' title='bbox 878 205 989 247; x_wconf 91' lang='lat' dir='ltr'>quibus</span> <span class='ocrx_word' id='word_1_13' title='bbox 999 215 1064 237; x_wconf 90' lang='lat' dir='ltr'>non</span> <span class='ocrx_word' id='word_1_14' title='bbox 1076 206 1195 241; x_wconf 86' lang='lat' dir='ltr'>dubito,</span> 
     </span>
     <span class='ocr_line' id='line_1_4' title="bbox 237 247 1198 294; baseline -0.006 -10"><span class='ocrx_word' id='word_1_15' title='bbox 237 257 249 274; x_wconf 90' lang='lat'><strong>¹</strong></span> <span class='ocrx_word' id='word_1_16' title='bbox 262 256 338 294; x_wconf 89' lang='lat' dir='ltr'>quin</span> <span class='ocrx_word' id='word_1_17' title='bbox 359 260 391 282; x_wconf 91' lang='lat' dir='ltr'>tu</span> <span class='ocrx_word' id='word_1_18' title='bbox 404 248 589 289; x_wconf 84' lang='lat' dir='ltr'>Pompejum</span> <span class='ocrx_word' id='word_1_19' title='bbox 604 247 781 288; x_wconf 62' lang='lat' dir='ltr'>exspeeraris</span> <span class='ocrx_word' id='word_1_20' title='bbox 795 268 803 282; x_wconf 89' lang='lat'>‚</span> <span class='ocrx_word' id='word_1_21' title='bbox 825 248 899 279; x_wconf 90' lang='lat' dir='ltr'>dum</span> <span class='ocrx_word' id='word_1_22' title='bbox 917 250 1061 278; x_wconf 87' lang='lat' dir='ltr'>Arimino</span> <span class='ocrx_word' id='word_1_23' title='bbox 1078 249 1198 284; x_wconf 80' lang='lat' dir='ltr'>rediret,</span> 
     </span>
     <span class='ocr_line' id='line_1_5' title="bbox 237 289 1198 334; baseline -0.003 -11"><span class='ocrx_word' id='word_1_24' title='bbox 237 299 250 315; x_wconf 78' lang='lat'>²</span> <span class='ocrx_word' id='word_1_25' title='bbox 265 294 369 334; x_wconf 82' lang='lat' dir='ltr'>&amp;jam</span> <span class='ocrx_word' id='word_1_26' title='bbox 385 294 417 322; x_wconf 92' lang='lat' dir='ltr'>in</span> <span class='ocrx_word' id='word_1_27' title='bbox 429 292 553 331; x_wconf 79' lang='lat' dir='ltr'>Epirum</span> <span class='ocrx_word' id='word_1_28' title='bbox 562 289 714 330; x_wconf 62' lang='lat' dir='ltr'>profeeims</span> <span class='ocrx_word' id='word_1_29' title='bbox 725 289 761 320; x_wconf 81' lang='lat' dir='ltr'>sis</span> <span class='ocrx_word' id='word_1_30' title='bbox 774 290 941 332; x_wconf 81' lang='lat' dir='ltr'>:magisque</span> <span class='ocrx_word' id='word_1_31' title='bbox 953 300 1073 324; x_wconf 85' lang='lat' dir='ltr'>vereor,</span> <span class='ocrx_word' id='word_1_32' title='bbox 1085 299 1118 320; x_wconf 92' lang='lat' dir='ltr'>ut</span> <span class='ocrx_word' id='word_1_33' title='bbox 1129 290 1198 321; x_wconf 87' lang='lat' dir='ltr'>scri-</span> 
     </span>
     <span class='ocr_line' id='line_1_6' title="bbox 237 331 1197 373; baseline -0.003 -8"><span class='ocrx_word' id='word_1_34' title='bbox 237 336 284 367; x_wconf 88' lang='lat' dir='ltr'>bis</span> <span class='ocrx_word' id='word_1_35' title='bbox 295 355 303 370; x_wconf 86' lang='lat'><em>‚</em></span> <span class='ocrx_word' id='word_1_36' title='bbox 319 344 358 365; x_wconf 90' lang='lat' dir='ltr'>ne</span> <span class='ocrx_word' id='word_1_37' title='bbox 365 335 398 364; x_wconf 88' lang='lat' dir='ltr'>in</span> <span class='ocrx_word' id='word_1_38' title='bbox 407 334 500 373; x_wconf 85' lang='lat' dir='ltr'>Epiro</span> <span class='ocrx_word' id='word_1_39' title='bbox 511 331 659 362; x_wconf 87' lang='lat' dir='ltr'>sollicitus</span> <span class='ocrx_word' id='word_1_40' title='bbox 669 331 704 362; x_wconf 83' lang='lat' dir='ltr'>fis</span> <span class='ocrx_word' id='word_1_41' title='bbox 712 342 775 363; x_wconf 91' lang='lat' dir='ltr'>non</span> <span class='ocrx_word' id='word_1_42' title='bbox 787 331 890 362; x_wconf 80' lang='lat' dir='ltr'>minus</span> <span class='ocrx_word' id='word_1_43' title='bbox 902 352 910 365; x_wconf 88' lang='lat'>‚</span> <span class='ocrx_word' id='word_1_44' title='bbox 920 332 1011 373; x_wconf 74' lang='lat' dir='ltr'>quam</span> <span class='ocrx_word' id='word_1_45' title='bbox 1021 341 1079 362; x_wconf 88' lang='lat' dir='ltr'>nos</span> <span class='ocrx_word' id='word_1_46' title='bbox 1090 332 1139 362; x_wconf 85' lang='lat' dir='ltr'>hic</span> <span class='ocrx_word' id='word_1_47' title='bbox 1150 332 1197 363; x_wconf 87' lang='lat' dir='ltr'>su-</span> 
     </span>
     <span class='ocr_line' id='line_1_7' title="bbox 235 373 1196 415; baseline -0.004 -8"><span class='ocrx_word' id='word_1_48' title='bbox 235 387 316 407; x_wconf 88' lang='lat' dir='ltr'>mus.</span> <span class='ocrx_word' id='word_1_49' title='bbox 341 378 389 406; x_wconf 91' lang='lat' dir='ltr'>De</span> <span class='ocrx_word' id='word_1_50' title='bbox 405 374 570 404; x_wconf 86' lang='lat' dir='ltr'>Attelliano</span> <span class='ocrx_word' id='word_1_51' title='bbox 590 375 718 404; x_wconf 87' lang='lat' dir='ltr'>nomine</span> <span class='ocrx_word' id='word_1_52' title='bbox 729 373 826 415; x_wconf 76' lang='lat' dir='ltr'>scripsi</span> <span class='ocrx_word' id='word_1_53' title='bbox 842 373 877 404; x_wconf 86' lang='lat' dir='ltr'>ad</span> <span class='ocrx_word' id='word_1_54' title='bbox 889 374 1090 404; x_wconf 72' lang='lat' dir='ltr'>Philotimum</span> <span class='ocrx_word' id='word_1_55' title='bbox 1098 383 1137 403; x_wconf 88' lang='lat' dir='ltr'>ne</span> <span class='ocrx_word' id='word_1_56' title='bbox 1146 382 1196 413; x_wconf 94' lang='lat' dir='ltr'>ap-</span> 
     </span>
     <span class='ocr_line' id='line_1_8' title="bbox 233 413 1197 459; baseline -0.003 -11"><span class='ocrx_word' id='word_1_57' title='bbox 233 419 357 459; x_wconf 83' lang='lat' dir='ltr'>pellaret</span> <span class='ocrx_word' id='word_1_58' title='bbox 369 414 548 447; x_wconf 72' lang='lat' dir='ltr'>Messallam.</span> <span class='ocrx_word' id='word_1_59' title='bbox 571 417 692 446; x_wconf 87' lang='lat' dir='ltr'>Itineris</span> <span class='ocrx_word' id='word_1_60' title='bbox 711 415 805 447; x_wconf 87' lang='lat' dir='ltr'>nostri</span> <span class='ocrx_word' id='word_1_61' title='bbox 812 416 934 456; x_wconf 80' lang='lat' dir='ltr'>famam</span> <span class='ocrx_word' id='word_1_62' title='bbox 946 415 982 446; x_wconf 91' lang='lat' dir='ltr'>ad</span> <span class='ocrx_word' id='word_1_63' title='bbox 993 423 1020 445; x_wconf 90' lang='lat' dir='ltr'>te</span> <span class='ocrx_word' id='word_1_64' title='bbox 1029 413 1197 456; x_wconf 85' lang='lat' dir='ltr'>perveniffe</span> 
     </span>
     <span class='ocr_line' id='line_1_9' title="bbox 234 456 1194 499; baseline -0.003 -10"><span class='ocrx_word' id='word_1_65' title='bbox 234 461 338 493; x_wconf 74' lang='lat' dir='ltr'>laetor,</span> <span class='ocrx_word' id='word_1_66' title='bbox 366 458 517 499; x_wconf 82' lang='lat' dir='ltr'>magisque</span> <span class='ocrx_word' id='word_1_67' title='bbox 542 457 680 492; x_wconf 83' lang='lat' dir='ltr'>laetabor,</span> <span class='ocrx_word' id='word_1_68' title='bbox 707 456 727 487; x_wconf 88' lang='lat' dir='ltr'><strong>fi</strong></span> <span class='ocrx_word' id='word_1_69' title='bbox 749 468 780 488; x_wconf 91' lang='lat' dir='ltr'>re</span> <span class='ocrx_word' id='word_1_70' title='bbox 794 461 802 488; x_wconf 89' lang='lat' dir='ltr'>i</span> <span class='ocrx_word' id='word_1_71' title='bbox 827 467 862 488; x_wconf 89' lang='lat' dir='ltr'>ua</span> <span class='ocrx_word' id='word_1_72' title='bbox 878 459 1028 498; x_wconf 85' lang='lat' dir='ltr'>cognoris.</span> <span class='ocrx_word' id='word_1_73' title='bbox 1053 456 1194 487; x_wconf 79' lang='lat' dir='ltr'>Filiolam</span> 
     </span>
     <span class='ocr_line' id='line_1_10' title="bbox 232 499 1193 540; baseline -0.004 -9"><span class='ocrx_word' id='word_1_74' title='bbox 232 510 316 532; x_wconf 83' lang='lat' dir='ltr'>tuam</span> <span class='ocrx_word' id='word_1_75' title='bbox 327 500 382 531; x_wconf 90' lang='lat' dir='ltr'>tibi</span> <span class='ocrx_word' id='word_1_76' title='bbox 396 503 408 528; x_wconf 78' lang='lat'>3</span> <span class='ocrx_word' id='word_1_77' title='bbox 407 501 472 539; x_wconf 88' lang='lat' dir='ltr'>jam</span> <span class='ocrx_word' id='word_1_78' title='bbox 479 500 589 530; x_wconf 84' lang='lat' dir='ltr'>Romae</span> <span class='ocrx_word' id='word_1_79' title='bbox 599 500 762 540; x_wconf 80' lang='lat' dir='ltr'>jucundam</span> <span class='ocrx_word' id='word_1_80' title='bbox 773 509 788 529; x_wconf 92' lang='lat' dir='ltr'>e</span> <span class='ocrx_word' id='word_1_81' title='bbox 815 509 830 530; x_wconf 90' lang='lat' dir='ltr'>e</span> <span class='ocrx_word' id='word_1_82' title='bbox 838 499 1193 540; x_wconf 72' lang='lat' dir='ltr'>gaudeo5eamque,quam</span> 
     </span>
     <span class='ocr_line' id='line_1_11' title="bbox 232 537 1194 584; baseline -0.004 -11"><span class='ocrx_word' id='word_1_83' title='bbox 232 552 392 584; x_wconf 84' lang='lat' dir='ltr'>nunquam</span> <span class='ocrx_word' id='word_1_84' title='bbox 411 541 493 575; x_wconf 82' lang='lat' dir='ltr'>vidi,</span> <span class='ocrx_word' id='word_1_85' title='bbox 519 550 619 573; x_wconf 86' lang='lat' dir='ltr'>tamen</span> <span class='ocrx_word' id='word_1_86' title='bbox 640 541 673 572; x_wconf 89' lang='lat'>&amp;</span> <span class='ocrx_word' id='word_1_87' title='bbox 690 551 779 576; x_wconf 84' lang='lat' dir='ltr'>amo,</span> <span class='ocrx_word' id='word_1_88' title='bbox 802 541 835 572; x_wconf 71' lang='grc' dir='ltr'>δε</span> <span class='ocrx_word' id='word_1_89' title='bbox 853 540 1016 571; x_wconf 84' lang='lat' dir='ltr'>amabilem</span> <span class='ocrx_word' id='word_1_90' title='bbox 1035 537 1092 570; x_wconf 83' lang='lat' dir='ltr'>effe</span> <span class='ocrx_word' id='word_1_91' title='bbox 1111 538 1194 570; x_wconf 77' lang='lat' dir='ltr'>certo</span> 
     </span>
     <span class='ocr_line' id='line_1_12' title="bbox 233 581 1193 624; baseline -0.005 -9"><span class='ocrx_word' id='word_1_92' title='bbox 233 585 306 615; x_wconf 77' lang='lat' dir='ltr'>scio.</span> <span class='ocrx_word' id='word_1_93' title='bbox 330 586 421 615; x_wconf 85' lang='lat' dir='ltr'>etiam</span> <span class='ocrx_word' id='word_1_94' title='bbox 430 593 515 624; x_wconf 83' lang='lat' dir='ltr'>atque</span> <span class='ocrx_word' id='word_1_95' title='bbox 526 586 617 615; x_wconf 83' lang='lat' dir='ltr'>etiam</span> <span class='ocrx_word' id='word_1_96' title='bbox 626 587 642 610; x_wconf 86' lang='lat'>4</span> <span class='ocrx_word' id='word_1_97' title='bbox 652 584 746 614; x_wconf 88' lang='lat' dir='ltr'>valete</span> <span class='ocrx_word' id='word_1_98' title='bbox 756 586 874 616; x_wconf 84' lang='lat' dir='ltr'>Patron,</span> <span class='ocrx_word' id='word_1_99' title='bbox 884 582 971 613; x_wconf 88' lang='lat' dir='ltr'>&amp;tui</span> <span class='ocrx_word' id='word_1_100' title='bbox 982 581 1193 622; x_wconf 80' lang='lat' dir='ltr'>condiscipuli.</span> 
     </span>
     <span class='ocr_line' id='line_1_13' title="bbox 232 620 1193 668; baseline -0.004 -11"><span class='ocrx_word' id='word_1_101' title='bbox 232 629 310 668; x_wconf 81' lang='lat' dir='ltr'>Qae</span> <span class='ocrx_word' id='word_1_102' title='bbox 326 626 362 656; x_wconf 91' lang='lat' dir='ltr'>de</span> <span class='ocrx_word' id='word_1_103' title='bbox 384 629 397 653; x_wconf 83' lang='lat'><em>5</em></span> <span class='ocrx_word' id='word_1_104' title='bbox 407 628 580 656; x_wconf 84' lang='lat' dir='ltr'>Tarentinis</span> <span class='ocrx_word' id='word_1_105' title='bbox 591 629 622 655; x_wconf 87' lang='lat' dir='ltr'>in</span> <span class='ocrx_word' id='word_1_106' title='bbox 635 625 747 656; x_wconf 82' lang='lat' dir='ltr'>militia</span> <span class='ocrx_word' id='word_1_107' title='bbox 756 625 886 656; x_wconf 87' lang='lat' dir='ltr'>laboravi</span> <span class='ocrx_word' id='word_1_108' title='bbox 897 645 906 658; x_wconf 90' lang='lat'>.</span> <span class='ocrx_word' id='word_1_109' title='bbox 926 634 959 655; x_wconf 86' lang='lat' dir='ltr'>ea</span> <span class='ocrx_word' id='word_1_110' title='bbox 978 623 1033 654; x_wconf 89' lang='lat' dir='ltr'>tibi</span> <span class='ocrx_word' id='word_1_111' title='bbox 1046 632 1123 664; x_wconf 86' lang='lat' dir='ltr'>grata</span> <span class='ocrx_word' id='word_1_112' title='bbox 1134 620 1193 653; x_wconf 85' lang='lat' dir='ltr'>effe</span> 
     </span>
     <span class='ocr_line' id='line_1_14' title="bbox 231 663 1192 710; baseline -0.004 -12"><span class='ocrx_word' id='word_1_113' title='bbox 231 668 357 707; x_wconf 83' lang='lat' dir='ltr'>gaudeo.</span> <span class='ocrx_word' id='word_1_114' title='bbox 389 666 482 709; x_wconf 72' lang='lat' dir='ltr'>Qod</span> <span class='ocrx_word' id='word_1_115' title='bbox 499 667 602 698; x_wconf 84' lang='lat' dir='ltr'>scribis</span> <span class='ocrx_word' id='word_1_116' title='bbox 619 665 634 687; x_wconf 82' lang='lat'><strong><em>⁶</em></strong></span> <span class='ocrx_word' id='word_1_117' title='bbox 645 667 758 698; x_wconf 81' lang='lat' dir='ltr'>libente</span> <span class='ocrx_word' id='word_1_118' title='bbox 776 676 823 701; x_wconf 91' lang='lat' dir='ltr'>te,</span> <span class='ocrx_word' id='word_1_119' title='bbox 842 666 989 707; x_wconf 67' lang='lat' dir='ltr'>repulsam</span> <span class='ocrx_word' id='word_1_120' title='bbox 1001 663 1100 695; x_wconf 79' lang='lat' dir='ltr'>tuhffe</span> <span class='ocrx_word' id='word_1_121' title='bbox 1109 674 1192 710; x_wconf 79' lang='lat' dir='ltr'>eum,</span> 
     </span>
     <span class='ocr_line' id='line_1_15' title="bbox 231 707 1193 750; baseline -0.004 -11"><span class='ocrx_word' id='word_1_122' title='bbox 231 712 285 750; x_wconf 88' lang='lat' dir='ltr'>qui</span> <span class='ocrx_word' id='word_1_123' title='bbox 308 720 378 740; x_wconf 89' lang='lat' dir='ltr'>cum</span> <span class='ocrx_word' id='word_1_124' title='bbox 401 710 510 740; x_wconf 86' lang='lat' dir='ltr'>sororis</span> <span class='ocrx_word' id='word_1_125' title='bbox 527 718 583 740; x_wconf 82' lang='lat' dir='ltr'>tuae</span> <span class='ocrx_word' id='word_1_126' title='bbox 612 707 668 739; x_wconf 85' lang='lat' dir='ltr'>filii</span> <span class='ocrx_word' id='word_1_127' title='bbox 689 718 794 749; x_wconf 87' lang='lat' dir='ltr'>patruo</span> <span class='ocrx_word' id='word_1_128' title='bbox 810 717 956 742; x_wconf 53' lang='lat' dir='ltr'>certarem</span> <span class='ocrx_word' id='word_1_129' title='bbox 980 707 1077 748; x_wconf 82' lang='lat' dir='ltr'>magni</span> <span class='ocrx_word' id='word_1_130' title='bbox 1094 716 1193 736; x_wconf 77' lang='lat' dir='ltr'>amoru</span> 
     </span>
     <span class='ocr_line' id='line_1_16' title="bbox 224 749 1188 792; baseline -0.003 -12"><span class='ocrx_word' id='word_1_131' title='bbox 224 751 352 792; x_wconf 65' lang='lat' dir='ltr'>signum.</span> <span class='ocrx_word' id='word_1_132' title='bbox 375 753 473 791; x_wconf 89' lang='lat' dir='ltr'>itaque</span> <span class='ocrx_word' id='word_1_133' title='bbox 495 760 545 781; x_wconf 87' lang='lat' dir='ltr'>me</span> <span class='ocrx_word' id='word_1_134' title='bbox 563 753 657 781; x_wconf 88' lang='lat' dir='ltr'>etiam</span> <span class='ocrx_word' id='word_1_135' title='bbox 672 749 856 781; x_wconf 88' lang='lat' dir='ltr'>admonuisti</span> <span class='ocrx_word' id='word_1_136' title='bbox 876 758 909 779; x_wconf 91' lang='lat' dir='ltr'>ut</span> <span class='ocrx_word' id='word_1_137' title='bbox 924 749 1095 790; x_wconf 81' lang='lat' dir='ltr'>gauderem.</span> <span class='ocrx_word' id='word_1_138' title='bbox 1118 757 1188 779; x_wconf 90' lang='lat' dir='ltr'>nam</span> 
     </span>
     <span class='ocr_line' id='line_1_17' title="bbox 230 790 1189 837; baseline -0.002 -15"><span class='ocrx_word' id='word_1_139' title='bbox 230 794 310 822; x_wconf 87' lang='lat' dir='ltr'>mihi</span> <span class='ocrx_word' id='word_1_140' title='bbox 324 795 356 823; x_wconf 86' lang='lat' dir='ltr'>in</span> <span class='ocrx_word' id='word_1_141' title='bbox 366 801 502 822; x_wconf 88' lang='lat' dir='ltr'>mentem</span> <span class='ocrx_word' id='word_1_142' title='bbox 512 802 576 823; x_wconf 88' lang='lat' dir='ltr'>non</span> <span class='ocrx_word' id='word_1_143' title='bbox 586 800 714 837; x_wconf 65' lang='lat' dir='ltr'>venerat.</span> <span class='ocrx_word' id='word_1_144' title='bbox 737 802 801 823; x_wconf 88' lang='lat' dir='ltr'>non</span> <span class='ocrx_word' id='word_1_145' title='bbox 813 790 913 824; x_wconf 88' lang='lat' dir='ltr'>credo,</span> <span class='ocrx_word' id='word_1_146' title='bbox 926 791 1036 831; x_wconf 86' lang='lat' dir='ltr'>inquis.</span> <span class='ocrx_word' id='word_1_147' title='bbox 1061 790 1189 821; x_wconf 82' lang='lat' dir='ltr'>utlibet:</span> 
     </span>
     <span class='ocr_line' id='line_1_18' title="bbox 226 829 1185 885; baseline -0.003 -13"><span class='ocrx_word' id='word_1_148' title='bbox 226 842 374 885; x_wconf 34' lang='lat' dir='ltr'>sedAplane</span> <span class='ocrx_word' id='word_1_149' title='bbox 389 842 521 882; x_wconf 85' lang='lat' dir='ltr'>gaudeo:</span> <span class='ocrx_word' id='word_1_150' title='bbox 536 843 683 882; x_wconf 81' lang='lat' dir='ltr'>quoniam</span> <span class='ocrx_word' id='word_1_151' title='bbox 693 833 728 868; x_wconf 62' lang='grc' dir='ltr'>πὶ</span> <span class='ocrx_word' id='word_1_152' title='bbox 740 831 887 879; x_wconf 65' lang='grc' dir='ltr'>νεμεζξῖν</span> <span class='ocrx_word' id='word_1_153' title='bbox 899 837 1022 870; x_wconf 87' lang='lat' dir='ltr'>interest</span> <span class='ocrx_word' id='word_1_154' title='bbox 1047 829 1079 869; x_wconf 58' lang='grc' dir='ltr'>’ἕ</span> <span class='ocrx_word' id='word_1_155' title='bbox 1102 833 1185 877; x_wconf 78' lang='grc' dir='ltr'><strong><em>Φθο-</em></strong></span> 
     </span>
     <span class='ocr_line' id='line_1_19' title="bbox 227 896 297 919; baseline 0.043 -3"><span class='ocrx_word' id='word_1_156' title='bbox 227 896 297 919; x_wconf 67' lang='lat' dir='ltr'>ven.</span> 
     </span>
     <span class='ocr_line' id='line_1_20' title="bbox 474 931 941 963; baseline -0.011 -1"><span class='ocrx_word' id='word_1_157' title='bbox 474 933 670 962; x_wconf 88' lang='lat' dir='ltr'>CICERO</span> <span class='ocrx_word' id='word_1_158' title='bbox 691 931 889 963; x_wconf 88' lang='lat' dir='ltr'>ATTICO,</span> <span class='ocrx_word' id='word_1_159' title='bbox 913 931 941 959; x_wconf 86' lang='lat' dir='ltr'>S.</span> 
     </span>
    </p>

    <p class='ocr_par' dir='ltr' id='par_1_4' title="bbox 289 968 1188 1005">
     <span class='ocr_line' id='line_1_21' title="bbox 289 968 1188 1005; baseline -0.004 0"><span class='ocrx_word' id='word_1_160' title='bbox 289 977 538 1005; x_wconf 74' lang='lat' dir='ltr'>AruRNAmnus</span> <span class='ocrx_word' id='word_1_161' title='bbox 560 973 650 1003; x_wconf 77' lang='lat' dir='ltr'>mane</span> <span class='ocrx_word' id='word_1_162' title='bbox 661 973 689 1003; x_wconf 86' lang='lat' dir='ltr'>se</span> <span class='ocrx_word' id='word_1_163' title='bbox 701 972 779 1001; x_wconf 84' lang='lat' dir='ltr'>mihi</span> <span class='ocrx_word' id='word_1_164' title='bbox 789 976 804 1000; x_wconf 90' lang='grc'><strong><em>7</em></strong></span> <span class='ocrx_word' id='word_1_165' title='bbox 814 968 992 1002; x_wconf 77' lang='lat' dir='ltr'>Pindeniss‘ae</span> <span class='ocrx_word' id='word_1_166' title='bbox 1005 970 1188 1002; x_wconf 89' lang='lat' dir='ltr'>dediderunt</span> 
     </span>
    </p>

    <p class='ocr_par' dir='ltr' id='par_1_5' title="bbox 211 1011 1186 2022">
     <span class='ocr_line' id='line_1_22' title="bbox 290 1011 1186 1056; baseline -0.002 -11"><span class='ocrx_word' id='word_1_167' title='bbox 290 1011 305 1035; x_wconf 86' lang='lat'>8</span> <span class='ocrx_word' id='word_1_168' title='bbox 325 1016 454 1055; x_wconf 86' lang='lat' dir='ltr'>septimo</span> <span class='ocrx_word' id='word_1_169' title='bbox 473 1015 506 1045; x_wconf 87' lang='lat'>&amp;</span> <span class='ocrx_word' id='word_1_170' title='bbox 523 1012 746 1056; x_wconf 87' lang='lat' dir='ltr'>quadragefimo</span> <span class='ocrx_word' id='word_1_171' title='bbox 757 1013 806 1043; x_wconf 91' lang='lat' dir='ltr'>die</span> <span class='ocrx_word' id='word_1_172' title='bbox 817 1033 826 1047; x_wconf 89' lang='lat'><strong>‚</strong></span> <span class='ocrx_word' id='word_1_173' title='bbox 845 1012 1003 1053; x_wconf 89' lang='lat' dir='ltr'>postquam</span> <span class='ocrx_word' id='word_1_174' title='bbox 1014 1023 1186 1054; x_wconf 85' lang='lat' dir='ltr'>oppugnare</span> 
     </span>
     <span class='ocr_line' id='line_1_23' title="bbox 225 1053 1183 1097; baseline -0.002 -10"><span class='ocrx_word' id='word_1_175' title='bbox 225 1066 279 1087; x_wconf 85' lang='lat' dir='ltr'>eos</span> <span class='ocrx_word' id='word_1_176' title='bbox 295 1058 455 1097; x_wconf 85' lang='lat' dir='ltr'>coepim-us.</span> <span class='ocrx_word' id='word_1_177' title='bbox 478 1058 530 1097; x_wconf 92' lang='lat' dir='ltr'>qui</span> <span class='ocrx_word' id='word_1_178' title='bbox 553 1056 712 1097; x_wconf 89' lang='lat' dir='ltr'>(malum)</span> <span class='ocrx_word' id='word_1_179' title='bbox 735 1054 782 1086; x_wconf 88' lang='lat' dir='ltr'>isti</span> <span class='ocrx_word' id='word_1_180' title='bbox 801 1053 982 1086; x_wconf 73' lang='lat' dir='ltr'>Pindenifl&#39;ae</span> <span class='ocrx_word' id='word_1_181' title='bbox 1001 1055 1012 1081; x_wconf 87' lang='lat'>?</span> <span class='ocrx_word' id='word_1_182' title='bbox 1034 1057 1086 1096; x_wconf 88' lang='lat' dir='ltr'>qui</span> <span class='ocrx_word' id='word_1_183' title='bbox 1104 1055 1183 1086; x_wconf 83' lang='lat' dir='ltr'>sunt?</span> 
     </span>
     <span class='ocr_line' id='line_1_24' title="bbox 222 1095 1183 1138; baseline 0 -11"><span class='ocrx_word' id='word_1_184' title='bbox 222 1099 345 1138; x_wconf 83' lang='lat' dir='ltr'>inquies</span> <span class='ocrx_word' id='word_1_185' title='bbox 357 1109 362 1127; x_wconf 92' lang='lat'>:</span> <span class='ocrx_word' id='word_1_186' title='bbox 377 1107 492 1128; x_wconf 90' lang='lat' dir='ltr'>nomen</span> <span class='ocrx_word' id='word_1_187' title='bbox 504 1097 607 1128; x_wconf 90' lang='lat' dir='ltr'>audivi</span> <span class='ocrx_word' id='word_1_188' title='bbox 617 1106 796 1138; x_wconf 81' lang='lat' dir='ltr'>numquam.</span> <span class='ocrx_word' id='word_1_189' title='bbox 815 1097 886 1138; x_wconf 86' lang='lat' dir='ltr'>quid</span> <span class='ocrx_word' id='word_1_190' title='bbox 897 1106 952 1137; x_wconf 82' lang='lat' dir='ltr'>ego</span> <span class='ocrx_word' id='word_1_191' title='bbox 961 1095 1069 1127; x_wconf 82' lang='lat' dir='ltr'>faciam</span> <span class='ocrx_word' id='word_1_192' title='bbox 1081 1100 1091 1127; x_wconf 95' lang='lat'>?</span> <span class='ocrx_word' id='word_1_193' title='bbox 1101 1100 1116 1124; x_wconf 89' lang='lat'><em>9</em></span> <span class='ocrx_word' id='word_1_194' title='bbox 1128 1106 1183 1136; x_wconf 92' lang='lat' dir='ltr'>po—</span> 
     </span>
     <span class='ocr_line' id='line_1_25' title="bbox 224 1138 1185 1174; baseline -0.001 -4"><span class='ocrx_word' id='word_1_195' title='bbox 224 1141 271 1170; x_wconf 80' lang='lat' dir='ltr'>tui</span> <span class='ocrx_word' id='word_1_196' title='bbox 288 1140 429 1171; x_wconf 86' lang='lat' dir='ltr'>Ciliciam</span> <span class='ocrx_word' id='word_1_197' title='bbox 444 1159 454 1174; x_wconf 75' lang='lat'><em>2</em></span> <span class='ocrx_word' id='word_1_198' title='bbox 479 1140 626 1171; x_wconf 84' lang='lat' dir='ltr'>AEtoliam</span> <span class='ocrx_word' id='word_1_199' title='bbox 638 1160 647 1174; x_wconf 87' lang='lat'><em>‚</em></span> <span class='ocrx_word' id='word_1_200' title='bbox 668 1148 718 1170; x_wconf 91' lang='lat' dir='ltr'>aut</span> <span class='ocrx_word' id='word_1_201' title='bbox 733 1139 945 1169; x_wconf 85' lang='lat' dir='ltr'>Macedoniam</span> <span class='ocrx_word' id='word_1_202' title='bbox 965 1138 1108 1169; x_wconf 84' lang='lat' dir='ltr'>reddere?</span> <span class='ocrx_word' id='word_1_203' title='bbox 1126 1140 1185 1169; x_wconf 90' lang='lat' dir='ltr'>hoc</span> 
     </span>
     <span class='ocr_line' id='line_1_26' title="bbox 215 1179 1184 1223; baseline 0 -13"><span class='ocrx_word' id='word_1_204' title='bbox 215 1182 283 1223; x_wconf 87' lang='lat' dir='ltr'>jam</span> <span class='ocrx_word' id='word_1_205' title='bbox 297 1180 336 1212; x_wconf 84' lang='lat' dir='ltr'>fic</span> <span class='ocrx_word' id='word_1_206' title='bbox 345 1181 454 1212; x_wconf 89' lang='lat' dir='ltr'>habeto</span> <span class='ocrx_word' id='word_1_207' title='bbox 468 1201 476 1216; x_wconf 90' lang='lat'>,</span> <span class='ocrx_word' id='word_1_208' title='bbox 495 1191 552 1212; x_wconf 87' lang='lat' dir='ltr'>nec</span> <span class='ocrx_word' id='word_1_209' title='bbox 561 1183 620 1212; x_wconf 88' lang='lat' dir='ltr'>hoc</span> <span class='ocrx_word' id='word_1_210' title='bbox 633 1182 764 1212; x_wconf 83' lang='lat' dir='ltr'>exercitu</span> <span class='ocrx_word' id='word_1_211' title='bbox 774 1179 823 1211; x_wconf 87' lang='lat' dir='ltr'>hic</span> <span class='ocrx_word' id='word_1_212' title='bbox 838 1189 915 1211; x_wconf 88' lang='lat' dir='ltr'>tanta</span> <span class='ocrx_word' id='word_1_213' title='bbox 926 1181 1046 1220; x_wconf 85' lang='lat' dir='ltr'>negotia</span> <span class='ocrx_word' id='word_1_214' title='bbox 1055 1181 1118 1222; x_wconf 88' lang='lat' dir='ltr'>geri</span> <span class='ocrx_word' id='word_1_215' title='bbox 1127 1190 1184 1221; x_wconf 88' lang='lat' dir='ltr'>po—</span> 
     </span>
     <span class='ocr_line' id='line_1_27' title="bbox 220 1221 1183 1272; baseline -0.001 -12"><span class='ocrx_word' id='word_1_216' title='bbox 220 1229 324 1260; x_wconf 84' lang='lat' dir='ltr'>tuiss&#39;e:</span> <span class='ocrx_word' id='word_1_217' title='bbox 344 1240 412 1272; x_wconf 87' lang='lat' dir='ltr'>quae</span> <span class='ocrx_word' id='word_1_218' title='bbox 429 1232 575 1272; x_wconf 86' lang='lat' dir='ltr'>cognosce</span> <span class='ocrx_word' id='word_1_219' title='bbox 587 1221 623 1258; x_wconf 66' lang='grc' dir='ltr'>οἷν</span> <span class='ocrx_word' id='word_1_220' title='bbox 638 1224 791 1269; x_wconf 38' lang='lat' dir='ltr'>{mma}</span> <span class='ocrx_word' id='word_1_221' title='bbox 813 1228 851 1260; x_wconf 88' lang='lat' dir='ltr'>fic</span> <span class='ocrx_word' id='word_1_222' title='bbox 860 1231 943 1260; x_wconf 88' lang='lat' dir='ltr'>enim</span> <span class='ocrx_word' id='word_1_223' title='bbox 954 1229 1094 1259; x_wconf 77' lang='lat' dir='ltr'>concedis</span> <span class='ocrx_word' id='word_1_224' title='bbox 1105 1231 1183 1260; x_wconf 88' lang='lat' dir='ltr'>mihi</span> 
     </span>
     <span class='ocr_line' id='line_1_28' title="bbox 218 1270 1182 1313; baseline 0 -12"><span class='ocrx_word' id='word_1_225' title='bbox 218 1274 370 1311; x_wconf 87' lang='lat' dir='ltr'>proximis</span> <span class='ocrx_word' id='word_1_226' title='bbox 389 1273 507 1303; x_wconf 86' lang='lat' dir='ltr'>litteris.</span> <span class='ocrx_word' id='word_1_227' title='bbox 526 1273 677 1313; x_wconf 87' lang='lat' dir='ltr'>Ephesum</span> <span class='ocrx_word' id='word_1_228' title='bbox 689 1280 722 1301; x_wconf 88' lang='lat' dir='ltr'>ut</span> <span class='ocrx_word' id='word_1_229' title='bbox 733 1273 868 1302; x_wconf 86' lang='lat' dir='ltr'>venerim</span> <span class='ocrx_word' id='word_1_230' title='bbox 880 1291 889 1305; x_wconf 92' lang='lat'>‚</span> <span class='ocrx_word' id='word_1_231' title='bbox 911 1270 990 1301; x_wconf 90' lang='lat' dir='ltr'>nosti</span> <span class='ocrx_word' id='word_1_232' title='bbox 1003 1282 1013 1305; x_wconf 77' lang='lat'>3</span> <span class='ocrx_word' id='word_1_233' title='bbox 1029 1273 1082 1312; x_wconf 89' lang='lat' dir='ltr'>qui</span> <span class='ocrx_word' id='word_1_234' title='bbox 1092 1273 1182 1302; x_wconf 89' lang='lat' dir='ltr'>etiam</span> 
     </span>
     <span class='ocr_line' id='line_1_29' title="bbox 219 1313 1182 1356; baseline 0 -13"><span class='ocrx_word' id='word_1_235' title='bbox 219 1315 300 1344; x_wconf 87' lang='lat' dir='ltr'>mihi</span> <span class='ocrx_word' id='word_1_236' title='bbox 306 1315 467 1356; x_wconf 85' lang='lat' dir='ltr'>gratulatus</span> <span class='ocrx_word' id='word_1_237' title='bbox 478 1323 509 1345; x_wconf 88' lang='lat' dir='ltr'>es</span> <span class='ocrx_word' id='word_1_238' title='bbox 520 1315 603 1345; x_wconf 86' lang='lat' dir='ltr'>illius</span> <span class='ocrx_word' id='word_1_239' title='bbox 613 1314 674 1345; x_wconf 88' lang='lat' dir='ltr'>diei</span> <span class='ocrx_word' id='word_1_240' title='bbox 687 1315 716 1333; x_wconf 73' lang='lat'>¹0</span> <span class='ocrx_word' id='word_1_241' title='bbox 726 1313 926 1344; x_wconf 86' lang='lat' dir='ltr'>celebritatem</span> <span class='ocrx_word' id='word_1_242' title='bbox 941 1323 947 1342; x_wconf 77' lang='grc' dir='ltr'>ε</span> <span class='ocrx_word' id='word_1_243' title='bbox 973 1322 1030 1353; x_wconf 88' lang='lat' dir='ltr'>qua</span> <span class='ocrx_word' id='word_1_244' title='bbox 1039 1313 1117 1343; x_wconf 86' lang='lat' dir='ltr'>nihil</span> <span class='ocrx_word' id='word_1_245' title='bbox 1130 1323 1182 1343; x_wconf 88' lang='lat' dir='ltr'>me</span> 
     </span>
     <span class='ocr_line' id='line_1_30' title="bbox 218 1354 1179 1397; baseline 0 -12"><span class='ocrx_word' id='word_1_246' title='bbox 218 1363 367 1397; x_wconf 86' lang='lat' dir='ltr'>umquam</span> <span class='ocrx_word' id='word_1_247' title='bbox 385 1355 547 1387; x_wconf 54' lang='lat' dir='ltr'>delebiavit</span> <span class='ocrx_word' id='word_1_248' title='bbox 555 1358 659 1397; x_wconf 88' lang='lat' dir='ltr'>magis.</span> <span class='ocrx_word' id='word_1_249' title='bbox 681 1355 752 1385; x_wconf 91' lang='lat' dir='ltr'>inde</span> <span class='ocrx_word' id='word_1_250' title='bbox 762 1358 790 1375; x_wconf 82' lang='lat'>¹¹</span> <span class='ocrx_word' id='word_1_251' title='bbox 805 1355 934 1395; x_wconf 85' lang='lat' dir='ltr'>oppidis,</span> <span class='ocrx_word' id='word_1_252' title='bbox 946 1356 997 1389; x_wconf 81' lang='lat' dir='ltr'>iis,</span> <span class='ocrx_word' id='word_1_253' title='bbox 1007 1354 1065 1395; x_wconf 78' lang='lat' dir='ltr'>qua</span> <span class='ocrx_word' id='word_1_254' title='bbox 1074 1356 1179 1389; x_wconf 87' lang='lat' dir='ltr'>ieram,</span> 
     </span>
     <span class='ocr_line' id='line_1_31' title="bbox 218 1397 1181 1438; baseline -0.001 -11"><span class='ocrx_word' id='word_1_255' title='bbox 218 1397 387 1428; x_wconf 87' lang='lat' dir='ltr'>mirabilter</span> <span class='ocrx_word' id='word_1_256' title='bbox 403 1400 534 1438; x_wconf 80' lang='lat' dir='ltr'>accepti,</span> <span class='ocrx_word' id='word_1_257' title='bbox 564 1397 746 1428; x_wconf 84' lang='lat' dir='ltr'>Laodiceam</span> <span class='ocrx_word' id='word_1_258' title='bbox 772 1397 869 1436; x_wconf 84' lang='lat' dir='ltr'>pridie</span> <span class='ocrx_word' id='word_1_259' title='bbox 887 1399 972 1426; x_wconf 73' lang='grc' dir='ltr'><strong>ΚΑΙ,-</strong></span> <span class='ocrx_word' id='word_1_260' title='bbox 988 1400 1072 1427; x_wconf 76' lang='lat' dir='ltr'>SeXt.</span> <span class='ocrx_word' id='word_1_261' title='bbox 1093 1399 1181 1426; x_wconf 85' lang='lat' dir='ltr'>veni-</span> 
     </span>
     <span class='ocr_line' id='line_1_32' title="bbox 218 1437 1180 1480; baseline 0 -12"><span class='ocrx_word' id='word_1_262' title='bbox 218 1448 300 1469; x_wconf 87' lang='lat' dir='ltr'>mus.</span> <span class='ocrx_word' id='word_1_263' title='bbox 324 1438 368 1470; x_wconf 89' lang='lat' dir='ltr'>ibi</span> <span class='ocrx_word' id='word_1_264' title='bbox 387 1441 497 1470; x_wconf 88' lang='lat' dir='ltr'>morati</span> <span class='ocrx_word' id='word_1_265' title='bbox 515 1438 644 1469; x_wconf 87' lang='lat' dir='ltr'>biduum</span> <span class='ocrx_word' id='word_1_266' title='bbox 670 1442 698 1458; x_wconf 81' lang='lat'>¹2</span> <span class='ocrx_word' id='word_1_267' title='bbox 714 1437 878 1480; x_wconf 76' lang='lat' dir='ltr'>perillustres</span> <span class='ocrx_word' id='word_1_268' title='bbox 895 1437 1030 1472; x_wconf 87' lang='lat' dir='ltr'>fuimus,</span> <span class='ocrx_word' id='word_1_269' title='bbox 1053 1439 1180 1468; x_wconf 87' lang='lat' dir='ltr'>honori-</span> 
     </span>
     <span class='ocr_line' id='line_1_33' title="bbox 217 1478 1178 1521; baseline 0.001 -12"><span class='ocrx_word' id='word_1_270' title='bbox 217 1478 341 1521; x_wconf 84' lang='lat' dir='ltr'>ficisque</span> <span class='ocrx_word' id='word_1_271' title='bbox 367 1480 467 1511; x_wconf 88' lang='lat' dir='ltr'>verbis</span> <span class='ocrx_word' id='word_1_272' title='bbox 493 1482 597 1510; x_wconf 87' lang='lat' dir='ltr'>omnis</span> <span class='ocrx_word' id='word_1_273' title='bbox 623 1481 749 1520; x_wconf 84' lang='lat' dir='ltr'>injurias</span> <span class='ocrx_word' id='word_1_274' title='bbox 776 1480 952 1510; x_wconf 85' lang='lat' dir='ltr'>revellimus</span> <span class='ocrx_word' id='word_1_275' title='bbox 985 1481 1152 1520; x_wconf 85' lang='lat' dir='ltr'>superiores</span> <span class='ocrx_word' id='word_1_276' title='bbox 1172 1491 1178 1510; x_wconf 90' lang='lat'>:</span> 
     </span>
     <span class='ocr_line' id='line_1_34' title="bbox 222 1521 1180 1563; baseline 0.003 -13"><span class='ocrx_word' id='word_1_277' title='bbox 222 1524 234 1541; x_wconf 80' lang='lat'><em>1</em></span> <span class='ocrx_word' id='word_1_278' title='bbox 244 1524 254 1549; x_wconf 87' lang='lat'>3</span> <span class='ocrx_word' id='word_1_279' title='bbox 265 1522 345 1563; x_wconf 89' lang='lat' dir='ltr'>quod</span> <span class='ocrx_word' id='word_1_280' title='bbox 355 1521 438 1552; x_wconf 88' lang='lat' dir='ltr'>idem</span> <span class='ocrx_word' id='word_1_281' title='bbox 448 1521 520 1552; x_wconf 91' lang='lat' dir='ltr'>dein</span> <span class='ocrx_word' id='word_1_282' title='bbox 532 1525 671 1562; x_wconf 85' lang='lat' dir='ltr'>Apameae</span> <span class='ocrx_word' id='word_1_283' title='bbox 687 1524 823 1563; x_wconf 89' lang='lat' dir='ltr'>quinque</span> <span class='ocrx_word' id='word_1_284' title='bbox 834 1521 897 1552; x_wconf 90' lang='lat' dir='ltr'>dies</span> <span class='ocrx_word' id='word_1_285' title='bbox 908 1523 1017 1552; x_wconf 88' lang='lat' dir='ltr'>morati</span> <span class='ocrx_word' id='word_1_286' title='bbox 1029 1542 1039 1555; x_wconf 85' lang='lat'><em>,</em></span> <span class='ocrx_word' id='word_1_287' title='bbox 1060 1522 1093 1552; x_wconf 74' lang='grc' dir='ltr'>δε</span> <span class='ocrx_word' id='word_1_288' title='bbox 1101 1525 1180 1562; x_wconf 89' lang='lat' dir='ltr'>Syn-</span> 
     </span>
     <span class='ocr_line' id='line_1_35' title="bbox 216 1563 1177 1604; baseline 0.001 -11"><span class='ocrx_word' id='word_1_289' title='bbox 216 1564 303 1593; x_wconf 86' lang='lat' dir='ltr'>nadis</span> <span class='ocrx_word' id='word_1_290' title='bbox 322 1563 455 1594; x_wconf 91' lang='lat' dir='ltr'>triduum</span> <span class='ocrx_word' id='word_1_291' title='bbox 467 1583 476 1597; x_wconf 88' lang='lat'><strong>,</strong></span> <span class='ocrx_word' id='word_1_292' title='bbox 495 1564 660 1594; x_wconf 87' lang='lat' dir='ltr'>Philomeli</span> <span class='ocrx_word' id='word_1_293' title='bbox 675 1566 813 1604; x_wconf 84' lang='lat' dir='ltr'>quinque</span> <span class='ocrx_word' id='word_1_294' title='bbox 833 1563 897 1594; x_wconf 86' lang='lat' dir='ltr'>dies</span> <span class='ocrx_word' id='word_1_295' title='bbox 916 1583 926 1597; x_wconf 87' lang='lat'>‚</span> <span class='ocrx_word' id='word_1_296' title='bbox 954 1565 1053 1595; x_wconf 86' lang='lat' dir='ltr'>Iconii</span> <span class='ocrx_word' id='word_1_297' title='bbox 1071 1564 1177 1594; x_wconf 87' lang='lat' dir='ltr'>decem</span> 
     </span>
     <span class='ocr_line' id='line_1_36' title="bbox 216 1604 1175 1647; baseline -0.001 -11"><span class='ocrx_word' id='word_1_298' title='bbox 216 1607 249 1632; x_wconf 75' lang='lat'>¹4</span> <span class='ocrx_word' id='word_1_299' title='bbox 264 1604 403 1636; x_wconf 79' lang='lat' dir='ltr'>fecimus.</span> <span class='ocrx_word' id='word_1_300' title='bbox 425 1606 505 1636; x_wconf 87' lang='lat' dir='ltr'>nihil</span> <span class='ocrx_word' id='word_1_301' title='bbox 528 1615 562 1636; x_wconf 88' lang='lat' dir='ltr'>ea</span> <span class='ocrx_word' id='word_1_302' title='bbox 578 1605 791 1646; x_wconf 69' lang='lat' dir='ltr'>jurisdiffione</span> <span class='ocrx_word' id='word_1_303' title='bbox 810 1605 1006 1647; x_wconf 69' lang='lat' dir='ltr'>aequabilius,</span> <span class='ocrx_word' id='word_1_304' title='bbox 1028 1606 1108 1636; x_wconf 87' lang='lat' dir='ltr'>nihil</span> <span class='ocrx_word' id='word_1_305' title='bbox 1131 1606 1175 1636; x_wconf 80' lang='lat' dir='ltr'>le—</span> 
     </span>
     <span class='ocr_line' id='line_1_37' title="bbox 213 1646 1176 1688; baseline -0.001 -11"><span class='ocrx_word' id='word_1_306' title='bbox 213 1648 286 1677; x_wconf 89' lang='lat' dir='ltr'>nius</span> <span class='ocrx_word' id='word_1_307' title='bbox 298 1666 308 1681; x_wconf 90' lang='lat'>‚</span> <span class='ocrx_word' id='word_1_308' title='bbox 322 1648 536 1688; x_wconf 86' lang='lat' dir='ltr'>nihilgravius.</span> <span class='ocrx_word' id='word_1_309' title='bbox 560 1652 588 1675; x_wconf 86' lang='lat'>¹5</span> <span class='ocrx_word' id='word_1_310' title='bbox 598 1647 669 1678; x_wconf 90' lang='lat' dir='ltr'>inde</span> <span class='ocrx_word' id='word_1_311' title='bbox 679 1649 713 1678; x_wconf 89' lang='lat' dir='ltr'>in</span> <span class='ocrx_word' id='word_1_312' title='bbox 730 1646 820 1678; x_wconf 83' lang='lat' dir='ltr'>castra</span> <span class='ocrx_word' id='word_1_313' title='bbox 830 1650 901 1678; x_wconf 88' lang='lat' dir='ltr'>veni</span> <span class='ocrx_word' id='word_1_314' title='bbox 916 1657 951 1677; x_wconf 82' lang='lat' dir='ltr'>A.</span> <span class='ocrx_word' id='word_1_315' title='bbox 963 1657 993 1677; x_wconf 84' lang='lat' dir='ltr'>n.</span> <span class='ocrx_word' id='word_1_316' title='bbox 1007 1657 1073 1678; x_wconf 84' lang='lat' dir='ltr'>vn.</span> <span class='ocrx_word' id='word_1_317' title='bbox 1090 1650 1176 1678; x_wconf 63' lang='grc' dir='ltr'><strong>ΚΑΙ..</strong></span> 
     </span>
     <span class='ocr_line' id='line_1_38' title="bbox 213 1688 1175 1730; baseline 0.001 -11"><span class='ocrx_word' id='word_1_318' title='bbox 213 1689 382 1728; x_wconf 80' lang='lat' dir='ltr'>septembr.</span> <span class='ocrx_word' id='word_1_319' title='bbox 401 1698 433 1718; x_wconf 84' lang='lat' dir='ltr'>A.</span> <span class='ocrx_word' id='word_1_320' title='bbox 453 1699 484 1718; x_wconf 81' lang='lat' dir='ltr'>n.</span> <span class='ocrx_word' id='word_1_321' title='bbox 505 1699 573 1719; x_wconf 87' lang='lat'>111.</span> <span class='ocrx_word' id='word_1_322' title='bbox 599 1691 766 1720; x_wconf 85' lang='lat' dir='ltr'>exercitum</span> <span class='ocrx_word' id='word_1_323' title='bbox 787 1688 907 1720; x_wconf 88' lang='lat' dir='ltr'>lustravi</span> <span class='ocrx_word' id='word_1_324' title='bbox 925 1689 1004 1730; x_wconf 89' lang='lat' dir='ltr'>apud</span> <span class='ocrx_word' id='word_1_325' title='bbox 1023 1691 1175 1720; x_wconf 88' lang='lat' dir='ltr'>Iconium.</span> 
     </span>
     <span class='ocr_line' id='line_1_39' title="bbox 211 1730 1176 1772; baseline 0.001 -12"><span class='ocrx_word' id='word_1_326' title='bbox 211 1739 256 1760; x_wconf 68' lang='lat' dir='ltr'>ex</span> <span class='ocrx_word' id='word_1_327' title='bbox 265 1731 313 1760; x_wconf 84' lang='lat' dir='ltr'>his</span> <span class='ocrx_word' id='word_1_328' title='bbox 325 1730 424 1761; x_wconf 86' lang='lat' dir='ltr'>castris</span> <span class='ocrx_word' id='word_1_329' title='bbox 435 1750 444 1764; x_wconf 88' lang='lat'><em>,</em></span> <span class='ocrx_word' id='word_1_330' title='bbox 455 1740 525 1761; x_wconf 87' lang='lat' dir='ltr'>cum</span> <span class='ocrx_word' id='word_1_331' title='bbox 537 1741 638 1772; x_wconf 82' lang='lat' dir='ltr'>graves</span> <span class='ocrx_word' id='word_1_332' title='bbox 652 1731 689 1762; x_wconf 87' lang='lat' dir='ltr'>de</span> <span class='ocrx_word' id='word_1_333' title='bbox 700 1732 812 1762; x_wconf 87' lang='lat' dir='ltr'>Parthis</span> <span class='ocrx_word' id='word_1_334' title='bbox 821 1733 922 1762; x_wconf 85' lang='lat' dir='ltr'>nuntii</span> <span class='ocrx_word' id='word_1_335' title='bbox 934 1733 1074 1762; x_wconf 88' lang='lat' dir='ltr'>venirent</span> <span class='ocrx_word' id='word_1_336' title='bbox 1083 1751 1092 1765; x_wconf 93' lang='lat'><strong>,</strong></span> <span class='ocrx_word' id='word_1_337' title='bbox 1107 1741 1176 1772; x_wconf 90' lang='lat' dir='ltr'>per-</span> 
     </span>
     <span class='ocr_line' id='line_1_40' title="bbox 214 1772 1176 1814; baseline 0.002 -12"><span class='ocrx_word' id='word_1_338' title='bbox 214 1775 280 1802; x_wconf 86' lang='lat' dir='ltr'>rexi</span> <span class='ocrx_word' id='word_1_339' title='bbox 290 1773 323 1802; x_wconf 89' lang='lat' dir='ltr'>in</span> <span class='ocrx_word' id='word_1_340' title='bbox 333 1773 471 1803; x_wconf 87' lang='lat' dir='ltr'>Ciliciam</span> <span class='ocrx_word' id='word_1_341' title='bbox 482 1782 535 1812; x_wconf 89' lang='lat' dir='ltr'>per</span> <span class='ocrx_word' id='word_1_342' title='bbox 544 1772 734 1814; x_wconf 81' lang='lat' dir='ltr'>Cappadociae</span> <span class='ocrx_word' id='word_1_343' title='bbox 744 1782 855 1814; x_wconf 88' lang='lat' dir='ltr'>partem</span> <span class='ocrx_word' id='word_1_344' title='bbox 865 1783 944 1807; x_wconf 87' lang='lat' dir='ltr'>eam,</span> <span class='ocrx_word' id='word_1_345' title='bbox 958 1783 1024 1814; x_wconf 83' lang='lat' dir='ltr'>quae</span> <span class='ocrx_word' id='word_1_346' title='bbox 1037 1774 1176 1805; x_wconf 86' lang='lat' dir='ltr'>Ciliciam</span> 
     </span>
     <span class='ocr_line' id='line_1_41' title="bbox 212 1813 1177 1855; baseline 0.001 -11"><span class='ocrx_word' id='word_1_347' title='bbox 212 1815 334 1854; x_wconf 87' lang='lat' dir='ltr'>attingit</span> <span class='ocrx_word' id='word_1_348' title='bbox 349 1824 358 1848; x_wconf 89' lang='lat'>;</span> <span class='ocrx_word' id='word_1_349' title='bbox 374 1824 411 1845; x_wconf 86' lang='lat' dir='ltr'>eo</span> <span class='ocrx_word' id='word_1_350' title='bbox 428 1813 553 1845; x_wconf 74' lang='lat' dir='ltr'>consilio</span> <span class='ocrx_word' id='word_1_351' title='bbox 565 1835 575 1849; x_wconf 90' lang='lat'>,</span> <span class='ocrx_word' id='word_1_352' title='bbox 594 1824 628 1846; x_wconf 92' lang='lat' dir='ltr'>ut</span> <span class='ocrx_word' id='word_1_353' title='bbox 645 1817 810 1846; x_wconf 84' lang='lat' dir='ltr'>Armenius</span> <span class='ocrx_word' id='word_1_354' title='bbox 832 1814 861 1835; x_wconf 85' lang='lat'>¹⁶</span> <span class='ocrx_word' id='word_1_355' title='bbox 870 1814 1061 1848; x_wconf 86' lang='lat' dir='ltr'>Artavasdes,</span> <span class='ocrx_word' id='word_1_356' title='bbox 1082 1813 1177 1855; x_wconf 77' lang='lat' dir='ltr'>&amp;ipsi</span> 
     </span>
     <span class='ocr_line' id='line_1_42' title="bbox 214 1856 1176 1897; baseline 0 -11"><span class='ocrx_word' id='word_1_357' title='bbox 214 1857 312 1886; x_wconf 77' lang='lat' dir='ltr'>Parthi</span> <span class='ocrx_word' id='word_1_358' title='bbox 338 1856 519 1896; x_wconf 87' lang='lat' dir='ltr'>Cappadocia</span> <span class='ocrx_word' id='word_1_359' title='bbox 537 1856 565 1887; x_wconf 90' lang='lat' dir='ltr'>se</span> <span class='ocrx_word' id='word_1_360' title='bbox 585 1856 704 1887; x_wconf 85' lang='lat' dir='ltr'>excludi</span> <span class='ocrx_word' id='word_1_361' title='bbox 713 1865 859 1897; x_wconf 84' lang='lat' dir='ltr'>putarent.</span> <span class='ocrx_word' id='word_1_362' title='bbox 882 1860 954 1887; x_wconf 80' lang='lat' dir='ltr'>cum</span> <span class='ocrx_word' id='word_1_363' title='bbox 964 1856 1028 1886; x_wconf 85' lang='lat' dir='ltr'>dies</span> <span class='ocrx_word' id='word_1_364' title='bbox 1039 1858 1176 1897; x_wconf 89' lang='lat' dir='ltr'>quinque</span> 
     </span>
     <span class='ocr_line' id='line_1_43' title="bbox 212 1896 1175 1938; baseline 0 -11"><span class='ocrx_word' id='word_1_365' title='bbox 212 1896 251 1927; x_wconf 87' lang='lat' dir='ltr'>ad</span> <span class='ocrx_word' id='word_1_366' title='bbox 283 1896 415 1937; x_wconf 85' lang='lat' dir='ltr'>Cybistra</span> <span class='ocrx_word' id='word_1_367' title='bbox 434 1897 627 1938; x_wconf 70' lang='lat' dir='ltr'>Cappadoci-,e</span> <span class='ocrx_word' id='word_1_368' title='bbox 644 1897 734 1929; x_wconf 83' lang='lat' dir='ltr'>castra</span> <span class='ocrx_word' id='word_1_369' title='bbox 751 1896 918 1929; x_wconf 71' lang='lat' dir='ltr'>habuissem</span> <span class='ocrx_word' id='word_1_370' title='bbox 944 1917 954 1931; x_wconf 89' lang='lat'><em>‚</em></span> <span class='ocrx_word' id='word_1_371' title='bbox 983 1900 1090 1928; x_wconf 88' lang='lat' dir='ltr'>certior</span> <span class='ocrx_word' id='word_1_372' title='bbox 1109 1899 1175 1928; x_wconf 89' lang='lat' dir='ltr'>sum</span> 
     </span>
     <span class='ocr_line' id='line_1_44' title="bbox 212 1937 1175 1980; baseline 0.001 -12"><span class='ocrx_word' id='word_1_373' title='bbox 212 1937 310 1969; x_wconf 51' lang='lat' dir='ltr'>sacius</span> <span class='ocrx_word' id='word_1_374' title='bbox 332 1958 341 1972; x_wconf 88' lang='lat'>‚</span> <span class='ocrx_word' id='word_1_375' title='bbox 369 1940 491 1970; x_wconf 84' lang='lat' dir='ltr'>Parthos</span> <span class='ocrx_word' id='word_1_376' title='bbox 520 1939 556 1970; x_wconf 87' lang='lat' dir='ltr'>ab</span> <span class='ocrx_word' id='word_1_377' title='bbox 575 1940 632 1970; x_wconf 88' lang='lat' dir='ltr'>illo</span> <span class='ocrx_word' id='word_1_378' title='bbox 651 1940 733 1970; x_wconf 87' lang='lat' dir='ltr'>aditu</span> <span class='ocrx_word' id='word_1_379' title='bbox 751 1939 942 1979; x_wconf 71' lang='lat' dir='ltr'>Cappadociae</span> <span class='ocrx_word' id='word_1_380' title='bbox 960 1939 1052 1980; x_wconf 75' lang='lat' dir='ltr'>longe</span> <span class='ocrx_word' id='word_1_381' title='bbox 1068 1937 1175 1973; x_wconf 78' lang='lat' dir='ltr'>abesse3</span> 
     </span>
     <span class='ocr_line' id='line_1_45' title="bbox 213 1980 1174 2022; baseline 0 -12"><span class='ocrx_word' id='word_1_382' title='bbox 213 1981 329 2011; x_wconf 81' lang='lat' dir='ltr'>Cilicia:</span> <span class='ocrx_word' id='word_1_383' title='bbox 349 1983 444 2022; x_wconf 87' lang='lat' dir='ltr'>magis</span> <span class='ocrx_word' id='word_1_384' title='bbox 455 1983 628 2011; x_wconf 84' lang='lat' dir='ltr'>imminere.</span> <span class='ocrx_word' id='word_1_385' title='bbox 648 1984 746 2022; x_wconf 86' lang='lat' dir='ltr'>itaque</span> <span class='ocrx_word' id='word_1_386' title='bbox 755 1980 916 2012; x_wconf 83' lang='lat' dir='ltr'>confestim</span> <span class='ocrx_word' id='word_1_387' title='bbox 927 1984 982 2012; x_wconf 87' lang='lat' dir='ltr'>iter</span> <span class='ocrx_word' id='word_1_388' title='bbox 993 1982 1025 2011; x_wconf 89' lang='lat' dir='ltr'>in</span> <span class='ocrx_word' id='word_1_389' title='bbox 1037 1981 1174 2011; x_wconf 84' lang='lat' dir='ltr'>Ciliciam</span> 
     </span>
    </p>
   </div>
   <div class='ocr_carea' id='block_1_4' title="bbox 1744 127 2186 199">
    <p class='ocr_par' dir='ltr' id='par_1_6' title="bbox 1744 127 2186 199">
     <span class='ocr_line' id='line_1_46' title="bbox 1744 127 2186 199; baseline 0.002 -20"><span class='ocrx_word' id='word_1_390' title='bbox 1744 129 1804 179; x_wconf 85' lang='lat' dir='ltr'>V.</span> <span class='ocrx_word' id='word_1_391' title='bbox 2095 127 2186 199; x_wconf 80' lang='lat'>819</span> 
     </span>
    </p>
   </div>
   <div class='ocr_carea' id='block_1_5' title="bbox 1234 208 2197 589">
    <p class='ocr_par' dir='ltr' id='par_1_7' title="bbox 1234 208 2197 589">
     <span class='ocr_line' id='line_1_47' title="bbox 1240 208 2197 254; baseline 0.003 -16"><span class='ocrx_word' id='word_1_392' title='bbox 1240 217 1308 239; x_wconf 86' lang='lat' dir='ltr'>rum</span> <span class='ocrx_word' id='word_1_393' title='bbox 1331 208 1467 240; x_wconf 87' lang='lat' dir='ltr'>divortio</span> <span class='ocrx_word' id='word_1_394' title='bbox 1478 208 1588 241; x_wconf 80' lang='lat' dir='ltr'>dividit</span> <span class='ocrx_word' id='word_1_395' title='bbox 1598 221 1606 244; x_wconf 66' lang='grc' dir='ltr'><strong><em>ς</em></strong></span> <span class='ocrx_word' id='word_1_396' title='bbox 1630 212 1683 252; x_wconf 86' lang='lat' dir='ltr'>qui</span> <span class='ocrx_word' id='word_1_397' title='bbox 1693 219 1784 241; x_wconf 88' lang='lat' dir='ltr'>mons</span> <span class='ocrx_word' id='word_1_398' title='bbox 1795 220 1856 242; x_wconf 87' lang='lat' dir='ltr'>erat</span> <span class='ocrx_word' id='word_1_399' title='bbox 1865 209 1998 243; x_wconf 85' lang='lat' dir='ltr'>hostium</span> <span class='ocrx_word' id='word_1_400' title='bbox 2009 211 2117 252; x_wconf 85' lang='lat' dir='ltr'>plenus</span> <span class='ocrx_word' id='word_1_401' title='bbox 2121 210 2197 254; x_wconf 57' lang='grc' dir='ltr'>ᾔνη-</span> 
     </span>
     <span class='ocr_line' id='line_1_48' title="bbox 1238 247 2195 295; baseline 0.008 -17"><span class='ocrx_word' id='word_1_402' title='bbox 1238 251 1418 290; x_wconf 78' lang='lat' dir='ltr'>piternorum.</span> <span class='ocrx_word' id='word_1_403' title='bbox 1442 252 1492 282; x_wconf 87' lang='lat' dir='ltr'>hic</span> <span class='ocrx_word' id='word_1_404' title='bbox 1510 247 1540 271; x_wconf 59' lang='grc' dir='ltr'>’Β</span> <span class='ocrx_word' id='word_1_405' title='bbox 1551 261 1583 281; x_wconf 82' lang='grc' dir='ltr'>Λ.</span> <span class='ocrx_word' id='word_1_406' title='bbox 1602 263 1633 282; x_wconf 83' lang='lat' dir='ltr'>n.</span> <span class='ocrx_word' id='word_1_407' title='bbox 1648 261 1709 282; x_wconf 74' lang='grc' dir='ltr'>ιιι.</span> <span class='ocrx_word' id='word_1_408' title='bbox 1732 253 1802 283; x_wconf 86' lang='lat' dir='ltr'>Idus</span> <span class='ocrx_word' id='word_1_409' title='bbox 1812 252 1919 284; x_wconf 69' lang='lat' dir='ltr'>oetob.</span> <span class='ocrx_word' id='word_1_410' title='bbox 1929 264 2073 295; x_wconf 82' lang='lat' dir='ltr'>magnum</span> <span class='ocrx_word' id='word_1_411' title='bbox 2083 265 2195 286; x_wconf 81' lang='lat' dir='ltr'>nume-</span> 
     </span>
     <span class='ocr_line' id='line_1_49' title="bbox 1240 292 2196 331; baseline 0.007 -10"><span class='ocrx_word' id='word_1_412' title='bbox 1240 301 1308 321; x_wconf 91' lang='lat' dir='ltr'>rum</span> <span class='ocrx_word' id='word_1_413' title='bbox 1320 292 1454 323; x_wconf 88' lang='lat' dir='ltr'>hostium</span> <span class='ocrx_word' id='word_1_414' title='bbox 1465 296 1493 320; x_wconf 84' lang='lat'>¹9</span> <span class='ocrx_word' id='word_1_415' title='bbox 1503 293 1681 325; x_wconf 83' lang='lat' dir='ltr'>occidimus.</span> <span class='ocrx_word' id='word_1_416' title='bbox 1694 293 1811 325; x_wconf 87' lang='lat' dir='ltr'>castella</span> <span class='ocrx_word' id='word_1_417' title='bbox 1819 294 2027 331; x_wconf 84' lang='lat' dir='ltr'>munitiffima‚</span> <span class='ocrx_word' id='word_1_418' title='bbox 2041 296 2196 328; x_wconf 59' lang='lat' dir='ltr'>nodkurno‘</span> 
     </span>
     <span class='ocr_line' id='line_1_50' title="bbox 1239 334 2194 378; baseline 0.008 -16"><span class='ocrx_word' id='word_1_419' title='bbox 1239 335 1362 378; x_wconf 64' lang='lat' dir='ltr'>l’ontini</span> <span class='ocrx_word' id='word_1_420' title='bbox 1373 335 1503 365; x_wconf 87' lang='lat' dir='ltr'>adventu</span> <span class='ocrx_word' id='word_1_421' title='bbox 1515 356 1523 369; x_wconf 90' lang='lat'><em>‚</em></span> <span class='ocrx_word' id='word_1_422' title='bbox 1534 334 1637 367; x_wconf 86' lang='lat' dir='ltr'>nostro</span> <span class='ocrx_word' id='word_1_423' title='bbox 1651 338 1800 366; x_wconf 87' lang='lat' dir='ltr'>matutino</span> <span class='ocrx_word' id='word_1_424' title='bbox 1811 357 1818 370; x_wconf 92' lang='lat'><em>,</em></span> <span class='ocrx_word' id='word_1_425' title='bbox 1831 340 1977 378; x_wconf 79' lang='lat' dir='ltr'>cepimus,</span> <span class='ocrx_word' id='word_1_426' title='bbox 1991 339 2194 370; x_wconf 85' lang='lat' dir='ltr'>incendimus.</span> 
     </span>
     <span class='ocr_line' id='line_1_51' title="bbox 1238 377 2190 420; baseline 0.009 -18"><span class='ocrx_word' id='word_1_427' title='bbox 1238 383 1412 415; x_wconf 66' lang='lat' dir='ltr'>imperatores</span> <span class='ocrx_word' id='word_1_428' title='bbox 1424 377 1560 416; x_wconf 88' lang='lat' dir='ltr'>appellati</span> <span class='ocrx_word' id='word_1_429' title='bbox 1572 377 1685 409; x_wconf 88' lang='lat' dir='ltr'>sumus.</span> <span class='ocrx_word' id='word_1_430' title='bbox 1695 377 1816 409; x_wconf 81' lang='lat' dir='ltr'>²0cast1a</span> <span class='ocrx_word' id='word_1_431' title='bbox 1824 389 1934 420; x_wconf 88' lang='lat' dir='ltr'>paucos</span> <span class='ocrx_word' id='word_1_432' title='bbox 1941 380 2005 410; x_wconf 88' lang='lat' dir='ltr'>dies</span> <span class='ocrx_word' id='word_1_433' title='bbox 2019 380 2190 416; x_wconf 86' lang='lat' dir='ltr'>habuimus.</span> 
     </span>
     <span class='ocr_line' id='line_1_52' title="bbox 1236 417 2191 461; baseline 0.008 -16"><span class='ocrx_word' id='word_1_434' title='bbox 1236 425 1269 445; x_wconf 87' lang='lat' dir='ltr'>ea</span> <span class='ocrx_word' id='word_1_435' title='bbox 1286 417 1346 456; x_wconf 89' lang='lat' dir='ltr'>ipsa</span> <span class='ocrx_word' id='word_1_436' title='bbox 1357 437 1365 450; x_wconf 93' lang='lat'><em>‚</em></span> <span class='ocrx_word' id='word_1_437' title='bbox 1385 427 1451 458; x_wconf 87' lang='lat' dir='ltr'>quae</span> <span class='ocrx_word' id='word_1_438' title='bbox 1471 428 1572 449; x_wconf 86' lang='lat' dir='ltr'>contra</span> <span class='ocrx_word' id='word_1_439' title='bbox 1582 421 1708 449; x_wconf 85' lang='lat' dir='ltr'>Darium</span> <span class='ocrx_word' id='word_1_440' title='bbox 1719 420 1859 451; x_wconf 86' lang='lat' dir='ltr'>habuerat</span> <span class='ocrx_word' id='word_1_441' title='bbox 1869 421 1946 461; x_wconf 89' lang='lat' dir='ltr'>apud</span> <span class='ocrx_word' id='word_1_442' title='bbox 1955 420 2048 452; x_wconf 74' lang='lat' dir='ltr'>issum</span> <span class='ocrx_word' id='word_1_443' title='bbox 2058 423 2191 453; x_wconf 76' lang='lat' dir='ltr'>Alexan-</span> 
     </span>
     <span class='ocr_line' id='line_1_53' title="bbox 1236 456 2186 508; baseline 0.005 -21"><span class='ocrx_word' id='word_1_444' title='bbox 1236 456 1287 502; x_wconf 78' lang='lat' dir='ltr'>der</span> <span class='ocrx_word' id='word_1_445' title='bbox 1297 478 1306 490; x_wconf 87' lang='lat'><em>,</em></span> <span class='ocrx_word' id='word_1_446' title='bbox 1328 459 1487 498; x_wconf 88' lang='lat' dir='ltr'>imperator</span> <span class='ocrx_word' id='word_1_447' title='bbox 1499 460 1574 490; x_wconf 85' lang='lat' dir='ltr'>haud</span> <span class='ocrx_word' id='word_1_448' title='bbox 1584 461 1673 500; x_wconf 88' lang='lat' dir='ltr'>paulo</span> <span class='ocrx_word' id='word_1_449' title='bbox 1683 461 1794 491; x_wconf 87' lang='lat' dir='ltr'>melior</span> <span class='ocrx_word' id='word_1_450' title='bbox 1803 481 1812 495; x_wconf 93' lang='lat'>,</span> <span class='ocrx_word' id='word_1_451' title='bbox 1834 472 1925 503; x_wconf 90' lang='lat' dir='ltr'>quam</span> <span class='ocrx_word' id='word_1_452' title='bbox 1936 472 1985 493; x_wconf 92' lang='lat' dir='ltr'>aut</span> <span class='ocrx_word' id='word_1_453' title='bbox 1995 473 2026 494; x_wconf 86' lang='lat' dir='ltr'>tu</span> <span class='ocrx_word' id='word_1_454' title='bbox 2036 483 2044 498; x_wconf 90' lang='lat'><em>,</em></span> <span class='ocrx_word' id='word_1_455' title='bbox 2063 473 2114 494; x_wconf 86' lang='lat' dir='ltr'>aut</span> <span class='ocrx_word' id='word_1_456' title='bbox 2122 474 2186 508; x_wconf 82' lang='lat' dir='ltr'>ego.</span> 
     </span>
     <span class='ocr_line' id='line_1_54' title="bbox 1235 497 2190 542; baseline 0.01 -15"><span class='ocrx_word' id='word_1_457' title='bbox 1235 497 1280 527; x_wconf 80' lang='lat' dir='ltr'>rbi</span> <span class='ocrx_word' id='word_1_458' title='bbox 1300 498 1364 528; x_wconf 86' lang='lat' dir='ltr'>dies</span> <span class='ocrx_word' id='word_1_459' title='bbox 1374 502 1506 540; x_wconf 85' lang='lat' dir='ltr'>quinque</span> <span class='ocrx_word' id='word_1_460' title='bbox 1518 504 1623 532; x_wconf 80' lang='lat' dir='ltr'>morati</span> <span class='ocrx_word' id='word_1_461' title='bbox 1635 523 1643 537; x_wconf 91' lang='lat'><em>,</em></span> <span class='ocrx_word' id='word_1_462' title='bbox 1661 502 1777 542; x_wconf 82' lang='lat' dir='ltr'>direpto</span> <span class='ocrx_word' id='word_1_463' title='bbox 1792 503 1824 533; x_wconf 91' lang='lat'>&amp;</span> <span class='ocrx_word' id='word_1_464' title='bbox 1837 503 1946 535; x_wconf 90' lang='lat' dir='ltr'>vastato</span> <span class='ocrx_word' id='word_1_465' title='bbox 1958 507 2078 536; x_wconf 84' lang='lat' dir='ltr'>Amano</span> <span class='ocrx_word' id='word_1_466' title='bbox 2089 525 2098 540; x_wconf 84' lang='lat'><em>‚</em></span> <span class='ocrx_word' id='word_1_467' title='bbox 2117 506 2190 537; x_wconf 81' lang='lat' dir='ltr'>inde</span> 
     </span>
     <span class='ocr_line' id='line_1_55' title="bbox 1234 538 2188 589; baseline 0.01 -20"><span class='ocrx_word' id='word_1_468' title='bbox 1234 538 1427 571; x_wconf 76' lang='lat' dir='ltr'>disccffimus.</span> <span class='ocrx_word' id='word_1_469' title='bbox 1447 545 1474 561; x_wconf 80' lang='lat'>2¹</span> <span class='ocrx_word' id='word_1_470' title='bbox 1487 543 1540 572; x_wconf 85' lang='lat' dir='ltr'>scis</span> <span class='ocrx_word' id='word_1_471' title='bbox 1558 545 1643 574; x_wconf 84' lang='lat' dir='ltr'>enim</span> <span class='ocrx_word' id='word_1_472' title='bbox 1654 543 1714 574; x_wconf 90' lang='lat' dir='ltr'>dici</span> <span class='ocrx_word' id='word_1_473' title='bbox 1732 545 1868 585; x_wconf 81' lang='lat' dir='ltr'>quaedam</span> <span class='ocrx_word' id='word_1_474' title='bbox 1888 546 2011 589; x_wconf 50' lang='lat' dir='ltr'>vrum&amp;</span> <span class='ocrx_word' id='word_1_475' title='bbox 2023 558 2029 576; x_wconf 80' lang='lat' dir='ltr'><em>z</em></span> <span class='ocrx_word' id='word_1_476' title='bbox 2041 548 2100 578; x_wconf 88' lang='lat' dir='ltr'>dici</span> <span class='ocrx_word' id='word_1_477' title='bbox 2114 549 2188 579; x_wconf 82' lang='lat' dir='ltr'>item</span> 
     </span>
    </p>
   </div>
   <div class='ocr_carea' id='block_1_6' title="bbox 1214 576 2190 2014">
    <p class='ocr_par' dir='ltr' id='par_1_8' title="bbox 1214 576 2190 2014">
     <span class='ocr_line' id='line_1_56' title="bbox 1236 576 2188 635; baseline 0.008 -16"><span class='ocrx_word' id='word_1_478' title='bbox 1236 576 1368 635; x_wconf 55' lang='lat' dir='ltr'>&amp;jemai</span> <span class='ocrx_word' id='word_1_479' title='bbox 1391 582 1415 619; x_wconf 55' lang='grc' dir='ltr'><em>ἕ</em></span> <span class='ocrx_word' id='word_1_480' title='bbox 1447 584 1592 626; x_wconf 51' lang='lat' dir='ltr'>maestae.</span> <span class='ocrx_word' id='word_1_481' title='bbox 1612 603 1735 623; x_wconf 83' lang='lat' dir='ltr'>rumore</span> <span class='ocrx_word' id='word_1_482' title='bbox 1751 594 1896 625; x_wconf 75' lang='lat' dir='ltr'>adventus</span> <span class='ocrx_word' id='word_1_483' title='bbox 1906 594 1998 626; x_wconf 80' lang='lat' dir='ltr'>nostri</span> <span class='ocrx_word' id='word_1_484' title='bbox 2011 615 2019 629; x_wconf 86' lang='lat'><strong><em>‚</em></strong></span> <span class='ocrx_word' id='word_1_485' title='bbox 2039 594 2188 630; x_wconf 66' lang='lat' dir='ltr'>&amp;Caffim</span> 
     </span>
     <span class='ocr_line' id='line_1_57' title="bbox 1233 631 2188 670; baseline 0.009 -12"><span class='ocrx_word' id='word_1_486' title='bbox 1233 639 1285 669; x_wconf 84' lang='lat' dir='ltr'>qui</span> <span class='ocrx_word' id='word_1_487' title='bbox 1295 632 1458 662; x_wconf 86' lang='lat' dir='ltr'>Antiochia</span> <span class='ocrx_word' id='word_1_488' title='bbox 1472 631 1635 666; x_wconf 83' lang='lat' dir='ltr'>tenebatur,</span> <span class='ocrx_word' id='word_1_489' title='bbox 1647 637 1767 664; x_wconf 80' lang='lat' dir='ltr'>animus</span> <span class='ocrx_word' id='word_1_490' title='bbox 1776 635 1889 666; x_wconf 85' lang='lat' dir='ltr'>acceffit</span> <span class='ocrx_word' id='word_1_491' title='bbox 1899 657 1908 670; x_wconf 85' lang='lat'>‚</span> <span class='ocrx_word' id='word_1_492' title='bbox 1928 636 1960 667; x_wconf 72' lang='grc' dir='ltr'>δε</span> <span class='ocrx_word' id='word_1_493' title='bbox 1972 638 2083 667; x_wconf 77' lang='lat' dir='ltr'>Parthis</span> <span class='ocrx_word' id='word_1_494' title='bbox 2095 639 2188 668; x_wconf 84' lang='lat' dir='ltr'>rimor</span> 
     </span>
     <span class='ocr_line' id='line_1_58' title="bbox 1231 670 2190 718; baseline 0.009 -18"><span class='ocrx_word' id='word_1_495' title='bbox 1231 670 1363 710; x_wconf 70' lang='lat' dir='ltr'>inje&amp;us</span> <span class='ocrx_word' id='word_1_496' title='bbox 1378 671 1429 702; x_wconf 89' lang='lat' dir='ltr'>est.</span> <span class='ocrx_word' id='word_1_497' title='bbox 1454 674 1551 713; x_wconf 87' lang='lat' dir='ltr'>itaque</span> <span class='ocrx_word' id='word_1_498' title='bbox 1560 684 1632 708; x_wconf 86' lang='lat' dir='ltr'>eos,</span> <span class='ocrx_word' id='word_1_499' title='bbox 1654 676 1804 707; x_wconf 79' lang='lat' dir='ltr'>cedenteis</span> <span class='ocrx_word' id='word_1_500' title='bbox 1821 679 1978 718; x_wconf 80' lang='lat' dir='ltr'>aboppido</span> <span class='ocrx_word' id='word_1_501' title='bbox 1990 677 2190 709; x_wconf 81' lang='lat' dir='ltr'>Caffiusinse—</span> 
     </span>
     <span class='ocr_line' id='line_1_59' title="bbox 1232 714 2186 761; baseline 0.009 -19"><span class='ocrx_word' id='word_1_502' title='bbox 1232 721 1338 747; x_wconf 90' lang='lat' dir='ltr'>cutus,</span> <span class='ocrx_word' id='word_1_503' title='bbox 1361 723 1425 743; x_wconf 88' lang='lat' dir='ltr'>rem</span> <span class='ocrx_word' id='word_1_504' title='bbox 1445 714 1522 744; x_wconf 87' lang='lat' dir='ltr'>bene</span> <span class='ocrx_word' id='word_1_505' title='bbox 1538 714 1631 755; x_wconf 84' lang='lat' dir='ltr'>geffit.</span> <span class='ocrx_word' id='word_1_506' title='bbox 1652 726 1708 756; x_wconf 84' lang='lat' dir='ltr'>qua</span> <span class='ocrx_word' id='word_1_507' title='bbox 1727 719 1757 747; x_wconf 90' lang='lat' dir='ltr'>in</span> <span class='ocrx_word' id='word_1_508' title='bbox 1778 719 1864 759; x_wconf 80' lang='lat' dir='ltr'>fuga.</span> <span class='ocrx_word' id='word_1_509' title='bbox 1887 730 1992 761; x_wconf 87' lang='lat' dir='ltr'>magna</span> <span class='ocrx_word' id='word_1_510' title='bbox 2001 720 2186 753; x_wconf 68' lang='lat' dir='ltr'>aua-oritate.</span> 
     </span>
     <span class='ocr_line' id='line_1_60' title="bbox 1230 754 2189 804; baseline 0.009 -21"><span class='ocrx_word' id='word_1_511' title='bbox 1230 756 1261 773; x_wconf 87' lang='lat'>²²</span> <span class='ocrx_word' id='word_1_512' title='bbox 1273 754 1377 785; x_wconf 89' lang='lat' dir='ltr'>Osaces</span> <span class='ocrx_word' id='word_1_513' title='bbox 1390 775 1398 788; x_wconf 87' lang='lat'>‚</span> <span class='ocrx_word' id='word_1_514' title='bbox 1412 755 1474 786; x_wconf 89' lang='lat' dir='ltr'>dux</span> <span class='ocrx_word' id='word_1_515' title='bbox 1486 759 1660 787; x_wconf 86' lang='lat' dir='ltr'>Parthorum</span> <span class='ocrx_word' id='word_1_516' title='bbox 1672 778 1681 791; x_wconf 83' lang='lat'>‚</span> <span class='ocrx_word' id='word_1_517' title='bbox 1700 759 1809 789; x_wconf 87' lang='lat' dir='ltr'>vulnus</span> <span class='ocrx_word' id='word_1_518' title='bbox 1819 764 1929 800; x_wconf 82' lang='lat' dir='ltr'>accepit</span> <span class='ocrx_word' id='word_1_519' title='bbox 1939 782 1946 794; x_wconf 86' lang='lat'>‚</span> <span class='ocrx_word' id='word_1_520' title='bbox 1967 772 2064 804; x_wconf 87' lang='lat' dir='ltr'>eoque</span> <span class='ocrx_word' id='word_1_521' title='bbox 2074 763 2189 792; x_wconf 81' lang='lat' dir='ltr'>interiit</span> 
     </span>
     <span class='ocr_line' id='line_1_61' title="bbox 1228 795 2187 844; baseline 0.008 -18"><span class='ocrx_word' id='word_1_522' title='bbox 1228 798 1330 837; x_wconf 79' lang='lat' dir='ltr'>paucis</span> <span class='ocrx_word' id='word_1_523' title='bbox 1348 795 1414 836; x_wconf 86' lang='lat' dir='ltr'>post</span> <span class='ocrx_word' id='word_1_524' title='bbox 1430 796 1546 827; x_wconf 84' lang='lat' dir='ltr'>diebus.</span> <span class='ocrx_word' id='word_1_525' title='bbox 1570 808 1630 829; x_wconf 83' lang='lat' dir='ltr'>erat</span> <span class='ocrx_word' id='word_1_526' title='bbox 1648 801 1770 839; x_wconf 80' lang='lat' dir='ltr'>insyria</span> <span class='ocrx_word' id='word_1_527' title='bbox 1789 801 1924 832; x_wconf 88' lang='lat' dir='ltr'>nostrum</span> <span class='ocrx_word' id='word_1_528' title='bbox 1940 813 2055 834; x_wconf 89' lang='lat' dir='ltr'>nomen</span> <span class='ocrx_word' id='word_1_529' title='bbox 2074 805 2106 834; x_wconf 89' lang='lat' dir='ltr'>in</span> <span class='ocrx_word' id='word_1_530' title='bbox 2123 813 2187 844; x_wconf 83' lang='lat' dir='ltr'>gra-</span> 
     </span>
     <span class='ocr_line' id='line_1_62' title="bbox 1229 839 2187 884; baseline 0.009 -17"><span class='ocrx_word' id='word_1_531' title='bbox 1229 839 1278 868; x_wconf 91' lang='lat' dir='ltr'>tia.</span> <span class='ocrx_word' id='word_1_532' title='bbox 1302 840 1386 868; x_wconf 87' lang='lat' dir='ltr'>venit</span> <span class='ocrx_word' id='word_1_533' title='bbox 1405 841 1537 869; x_wconf 84' lang='lat' dir='ltr'>interum</span> <span class='ocrx_word' id='word_1_534' title='bbox 1549 841 1685 870; x_wconf 83' lang='lat' dir='ltr'>Bibulus.</span> <span class='ocrx_word' id='word_1_535' title='bbox 1703 841 1791 872; x_wconf 89' lang='lat' dir='ltr'>credo</span> <span class='ocrx_word' id='word_1_536' title='bbox 1811 844 1907 874; x_wconf 81' lang='lat' dir='ltr'>voluit</span> <span class='ocrx_word' id='word_1_537' title='bbox 1919 845 2116 884; x_wconf 85' lang='lat' dir='ltr'>appellatione</span> <span class='ocrx_word' id='word_1_538' title='bbox 2133 846 2187 876; x_wconf 86' lang='lat' dir='ltr'>hac</span> 
     </span>
     <span class='ocr_line' id='line_1_63' title="bbox 1229 879 2185 925; baseline 0.01 -18"><span class='ocrx_word' id='word_1_539' title='bbox 1229 879 1310 908; x_wconf 82' lang='lat' dir='ltr'>inani</span> <span class='ocrx_word' id='word_1_540' title='bbox 1326 880 1416 910; x_wconf 89' lang='lat' dir='ltr'>nobis</span> <span class='ocrx_word' id='word_1_541' title='bbox 1440 879 1497 911; x_wconf 81' lang='lat' dir='ltr'>esse</span> <span class='ocrx_word' id='word_1_542' title='bbox 1519 891 1580 921; x_wconf 88' lang='lat' dir='ltr'>par.</span> <span class='ocrx_word' id='word_1_543' title='bbox 1604 884 1636 912; x_wconf 93' lang='lat' dir='ltr'>in</span> <span class='ocrx_word' id='word_1_544' title='bbox 1655 882 1764 913; x_wconf 82' lang='lat' dir='ltr'>eodem</span> <span class='ocrx_word' id='word_1_545' title='bbox 1779 888 1898 914; x_wconf 89' lang='lat' dir='ltr'>Amano</span> <span class='ocrx_word' id='word_1_546' title='bbox 1916 888 2007 925; x_wconf 87' lang='lat' dir='ltr'>ccepit</span> <span class='ocrx_word' id='word_1_547' title='bbox 2022 887 2185 917; x_wconf 86' lang='lat' dir='ltr'>laureolam</span> 
     </span>
     <span class='ocr_line' id='line_1_64' title="bbox 1228 921 2185 966; baseline 0.009 -16"><span class='ocrx_word' id='word_1_548' title='bbox 1228 922 1261 951; x_wconf 91' lang='lat' dir='ltr'>in</span> <span class='ocrx_word' id='word_1_549' title='bbox 1281 921 1432 953; x_wconf 79' lang='lat' dir='ltr'>mustaceo</span> <span class='ocrx_word' id='word_1_550' title='bbox 1451 932 1590 963; x_wconf 66' lang='lat' dir='ltr'>quaerere.</span> <span class='ocrx_word' id='word_1_551' title='bbox 1623 933 1649 954; x_wconf 91' lang='lat' dir='ltr'>at</span> <span class='ocrx_word' id='word_1_552' title='bbox 1673 925 1726 954; x_wconf 85' lang='lat' dir='ltr'>ille</span> <span class='ocrx_word' id='word_1_553' title='bbox 1750 927 1905 955; x_wconf 87' lang='lat' dir='ltr'>cohortem</span> <span class='ocrx_word' id='word_1_554' title='bbox 1933 929 2060 966; x_wconf 83' lang='lat' dir='ltr'>primam</span> <span class='ocrx_word' id='word_1_555' title='bbox 2091 936 2185 959; x_wconf 81' lang='lat' dir='ltr'>totam</span> 
     </span>
     <span class='ocr_line' id='line_1_65' title="bbox 1225 963 2186 1011; baseline 0.007 -18"><span class='ocrx_word' id='word_1_556' title='bbox 1225 963 1374 1005; x_wconf 77' lang='lat' dir='ltr'>perdidit,</span> <span class='ocrx_word' id='word_1_557' title='bbox 1400 967 1670 1006; x_wconf 81' lang='lat' dir='ltr'>centurionemque</span> <span class='ocrx_word' id='word_1_558' title='bbox 1687 968 1856 1007; x_wconf 76' lang='lat' dir='ltr'>primipih,</span> <span class='ocrx_word' id='word_1_559' title='bbox 1877 968 2014 998; x_wconf 83' lang='lat' dir='ltr'>nobilem</span> <span class='ocrx_word' id='word_1_560' title='bbox 2032 969 2075 999; x_wconf 87' lang='lat' dir='ltr'>sui</span> <span class='ocrx_word' id='word_1_561' title='bbox 2094 980 2186 1011; x_wconf 83' lang='lat' dir='ltr'>gene-</span> 
     </span>
     <span class='ocr_line' id='line_1_66' title="bbox 1226 1003 2181 1050; baseline 0.006 -15"><span class='ocrx_word' id='word_1_562' title='bbox 1226 1008 1267 1036; x_wconf 86' lang='lat' dir='ltr'>ris</span> <span class='ocrx_word' id='word_1_563' title='bbox 1280 1024 1290 1038; x_wconf 85' lang='lat'>‚</span> <span class='ocrx_word' id='word_1_564' title='bbox 1310 1003 1447 1036; x_wconf 84' lang='lat' dir='ltr'>Asinium</span> <span class='ocrx_word' id='word_1_565' title='bbox 1469 1008 1644 1037; x_wconf 83' lang='lat' dir='ltr'>Dentonem</span> <span class='ocrx_word' id='word_1_566' title='bbox 1656 1028 1665 1041; x_wconf 86' lang='lat'>‚</span> <span class='ocrx_word' id='word_1_567' title='bbox 1683 1009 1716 1038; x_wconf 85' lang='lat'>&amp;</span> <span class='ocrx_word' id='word_1_568' title='bbox 1734 1010 1867 1050; x_wconf 87' lang='lat' dir='ltr'>reliquos</span> <span class='ocrx_word' id='word_1_569' title='bbox 1883 1011 2015 1040; x_wconf 87' lang='lat' dir='ltr'>cohortis</span> <span class='ocrx_word' id='word_1_570' title='bbox 2035 1012 2181 1049; x_wconf 78' lang='lat' dir='ltr'>ejusdem,</span> 
     </span>
     <span class='ocr_line' id='line_1_67' title="bbox 1227 1047 2187 1093; baseline 0.007 -17"><span class='ocrx_word' id='word_1_571' title='bbox 1227 1047 1337 1078; x_wconf 85' lang='lat' dir='ltr'>&amp;Sex.</span> <span class='ocrx_word' id='word_1_572' title='bbox 1347 1048 1502 1078; x_wconf 85' lang='lat' dir='ltr'>Lucilium</span> <span class='ocrx_word' id='word_1_573' title='bbox 1516 1068 1525 1081; x_wconf 83' lang='lat'>,</span> <span class='ocrx_word' id='word_1_574' title='bbox 1538 1052 1577 1079; x_wconf 91' lang='lat' dir='ltr'>T.</span> <span class='ocrx_word' id='word_1_575' title='bbox 1591 1051 1677 1079; x_wconf 67' lang='lat' dir='ltr'>Gavii</span> <span class='ocrx_word' id='word_1_576' title='bbox 1689 1052 1857 1090; x_wconf 66' lang='lat' dir='ltr'>Caepionis,</span> <span class='ocrx_word' id='word_1_577' title='bbox 1876 1051 2033 1092; x_wconf 89' lang='lat' dir='ltr'>locupletis</span> <span class='ocrx_word' id='word_1_578' title='bbox 2044 1053 2076 1082; x_wconf 87' lang='lat'>&amp;</span> <span class='ocrx_word' id='word_1_579' title='bbox 2086 1053 2187 1093; x_wconf 86' lang='lat' dir='ltr'>splen-</span> 
     </span>
     <span class='ocr_line' id='line_1_68' title="bbox 1228 1088 2184 1135; baseline 0.007 -17"><span class='ocrx_word' id='word_1_580' title='bbox 1228 1089 1292 1119; x_wconf 89' lang='lat' dir='ltr'>didi</span> <span class='ocrx_word' id='word_1_581' title='bbox 1314 1090 1470 1124; x_wconf 85' lang='lat' dir='ltr'>hominis,</span> <span class='ocrx_word' id='word_1_582' title='bbox 1491 1088 1588 1120; x_wconf 86' lang='lat' dir='ltr'>filium</span> <span class='ocrx_word' id='word_1_583' title='bbox 1600 1112 1609 1124; x_wconf 92' lang='lat'><em>,</em></span> <span class='ocrx_word' id='word_1_584' title='bbox 1627 1091 1782 1122; x_wconf 86' lang='lat' dir='ltr'>tribunum</span> <span class='ocrx_word' id='word_1_585' title='bbox 1806 1093 1954 1123; x_wconf 87' lang='lat' dir='ltr'>militum.</span> <span class='ocrx_word' id='word_1_586' title='bbox 1982 1093 2050 1123; x_wconf 79' lang='lat' dir='ltr'>sane</span> <span class='ocrx_word' id='word_1_587' title='bbox 2068 1094 2184 1135; x_wconf 82' lang='lat' dir='ltr'>plagam</span> 
     </span>
     <span class='ocr_line' id='line_1_69' title="bbox 1225 1131 2187 1175; baseline 0.005 -14"><span class='ocrx_word' id='word_1_588' title='bbox 1225 1131 1363 1162; x_wconf 83' lang='lat' dir='ltr'>odiosam</span> <span class='ocrx_word' id='word_1_589' title='bbox 1383 1141 1532 1172; x_wconf 85' lang='lat' dir='ltr'>acceperat</span> <span class='ocrx_word' id='word_1_590' title='bbox 1550 1142 1620 1163; x_wconf 91' lang='lat' dir='ltr'>cum</span> <span class='ocrx_word' id='word_1_591' title='bbox 1631 1143 1661 1163; x_wconf 81' lang='lat' dir='ltr'>re</span> <span class='ocrx_word' id='word_1_592' title='bbox 1672 1153 1681 1166; x_wconf 87' lang='lat'>‚</span> <span class='ocrx_word' id='word_1_593' title='bbox 1701 1142 1765 1164; x_wconf 86' lang='lat' dir='ltr'>tum</span> <span class='ocrx_word' id='word_1_594' title='bbox 1780 1144 1924 1175; x_wconf 87' lang='lat' dir='ltr'>tempore.</span> <span class='ocrx_word' id='word_1_595' title='bbox 1945 1136 2012 1165; x_wconf 93' lang='lat' dir='ltr'>Nos</span> <span class='ocrx_word' id='word_1_596' title='bbox 2029 1136 2187 1166; x_wconf 79' lang='lat' dir='ltr'>Pindenis-</span> 
     </span>
     <span class='ocr_line' id='line_1_70' title="bbox 1224 1173 2185 1214; baseline 0.005 -11"><span class='ocrx_word' id='word_1_597' title='bbox 1224 1174 1291 1203; x_wconf 84' lang='lat' dir='ltr'>sum</span> <span class='ocrx_word' id='word_1_598' title='bbox 1313 1193 1323 1207; x_wconf 81' lang='lat'>‚</span> <span class='ocrx_word' id='word_1_599' title='bbox 1353 1173 1435 1214; x_wconf 90' lang='lat' dir='ltr'>quod</span> <span class='ocrx_word' id='word_1_600' title='bbox 1460 1173 1608 1214; x_wconf 86' lang='lat' dir='ltr'>oppidum</span> <span class='ocrx_word' id='word_1_601' title='bbox 1633 1174 1868 1206; x_wconf 82' lang='lat' dir='ltr'>munitiffimum</span> <span class='ocrx_word' id='word_1_602' title='bbox 1894 1177 2185 1208; x_wconf 88' lang='lat' dir='ltr'>Eleutherocilicum</span> 
     </span>
     <span class='ocr_line' id='line_1_71' title="bbox 1225 1216 2181 1257; baseline 0.004 -12"><span class='ocrx_word' id='word_1_603' title='bbox 1225 1217 1369 1246; x_wconf 87' lang='lat' dir='ltr'>omnium</span> <span class='ocrx_word' id='word_1_604' title='bbox 1379 1218 1529 1246; x_wconf 83' lang='lat' dir='ltr'>memoria</span> <span class='ocrx_word' id='word_1_605' title='bbox 1548 1217 1580 1246; x_wconf 91' lang='lat' dir='ltr'>in</span> <span class='ocrx_word' id='word_1_606' title='bbox 1599 1219 1691 1247; x_wconf 85' lang='lat' dir='ltr'>armis</span> <span class='ocrx_word' id='word_1_607' title='bbox 1705 1216 1772 1251; x_wconf 89' lang='lat' dir='ltr'>fuit,</span> <span class='ocrx_word' id='word_1_608' title='bbox 1788 1217 1864 1257; x_wconf 83' lang='lat' dir='ltr'>(feri</span> <span class='ocrx_word' id='word_1_609' title='bbox 1880 1219 2022 1249; x_wconf 89' lang='lat' dir='ltr'>homines</span> <span class='ocrx_word' id='word_1_610' title='bbox 2041 1218 2181 1253; x_wconf 82' lang='lat' dir='ltr'>&amp;acres,</span> 
     </span>
     <span class='ocr_line' id='line_1_72' title="bbox 1223 1256 2183 1300; baseline 0.004 -13"><span class='ocrx_word' id='word_1_611' title='bbox 1223 1256 1258 1287; x_wconf 70' lang='grc' dir='ltr'>ὃ(</span> <span class='ocrx_word' id='word_1_612' title='bbox 1284 1257 1429 1288; x_wconf 87' lang='lat' dir='ltr'>omnibus</span> <span class='ocrx_word' id='word_1_613' title='bbox 1457 1257 1544 1288; x_wconf 89' lang='lat' dir='ltr'>rebus</span> <span class='ocrx_word' id='word_1_614' title='bbox 1571 1258 1608 1289; x_wconf 89' lang='lat' dir='ltr'>ad</span> <span class='ocrx_word' id='word_1_615' title='bbox 1635 1257 1861 1290; x_wconf 85' lang='lat' dir='ltr'>defendendum</span> <span class='ocrx_word' id='word_1_616' title='bbox 1890 1261 1999 1300; x_wconf 89' lang='lat' dir='ltr'>parati)</span> <span class='ocrx_word' id='word_1_617' title='bbox 2025 1262 2183 1291; x_wconf 84' lang='lat' dir='ltr'>cinximus</span> 
     </span>
     <span class='ocr_line' id='line_1_73' title="bbox 1224 1297 2182 1341; baseline 0.004 -12"><span class='ocrx_word' id='word_1_618' title='bbox 1224 1299 1305 1330; x_wconf 87' lang='lat' dir='ltr'>vallo</span> <span class='ocrx_word' id='word_1_619' title='bbox 1324 1298 1358 1329; x_wconf 78' lang='grc' dir='ltr'>δε</span> <span class='ocrx_word' id='word_1_620' title='bbox 1376 1297 1465 1329; x_wconf 83' lang='lat' dir='ltr'>foss&#39;a:</span> <span class='ocrx_word' id='word_1_621' title='bbox 1486 1309 1589 1341; x_wconf 84' lang='lat' dir='ltr'>aggere</span> <span class='ocrx_word' id='word_1_622' title='bbox 1608 1302 1767 1334; x_wconf 81' lang='lat' dir='ltr'>maximo,</span> <span class='ocrx_word' id='word_1_623' title='bbox 1787 1303 1904 1335; x_wconf 88' lang='lat' dir='ltr'>vineis,</span> <span class='ocrx_word' id='word_1_624' title='bbox 1925 1310 2003 1332; x_wconf 89' lang='lat' dir='ltr'>turre</span> <span class='ocrx_word' id='word_1_625' title='bbox 2025 1300 2182 1336; x_wconf 74' lang='lat' dir='ltr'>altissima,</span> 
     </span>
     <span class='ocr_line' id='line_1_74' title="bbox 1222 1343 2184 1384; baseline 0.004 -14"><span class='ocrx_word' id='word_1_626' title='bbox 1222 1349 1330 1381; x_wconf 88' lang='lat' dir='ltr'>magna</span> <span class='ocrx_word' id='word_1_627' title='bbox 1339 1349 1562 1372; x_wconf 88' lang='lat' dir='ltr'>tormentorum</span> <span class='ocrx_word' id='word_1_628' title='bbox 1572 1343 1658 1382; x_wconf 85' lang='lat' dir='ltr'>copia</span> <span class='ocrx_word' id='word_1_629' title='bbox 1669 1362 1677 1375; x_wconf 92' lang='lat'>,</span> <span class='ocrx_word' id='word_1_630' title='bbox 1700 1343 1804 1373; x_wconf 86' lang='lat' dir='ltr'>multis</span> <span class='ocrx_word' id='word_1_631' title='bbox 1821 1344 1972 1384; x_wconf 85' lang='lat' dir='ltr'>sagittariis</span> <span class='ocrx_word' id='word_1_632' title='bbox 1983 1363 1991 1377; x_wconf 89' lang='lat'>‚</span> <span class='ocrx_word' id='word_1_633' title='bbox 2010 1354 2122 1384; x_wconf 84' lang='lat' dir='ltr'>magno</span> <span class='ocrx_word' id='word_1_634' title='bbox 2141 1344 2184 1376; x_wconf 69' lang='lat' dir='ltr'>la·</span> 
     </span>
     <span class='ocr_line' id='line_1_75' title="bbox 1220 1381 2183 1423; baseline 0.003 -11"><span class='ocrx_word' id='word_1_635' title='bbox 1220 1381 1311 1417; x_wconf 88' lang='lat' dir='ltr'>bore,</span> <span class='ocrx_word' id='word_1_636' title='bbox 1331 1390 1466 1423; x_wconf 73' lang='lat' dir='ltr'>apparatu</span> <span class='ocrx_word' id='word_1_637' title='bbox 1481 1404 1490 1417; x_wconf 87' lang='lat'>‚</span> <span class='ocrx_word' id='word_1_638' title='bbox 1513 1384 1620 1413; x_wconf 87' lang='lat' dir='ltr'>multis</span> <span class='ocrx_word' id='word_1_639' title='bbox 1638 1385 1742 1415; x_wconf 84' lang='lat' dir='ltr'>sauciis</span> <span class='ocrx_word' id='word_1_640' title='bbox 1758 1385 1888 1418; x_wconf 84' lang='lat' dir='ltr'>nostris,</span> <span class='ocrx_word' id='word_1_641' title='bbox 1910 1385 2183 1417; x_wconf 83' lang='lat' dir='ltr'>incolumiexerci-</span> 
     </span>
     <span class='ocr_line' id='line_1_76' title="bbox 1219 1425 2182 1465; baseline 0.003 -11"><span class='ocrx_word' id='word_1_642' title='bbox 1219 1432 1251 1454; x_wconf 91' lang='lat' dir='ltr'>tu</span> <span class='ocrx_word' id='word_1_643' title='bbox 1263 1444 1272 1459; x_wconf 90' lang='lat'>‚</span> <span class='ocrx_word' id='word_1_644' title='bbox 1295 1426 1453 1465; x_wconf 87' lang='lat' dir='ltr'>negotium</span> <span class='ocrx_word' id='word_1_645' title='bbox 1470 1425 1672 1456; x_wconf 83' lang='lat' dir='ltr'>confecimus.</span> <span class='ocrx_word' id='word_1_646' title='bbox 1686 1426 1778 1457; x_wconf 82' lang='lat' dir='ltr'>hilara</span> <span class='ocrx_word' id='word_1_647' title='bbox 1799 1426 1866 1458; x_wconf 68' lang='lat' dir='ltr'>sane</span> <span class='ocrx_word' id='word_1_648' title='bbox 1879 1427 2052 1458; x_wconf 89' lang='lat' dir='ltr'>Saturnalia.</span> <span class='ocrx_word' id='word_1_649' title='bbox 2071 1428 2182 1457; x_wconf 86' lang='lat' dir='ltr'>militi-</span> 
     </span>
     <span class='ocr_line' id='line_1_77' title="bbox 1220 1465 2179 1509; baseline 0.001 -13"><span class='ocrx_word' id='word_1_650' title='bbox 1220 1465 1275 1496; x_wconf 85' lang='lat' dir='ltr'>bus</span> <span class='ocrx_word' id='word_1_651' title='bbox 1287 1476 1407 1507; x_wconf 91' lang='lat' dir='ltr'>quoque</span> <span class='ocrx_word' id='word_1_652' title='bbox 1419 1486 1428 1499; x_wconf 86' lang='lat'>‚</span> <span class='ocrx_word' id='word_1_653' title='bbox 1445 1468 1518 1507; x_wconf 76' lang='lat' dir='ltr'>equis</span> <span class='ocrx_word' id='word_1_654' title='bbox 1528 1473 1643 1506; x_wconf 75' lang='lat' dir='ltr'>exceptis</span> <span class='ocrx_word' id='word_1_655' title='bbox 1656 1487 1664 1500; x_wconf 90' lang='lat'>‚</span> <span class='ocrx_word' id='word_1_656' title='bbox 1676 1469 1822 1509; x_wconf 82' lang='lat' dir='ltr'>reliquam</span> <span class='ocrx_word' id='word_1_657' title='bbox 1833 1468 1961 1508; x_wconf 82' lang='lat' dir='ltr'>praedam</span> <span class='ocrx_word' id='word_1_658' title='bbox 1971 1467 2179 1500; x_wconf 71' lang='lat' dir='ltr'>concessimus.</span> 
     </span>
     <span class='ocr_line' id='line_1_78' title="bbox 1222 1509 2181 1548; baseline 0.002 -10"><span class='ocrx_word' id='word_1_659' title='bbox 1222 1510 1372 1548; x_wconf 85' lang='lat' dir='ltr'>mancipia</span> <span class='ocrx_word' id='word_1_660' title='bbox 1382 1510 1534 1539; x_wconf 82' lang='lat' dir='ltr'>vaenibant</span> <span class='ocrx_word' id='word_1_661' title='bbox 1542 1511 1556 1528; x_wconf 86' lang='lat'><em>²</em></span> <span class='ocrx_word' id='word_1_662' title='bbox 1564 1512 1576 1536; x_wconf 85' lang='lat'><em>3</em></span> <span class='ocrx_word' id='word_1_663' title='bbox 1587 1510 1789 1541; x_wconf 87' lang='lat' dir='ltr'>Saturnalibus</span> <span class='ocrx_word' id='word_1_664' title='bbox 1802 1511 1905 1540; x_wconf 88' lang='lat' dir='ltr'>tertiis.</span> <span class='ocrx_word' id='word_1_665' title='bbox 1918 1509 1990 1540; x_wconf 80' lang='lat' dir='ltr'>cum</span> <span class='ocrx_word' id='word_1_666' title='bbox 2001 1510 2062 1540; x_wconf 86' lang='lat' dir='ltr'>haec</span> <span class='ocrx_word' id='word_1_667' title='bbox 2072 1510 2181 1540; x_wconf 83' lang='lat' dir='ltr'>scribe-</span> 
     </span>
     <span class='ocr_line' id='line_1_79' title="bbox 1220 1549 2179 1584; baseline 0.002 -5"><span class='ocrx_word' id='word_1_668' title='bbox 1220 1549 1289 1580; x_wconf 88' lang='lat' dir='ltr'>bam</span> <span class='ocrx_word' id='word_1_669' title='bbox 1314 1551 1347 1580; x_wconf 90' lang='lat' dir='ltr'>in</span> <span class='ocrx_word' id='word_1_670' title='bbox 1366 1549 1529 1584; x_wconf 84' lang='lat' dir='ltr'>tribunali,</span> <span class='ocrx_word' id='word_1_671' title='bbox 1548 1560 1594 1580; x_wconf 88' lang='lat' dir='ltr'>res</span> <span class='ocrx_word' id='word_1_672' title='bbox 1606 1559 1664 1580; x_wconf 90' lang='lat' dir='ltr'>erat</span> <span class='ocrx_word' id='word_1_673' title='bbox 1673 1551 1708 1581; x_wconf 93' lang='lat' dir='ltr'>ad</span> <span class='ocrx_word' id='word_1_674' title='bbox 1720 1560 1773 1581; x_wconf 76' lang='lat' dir='ltr'>tt-s</span> <span class='ocrx_word' id='word_1_675' title='bbox 1791 1560 1866 1580; x_wconf 78' lang='lat' dir='ltr'>cxx.</span> <span class='ocrx_word' id='word_1_676' title='bbox 1883 1552 1955 1580; x_wconf 89' lang='lat' dir='ltr'>hinc</span> <span class='ocrx_word' id='word_1_677' title='bbox 1964 1553 2132 1581; x_wconf 83' lang='lat' dir='ltr'>exercitum</span> <span class='ocrx_word' id='word_1_678' title='bbox 2145 1552 2179 1582; x_wconf 83' lang='lat' dir='ltr'>in</span> 
     </span>
     <span class='ocr_line' id='line_1_80' title="bbox 1218 1591 2177 1633; baseline 0 -12"><span class='ocrx_word' id='word_1_679' title='bbox 1218 1591 1344 1622; x_wconf 85' lang='lat' dir='ltr'>hiberna</span> <span class='ocrx_word' id='word_1_680' title='bbox 1360 1592 1416 1632; x_wconf 89' lang='lat' dir='ltr'>agri</span> <span class='ocrx_word' id='word_1_681' title='bbox 1429 1591 1509 1621; x_wconf 75' lang='lat' dir='ltr'>male</span> <span class='ocrx_word' id='word_1_682' title='bbox 1517 1593 1609 1632; x_wconf 88' lang='lat' dir='ltr'>pacati</span> <span class='ocrx_word' id='word_1_683' title='bbox 1622 1591 1834 1622; x_wconf 89' lang='lat' dir='ltr'>deducendum</span> <span class='ocrx_word' id='word_1_684' title='bbox 1845 1593 1963 1633; x_wconf 81' lang='lat' dir='ltr'>Qinto</span> <span class='ocrx_word' id='word_1_685' title='bbox 1970 1592 2051 1622; x_wconf 89' lang='lat' dir='ltr'>fratri</span> <span class='ocrx_word' id='word_1_686' title='bbox 2060 1591 2177 1623; x_wconf 88' lang='lat' dir='ltr'>dabam.</span> 
     </span>
     <span class='ocr_line' id='line_1_81' title="bbox 1217 1632 2178 1674; baseline 0.001 -11"><span class='ocrx_word' id='word_1_687' title='bbox 1217 1633 1279 1673; x_wconf 85' lang='lat' dir='ltr'>ipse</span> <span class='ocrx_word' id='word_1_688' title='bbox 1289 1642 1339 1663; x_wconf 87' lang='lat' dir='ltr'>me</span> <span class='ocrx_word' id='word_1_689' title='bbox 1349 1632 1530 1664; x_wconf 83' lang='lat' dir='ltr'>Laodiceam</span> <span class='ocrx_word' id='word_1_690' title='bbox 1541 1633 1732 1672; x_wconf 85' lang='lat' dir='ltr'>recipiebam·</span> <span class='ocrx_word' id='word_1_691' title='bbox 1758 1636 1831 1664; x_wconf 84' lang='lat' dir='ltr'>Haec</span> <span class='ocrx_word' id='word_1_692' title='bbox 1840 1634 1946 1664; x_wconf 88' lang='lat' dir='ltr'>adhuc.</span> <span class='ocrx_word' id='word_1_693' title='bbox 1968 1633 2016 1664; x_wconf 86' lang='lat' dir='ltr'>sed</span> <span class='ocrx_word' id='word_1_694' title='bbox 2027 1633 2062 1664; x_wconf 87' lang='lat' dir='ltr'>ad</span> <span class='ocrx_word' id='word_1_695' title='bbox 2070 1643 2178 1674; x_wconf 65' lang='lat' dir='ltr'>praete-</span> 
     </span>
     <span class='ocr_line' id='line_1_82' title="bbox 1216 1674 2176 1716; baseline 0.001 -11"><span class='ocrx_word' id='word_1_696' title='bbox 1216 1677 1272 1706; x_wconf 86' lang='lat' dir='ltr'>rita</span> <span class='ocrx_word' id='word_1_697' title='bbox 1288 1683 1485 1705; x_wconf 81' lang='lat' dir='ltr'>revertamur.</span> <span class='ocrx_word' id='word_1_698' title='bbox 1523 1674 1616 1716; x_wconf 74' lang='lat' dir='ltr'>Qod</span> <span class='ocrx_word' id='word_1_699' title='bbox 1634 1685 1683 1706; x_wconf 88' lang='lat' dir='ltr'>me</span> <span class='ocrx_word' id='word_1_700' title='bbox 1703 1674 1838 1706; x_wconf 71' lang='lat' dir='ltr'>maxime</span> <span class='ocrx_word' id='word_1_701' title='bbox 1857 1676 1984 1706; x_wconf 86' lang='lat' dir='ltr'>hortaris</span> <span class='ocrx_word' id='word_1_702' title='bbox 1995 1686 2003 1709; x_wconf 81' lang='lat'>3</span> <span class='ocrx_word' id='word_1_703' title='bbox 2025 1676 2075 1709; x_wconf 89' lang='lat'>&amp;,</span> <span class='ocrx_word' id='word_1_704' title='bbox 2094 1676 2176 1716; x_wconf 79' lang='lat' dir='ltr'>quod</span> 
     </span>
     <span class='ocr_line' id='line_1_83' title="bbox 1214 1715 2178 1759; baseline 0.001 -12"><span class='ocrx_word' id='word_1_705' title='bbox 1214 1717 1310 1758; x_wconf 88' lang='lat' dir='ltr'>pluris</span> <span class='ocrx_word' id='word_1_706' title='bbox 1321 1715 1364 1747; x_wconf 88' lang='lat' dir='ltr'>est</span> <span class='ocrx_word' id='word_1_707' title='bbox 1374 1736 1382 1750; x_wconf 88' lang='lat'>‚</span> <span class='ocrx_word' id='word_1_708' title='bbox 1394 1726 1486 1757; x_wconf 87' lang='lat' dir='ltr'>quam</span> <span class='ocrx_word' id='word_1_709' title='bbox 1497 1718 1612 1750; x_wconf 87' lang='lat' dir='ltr'>omnia,</span> <span class='ocrx_word' id='word_1_710' title='bbox 1625 1719 1657 1747; x_wconf 89' lang='lat' dir='ltr'>in</span> <span class='ocrx_word' id='word_1_711' title='bbox 1666 1727 1728 1758; x_wconf 88' lang='lat' dir='ltr'>quo</span> <span class='ocrx_word' id='word_1_712' title='bbox 1742 1717 1867 1750; x_wconf 87' lang='lat' dir='ltr'>laboras,</span> <span class='ocrx_word' id='word_1_713' title='bbox 1885 1725 1917 1747; x_wconf 91' lang='lat' dir='ltr'>ut</span> <span class='ocrx_word' id='word_1_714' title='bbox 1928 1717 2019 1747; x_wconf 86' lang='lat' dir='ltr'>etiam</span> <span class='ocrx_word' id='word_1_715' title='bbox 2030 1719 2178 1759; x_wconf 85' lang='lat' dir='ltr'>Ligurino</span> 
     </span>
     <span class='ocr_line' id='line_1_84' title="bbox 1214 1759 2179 1807; baseline 0 -11"><span class='ocrx_word' id='word_1_716' title='bbox 1214 1759 1316 1804; x_wconf 58' lang='grc' dir='ltr'><em>κόμᾳ)</em></span> <span class='ocrx_word' id='word_1_717' title='bbox 1328 1765 1502 1796; x_wconf 78' lang='lat' dir='ltr'>satisfaciam</span> <span class='ocrx_word' id='word_1_718' title='bbox 1519 1776 1525 1794; x_wconf 79' lang='lat' dir='ltr'>z</span> <span class='ocrx_word' id='word_1_719' title='bbox 1540 1767 1663 1799; x_wconf 78' lang='lat' dir='ltr'>moriar,</span> <span class='ocrx_word' id='word_1_720' title='bbox 1673 1764 1693 1795; x_wconf 85' lang='lat' dir='ltr'>fi</span> <span class='ocrx_word' id='word_1_721' title='bbox 1702 1767 1861 1806; x_wconf 87' lang='lat' dir='ltr'>quicquam</span> <span class='ocrx_word' id='word_1_722' title='bbox 1872 1763 1935 1795; x_wconf 83' lang='lat' dir='ltr'>fieri</span> <span class='ocrx_word' id='word_1_723' title='bbox 1947 1765 2044 1805; x_wconf 87' lang='lat' dir='ltr'>potest</span> <span class='ocrx_word' id='word_1_724' title='bbox 2054 1766 2179 1807; x_wconf 85' lang='lat' dir='ltr'>elegan-</span> 
     </span>
     <span class='ocr_line' id='line_1_85' title="bbox 1214 1806 2174 1848; baseline 0 -10"><span class='ocrx_word' id='word_1_725' title='bbox 1214 1806 1286 1838; x_wconf 77' lang='lat' dir='ltr'>tius.</span> <span class='ocrx_word' id='word_1_726' title='bbox 1309 1810 1343 1835; x_wconf 81' lang='lat'>24</span> <span class='ocrx_word' id='word_1_727' title='bbox 1353 1817 1406 1838; x_wconf 90' lang='lat' dir='ltr'>nec</span> <span class='ocrx_word' id='word_1_728' title='bbox 1410 1808 1474 1847; x_wconf 85' lang='lat' dir='ltr'>jam</span> <span class='ocrx_word' id='word_1_729' title='bbox 1487 1817 1542 1848; x_wconf 86' lang='lat' dir='ltr'>ego</span> <span class='ocrx_word' id='word_1_730' title='bbox 1552 1808 1628 1837; x_wconf 86' lang='lat' dir='ltr'>hanc</span> <span class='ocrx_word' id='word_1_731' title='bbox 1638 1808 1838 1837; x_wconf 80' lang='lat' dir='ltr'>continentiam</span> <span class='ocrx_word' id='word_1_732' title='bbox 1847 1807 1964 1846; x_wconf 90' lang='lat' dir='ltr'>appello</span> <span class='ocrx_word' id='word_1_733' title='bbox 1975 1826 1983 1840; x_wconf 89' lang='lat'><em>‚</em></span> <span class='ocrx_word' id='word_1_734' title='bbox 2003 1817 2070 1848; x_wconf 83' lang='lat' dir='ltr'>quae</span> <span class='ocrx_word' id='word_1_735' title='bbox 2079 1810 2174 1838; x_wconf 86' lang='lat' dir='ltr'>virtus</span> 
     </span>
     <span class='ocr_line' id='line_1_86' title="bbox 1215 1847 2174 1890; baseline 0.001 -11"><span class='ocrx_word' id='word_1_736' title='bbox 1215 1849 1363 1888; x_wconf 87' lang='lat' dir='ltr'>voluptati</span> <span class='ocrx_word' id='word_1_737' title='bbox 1382 1847 1512 1879; x_wconf 78' lang='lat' dir='ltr'>resistere</span> <span class='ocrx_word' id='word_1_738' title='bbox 1532 1848 1660 1879; x_wconf 89' lang='lat' dir='ltr'>videtur.</span> <span class='ocrx_word' id='word_1_739' title='bbox 1678 1858 1734 1889; x_wconf 88' lang='lat' dir='ltr'>ego</span> <span class='ocrx_word' id='word_1_740' title='bbox 1745 1851 1777 1878; x_wconf 90' lang='lat' dir='ltr'>in</span> <span class='ocrx_word' id='word_1_741' title='bbox 1787 1851 1847 1878; x_wconf 90' lang='lat' dir='ltr'>vita</span> <span class='ocrx_word' id='word_1_742' title='bbox 1856 1858 1923 1878; x_wconf 87' lang='lat' dir='ltr'>mea</span> <span class='ocrx_word' id='word_1_743' title='bbox 1933 1849 2016 1880; x_wconf 86' lang='lat' dir='ltr'>nulla</span> <span class='ocrx_word' id='word_1_744' title='bbox 2028 1859 2174 1890; x_wconf 85' lang='lat' dir='ltr'>umquam</span> 
     </span>
     <span class='ocr_line' id='line_1_87' title="bbox 1215 1887 2177 1932; baseline 0.001 -12"><span class='ocrx_word' id='word_1_745' title='bbox 1215 1890 1368 1930; x_wconf 89' lang='lat' dir='ltr'>voluptate</span> <span class='ocrx_word' id='word_1_746' title='bbox 1388 1898 1467 1920; x_wconf 89' lang='lat' dir='ltr'>tanta</span> <span class='ocrx_word' id='word_1_747' title='bbox 1482 1890 1546 1919; x_wconf 87' lang='lat' dir='ltr'>sum</span> <span class='ocrx_word' id='word_1_748' title='bbox 1560 1889 1693 1920; x_wconf 57' lang='lat' dir='ltr'>adfectus</span> <span class='ocrx_word' id='word_1_749' title='bbox 1706 1910 1714 1923; x_wconf 94' lang='lat'><em>,</em></span> <span class='ocrx_word' id='word_1_750' title='bbox 1732 1899 1841 1931; x_wconf 87' lang='lat' dir='ltr'>quanta</span> <span class='ocrx_word' id='word_1_751' title='bbox 1851 1887 1976 1920; x_wconf 86' lang='lat' dir='ltr'>adficior</span> <span class='ocrx_word' id='word_1_752' title='bbox 1984 1891 2037 1921; x_wconf 86' lang='lat' dir='ltr'>hac</span> <span class='ocrx_word' id='word_1_753' title='bbox 2051 1892 2177 1932; x_wconf 88' lang='lat' dir='ltr'>integri-</span> 
     </span>
     <span class='ocr_line' id='line_1_88' title="bbox 1216 1930 2178 1973; baseline 0.002 -12"><span class='ocrx_word' id='word_1_754' title='bbox 1216 1939 1283 1961; x_wconf 88' lang='lat' dir='ltr'>tate.</span> <span class='ocrx_word' id='word_1_755' title='bbox 1304 1940 1360 1962; x_wconf 90' lang='lat' dir='ltr'>nec</span> <span class='ocrx_word' id='word_1_756' title='bbox 1370 1941 1421 1962; x_wconf 90' lang='lat' dir='ltr'>me</span> <span class='ocrx_word' id='word_1_757' title='bbox 1437 1940 1498 1961; x_wconf 87' lang='lat' dir='ltr'>tarn</span> <span class='ocrx_word' id='word_1_758' title='bbox 1507 1930 1586 1961; x_wconf 89' lang='lat' dir='ltr'>fama</span> <span class='ocrx_word' id='word_1_759' title='bbox 1598 1951 1606 1965; x_wconf 92' lang='lat'><em>,</em></span> <span class='ocrx_word' id='word_1_760' title='bbox 1615 1941 1681 1972; x_wconf 84' lang='lat' dir='ltr'>quae</span> <span class='ocrx_word' id='word_1_761' title='bbox 1692 1931 1709 1961; x_wconf 88' lang='lat' dir='ltr'>s</span> <span class='ocrx_word' id='word_1_762' title='bbox 1705 1941 1809 1962; x_wconf 87' lang='lat' dir='ltr'>umma</span> <span class='ocrx_word' id='word_1_763' title='bbox 1819 1930 1872 1965; x_wconf 89' lang='lat' dir='ltr'>est,</span> <span class='ocrx_word' id='word_1_764' title='bbox 1884 1930 1976 1972; x_wconf 74' lang='lat' dir='ltr'>quam</span> <span class='ocrx_word' id='word_1_765' title='bbox 1986 1942 2031 1963; x_wconf 87' lang='lat' dir='ltr'>res</span> <span class='ocrx_word' id='word_1_766' title='bbox 2041 1933 2111 1973; x_wconf 85' lang='lat' dir='ltr'>ipsa,</span> <span class='ocrx_word' id='word_1_767' title='bbox 2122 1932 2178 1967; x_wconf 80' lang='lat' dir='ltr'>de-</span> 
     </span>
     <span class='ocr_line' id='line_1_89' title="bbox 1218 1971 2175 2014; baseline 0.002 -12"><span class='ocrx_word' id='word_1_768' title='bbox 1218 1971 1315 2003; x_wconf 68' lang='lat' dir='ltr'>le&amp;at.</span> <span class='ocrx_word' id='word_1_769' title='bbox 1336 1973 1410 2014; x_wconf 89' lang='lat' dir='ltr'>quid</span> <span class='ocrx_word' id='word_1_770' title='bbox 1432 1974 1560 2013; x_wconf 78' lang='lat' dir='ltr'>quaeris?</span> <span class='ocrx_word' id='word_1_771' title='bbox 1578 1972 1625 2002; x_wconf 88' lang='lat' dir='ltr'>fui</span> <span class='ocrx_word' id='word_1_772' title='bbox 1644 1974 1736 2003; x_wconf 86' lang='lat' dir='ltr'>tanti:</span> <span class='ocrx_word' id='word_1_773' title='bbox 1759 1982 1810 2003; x_wconf 88' lang='lat' dir='ltr'>me</span> <span class='ocrx_word' id='word_1_774' title='bbox 1831 1973 1892 2013; x_wconf 85' lang='lat' dir='ltr'>ipse</span> <span class='ocrx_word' id='word_1_775' title='bbox 1909 1982 1973 2003; x_wconf 91' lang='lat' dir='ltr'>non</span> <span class='ocrx_word' id='word_1_776' title='bbox 1985 1983 2175 2005; x_wconf 75' lang='lat' dir='ltr'>noramznec</span> 
     </span>
    </p>
   </div>
   <div class='ocr_carea' id='block_1_7' title="bbox 207 2012 2174 2106">
    <p class='ocr_par' dir='ltr' id='par_1_9' title="bbox 207 2012 2174 2106">
     <span class='ocr_line' id='line_1_90' title="bbox 212 2012 2174 2068; baseline 0.001 -17"><span class='ocrx_word' id='word_1_777' title='bbox 212 2020 272 2051; x_wconf 85' lang='lat' dir='ltr'>feci</span> <span class='ocrx_word' id='word_1_778' title='bbox 290 2032 343 2062; x_wconf 88' lang='lat' dir='ltr'>per</span> <span class='ocrx_word' id='word_1_779' title='bbox 362 2024 457 2053; x_wconf 87' lang='lat' dir='ltr'>Tauri</span> <span class='ocrx_word' id='word_1_780' title='bbox 479 2024 572 2063; x_wconf 89' lang='lat' dir='ltr'>pylas.</span> <span class='ocrx_word' id='word_1_781' title='bbox 596 2024 725 2054; x_wconf 90' lang='lat' dir='ltr'>Tarsum</span> <span class='ocrx_word' id='word_1_782' title='bbox 735 2025 808 2053; x_wconf 90' lang='lat' dir='ltr'>veni</span> <span class='ocrx_word' id='word_1_783' title='bbox 819 2033 873 2053; x_wconf 77' lang='lat' dir='ltr'>AD.</span> <span class='ocrx_word' id='word_1_784' title='bbox 888 2025 1042 2053; x_wconf 70' lang='lat' dir='ltr'>ill-NON.</span> <span class='ocrx_word' id='word_1_785' title='bbox 1062 2021 1171 2052; x_wconf 66' lang='lat' dir='ltr'>Ozstob.</span> <span class='ocrx_word' id='word_1_786' title='bbox 1193 2023 1196 2066; x_wconf 62' lang='lat' dir='ltr'>j</span> <span class='ocrx_word' id='word_1_787' title='bbox 1217 2015 1284 2045; x_wconf 90' lang='lat' dir='ltr'>satis</span> <span class='ocrx_word' id='word_1_788' title='bbox 1302 2014 1430 2065; x_wconf 67' lang='lat' dir='ltr'>sC}eb²¹¹&#39;¹</span> <span class='ocrx_word' id='word_1_789' title='bbox 1443 2034 1451 2048; x_wconf 62' lang='grc' dir='ltr'><strong>ν</strong></span> <span class='ocrx_word' id='word_1_790' title='bbox 1476 2013 1592 2054; x_wconf 63' lang='lat' dir='ltr'>qnidffl</span> <span class='ocrx_word' id='word_1_791' title='bbox 1611 2015 1667 2045; x_wconf 71' lang='lat' dir='ltr'>hoc</span> <span class='ocrx_word' id='word_1_792' title='bbox 1680 2023 1788 2055; x_wconf 66' lang='lat' dir='ltr'>genere</span> <span class='ocrx_word' id='word_1_793' title='bbox 1802 2012 1896 2045; x_wconf 66' lang='lat' dir='ltr'>facere</span> <span class='ocrx_word' id='word_1_794' title='bbox 1905 2012 2081 2054; x_wconf 68' lang='lat' dir='ltr'>P0ffem²²5</span> <span class='ocrx_word' id='word_1_795' title='bbox 2091 2015 2174 2068; x_wconf 55' lang='lat' dir='ltr'>fest}</span> 
     </span>
     <span class='ocr_line' id='line_1_91' title="bbox 207 2061 2174 2106; baseline 0.001 -13"><span class='ocrx_word' id='word_1_796' title='bbox 207 2063 283 2094; x_wconf 73' lang='lat' dir='ltr'>inde</span> <span class='ocrx_word' id='word_1_797' title='bbox 294 2064 486 2096; x_wconf 89' lang='lat' dir='ltr'>adAmanum</span> <span class='ocrx_word' id='word_1_798' title='bbox 494 2065 641 2096; x_wconf 86' lang='lat' dir='ltr'>contendi</span> <span class='ocrx_word' id='word_1_799' title='bbox 651 2067 704 2106; x_wconf 85' lang='lat' dir='ltr'>qui</span> <span class='ocrx_word' id='word_1_800' title='bbox 714 2066 827 2106; x_wconf 87' lang='lat' dir='ltr'>Syriam</span> <span class='ocrx_word' id='word_1_801' title='bbox 839 2064 855 2095; x_wconf 70' lang='lat' dir='ltr'>a</span> <span class='ocrx_word' id='word_1_802' title='bbox 868 2065 1005 2096; x_wconf 87' lang='lat' dir='ltr'>¹7Cilicia</span> <span class='ocrx_word' id='word_1_803' title='bbox 1017 2066 1078 2095; x_wconf 87' lang='lat' dir='ltr'>ima</span> <span class='ocrx_word' id='word_1_804' title='bbox 1087 2074 1174 2105; x_wconf 84' lang='lat' dir='ltr'>aqua·</span> <span class='ocrx_word' id='word_1_805' title='bbox 1192 2069 1197 2102; x_wconf 57' lang='lat' dir='ltr'>,l</span> <span class='ocrx_word' id='word_1_806' title='bbox 1219 2061 1444 2100; x_wconf 62' lang='lat' dir='ltr'>vasswfiwu·</span> <span class='ocrx_word' id='word_1_807' title='bbox 1462 2065 1541 2096; x_wconf 85' lang='lat' dir='ltr'>nihil</span> <span class='ocrx_word' id='word_1_808' title='bbox 1555 2062 1598 2095; x_wconf 87' lang='lat' dir='ltr'>est</span> <span class='ocrx_word' id='word_1_809' title='bbox 1606 2064 1786 2104; x_wconf 77' lang='lat' dir='ltr'>praeclarius.</span> <span class='ocrx_word' id='word_1_810' title='bbox 1795 2065 1919 2095; x_wconf 86' lang='lat' dir='ltr'>interim</span> <span class='ocrx_word' id='word_1_811' title='bbox 1930 2064 1991 2095; x_wconf 88' lang='lat' dir='ltr'>haec</span> <span class='ocrx_word' id='word_1_812' title='bbox 2002 2064 2174 2103; x_wconf 65' lang='grc' dir='ltr'>λαμπρφ.</span> 
     </span>
    </p>
   </div>
   <div class='ocr_carea' id='block_1_8' title="bbox 200 2182 1167 3159">
    <p class='ocr_par' dir='ltr' id='par_1_10' title="bbox 247 2182 909 2218">
     <span class='ocr_line' id='line_1_92' title="bbox 247 2182 909 2218; baseline -0.002 -9"><span class='ocrx_word' id='word_1_813' title='bbox 247 2191 257 2209; x_wconf 82' lang='lat'>1</span> <span class='ocrx_word' id='word_1_814' title='bbox 265 2203 270 2208; x_wconf 95' lang='lat'>.</span> <span class='ocrx_word' id='word_1_815' title='bbox 290 2184 354 2216; x_wconf 68' lang='lat' dir='ltr'>Qin</span> <span class='ocrx_word' id='word_1_816' title='bbox 361 2189 390 2208; x_wconf 74' lang='lat' dir='ltr'>ru</span> <span class='ocrx_word' id='word_1_817' title='bbox 398 2182 554 2217; x_wconf 57' lang='lat' dir='ltr'>mmmmm]</span> <span class='ocrx_word' id='word_1_818' title='bbox 574 2182 656 2218; x_wconf 86' lang='lat' dir='ltr'>Vulg.</span> <span class='ocrx_word' id='word_1_819' title='bbox 667 2185 726 2216; x_wconf 72' lang='lat' dir='ltr'>quin</span> <span class='ocrx_word' id='word_1_820' title='bbox 734 2189 761 2208; x_wconf 76' lang='lat' dir='ltr'>ut</span> <span class='ocrx_word' id='word_1_821' title='bbox 769 2184 909 2215; x_wconf 58' lang='lat' dir='ltr'>Pomffinm.</span> 
     </span>
    </p>

    <p class='ocr_par' dir='ltr' id='par_1_11' title="bbox 242 2218 746 2254">
     <span class='ocr_line' id='line_1_93' title="bbox 242 2218 746 2254; baseline -0.002 -9"><span class='ocrx_word' id='word_1_822' title='bbox 242 2227 273 2245; x_wconf 79' lang='lat'>2.</span> <span class='ocrx_word' id='word_1_823' title='bbox 292 2222 382 2252; x_wconf 69' lang='lat' dir='ltr'>EtJam</span> <span class='ocrx_word' id='word_1_824' title='bbox 391 2221 417 2243; x_wconf 74' lang='lat' dir='ltr'>in</span> <span class='ocrx_word' id='word_1_825' title='bbox 428 2219 552 2253; x_wconf 70' lang='lat' dir='ltr'>Epirum]</span> <span class='ocrx_word' id='word_1_826' title='bbox 573 2218 654 2254; x_wconf 82' lang='lat' dir='ltr'>ang.</span> <span class='ocrx_word' id='word_1_827' title='bbox 665 2222 746 2244; x_wconf 75' lang='lat' dir='ltr'>etiam.</span> 
     </span>
    </p>

    <p class='ocr_par' dir='ltr' id='par_1_12' title="bbox 200 2252 1167 2658">
     <span class='ocr_line' id='line_1_94' title="bbox 244 2252 1166 2290; baseline -0.001 -11"><span class='ocrx_word' id='word_1_828' title='bbox 244 2262 271 2290; x_wconf 88' lang='lat'>3.</span> <span class='ocrx_word' id='word_1_829' title='bbox 290 2254 453 2288; x_wconf 65' lang='lat' dir='ltr'>JamRomae]</span> <span class='ocrx_word' id='word_1_830' title='bbox 474 2254 572 2282; x_wconf 88' lang='lat' dir='ltr'>Mallet</span> <span class='ocrx_word' id='word_1_831' title='bbox 580 2255 720 2282; x_wconf 79' lang='lat' dir='ltr'>Manutius</span> <span class='ocrx_word' id='word_1_832' title='bbox 739 2253 758 2281; x_wconf 79' lang='lat' dir='ltr'>fi</span> <span class='ocrx_word' id='word_1_833' title='bbox 776 2252 836 2281; x_wconf 88' lang='lat' dir='ltr'>libri</span> <span class='ocrx_word' id='word_1_834' title='bbox 847 2259 1021 2290; x_wconf 80' lang='lat' dir='ltr'>paterentur,</span> <span class='ocrx_word' id='word_1_835' title='bbox 1034 2254 1087 2287; x_wconf 80' lang='lat' dir='ltr'>jam</span> <span class='ocrx_word' id='word_1_836' title='bbox 1104 2254 1166 2279; x_wconf 81' lang='lat' dir='ltr'>inire</span> 
     </span>
     <span class='ocr_line' id='line_1_95' title="bbox 211 2291 341 2316; baseline 0 0"><span class='ocrx_word' id='word_1_837' title='bbox 211 2291 341 2316; x_wconf 58' lang='lat' dir='ltr'>&#39;mundam</span> 
     </span>
     <span class='ocr_line' id='line_1_96' title="bbox 200 2301 1165 2360; baseline -0.002 -8"><span class='ocrx_word' id='word_1_838' title='bbox 200 2301 215 2325; x_wconf 59' lang='lat' dir='ltr'>J</span> <span class='ocrx_word' id='word_1_839' title='bbox 242 2333 271 2359; x_wconf 86' lang='lat'>4.</span> <span class='ocrx_word' id='word_1_840' title='bbox 291 2329 368 2352; x_wconf 70' lang='lat' dir='ltr'>Valere</span> <span class='ocrx_word' id='word_1_841' title='bbox 384 2326 501 2360; x_wconf 56' lang='lat' dir='ltr'>Patron]</span> <span class='ocrx_word' id='word_1_842' title='bbox 527 2327 570 2353; x_wconf 83' lang='lat' dir='ltr'>Sic</span> <span class='ocrx_word' id='word_1_843' title='bbox 588 2326 678 2355; x_wconf 82' lang='lat' dir='ltr'>Bofius</span> <span class='ocrx_word' id='word_1_844' title='bbox 698 2335 731 2352; x_wconf 84' lang='lat' dir='ltr'>ex</span> <span class='ocrx_word' id='word_1_845' title='bbox 750 2327 862 2352; x_wconf 88' lang='lat' dir='ltr'>Decurt.</span> <span class='ocrx_word' id='word_1_846' title='bbox 882 2325 1011 2352; x_wconf 82' lang='lat' dir='ltr'>Claudius</span> <span class='ocrx_word' id='word_1_847' title='bbox 1030 2325 1165 2352; x_wconf 82' lang='lat' dir='ltr'>Puteanus</span> 
     </span>
     <span class='ocr_line' id='line_1_97' title="bbox 206 2361 1167 2397; baseline -0.002 -9"><span class='ocrx_word' id='word_1_848' title='bbox 206 2362 241 2388; x_wconf 90' lang='lat' dir='ltr'>V.</span> <span class='ocrx_word' id='word_1_849' title='bbox 252 2363 308 2388; x_wconf 59' lang='lat' dir='ltr'>Cr..</span> <span class='ocrx_word' id='word_1_850' title='bbox 318 2361 473 2389; x_wconf 78' lang='lat' dir='ltr'>emendabat</span> <span class='ocrx_word' id='word_1_851' title='bbox 484 2381 493 2394; x_wconf 94' lang='lat'>‚</span> <span class='ocrx_word' id='word_1_852' title='bbox 510 2366 582 2388; x_wconf 71' lang='lat' dir='ltr'>eriam</span> <span class='ocrx_word' id='word_1_853' title='bbox 590 2370 661 2397; x_wconf 68' lang='lat' dir='ltr'>arque</span> <span class='ocrx_word' id='word_1_854' title='bbox 670 2365 740 2388; x_wconf 75' lang='lat' dir='ltr'>etiam</span> <span class='ocrx_word' id='word_1_855' title='bbox 748 2362 843 2387; x_wconf 57' lang='lat' dir='ltr'>maledic</span> <span class='ocrx_word' id='word_1_856' title='bbox 851 2364 954 2387; x_wconf 69' lang='lat' dir='ltr'>Patroni</span> <span class='ocrx_word' id='word_1_857' title='bbox 961 2361 990 2391; x_wconf 60' lang='grc' dir='ltr'>ὅς’</span> <span class='ocrx_word' id='word_1_858' title='bbox 998 2361 1044 2386; x_wconf 75' lang='lat' dir='ltr'>tuis</span> <span class='ocrx_word' id='word_1_859' title='bbox 1054 2361 1119 2386; x_wconf 74' lang='lat' dir='ltr'>condi</span> <span class='ocrx_word' id='word_1_860' title='bbox 1132 2363 1167 2386; x_wconf 86' lang='lat' dir='ltr'>ci-</span> 
     </span>
     <span class='ocr_line' id='line_1_98' title="bbox 204 2397 1164 2433; baseline 0 -11"><span class='ocrx_word' id='word_1_861' title='bbox 204 2398 279 2431; x_wconf 75' lang='lat' dir='ltr'>pulis.</span> <span class='ocrx_word' id='word_1_862' title='bbox 293 2398 396 2424; x_wconf 83' lang='lat' dir='ltr'>volebat</span> <span class='ocrx_word' id='word_1_863' title='bbox 405 2405 495 2425; x_wconf 86' lang='lat' dir='ltr'>autem</span> <span class='ocrx_word' id='word_1_864' title='bbox 505 2398 631 2425; x_wconf 83' lang='lat' dir='ltr'>illustrari</span> <span class='ocrx_word' id='word_1_865' title='bbox 642 2398 695 2424; x_wconf 89' lang='lat' dir='ltr'>illis</span> <span class='ocrx_word' id='word_1_866' title='bbox 706 2398 754 2424; x_wconf 85' lang='lat' dir='ltr'>lib.</span> <span class='ocrx_word' id='word_1_867' title='bbox 765 2407 822 2424; x_wconf 78' lang='lat' dir='ltr'>vii.</span> <span class='ocrx_word' id='word_1_868' title='bbox 833 2397 915 2433; x_wconf 84' lang='lat' dir='ltr'>Epist.</span> <span class='ocrx_word' id='word_1_869' title='bbox 925 2406 954 2422; x_wconf 80' lang='lat'>2.</span> <span class='ocrx_word' id='word_1_870' title='bbox 964 2399 1048 2423; x_wconf 71' lang='lat' dir='ltr'>Frliola</span> <span class='ocrx_word' id='word_1_871' title='bbox 1057 2397 1164 2428; x_wconf 69' lang='lat' dir='ltr'>rua,&amp;c.</span> 
     </span>
     <span class='ocr_line' id='line_1_99' title="bbox 207 2433 1166 2470; baseline -0.001 -11"><span class='ocrx_word' id='word_1_872' title='bbox 207 2442 266 2460; x_wconf 87' lang='lat' dir='ltr'>cnm</span> <span class='ocrx_word' id='word_1_873' title='bbox 277 2434 348 2461; x_wconf 86' lang='lat' dir='ltr'>enim</span> <span class='ocrx_word' id='word_1_874' title='bbox 360 2441 473 2470; x_wconf 81' lang='lat' dir='ltr'>utroque</span> <span class='ocrx_word' id='word_1_875' title='bbox 482 2435 507 2461; x_wconf 85' lang='lat' dir='ltr'>in</span> <span class='ocrx_word' id='word_1_876' title='bbox 519 2434 579 2461; x_wconf 88' lang='lat' dir='ltr'>loco</span> <span class='ocrx_word' id='word_1_877' title='bbox 589 2434 622 2460; x_wconf 88' lang='lat' dir='ltr'>de</span> <span class='ocrx_word' id='word_1_878' title='bbox 634 2434 720 2460; x_wconf 84' lang='lat' dir='ltr'>Attici</span> <span class='ocrx_word' id='word_1_879' title='bbox 740 2434 765 2460; x_wconf 89' lang='lat' dir='ltr'>in</span> <span class='ocrx_word' id='word_1_880' title='bbox 780 2433 863 2459; x_wconf 85' lang='lat' dir='ltr'>filiam</span> <span class='ocrx_word' id='word_1_881' title='bbox 873 2441 964 2459; x_wconf 88' lang='lat' dir='ltr'>amore</span> <span class='ocrx_word' id='word_1_882' title='bbox 973 2440 1035 2467; x_wconf 81' lang='lat' dir='ltr'>agat</span> <span class='ocrx_word' id='word_1_883' title='bbox 1046 2451 1054 2464; x_wconf 94' lang='lat'>,</span> <span class='ocrx_word' id='word_1_884' title='bbox 1074 2433 1166 2459; x_wconf 81' lang='lat' dir='ltr'>horta-</span> 
     </span>
     <span class='ocr_line' id='line_1_100' title="bbox 207 2467 1164 2508; baseline -0.001 -12"><span class='ocrx_word' id='word_1_885' title='bbox 207 2476 253 2496; x_wconf 78' lang='lat' dir='ltr'>tur</span> <span class='ocrx_word' id='word_1_886' title='bbox 263 2479 322 2496; x_wconf 88' lang='lat' dir='ltr'>euru</span> <span class='ocrx_word' id='word_1_887' title='bbox 333 2469 452 2502; x_wconf 87' lang='lat' dir='ltr'>Tullius,</span> <span class='ocrx_word' id='word_1_888' title='bbox 464 2470 589 2508; x_wconf 82' lang='lat' dir='ltr'>quoniam</span> <span class='ocrx_word' id='word_1_889' title='bbox 600 2469 690 2497; x_wconf 79' lang='lat' dir='ltr'>abillo</span> <span class='ocrx_word' id='word_1_890' title='bbox 701 2469 807 2505; x_wconf 85' lang='lat' dir='ltr'>Epicuri</span> <span class='ocrx_word' id='word_1_891' title='bbox 819 2468 927 2496; x_wconf 82' lang='lat' dir='ltr'>decreto</span> <span class='ocrx_word' id='word_1_892' title='bbox 936 2467 1082 2495; x_wconf 82' lang='lat' dir='ltr'>desciverat</span> <span class='ocrx_word' id='word_1_893' title='bbox 1097 2488 1103 2498; x_wconf 85' lang='lat'>.</span> <span class='ocrx_word' id='word_1_894' title='bbox 1113 2477 1164 2503; x_wconf 83' lang='lat' dir='ltr'>qua</span> 
     </span>
     <span class='ocr_line' id='line_1_101' title="bbox 207 2505 1163 2547; baseline -0.003 -9"><span class='ocrx_word' id='word_1_895' title='bbox 207 2511 321 2546; x_wconf 75' lang='lat' dir='ltr'>negabat</span> <span class='ocrx_word' id='word_1_896' title='bbox 341 2507 456 2547; x_wconf 49' lang='lat' dir='ltr'>cuppla)</span> <span class='ocrx_word' id='word_1_897' title='bbox 472 2507 610 2546; x_wconf 75' lang='grc' dir='ltr'><em>φυσικὰό</em></span> <span class='ocrx_word' id='word_1_898' title='bbox 623 2505 693 2539; x_wconf 65' lang='grc' dir='ltr'>εἶναι</span> <span class='ocrx_word' id='word_1_899' title='bbox 704 2506 769 2538; x_wconf 60' lang='grc' dir='ltr'><em>«τὰ-ὀ</em></span> <span class='ocrx_word' id='word_1_900' title='bbox 779 2507 859 2544; x_wconf 63' lang='lat' dir='ltr'>rmey&#39;s</span> <span class='ocrx_word' id='word_1_901' title='bbox 876 2506 917 2538; x_wconf 71' lang='grc' dir='ltr'>τὲ.</span> <span class='ocrx_word' id='word_1_902' title='bbox 935 2506 1046 2543; x_wconf 65' lang='grc' dir='ltr'>τέκνας</span> <span class='ocrx_word' id='word_1_903' title='bbox 1065 2517 1094 2536; x_wconf 87' lang='lat' dir='ltr'>ut</span> <span class='ocrx_word' id='word_1_904' title='bbox 1108 2509 1163 2544; x_wconf 71' lang='lat' dir='ltr'>jani</span> 
     </span>
     <span class='ocr_line' id='line_1_102' title="bbox 207 2549 1163 2587; baseline -0.001 -10"><span class='ocrx_word' id='word_1_905' title='bbox 207 2550 354 2577; x_wconf 76' lang='lat' dir='ltr'>universam</span> <span class='ocrx_word' id='word_1_906' title='bbox 366 2551 421 2584; x_wconf 88' lang='lat' dir='ltr'>ejus</span> <span class='ocrx_word' id='word_1_907' title='bbox 433 2550 626 2587; x_wconf 68' lang='lat' dir='ltr'>Philosophiam</span> <span class='ocrx_word' id='word_1_908' title='bbox 638 2551 781 2586; x_wconf 86' lang='lat' dir='ltr'>relinquat.</span> <span class='ocrx_word' id='word_1_909' title='bbox 802 2550 868 2577; x_wconf 82' lang='lat' dir='ltr'>hanc</span> <span class='ocrx_word' id='word_1_910' title='bbox 878 2550 985 2585; x_wconf 88' lang='lat' dir='ltr'>quidem</span> <span class='ocrx_word' id='word_1_911' title='bbox 996 2549 1163 2576; x_wconf 85' lang='lat' dir='ltr'>emendatio-</span> 
     </span>
     <span class='ocr_line' id='line_1_103' title="bbox 205 2586 1165 2623; baseline -0.001 -10"><span class='ocrx_word' id='word_1_912' title='bbox 205 2596 265 2613; x_wconf 86' lang='lat' dir='ltr'>nem</span> <span class='ocrx_word' id='word_1_913' title='bbox 280 2586 372 2614; x_wconf 72' lang='lat' dir='ltr'>Larnb.</span> <span class='ocrx_word' id='word_1_914' title='bbox 383 2587 477 2623; x_wconf 86' lang='lat' dir='ltr'>probat</span> <span class='ocrx_word' id='word_1_915' title='bbox 489 2606 497 2618; x_wconf 94' lang='lat'>,</span> <span class='ocrx_word' id='word_1_916' title='bbox 508 2587 610 2613; x_wconf 84' lang='lat' dir='ltr'>mavult</span> <span class='ocrx_word' id='word_1_917' title='bbox 620 2595 707 2614; x_wconf 82' lang='lat' dir='ltr'>tamen</span> <span class='ocrx_word' id='word_1_918' title='bbox 725 2587 814 2622; x_wconf 87' lang='lat' dir='ltr'>legere</span> <span class='ocrx_word' id='word_1_919' title='bbox 827 2605 835 2617; x_wconf 87' lang='lat'>,</span> <span class='ocrx_word' id='word_1_920' title='bbox 853 2588 935 2611; x_wconf 76' lang='lat' dir='ltr'>valere</span> <span class='ocrx_word' id='word_1_921' title='bbox 936 2587 993 2619; x_wconf 82' lang='lat' dir='ltr'>jube</span> <span class='ocrx_word' id='word_1_922' title='bbox 1001 2587 1165 2617; x_wconf 69' lang='lat' dir='ltr'>Patronem&amp;</span> 
     </span>
     <span class='ocr_line' id='line_1_104' title="bbox 202 2622 1045 2658; baseline -0.001 -9"><span class='ocrx_word' id='word_1_923' title='bbox 202 2624 364 2657; x_wconf 70' lang='lat' dir='ltr'>condistipttlor</span> <span class='ocrx_word' id='word_1_924' title='bbox 374 2631 441 2648; x_wconf 81' lang='lat' dir='ltr'>tuos:</span> <span class='ocrx_word' id='word_1_925' title='bbox 460 2623 542 2658; x_wconf 86' lang='lat' dir='ltr'>Vulg.</span> <span class='ocrx_word' id='word_1_926' title='bbox 551 2624 619 2649; x_wconf 74' lang='lat' dir='ltr'>vale.</span> <span class='ocrx_word' id='word_1_927' title='bbox 638 2624 665 2649; x_wconf 76' lang='lat' dir='ltr'>de</span> <span class='ocrx_word' id='word_1_928' title='bbox 672 2627 776 2649; x_wconf 79' lang='lat' dir='ltr'>Patrone</span> <span class='ocrx_word' id='word_1_929' title='bbox 783 2623 812 2652; x_wconf 67' lang='grc' dir='ltr'>(ἔγ</span> <span class='ocrx_word' id='word_1_930' title='bbox 821 2622 868 2647; x_wconf 65' lang='lat' dir='ltr'>ruis·</span> <span class='ocrx_word' id='word_1_931' title='bbox 878 2623 1045 2656; x_wconf 69' lang='lat' dir='ltr'>condiscipulis.</span> 
     </span>
    </p>

    <p class='ocr_par' dir='ltr' id='par_1_13' title="bbox 203 2657 1162 2731">
     <span class='ocr_line' id='line_1_105' title="bbox 244 2657 1162 2694; baseline -0.001 -9"><span class='ocrx_word' id='word_1_932' title='bbox 244 2669 270 2693; x_wconf 88' lang='lat'>5.</span> <span class='ocrx_word' id='word_1_933' title='bbox 289 2660 434 2686; x_wconf 59' lang='lat' dir='ltr'>Tarentinis.</span> <span class='ocrx_word' id='word_1_934' title='bbox 444 2659 458 2693; x_wconf 93' lang='lat'>]</span> <span class='ocrx_word' id='word_1_935' title='bbox 479 2659 611 2685; x_wconf 59' lang='lat' dir='ltr'>Parietina}</span> <span class='ocrx_word' id='word_1_936' title='bbox 631 2659 735 2694; x_wconf 79' lang='lat' dir='ltr'>reponit</span> <span class='ocrx_word' id='word_1_937' title='bbox 754 2658 889 2684; x_wconf 79' lang='lat' dir='ltr'>Manutius</span> <span class='ocrx_word' id='word_1_938' title='bbox 901 2667 910 2688; x_wconf 76' lang='lat'>3</span> <span class='ocrx_word' id='word_1_939' title='bbox 931 2658 1022 2685; x_wconf 79' lang='lat' dir='ltr'>invitis</span> <span class='ocrx_word' id='word_1_940' title='bbox 1040 2659 1062 2685; x_wconf 89' lang='lat' dir='ltr'>V</span> <span class='ocrx_word' id='word_1_941' title='bbox 1065 2657 1162 2685; x_wconf 56' lang='lat' dir='ltr'>isloi-io</span> 
     </span>
     <span class='ocr_line' id='line_1_106' title="bbox 203 2693 908 2731; baseline -0.006 -8"><span class='ocrx_word' id='word_1_942' title='bbox 203 2694 252 2723; x_wconf 83' lang='lat' dir='ltr'>lib.</span> <span class='ocrx_word' id='word_1_943' title='bbox 267 2705 308 2722; x_wconf 82' lang='lat' dir='ltr'>ix.</span> <span class='ocrx_word' id='word_1_944' title='bbox 319 2704 375 2731; x_wconf 85' lang='lat' dir='ltr'>cap.</span> <span class='ocrx_word' id='word_1_945' title='bbox 388 2703 414 2730; x_wconf 85' lang='lat'>3.</span> <span class='ocrx_word' id='word_1_946' title='bbox 434 2695 576 2726; x_wconf 74' lang='lat' dir='ltr'>Lambino,</span> <span class='ocrx_word' id='word_1_947' title='bbox 588 2694 676 2726; x_wconf 77' lang='lat' dir='ltr'>Bofio,</span> <span class='ocrx_word' id='word_1_948' title='bbox 687 2693 836 2721; x_wconf 82' lang='lat' dir='ltr'>&amp;illorum</span> <span class='ocrx_word' id='word_1_949' title='bbox 850 2693 908 2720; x_wconf 85' lang='lat' dir='ltr'>mss&#39;.</span> 
     </span>
    </p>

    <p class='ocr_par' dir='ltr' id='par_1_14' title="bbox 202 2728 1161 2829">
     <span class='ocr_line' id='line_1_107' title="bbox 240 2728 1161 2767; baseline -0.002 -10"><span class='ocrx_word' id='word_1_950' title='bbox 240 2732 268 2757; x_wconf 88' lang='lat'>6.</span> <span class='ocrx_word' id='word_1_951' title='bbox 289 2733 386 2757; x_wconf 75' lang='lat' dir='ltr'>Libente</span> <span class='ocrx_word' id='word_1_952' title='bbox 395 2731 441 2765; x_wconf 58' lang='lat' dir='ltr'>ten]</span> <span class='ocrx_word' id='word_1_953' title='bbox 463 2730 545 2767; x_wconf 78' lang='lat' dir='ltr'>Lipfii</span> <span class='ocrx_word' id='word_1_954' title='bbox 565 2731 629 2757; x_wconf 83' lang='lat' dir='ltr'>hauc</span> <span class='ocrx_word' id='word_1_955' title='bbox 638 2729 852 2756; x_wconf 82' lang='lat' dir='ltr'>emendationem</span> <span class='ocrx_word' id='word_1_956' title='bbox 866 2748 874 2761; x_wconf 89' lang='lat'>‚</span> <span class='ocrx_word' id='word_1_957' title='bbox 892 2728 1024 2764; x_wconf 81' lang='lat' dir='ltr'>proditam</span> <span class='ocrx_word' id='word_1_958' title='bbox 1036 2729 1104 2756; x_wconf 83' lang='lat' dir='ltr'>libro</span> <span class='ocrx_word' id='word_1_959' title='bbox 1119 2739 1161 2756; x_wconf 82' lang='lat' dir='ltr'>iv.</span> 
     </span>
     <span class='ocr_line' id='line_1_108' title="bbox 204 2765 1161 2804; baseline 0 -11"><span class='ocrx_word' id='word_1_960' title='bbox 204 2766 287 2802; x_wconf 83' lang='lat' dir='ltr'>Epist.</span> <span class='ocrx_word' id='word_1_961' title='bbox 299 2768 387 2804; x_wconf 66' lang='lat' dir='ltr'>quaest.</span> <span class='ocrx_word' id='word_1_962' title='bbox 398 2776 455 2804; x_wconf 84' lang='lat' dir='ltr'>cap.</span> <span class='ocrx_word' id='word_1_963' title='bbox 468 2776 504 2794; x_wconf 79' lang='grc' dir='ltr'>ιι.</span> <span class='ocrx_word' id='word_1_964' title='bbox 522 2766 650 2802; x_wconf 74' lang='lat' dir='ltr'>adjurant</span> <span class='ocrx_word' id='word_1_965' title='bbox 660 2766 743 2794; x_wconf 83' lang='lat' dir='ltr'>Scidae</span> <span class='ocrx_word' id='word_1_966' title='bbox 752 2765 832 2793; x_wconf 79' lang='lat' dir='ltr'>ssofii.</span> <span class='ocrx_word' id='word_1_967' title='bbox 841 2773 918 2793; x_wconf 77' lang='lat' dir='ltr'>antea</span> <span class='ocrx_word' id='word_1_968' title='bbox 928 2765 1042 2801; x_wconf 69' lang='lat' dir='ltr'>impr-effi</span> <span class='ocrx_word' id='word_1_969' title='bbox 1054 2766 1161 2798; x_wconf 78' lang='lat' dir='ltr'>habent,</span> 
     </span>
     <span class='ocr_line' id='line_1_109' title="bbox 202 2804 311 2829; baseline 0.009 -1"><span class='ocrx_word' id='word_1_970' title='bbox 202 2804 311 2829; x_wconf 73' lang='lat' dir='ltr'>libenter.</span> 
     </span>
    </p>

    <p class='ocr_par' dir='ltr' id='par_1_15' title="bbox 207 2836 1161 2909">
     <span class='ocr_line' id='line_1_110' title="bbox 240 2836 1161 2874; baseline -0.001 -9"><span class='ocrx_word' id='word_1_971' title='bbox 240 2847 267 2872; x_wconf 88' lang='lat'>7.</span> <span class='ocrx_word' id='word_1_972' title='bbox 286 2839 454 2874; x_wconf 54' lang='lat' dir='ltr'>Pindeniffae]</span> <span class='ocrx_word' id='word_1_973' title='bbox 488 2840 601 2866; x_wconf 85' lang='lat' dir='ltr'>Decurt.</span> <span class='ocrx_word' id='word_1_974' title='bbox 621 2837 740 2865; x_wconf 63' lang='lat' dir='ltr'>Tor-naas.</span> <span class='ocrx_word' id='word_1_975' title='bbox 760 2838 788 2865; x_wconf 86' lang='lat'>&amp;</span> <span class='ocrx_word' id='word_1_976' title='bbox 811 2836 977 2865; x_wconf 80' lang='lat' dir='ltr'>Crusellinus</span> <span class='ocrx_word' id='word_1_977' title='bbox 998 2837 1035 2865; x_wconf 81' lang='lat' dir='ltr'>ita</span> <span class='ocrx_word' id='word_1_978' title='bbox 1054 2837 1161 2870; x_wconf 76' lang='lat' dir='ltr'>habent,</span> 
     </span>
     <span class='ocr_line' id='line_1_111' title="bbox 207 2874 777 2909; baseline 0.002 -10"><span class='ocrx_word' id='word_1_979' title='bbox 207 2874 288 2909; x_wconf 71' lang='lat' dir='ltr'>vulgo</span> <span class='ocrx_word' id='word_1_980' title='bbox 303 2895 311 2907; x_wconf 90' lang='lat'><strong><em>‚</em></strong></span> <span class='ocrx_word' id='word_1_981' title='bbox 329 2877 485 2909; x_wconf 53' lang='grc' dir='ltr'>Ῥὶπάεηεὶᾠ.</span> <span class='ocrx_word' id='word_1_982' title='bbox 506 2875 603 2902; x_wconf 85' lang='lat' dir='ltr'>Lamb.</span> <span class='ocrx_word' id='word_1_983' title='bbox 614 2876 777 2909; x_wconf 75' lang='lat' dir='ltr'>Pindrmffitae.</span> 
     </span>
    </p>

    <p class='ocr_par' dir='ltr' id='par_1_16' title="bbox 206 2909 1162 2981">
     <span class='ocr_line' id='line_1_112' title="bbox 241 2909 1162 2946; baseline 0.001 -10"><span class='ocrx_word' id='word_1_984' title='bbox 241 2909 267 2936; x_wconf 82' lang='lat' dir='ltr'>S.</span> <span class='ocrx_word' id='word_1_985' title='bbox 287 2915 383 2944; x_wconf 77' lang='lat' dir='ltr'>Scptime</span> <span class='ocrx_word' id='word_1_986' title='bbox 392 2913 421 2943; x_wconf 63' lang='grc' dir='ltr'>(ἔγ</span> <span class='ocrx_word' id='word_1_987' title='bbox 429 2912 627 2946; x_wconf 62' lang='lat' dir='ltr'>quadragefimo]</span> <span class='ocrx_word' id='word_1_988' title='bbox 642 2912 707 2937; x_wconf 74' lang='lat' dir='ltr'>Haec</span> <span class='ocrx_word' id='word_1_989' title='bbox 717 2910 753 2937; x_wconf 84' lang='lat' dir='ltr'>cst</span> <span class='ocrx_word' id='word_1_990' title='bbox 764 2909 912 2941; x_wconf 80' lang='lat' dir='ltr'>Scidarum,</span> <span class='ocrx_word' id='word_1_991' title='bbox 924 2909 1040 2936; x_wconf 84' lang='lat' dir='ltr'>Crnsell.</span> <span class='ocrx_word' id='word_1_992' title='bbox 1052 2910 1079 2937; x_wconf 71' lang='grc' dir='ltr'>ὃ(</span> <span class='ocrx_word' id='word_1_993' title='bbox 1090 2911 1162 2937; x_wconf 85' lang='lat' dir='ltr'>Tor-</span> 
     </span>
     <span class='ocr_line' id='line_1_113' title="bbox 206 2945 1008 2981; baseline 0.002 -11"><span class='ocrx_word' id='word_1_994' title='bbox 206 2945 266 2971; x_wconf 81' lang='lat' dir='ltr'>naes.</span> <span class='ocrx_word' id='word_1_995' title='bbox 276 2946 360 2974; x_wconf 67' lang='lat' dir='ltr'>lestio</span> <span class='ocrx_word' id='word_1_996' title='bbox 370 2959 376 2974; x_wconf 71' lang='grc' dir='ltr'><strong><em>ι</em></strong></span> <span class='ocrx_word' id='word_1_997' title='bbox 399 2947 494 2974; x_wconf 86' lang='lat' dir='ltr'>formis</span> <span class='ocrx_word' id='word_1_998' title='bbox 503 2946 672 2978; x_wconf 78' lang='lat' dir='ltr'>excusorum,</span> <span class='ocrx_word' id='word_1_999' title='bbox 676 2949 772 2981; x_wconf 78' lang='lat' dir='ltr'>septimo</span> <span class='ocrx_word' id='word_1_1000' title='bbox 779 2947 809 2978; x_wconf 57' lang='grc' dir='ltr'>(γ’</span> <span class='ocrx_word' id='word_1_1001' title='bbox 818 2947 1008 2981; x_wconf 61' lang='lat' dir='ltr'>quinqxaagrfimo.</span> 
     </span>
    </p>

    <p class='ocr_par' dir='ltr' id='par_1_17' title="bbox 241 2983 742 3019">
     <span class='ocr_line' id='line_1_114' title="bbox 241 2983 742 3019; baseline 0.002 -11"><span class='ocrx_word' id='word_1_1002' title='bbox 241 2989 270 3017; x_wconf 89' lang='lat'>9.</span> <span class='ocrx_word' id='word_1_1003' title='bbox 289 2985 359 3009; x_wconf 66' lang='lat' dir='ltr'>&#39;Parni</span> <span class='ocrx_word' id='word_1_1004' title='bbox 368 2984 503 3018; x_wconf 68' lang='lat' dir='ltr'>Ciliciam]</span> <span class='ocrx_word' id='word_1_1005' title='bbox 522 2983 604 3019; x_wconf 88' lang='lat' dir='ltr'>Vulg.</span> <span class='ocrx_word' id='word_1_1006' title='bbox 615 2993 660 3009; x_wconf 85' lang='lat' dir='ltr'>non</span> <span class='ocrx_word' id='word_1_1007' title='bbox 666 2986 742 3017; x_wconf 79' lang='lat' dir='ltr'>potui.</span> 
     </span>
    </p>

    <p class='ocr_par' dir='ltr' id='par_1_18' title="bbox 202 3017 1162 3151">
     <span class='ocr_line' id='line_1_115' title="bbox 231 3017 1162 3078; baseline 0.001 -35"><span class='ocrx_word' id='word_1_1008' title='bbox 231 3027 286 3078; x_wconf 64' lang='lat' dir='ltr'>Iro.</span> <span class='ocrx_word' id='word_1_1009' title='bbox 307 3020 503 3055; x_wconf 59' lang='lat' dir='ltr'>Cela-britann]</span> <span class='ocrx_word' id='word_1_1010' title='bbox 523 3020 566 3046; x_wconf 89' lang='lat' dir='ltr'>Sic</span> <span class='ocrx_word' id='word_1_1011' title='bbox 582 3029 676 3048; x_wconf 81' lang='lat' dir='ltr'>omnes</span> <span class='ocrx_word' id='word_1_1012' title='bbox 694 3019 764 3046; x_wconf 80' lang='lat' dir='ltr'>Boffi</span> <span class='ocrx_word' id='word_1_1013' title='bbox 783 3019 811 3045; x_wconf 79' lang='grc' dir='ltr'>δε</span> <span class='ocrx_word' id='word_1_1014' title='bbox 830 3017 941 3055; x_wconf 84' lang='lat' dir='ltr'>Malasp.</span> <span class='ocrx_word' id='word_1_1015' title='bbox 960 3017 1064 3045; x_wconf 75' lang='lat' dir='ltr'>codices</span> <span class='ocrx_word' id='word_1_1016' title='bbox 1076 3036 1085 3050; x_wconf 94' lang='lat'>‚</span> <span class='ocrx_word' id='word_1_1017' title='bbox 1103 3017 1162 3050; x_wconf 84' lang='lat' dir='ltr'>alii,</span> 
     </span>
     <span class='ocr_line' id='line_1_116' title="bbox 206 3055 346 3079; baseline 0.007 -1"><span class='ocrx_word' id='word_1_1018' title='bbox 206 3062 230 3079; x_wconf 76' lang='lat' dir='ltr'>ec</span> <span class='ocrx_word' id='word_1_1019' title='bbox 240 3055 346 3079; x_wconf 66' lang='lat' dir='ltr'>rbtirate.</span> 
     </span>
     <span class='ocr_line' id='line_1_117' title="bbox 202 3090 1161 3151; baseline 0.003 -37"><span class='ocrx_word' id='word_1_1020' title='bbox 202 3098 255 3151; x_wconf 55' lang='lat' dir='ltr'>⁶isi</span> <span class='ocrx_word' id='word_1_1021' title='bbox 267 3098 287 3115; x_wconf 90' lang='lat'>1.</span> <span class='ocrx_word' id='word_1_1022' title='bbox 307 3090 398 3123; x_wconf 73' lang='lat' dir='ltr'>oppidis</span> <span class='ocrx_word' id='word_1_1023' title='bbox 405 3091 436 3116; x_wconf 72' lang='lat' dir='ltr'>iis</span> <span class='ocrx_word' id='word_1_1024' title='bbox 445 3091 601 3127; x_wconf 60' lang='lat' dir='ltr'>quinum]</span> <span class='ocrx_word' id='word_1_1025' title='bbox 623 3091 806 3120; x_wconf 81' lang='lat' dir='ltr'>ADecurtato</span> <span class='ocrx_word' id='word_1_1026' title='bbox 815 3091 851 3118; x_wconf 82' lang='lat' dir='ltr'>est</span> <span class='ocrx_word' id='word_1_1027' title='bbox 864 3109 873 3124; x_wconf 92' lang='lat'>,</span> <span class='ocrx_word' id='word_1_1028' title='bbox 894 3090 995 3127; x_wconf 80' lang='lat' dir='ltr'>vulgati</span> <span class='ocrx_word' id='word_1_1029' title='bbox 1013 3092 1069 3117; x_wconf 75' lang='lat' dir='ltr'>libri</span> <span class='ocrx_word' id='word_1_1030' title='bbox 1076 3090 1161 3124; x_wconf 57' lang='lat' dir='ltr'>oppidis</span> 
     </span>
    </p>

    <p class='ocr_par' dir='ltr' id='par_1_19' title="bbox 251 3133 387 3159">
     <span class='ocr_line' id='line_1_118' title="bbox 251 3133 387 3159; baseline 0 -8"><span class='ocrx_word' id='word_1_1031' title='bbox 251 3135 300 3159; x_wconf 69' lang='grc' dir='ltr'>φα</span> <span class='ocrx_word' id='word_1_1032' title='bbox 308 3133 387 3152; x_wconf 79' lang='lat' dir='ltr'>eram.</span> 
     </span>
    </p>
   </div>
   <div class='ocr_carea' id='block_1_9' title="bbox 245 3161 1107 3201">
    <p class='ocr_par' dir='ltr' id='par_1_20' title="bbox 245 3161 1107 3201">
     <span class='ocr_line' id='line_1_119' title="bbox 245 3161 1107 3201; baseline 0.003 -14"><span class='ocrx_word' id='word_1_1033' title='bbox 245 3170 276 3188; x_wconf 78' lang='lat' dir='ltr'>ia.</span> <span class='ocrx_word' id='word_1_1034' title='bbox 284 3181 290 3189; x_wconf 87' lang='lat'>.</span> <span class='ocrx_word' id='word_1_1035' title='bbox 310 3163 580 3199; x_wconf 62' lang='lat' dir='ltr'>Perimassresfidnuse]</span> <span class='ocrx_word' id='word_1_1036' title='bbox 598 3166 717 3198; x_wconf 65' lang='lat' dir='ltr'>Raram,</span> <span class='ocrx_word' id='word_1_1037' title='bbox 724 3163 852 3201; x_wconf 77' lang='lat' dir='ltr'>antiquus</span> <span class='ocrx_word' id='word_1_1038' title='bbox 861 3163 1018 3193; x_wconf 71' lang='lat' dir='ltr'>Marionis</span> <span class='ocrx_word' id='word_1_1039' title='bbox 1028 3161 1107 3191; x_wconf 67' lang='lat' dir='ltr'>liber.</span> 
     </span>
    </p>
   </div>
   <div class='ocr_carea' id='block_1_10' title="bbox 2075 2107 2172 2136">
    <p class='ocr_par' dir='ltr' id='par_1_21' title="bbox 2075 2107 2172 2136">
     <span class='ocr_line' id='line_1_120' title="bbox 2075 2107 2172 2136; baseline 0 0"><span class='ocrx_word' id='word_1_1040' title='bbox 2075 2108 2116 2136; x_wconf 86' lang='lat' dir='ltr'>Ar</span> <span class='ocrx_word' id='word_1_1041' title='bbox 2124 2107 2172 2136; x_wconf 88' lang='lat' dir='ltr'>io-</span> 
     </span>
    </p>
   </div>
   <div class='ocr_carea' id='block_1_11' title="bbox 1202 2178 2174 3150">
    <p class='ocr_par' dir='ltr' id='par_1_22' title="bbox 1208 2178 2174 2464">
     <span class='ocr_line' id='line_1_121' title="bbox 1250 2178 2170 2215; baseline -0.002 -9"><span class='ocrx_word' id='word_1_1042' title='bbox 1250 2188 1292 2215; x_wconf 82' lang='lat'>¹3·</span> <span class='ocrx_word' id='word_1_1043' title='bbox 1311 2180 1379 2212; x_wconf 67' lang='lat' dir='ltr'>Qud</span> <span class='ocrx_word' id='word_1_1044' title='bbox 1393 2180 1453 2205; x_wconf 79' lang='lat' dir='ltr'>Idem</span> <span class='ocrx_word' id='word_1_1045' title='bbox 1471 2180 1524 2204; x_wconf 72' lang='lat' dir='ltr'>dein</span> <span class='ocrx_word' id='word_1_1046' title='bbox 1544 2179 1675 2212; x_wconf 55' lang='lat' dir='ltr'>Apama]</span> <span class='ocrx_word' id='word_1_1047' title='bbox 1697 2178 1870 2206; x_wconf 86' lang='lat' dir='ltr'>Concordant</span> <span class='ocrx_word' id='word_1_1048' title='bbox 1889 2179 1957 2205; x_wconf 80' lang='lat' dir='ltr'>ssofii</span> <span class='ocrx_word' id='word_1_1049' title='bbox 1976 2178 2038 2205; x_wconf 81' lang='lat' dir='ltr'>libri</span> <span class='ocrx_word' id='word_1_1050' title='bbox 2057 2187 2117 2205; x_wconf 87' lang='lat' dir='ltr'>cum</span> <span class='ocrx_word' id='word_1_1051' title='bbox 2138 2178 2170 2204; x_wconf 86' lang='lat' dir='ltr'>iis</span> 
     </span>
     <span class='ocr_line' id='line_1_122' title="bbox 1210 2213 2168 2252; baseline -0.003 -10"><span class='ocrx_word' id='word_1_1052' title='bbox 1210 2216 1306 2252; x_wconf 87' lang='lat' dir='ltr'>quibus</span> <span class='ocrx_word' id='word_1_1053' title='bbox 1317 2215 1430 2241; x_wconf 67' lang='lat' dir='ltr'>unusest</span> <span class='ocrx_word' id='word_1_1054' title='bbox 1442 2213 1552 2250; x_wconf 61' lang='lat' dir='ltr'>Mazasp.</span> <span class='ocrx_word' id='word_1_1055' title='bbox 1565 2214 1594 2240; x_wconf 64' lang='grc' dir='ltr'>ὃς</span> <span class='ocrx_word' id='word_1_1056' title='bbox 1605 2223 1663 2241; x_wconf 86' lang='lat' dir='ltr'>cum</span> <span class='ocrx_word' id='word_1_1057' title='bbox 1676 2214 1830 2248; x_wconf 56' lang='lat' dir='ltr'>conjectura</span> <span class='ocrx_word' id='word_1_1058' title='bbox 1839 2214 1953 2242; x_wconf 85' lang='lat' dir='ltr'>Manutii</span> <span class='ocrx_word' id='word_1_1059' title='bbox 1966 2234 1975 2246; x_wconf 81' lang='lat'><em>‚</em></span> <span class='ocrx_word' id='word_1_1060' title='bbox 1993 2222 2052 2251; x_wconf 74' lang='lat' dir='ltr'>quae</span> <span class='ocrx_word' id='word_1_1061' title='bbox 2061 2213 2168 2250; x_wconf 82' lang='lat' dir='ltr'>quidem</span> 
     </span>
     <span class='ocr_line' id='line_1_123' title="bbox 1211 2249 2174 2286; baseline -0.004 -8"><span class='ocrx_word' id='word_1_1062' title='bbox 1211 2252 1367 2278; x_wconf 77' lang='lat' dir='ltr'>confirmata</span> <span class='ocrx_word' id='word_1_1063' title='bbox 1384 2251 1419 2277; x_wconf 76' lang='lat' dir='ltr'>est</span> <span class='ocrx_word' id='word_1_1064' title='bbox 1440 2251 1511 2276; x_wconf 81' lang='lat' dir='ltr'>libro</span> <span class='ocrx_word' id='word_1_1065' title='bbox 1522 2249 1662 2276; x_wconf 81' lang='lat' dir='ltr'>Urbinatis</span> <span class='ocrx_word' id='word_1_1066' title='bbox 1679 2250 1764 2277; x_wconf 80' lang='lat' dir='ltr'>ducis.</span> <span class='ocrx_word' id='word_1_1067' title='bbox 1785 2252 1901 2278; x_wconf 67' lang='lat' dir='ltr'>Faernus</span> <span class='ocrx_word' id='word_1_1068' title='bbox 1922 2250 1959 2277; x_wconf 81' lang='lat' dir='ltr'>ira</span> <span class='ocrx_word' id='word_1_1069' title='bbox 1969 2250 2073 2286; x_wconf 84' lang='lat' dir='ltr'>legebat</span> <span class='ocrx_word' id='word_1_1070' title='bbox 2086 2269 2094 2282; x_wconf 94' lang='lat'>‚</span> <span class='ocrx_word' id='word_1_1071' title='bbox 2112 2249 2174 2284; x_wconf 71' lang='lat' dir='ltr'>quod</span> 
     </span>
     <span class='ocr_line' id='line_1_124' title="bbox 1208 2285 2172 2321; baseline -0.002 -8"><span class='ocrx_word' id='word_1_1072' title='bbox 1208 2288 1267 2313; x_wconf 74' lang='lat' dir='ltr'>idem</span> <span class='ocrx_word' id='word_1_1073' title='bbox 1275 2290 1384 2320; x_wconf 67' lang='lat' dir='ltr'>Apameae</span> <span class='ocrx_word' id='word_1_1074' title='bbox 1394 2306 1402 2319; x_wconf 86' lang='lat'>‚</span> <span class='ocrx_word' id='word_1_1075' title='bbox 1425 2295 1485 2312; x_wconf 85' lang='lat' dir='ltr'>cum</span> <span class='ocrx_word' id='word_1_1076' title='bbox 1496 2286 1522 2312; x_wconf 87' lang='lat' dir='ltr'>in</span> <span class='ocrx_word' id='word_1_1077' title='bbox 1536 2286 1649 2319; x_wconf 63' lang='lat' dir='ltr'>vulgatis</span> <span class='ocrx_word' id='word_1_1078' title='bbox 1662 2285 1724 2312; x_wconf 62' lang='lat' dir='ltr'>elil-02</span> <span class='ocrx_word' id='word_1_1079' title='bbox 1737 2306 1744 2317; x_wconf 84' lang='lat'><strong><em>‚</em></strong></span> <span class='ocrx_word' id='word_1_1080' title='bbox 1763 2288 1823 2321; x_wconf 75' lang='lat' dir='ltr'>quod</span> <span class='ocrx_word' id='word_1_1081' title='bbox 1830 2287 1884 2312; x_wconf 76' lang='lat' dir='ltr'>dein</span> <span class='ocrx_word' id='word_1_1082' title='bbox 1892 2290 2029 2319; x_wconf 44' lang='lat' dir='ltr'>apameam</span> <span class='ocrx_word' id='word_1_1083' title='bbox 2045 2285 2117 2321; x_wconf 83' lang='lat' dir='ltr'>quod</span> <span class='ocrx_word' id='word_1_1084' title='bbox 2131 2285 2172 2311; x_wconf 80' lang='lat' dir='ltr'>vi-</span> 
     </span>
     <span class='ocr_line' id='line_1_125' title="bbox 1209 2321 2168 2357; baseline -0.004 -7"><span class='ocrx_word' id='word_1_1085' title='bbox 1209 2323 1305 2350; x_wconf 85' lang='lat' dir='ltr'>tiosum</span> <span class='ocrx_word' id='word_1_1086' title='bbox 1318 2322 1367 2349; x_wconf 79' lang='lat' dir='ltr'>effe</span> <span class='ocrx_word' id='word_1_1087' title='bbox 1386 2322 1514 2357; x_wconf 78' lang='lat' dir='ltr'>cognorit</span> <span class='ocrx_word' id='word_1_1088' title='bbox 1524 2321 1631 2356; x_wconf 82' lang='lat' dir='ltr'>quidem</span> <span class='ocrx_word' id='word_1_1089' title='bbox 1644 2321 1779 2349; x_wconf 57' lang='lat' dir='ltr'>Vit‘lorius</span> <span class='ocrx_word' id='word_1_1090' title='bbox 1790 2342 1799 2355; x_wconf 87' lang='lat'>,</span> <span class='ocrx_word' id='word_1_1091' title='bbox 1823 2321 1866 2348; x_wconf 87' lang='lat' dir='ltr'>sed</span> <span class='ocrx_word' id='word_1_1092' title='bbox 1879 2322 2033 2349; x_wconf 74' lang='lat' dir='ltr'>medicinam</span> <span class='ocrx_word' id='word_1_1093' title='bbox 2044 2321 2168 2348; x_wconf 84' lang='lat' dir='ltr'>adhibere</span> 
     </span>
     <span class='ocr_line' id='line_1_126' title="bbox 1210 2356 2169 2396; baseline -0.003 -10"><span class='ocrx_word' id='word_1_1094' title='bbox 1210 2369 1261 2386; x_wconf 85' lang='lat' dir='ltr'>non</span> <span class='ocrx_word' id='word_1_1095' title='bbox 1281 2359 1380 2396; x_wconf 85' lang='lat' dir='ltr'>potuit.</span> <span class='ocrx_word' id='word_1_1096' title='bbox 1400 2357 1537 2385; x_wconf 60' lang='lat' dir='ltr'>Lorradus</span> <span class='ocrx_word' id='word_1_1097' title='bbox 1551 2377 1559 2389; x_wconf 96' lang='lat'>,</span> <span class='ocrx_word' id='word_1_1098' title='bbox 1588 2358 1616 2383; x_wconf 73' lang='lat' dir='ltr'>Sc</span> <span class='ocrx_word' id='word_1_1099' title='bbox 1636 2358 1704 2384; x_wconf 81' lang='lat' dir='ltr'>huuc</span> <span class='ocrx_word' id='word_1_1100' title='bbox 1721 2358 1846 2394; x_wconf 81' lang='lat' dir='ltr'>sequutus</span> <span class='ocrx_word' id='word_1_1101' title='bbox 1866 2358 2012 2384; x_wconf 81' lang='lat' dir='ltr'>Lambinus</span> <span class='ocrx_word' id='word_1_1102' title='bbox 2024 2377 2032 2389; x_wconf 87' lang='lat'>,</span> <span class='ocrx_word' id='word_1_1103' title='bbox 2050 2356 2104 2383; x_wconf 87' lang='lat' dir='ltr'>duo</span> <span class='ocrx_word' id='word_1_1104' title='bbox 2122 2356 2169 2383; x_wconf 80' lang='lat' dir='ltr'>illa</span> 
     </span>
     <span class='ocr_line' id='line_1_127' title="bbox 1212 2393 2168 2429; baseline -0.005 -7"><span class='ocrx_word' id='word_1_1105' title='bbox 1212 2395 1336 2422; x_wconf 78' lang='lat' dir='ltr'>vocabula</span> <span class='ocrx_word' id='word_1_1106' title='bbox 1349 2415 1356 2427; x_wconf 91' lang='lat'><em>,</em></span> <span class='ocrx_word' id='word_1_1107' title='bbox 1375 2395 1438 2429; x_wconf 73' lang='lat' dir='ltr'>quod</span> <span class='ocrx_word' id='word_1_1108' title='bbox 1453 2395 1505 2419; x_wconf 68' lang='lat' dir='ltr'>dein</span> <span class='ocrx_word' id='word_1_1109' title='bbox 1520 2413 1526 2423; x_wconf 84' lang='grc'>,</span> <span class='ocrx_word' id='word_1_1110' title='bbox 1548 2401 1651 2420; x_wconf 74' lang='lat' dir='ltr'>mutant</span> <span class='ocrx_word' id='word_1_1111' title='bbox 1671 2394 1696 2420; x_wconf 92' lang='lat' dir='ltr'>in</span> <span class='ocrx_word' id='word_1_1112' title='bbox 1710 2413 1718 2426; x_wconf 86' lang='lat'>,</span> <span class='ocrx_word' id='word_1_1113' title='bbox 1737 2395 1906 2427; x_wconf 62' lang='lat' dir='ltr'>quadriennii,</span> <span class='ocrx_word' id='word_1_1114' title='bbox 1925 2395 1953 2419; x_wconf 53' lang='grc' dir='ltr'>ἃ</span> <span class='ocrx_word' id='word_1_1115' title='bbox 1973 2393 2101 2429; x_wconf 78' lang='lat' dir='ltr'>proxima:</span> <span class='ocrx_word' id='word_1_1116' title='bbox 2119 2402 2168 2429; x_wconf 80' lang='lat' dir='ltr'>pe-</span> 
     </span>
     <span class='ocr_line' id='line_1_128' title="bbox 1210 2429 2148 2464; baseline 0.001 -10"><span class='ocrx_word' id='word_1_1117' title='bbox 1210 2431 1286 2458; x_wconf 76' lang='lat' dir='ltr'>fiodo</span> <span class='ocrx_word' id='word_1_1118' title='bbox 1297 2433 1334 2458; x_wconf 78' lang='lat' dir='ltr'>ita</span> <span class='ocrx_word' id='word_1_1119' title='bbox 1344 2429 1502 2461; x_wconf 66' lang='grc' dir='ltr'>ηηηεξωῃῑ,</span> <span class='ocrx_word' id='word_1_1120' title='bbox 1513 2439 1589 2456; x_wconf 74' lang='lat' dir='ltr'>omnes</span> <span class='ocrx_word' id='word_1_1121' title='bbox 1600 2433 1702 2462; x_wconf 52' lang='lat' dir='ltr'>rnre-ias</span> <span class='ocrx_word' id='word_1_1122' title='bbox 1713 2430 1974 2462; x_wconf 62' lang='lat' dir='ltr'>rere&#39;limmfitpcrioris</span> <span class='ocrx_word' id='word_1_1123' title='bbox 1984 2429 2148 2464; x_wconf 70' lang='lat' dir='ltr'>quadriennii.</span> 
     </span>
    </p>

    <p class='ocr_par' dir='ltr' id='par_1_23' title="bbox 1250 2465 1936 2501">
     <span class='ocr_line' id='line_1_129' title="bbox 1250 2465 1936 2501; baseline -0.006 -7"><span class='ocrx_word' id='word_1_1124' title='bbox 1250 2475 1292 2501; x_wconf 79' lang='lat'>14.</span> <span class='ocrx_word' id='word_1_1125' title='bbox 1312 2467 1442 2500; x_wconf 62' lang='lat' dir='ltr'>flerimus]</span> <span class='ocrx_word' id='word_1_1126' title='bbox 1461 2465 1557 2492; x_wconf 81' lang='lat' dir='ltr'>Lamb.</span> <span class='ocrx_word' id='word_1_1127' title='bbox 1568 2474 1601 2491; x_wconf 61' lang='grc' dir='ltr'>αϊ</span> <span class='ocrx_word' id='word_1_1128' title='bbox 1614 2465 1832 2498; x_wconf 75' lang='lat' dir='ltr'>Cori·ado,jb›·.⁷em</span> <span class='ocrx_word' id='word_1_1129' title='bbox 1841 2468 1936 2498; x_wconf 78' lang='lat' dir='ltr'>egimus.</span> 
     </span>
    </p>

    <p class='ocr_par' dir='ltr' id='par_1_24' title="bbox 1248 2502 1760 2537">
     <span class='ocr_line' id='line_1_130' title="bbox 1248 2502 1760 2537; baseline -0.006 -8"><span class='ocrx_word' id='word_1_1130' title='bbox 1248 2513 1257 2530; x_wconf 85' lang='lat'>1</span> <span class='ocrx_word' id='word_1_1131' title='bbox 1267 2513 1291 2535; x_wconf 77' lang='grc' dir='ltr'>ς.</span> <span class='ocrx_word' id='word_1_1132' title='bbox 1309 2506 1339 2528; x_wconf 84' lang='lat' dir='ltr'>In</span> <span class='ocrx_word' id='word_1_1133' title='bbox 1349 2504 1426 2532; x_wconf 69' lang='lat' dir='ltr'>castra</span> <span class='ocrx_word' id='word_1_1134' title='bbox 1434 2503 1517 2537; x_wconf 63' lang='lat' dir='ltr'>veni]</span> <span class='ocrx_word' id='word_1_1135' title='bbox 1540 2502 1619 2537; x_wconf 77' lang='lat' dir='ltr'>Vulg.</span> <span class='ocrx_word' id='word_1_1136' title='bbox 1632 2502 1664 2526; x_wconf 76' lang='lat' dir='ltr'>ad</span> <span class='ocrx_word' id='word_1_1137' title='bbox 1673 2504 1760 2534; x_wconf 68' lang='lat' dir='ltr'>castra.</span> 
     </span>
    </p>

    <p class='ocr_par' dir='ltr' id='par_1_25' title="bbox 1246 2538 1798 2573">
     <span class='ocr_line' id='line_1_131' title="bbox 1246 2538 1798 2573; baseline -0.007 -6"><span class='ocrx_word' id='word_1_1138' title='bbox 1246 2541 1289 2567; x_wconf 88' lang='lat'>16.</span> <span class='ocrx_word' id='word_1_1139' title='bbox 1311 2539 1502 2572; x_wconf 50' lang='lat' dir='ltr'>ostrawa-sdes]</span> <span class='ocrx_word' id='word_1_1140' title='bbox 1515 2538 1629 2573; x_wconf 70' lang='lat' dir='ltr'>junius,</span> <span class='ocrx_word' id='word_1_1141' title='bbox 1639 2538 1798 2571; x_wconf 63' lang='lat' dir='ltr'>Armxafiies.</span> 
     </span>
    </p>

    <p class='ocr_par' dir='ltr' id='par_1_26' title="bbox 1207 2579 2167 2693">
     <span class='ocr_line' id='line_1_132' title="bbox 1246 2579 2166 2619; baseline -0.003 -9"><span class='ocrx_word' id='word_1_1142' title='bbox 1246 2593 1288 2619; x_wconf 80' lang='lat'>¹7.</span> <span class='ocrx_word' id='word_1_1143' title='bbox 1307 2586 1392 2610; x_wconf 71' lang='lat' dir='ltr'>Cilicia</span> <span class='ocrx_word' id='word_1_1144' title='bbox 1409 2583 1482 2617; x_wconf 66' lang='lat' dir='ltr'>imm]</span> <span class='ocrx_word' id='word_1_1145' title='bbox 1503 2583 1561 2608; x_wconf 78' lang='lat' dir='ltr'>Vox</span> <span class='ocrx_word' id='word_1_1146' title='bbox 1574 2585 1622 2607; x_wconf 81' lang='lat' dir='ltr'>ima</span> <span class='ocrx_word' id='word_1_1147' title='bbox 1639 2580 1709 2608; x_wconf 56' lang='lat' dir='ltr'>deest</span> <span class='ocrx_word' id='word_1_1148' title='bbox 1728 2581 1754 2607; x_wconf 90' lang='lat' dir='ltr'>in</span> <span class='ocrx_word' id='word_1_1149' title='bbox 1775 2580 1897 2608; x_wconf 84' lang='lat' dir='ltr'>omnibns</span> <span class='ocrx_word' id='word_1_1150' title='bbox 1909 2579 1981 2615; x_wconf 86' lang='lat' dir='ltr'>vulg.</span> <span class='ocrx_word' id='word_1_1151' title='bbox 2002 2580 2075 2614; x_wconf 87' lang='lat' dir='ltr'>cujus</span> <span class='ocrx_word' id='word_1_1152' title='bbox 2094 2579 2166 2613; x_wconf 64' lang='lat'><strong>1006,</strong></span> 
     </span>
     <span class='ocr_line' id='line_1_133' title="bbox 1207 2615 2167 2651; baseline -0.003 -3"><span class='ocrx_word' id='word_1_1153' title='bbox 1207 2620 1455 2647; x_wconf 65' lang='lat' dir='ltr'>Vi&amp;orianiomncs</span> <span class='ocrx_word' id='word_1_1154' title='bbox 1468 2639 1476 2651; x_wconf 90' lang='lat'><strong>‚</strong></span> <span class='ocrx_word' id='word_1_1155' title='bbox 1495 2618 1548 2645; x_wconf 79' lang='lat' dir='ltr'>duo</span> <span class='ocrx_word' id='word_1_1156' title='bbox 1559 2617 1706 2644; x_wconf 75' lang='lat' dir='ltr'>Manutiini</span> <span class='ocrx_word' id='word_1_1157' title='bbox 1719 2617 1746 2642; x_wconf 74' lang='lat' dir='ltr'>St</span> <span class='ocrx_word' id='word_1_1158' title='bbox 1766 2616 1884 2643; x_wconf 73' lang='lat' dir='ltr'>Termes.</span> <span class='ocrx_word' id='word_1_1159' title='bbox 1905 2616 2002 2644; x_wconf 83' lang='lat' dir='ltr'>habent</span> <span class='ocrx_word' id='word_1_1160' title='bbox 2020 2619 2061 2644; x_wconf 74' lang='lat' dir='ltr'>in:</span> <span class='ocrx_word' id='word_1_1161' title='bbox 2082 2615 2126 2644; x_wconf 86' lang='lat' dir='ltr'>sed</span> <span class='ocrx_word' id='word_1_1162' title='bbox 2136 2625 2167 2645; x_wconf 76' lang='lat' dir='ltr'>ea</span> 
     </span>
     <span class='ocr_line' id='line_1_134' title="bbox 1210 2652 1931 2693; baseline -0.006 -10"><span class='ocrx_word' id='word_1_1163' title='bbox 1210 2656 1287 2693; x_wconf 63' lang='lat' dir='ltr'>plane</span> <span class='ocrx_word' id='word_1_1164' title='bbox 1298 2655 1420 2683; x_wconf 81' lang='lat' dir='ltr'>omnibus</span> <span class='ocrx_word' id='word_1_1165' title='bbox 1431 2655 1528 2681; x_wconf 78' lang='lat' dir='ltr'>litteris</span> <span class='ocrx_word' id='word_1_1166' title='bbox 1539 2653 1680 2689; x_wconf 78' lang='lat' dir='ltr'>perscripta</span> <span class='ocrx_word' id='word_1_1167' title='bbox 1690 2653 1725 2678; x_wconf 81' lang='lat' dir='ltr'>est</span> <span class='ocrx_word' id='word_1_1168' title='bbox 1737 2652 1762 2678; x_wconf 90' lang='lat' dir='ltr'>in</span> <span class='ocrx_word' id='word_1_1169' title='bbox 1775 2653 1931 2679; x_wconf 69' lang='lat' dir='ltr'>Decurtato.</span> 
     </span>
    </p>

    <p class='ocr_par' dir='ltr' id='par_1_27' title="bbox 1245 2688 1886 2724">
     <span class='ocr_line' id='line_1_135' title="bbox 1245 2688 1886 2724; baseline -0.006 -5"><span class='ocrx_word' id='word_1_1170' title='bbox 1245 2692 1287 2719; x_wconf 85' lang='lat'>18.</span> <span class='ocrx_word' id='word_1_1171' title='bbox 1306 2691 1587 2724; x_wconf 67' lang='lat' dir='ltr'>A.D.111.1d.o.s10b.]</span> <span class='ocrx_word' id='word_1_1172' title='bbox 1609 2689 1697 2724; x_wconf 58' lang='lat' dir='ltr'>Vulgi,</span> <span class='ocrx_word' id='word_1_1173' title='bbox 1713 2688 1798 2716; x_wconf 75' lang='lat' dir='ltr'>adm.</span> <span class='ocrx_word' id='word_1_1174' title='bbox 1810 2690 1886 2715; x_wconf 66' lang='lat' dir='ltr'>orrab.</span> 
     </span>
    </p>

    <p class='ocr_par' dir='ltr' id='par_1_28' title="bbox 1248 2726 1714 2763">
     <span class='ocr_line' id='line_1_136' title="bbox 1248 2726 1714 2763; baseline -0.006 -9"><span class='ocrx_word' id='word_1_1175' title='bbox 1248 2737 1290 2763; x_wconf 81' lang='lat'>19.</span> <span class='ocrx_word' id='word_1_1176' title='bbox 1311 2727 1466 2761; x_wconf 55' lang='lat' dir='ltr'>occidimus]</span> <span class='ocrx_word' id='word_1_1177' title='bbox 1487 2728 1507 2752; x_wconf 85' lang='lat' dir='ltr'>V</span> <span class='ocrx_word' id='word_1_1178' title='bbox 1513 2726 1714 2759; x_wconf 70' lang='lat' dir='ltr'>ulg.cccia&#39;imus.</span> 
     </span>
    </p>

    <p class='ocr_par' dir='ltr' id='par_1_29' title="bbox 1241 2760 1900 2796">
     <span class='ocr_line' id='line_1_137' title="bbox 1241 2760 1900 2796; baseline -0.005 -7"><span class='ocrx_word' id='word_1_1179' title='bbox 1241 2773 1290 2790; x_wconf 87' lang='lat'>20.</span> <span class='ocrx_word' id='word_1_1180' title='bbox 1309 2765 1488 2795; x_wconf 70' lang='lat' dir='ltr'>Castrapancos</span> <span class='ocrx_word' id='word_1_1181' title='bbox 1500 2762 1574 2795; x_wconf 51' lang='lat' dir='ltr'>drea]</span> <span class='ocrx_word' id='word_1_1182' title='bbox 1596 2763 1615 2785; x_wconf 75' lang='lat' dir='ltr'>V</span> <span class='ocrx_word' id='word_1_1183' title='bbox 1621 2761 1676 2796; x_wconf 85' lang='lat' dir='ltr'>nlg.</span> <span class='ocrx_word' id='word_1_1184' title='bbox 1683 2768 1773 2793; x_wconf 72' lang='lat' dir='ltr'>pancos</span> <span class='ocrx_word' id='word_1_1185' title='bbox 1781 2763 1832 2793; x_wconf 72' lang='lat' dir='ltr'>pof?</span> <span class='ocrx_word' id='word_1_1186' title='bbox 1840 2760 1900 2788; x_wconf 74' lang='lat' dir='ltr'>dies.</span> 
     </span>
    </p>

    <p class='ocr_par' dir='ltr' id='par_1_30' title="bbox 1202 2796 2164 2879">
     <span class='ocr_line' id='line_1_138' title="bbox 1240 2796 2164 2838; baseline -0.004 -6"><span class='ocrx_word' id='word_1_1187' title='bbox 1240 2814 1286 2832; x_wconf 85' lang='lat'>21.</span> <span class='ocrx_word' id='word_1_1188' title='bbox 1305 2806 1351 2830; x_wconf 75' lang='lat' dir='ltr'>Stis</span> <span class='ocrx_word' id='word_1_1189' title='bbox 1362 2807 1422 2830; x_wconf 82' lang='lat' dir='ltr'>enim</span> <span class='ocrx_word' id='word_1_1190' title='bbox 1431 2804 1502 2837; x_wconf 45' lang='lat' dir='ltr'>Aah]</span> <span class='ocrx_word' id='word_1_1191' title='bbox 1526 2802 1607 2838; x_wconf 84' lang='lat' dir='ltr'>ang.</span> <span class='ocrx_word' id='word_1_1192' title='bbox 1618 2805 1712 2828; x_wconf 64' lang='lat' dir='ltr'>interim</span> <span class='ocrx_word' id='word_1_1193' title='bbox 1722 2803 1771 2836; x_wconf 74' lang='lat' dir='ltr'>fiis</span> <span class='ocrx_word' id='word_1_1194' title='bbox 1788 2805 1850 2828; x_wconf 81' lang='lat' dir='ltr'>enim</span> <span class='ocrx_word' id='word_1_1195' title='bbox 1857 2802 1962 2837; x_wconf 69' lang='lat' dir='ltr'>quadam</span> <span class='ocrx_word' id='word_1_1196' title='bbox 1974 2796 2095 2836; x_wconf 53' lang='lat' dir='ltr'>vavi&amp;</span> <span class='ocrx_word' id='word_1_1197' title='bbox 2107 2801 2164 2835; x_wconf 70' lang='lat' dir='ltr'>a&#39;t&#39;d,</span> 
     </span>
     <span class='ocr_line' id='line_1_139' title="bbox 1202 2841 1478 2879; baseline -0.004 -7"><span class='ocrx_word' id='word_1_1198' title='bbox 1202 2848 1257 2873; x_wconf 73' lang='lat' dir='ltr'>item</span> <span class='ocrx_word' id='word_1_1199' title='bbox 1268 2843 1309 2874; x_wconf 78' lang='grc' dir='ltr'>τιὶ</span> <span class='ocrx_word' id='word_1_1200' title='bbox 1322 2841 1386 2874; x_wconf 60' lang='grc' dir='ltr'><em>κεναὶ</em></span> <span class='ocrx_word' id='word_1_1201' title='bbox 1399 2866 1407 2879; x_wconf 91' lang='grc'><strong><em>,</em></strong></span> <span class='ocrx_word' id='word_1_1202' title='bbox 1428 2847 1478 2877; x_wconf 56' lang='lat' dir='ltr'>&amp;a</span> 
     </span>
    </p>

    <p class='ocr_par' dir='ltr' id='par_1_31' title="bbox 1203 2884 2159 3022">
     <span class='ocr_line' id='line_1_140' title="bbox 1240 2884 2159 2922; baseline 0.002 -10"><span class='ocrx_word' id='word_1_1203' title='bbox 1240 2896 1287 2913; x_wconf 79' lang='lat'>22.</span> <span class='ocrx_word' id='word_1_1204' title='bbox 1308 2885 1415 2921; x_wconf 42' lang='lat' dir='ltr'>Osaces]</span> <span class='ocrx_word' id='word_1_1205' title='bbox 1437 2887 1478 2912; x_wconf 86' lang='lat' dir='ltr'>Ita</span> <span class='ocrx_word' id='word_1_1206' title='bbox 1497 2884 1756 2921; x_wconf 65' lang='lat' dir='ltr'>repostntVietorius</span> <span class='ocrx_word' id='word_1_1207' title='bbox 1767 2895 1801 2913; x_wconf 87' lang='lat' dir='ltr'>ex</span> <span class='ocrx_word' id='word_1_1208' title='bbox 1820 2885 1865 2913; x_wconf 73' lang='lat' dir='ltr'>fiio</span> <span class='ocrx_word' id='word_1_1209' title='bbox 1882 2886 2053 2922; x_wconf 86' lang='lat' dir='ltr'>antiquiori,</span> <span class='ocrx_word' id='word_1_1210' title='bbox 2071 2894 2159 2920; x_wconf 81' lang='lat' dir='ltr'>antea,</span> 
     </span>
     <span class='ocr_line' id='line_1_141' title="bbox 1204 2927 1292 2950; baseline 0.011 -1"><span class='ocrx_word' id='word_1_1211' title='bbox 1204 2927 1221 2949; x_wconf 90' lang='grc' dir='ltr'><strong><em>Ο</em></strong></span> <span class='ocrx_word' id='word_1_1212' title='bbox 1233 2932 1292 2950; x_wconf 79' lang='lat' dir='ltr'>ates.</span> 
     </span>
     <span class='ocr_line' id='line_1_142' title="bbox 1216 2923 2158 2995; baseline 0.002 -11"><span class='ocrx_word' id='word_1_1213' title='bbox 1216 2923 1286 2994; x_wconf 53' lang='grc' dir='ltr'>[ις.</span> <span class='ocrx_word' id='word_1_1214' title='bbox 1306 2959 1478 2984; x_wconf 75' lang='lat' dir='ltr'>Salurnllllhus</span> <span class='ocrx_word' id='word_1_1215' title='bbox 1487 2957 1590 2992; x_wconf 50' lang='lat' dir='ltr'>femin]</span> <span class='ocrx_word' id='word_1_1216' title='bbox 1613 2958 1648 2984; x_wconf 81' lang='lat' dir='ltr'>Et</span> <span class='ocrx_word' id='word_1_1217' title='bbox 1659 2957 1708 2984; x_wconf 88' lang='lat' dir='ltr'>hoc</span> <span class='ocrx_word' id='word_1_1218' title='bbox 1718 2958 1754 2985; x_wconf 85' lang='lat' dir='ltr'>cst</span> <span class='ocrx_word' id='word_1_1219' title='bbox 1765 2958 1781 2985; x_wconf 74' lang='lat' dir='ltr'>:i</span> <span class='ocrx_word' id='word_1_1220' title='bbox 1791 2957 1914 2985; x_wconf 60' lang='lat' dir='ltr'>Vissorio</span> <span class='ocrx_word' id='word_1_1221' title='bbox 1925 2968 1933 2990; x_wconf 87' lang='lat'>;</span> <span class='ocrx_word' id='word_1_1222' title='bbox 1954 2959 2026 2995; x_wconf 88' lang='lat' dir='ltr'>prius</span> <span class='ocrx_word' id='word_1_1223' title='bbox 2035 2962 2158 2986; x_wconf 79' lang='lat' dir='ltr'>Samma-</span> 
     </span>
     <span class='ocr_line' id='line_1_143' title="bbox 1203 2995 1352 3022; baseline 0 -2"><span class='ocrx_word' id='word_1_1224' title='bbox 1203 2996 1266 3020; x_wconf 77' lang='lat' dir='ltr'>libus</span> <span class='ocrx_word' id='word_1_1225' title='bbox 1275 2995 1352 3022; x_wconf 70' lang='lat' dir='ltr'>cerris.</span> 
     </span>
    </p>

    <p class='ocr_par' dir='ltr' id='par_1_32' title="bbox 1202 3033 2158 3107">
     <span class='ocr_line' id='line_1_144' title="bbox 1240 3033 2158 3072; baseline -0.003 -10"><span class='ocrx_word' id='word_1_1226' title='bbox 1240 3044 1286 3069; x_wconf 86' lang='lat'>24.</span> <span class='ocrx_word' id='word_1_1227' title='bbox 1306 3039 1410 3070; x_wconf 71' lang='lat' dir='ltr'>Necjam</span> <span class='ocrx_word' id='word_1_1228' title='bbox 1420 3034 1480 3069; x_wconf 70' lang='lat' dir='ltr'>ego]</span> <span class='ocrx_word' id='word_1_1229' title='bbox 1502 3035 1568 3061; x_wconf 77' lang='lat' dir='ltr'>Haec</span> <span class='ocrx_word' id='word_1_1230' title='bbox 1585 3033 1621 3061; x_wconf 89' lang='lat' dir='ltr'>est</span> <span class='ocrx_word' id='word_1_1231' title='bbox 1641 3035 1783 3063; x_wconf 78' lang='lat' dir='ltr'>Decurtati</span> <span class='ocrx_word' id='word_1_1232' title='bbox 1801 3034 1892 3062; x_wconf 71' lang='lat' dir='ltr'>leffio.</span> <span class='ocrx_word' id='word_1_1233' title='bbox 1916 3034 2023 3072; x_wconf 81' lang='lat' dir='ltr'>quidam</span> <span class='ocrx_word' id='word_1_1234' title='bbox 2045 3041 2158 3065; x_wconf 74' lang='lat' dir='ltr'>veteres,</span> 
     </span>
     <span class='ocr_line' id='line_1_145' title="bbox 1202 3072 1608 3107; baseline -0.002 -10"><span class='ocrx_word' id='word_1_1235' title='bbox 1202 3081 1242 3097; x_wconf 76' lang='lat' dir='ltr'>nec</span> <span class='ocrx_word' id='word_1_1236' title='bbox 1252 3080 1317 3098; x_wconf 78' lang='lat' dir='ltr'>ram:</span> <span class='ocrx_word' id='word_1_1237' title='bbox 1337 3072 1416 3107; x_wconf 84' lang='lat' dir='ltr'>Vulg.</span> <span class='ocrx_word' id='word_1_1238' title='bbox 1427 3080 1467 3096; x_wconf 82' lang='lat' dir='ltr'>nec</span> <span class='ocrx_word' id='word_1_1239' title='bbox 1477 3076 1555 3096; x_wconf 65' lang='lat' dir='ltr'>iamin</span> <span class='ocrx_word' id='word_1_1240' title='bbox 1564 3079 1608 3103; x_wconf 80' lang='lat' dir='ltr'>ego.</span> 
     </span>
    </p>

    <p class='ocr_par' dir='ltr' id='par_1_33' title="bbox 1239 3106 2160 3150">
     <span class='ocr_line' id='line_1_146' title="bbox 1239 3106 2160 3150; baseline -0.008 -12"><span class='ocrx_word' id='word_1_1241' title='bbox 1239 3121 1287 3146; x_wconf 81' lang='lat'>25.</span> <span class='ocrx_word' id='word_1_1242' title='bbox 1306 3113 1373 3138; x_wconf 69' lang='lat' dir='ltr'>Reflb</span> <span class='ocrx_word' id='word_1_1243' title='bbox 1382 3108 1598 3150; x_wconf 53' lang='lat' dir='ltr'>meva-imam]</span> <span class='ocrx_word' id='word_1_1244' title='bbox 1627 3109 1692 3137; x_wconf 79' lang='lat' dir='ltr'>Haec</span> <span class='ocrx_word' id='word_1_1245' title='bbox 1702 3117 1808 3146; x_wconf 87' lang='lat' dir='ltr'>quoque</span> <span class='ocrx_word' id='word_1_1246' title='bbox 1828 3108 1979 3137; x_wconf 81' lang='lat' dir='ltr'>emendatio</span> <span class='ocrx_word' id='word_1_1247' title='bbox 1989 3106 2101 3134; x_wconf 76' lang='lat' dir='ltr'>debetur</span> <span class='ocrx_word' id='word_1_1248' title='bbox 2111 3106 2160 3131; x_wconf 87' lang='lat' dir='ltr'>Vi-</span> 
     </span>
    </p>
   </div>
   <div class='ocr_carea' id='block_1_12' title="bbox 1202 3153 2160 3234">
    <p class='ocr_par' dir='ltr' id='par_1_34' title="bbox 1202 3153 2160 3234">
     <span class='ocr_line' id='line_1_147' title="bbox 1202 3153 1620 3192; baseline -0.002 -7"><span class='ocrx_word' id='word_1_1249' title='bbox 1202 3157 1299 3188; x_wconf 63' lang='lat' dir='ltr'>sterio.</span> <span class='ocrx_word' id='word_1_1250' title='bbox 1309 3158 1437 3188; x_wconf 81' lang='lat' dir='ltr'>Germani</span> <span class='ocrx_word' id='word_1_1251' title='bbox 1447 3153 1620 3192; x_wconf 62' lang='lat' dir='ltr'>m&#39;pewpecu.</span> 
     </span>
     <span class='ocr_line' id='line_1_148' title="bbox 1504 3191 2160 3234; baseline -0.014 0"><span class='ocrx_word' id='word_1_1252' title='bbox 1504 3206 1528 3234; x_wconf 69' lang='grc' dir='ltr'>ι.</span> <span class='ocrx_word' id='word_1_1253' title='bbox 1539 3205 1548 3233; x_wconf 83' lang='grc' dir='ltr'>ι</span> <span class='ocrx_word' id='word_1_1254' title='bbox 1559 3206 1568 3233; x_wconf 86' lang='lat'>1</span> <span class='ocrx_word' id='word_1_1255' title='bbox 1579 3205 1607 3234; x_wconf 70' lang='grc' dir='ltr'>ιι</span> <span class='ocrx_word' id='word_1_1256' title='bbox 1627 3214 1644 3232; x_wconf 86' lang='lat'><em>2</em></span> <span class='ocrx_word' id='word_1_1257' title='bbox 2021 3206 2050 3228; x_wconf 87' lang='lat'>1.</span> <span class='ocrx_word' id='word_1_1258' title='bbox 2062 3191 2160 3226; x_wconf 66' lang='grc' dir='ltr'>Α’όὼ-</span> 
     </span>
    </p>
   </div>
  </div>
 </body>
</html>
