2337 3400
138 119 243 182 7‘66
314 113 605 164 Mrem.
634 109 839 154 Epis-r.
870 101 1434 150 memsam-,mar
1464 97 1950 155 Amos,L11÷.XV.

82 199 146 232 ¹9v
339 190 585 225 C.CASSIUS
608 189 746 218 M.T.c.
770 187 893 217 S.P.D.

147 243 193 318 S
218 246 254 272 V.
267 244 297 271 B.
314 243 387 270 Non
399 236 571 267 mehercule
582 236 614 264 iri
626 235 679 263 hac
691 241 756 262 mea
764 228 1002 271 peregrinatione
1012 224 1102 267 quid-

204 289 306 324 ·quam
320 279 464 311 libentius
474 278 551 308 facio
562 297 569 309 ‚
581 275 674 317 quam
686 274 781 304 scribo
790 273 824 302 ad
835 282 875 302 te.
901 270 1006 300 videor
1014 269 1097 298 enim

142 337 212 359 curri
224 324 365 365 praesente
375 322 461 362 loqui
474 340 482 354 ,
504 319 647 358 &Jocari.
672 319 737 346 Nec
755 324 857 346 tamen
875 314 931 342 hoc
949 311 1003 341 usu
1020 310 1104 340 venit

144 376 265 409 propter
273 363 383 406 spcSha
393 366 512 394 Catiana
526 372 530 390 :
550 370 604 400 pro
622 368 683 400 quo
701 358 756 388 tibi
771 358 911 397 proxima
923 351 1047 393 epistola
1060 359 1104 381 tot

145 409 270 442 rusticos
281 410 396 438 Stoicos
406 413 535 446 regeram
548 423 556 435 ,
569 411 601 432 ut
608 403 727 431 Catium
741 400 867 429 Athenis
878 405 980 427 natum
991 392 1049 424 effe
1059 392 1106 422 di-

147 461 203 483 cas.
227 449 348 481 Pansam
365 446 500 477 nostrum
522 449 531 464 ¹
545 442 673 474 secunda
682 442 836 471 voluntate
847 440 1012 469 hominum
1024 435 1104 475 palu-

146 494 249 527 datum
264 501 302 522 ex
316 491 387 520 urbe
406 486 500 519 exiss'e
511 507 519 521 ,
539 485 612 516 cflm
623 483 710 524 ipsius
722 483 805 513 causa
813 481 927 524 gaudeo
938 500 946 514 ‚
967 488 1031 509 tum
1043 486 1107 506 me—

148 535 270 566 hercule
288 535 377 563 ctiam
397 532 540 561 omnium
561 525 709 557 nostrum.
734 528 825 566 Spero
839 525 923 553 enim
935 542 944 556 ,
966 521 1108 551 homines

148 575 367 608 intelleffliros,
380 581 492 614 quanto
502 569 535 601 sit
545 569 690 600 omnibus
700 567 773 598 odio
783 566 940 597 crudelitas
951 585 959 596 ,
974 563 1006 593 &
1015 570 1109 603 quan-

148 628 180 650 to
201 619 300 649 amori
319 617 465 657 probitas,
489 612 709 643 &clementiaf
731 619 816 650 atque
826 618 859 638 ea
871 627 880 641 ‚
900 616 966 648 quae
976 604 1111 635 maxime

148 661 223 692 mali
236 668 355 701 petant,
378 658 410 688 δε
425 654 654 695 concupiscant,
675 652 710 682 ad
721 651 820 682 bonos
830 650 997 691 pervenire.
1020 642 1112 676 Diffi-

146 713 204 743 cile
216 711 257 742 est
267 711 350 740 enim
361 706 532 749 persuadere
542 703 722 735 hominibus
732 722 740 735 ‚
755 694 786 728 ‘113
798 692 895 736 ιωολόν
911 688 950 725 AY
965 688 1044 724 αὐτό
1057 700 1107 719 αό-

149 754 232 800 ρετῦν
246 759 319 792 esse:
347 746 458 788 hdbrbas*
472 767 543 788 vero
554 776 562 790 ,
583 756 616 786 δε
631 743 823 791 quch'i'cw
845 751 953 780 virtute
965 768 972 781 ,
990 744 1116 788 justitia,

151 800 305 849 ’Πμῗῑῐφλῷ
329 811 441 850 parari,
465 810 497 840 &
511 816 616 839 verum
628 825 637 839 ‚
658 804 691 834 δε
708 801 861 843 probabile
881 800 933 831 est.
956 799 1018 839 Ipse
1030 799 1113 828 enim

152 854 298 893 Epicurus
311 873 319 885 ‚
333 854 348 882 a
357 862 418 893 quo
428 861 537 882 omnes
549 850 635 881 Catii,
649 847 681 876 &
692 842 838 886 Amafinii
849 863 857 877 ‚
871 843 942 872 mali
953 841 1115 872 verborum

151 906 326 945 interpretes
337 923 345 937 ,
359 902 589 944 proficiscuntur
600 919 608 933 ‚
628 897 714 929 dicit:
743 883 805 921 6³37«
815 882 875 920 ’ές-ιν
890 882 988 920 adim
1001 909 1008 923 ‚
1036 878 1115 916 αἴνόῖ)

154 946 187 985 gs
202 947 314 989 »ωιλῶς
329 946 359 994 ’ᾖ
375 940 505 988 ὧιςςιίως
521 970 528 982 ,
546 937 619 989 <bal
648 950 751 986 Itaque
763 942 894 974 &Pansa
908 963 916 975 ,
931 941 984 983 qui
1005 923 1118 968 fihvbd)

152 1005 286 1045 sequitur
297 1023 304 1037 ‚
315 1005 459 1033 virtutem
469 1002 591 1032 retinet:
604 997 669 1028 &ii
680 1007 685 1026 ι
696 995 772 1037 quia
783 994 872 1024 nobis
885 978 1051 1031 Φιλήδῖνθί
1062 997 1119 1018 vo-

153 1064 277 1088 cantur,
296 1055 363 1084 sunt
386 1045 570 1089 φιλόιςᾳλοι
588 1066 597 1079 ,
624 1042 653 1088 ις
684 1032 897 1085 φιλοὲὶκοωοι
914 1060 922 1074 ‚
944 1038 1122 1078 omneisqiie

155 1099 282 1129 virtutes
301 1096 333 1125 ὃς
352 1095 477 1126 colunt,
499 1092 682 1122 &retinent
707 1090 806 1126 Itaque
817 1083 915 1116 Sulla,
936 1083 1023 1120 cujus
1039 1080 1121 1120 judi—

158 1142 242 1170 cium
256 1138 379 1178 probare
392 1136 537 1166 debemus
549 1153 557 1167 ‚
574 1132 647 1162 cum
661 1128 813 1160 differitire
825 1124 1025 1166 philosophos
1036 1120 1122 1152 vide-

159 1191 222 1212 ret,
246 1189 310 1209 non
320 1176 435 1219 quaesiit
447 1197 455 1209 ,
474 1175 548 1217 quid
560 1175 678 1204 bonum
690 1169 761 1201 effer
771 1189 779 1203 ‚
791 1169 897 1199 omnia
908 1167 988 1196 bona
997 1164 1120 1194 coemit:

158 1224 243 1261 cujus
253 1231 308 1263 ego
319 1229 450 1250 mortem
462 1218 532 1248 forti
545 1214 733 1246 mehercules
744 1213 849 1242 animo
859 1209 924 1239 tuli.
946 1210 1012 1237 Nec
1022 1213 1123 1235 tamen

163 1265 256 1294 Caesar
274 1263 388 1293 diutius
407 1270 462 1291 nos
475 1269 546 1291 eum
561 1256 721 1288 desiderare
735 1255 870 1294 patietur.
895 1260 965 1280 nam
978 1247 1063 1279 habet
1073 1245 1124 1276 da-

160 1315 299 1338 mnatos,
319 1314 394 1345 quos
413 1313 467 1343 pro
488 1302 543 1331 illo
564 1300 654 1330 nobis
670 1296 819 1327 restituat:
840 1293 965 1332 necipse
978 1288 1124 1321 sessorem

160 1346 354 1380 desiderabit,
375 1344 448 1376 cum
468 1343 567 1374 filium
586 1340 703 1372 viderit.
727 1340 820 1368 Nunc
834 1356 842 1368 ‚
864 1345 896 1365 ut
914 1334 950 1364 ad
969 1341 1063 1372 remp.
1078 1340 1125 1360 re-

162 1390 249 1420 deam
263 1409 270 1423 ,
288 1387 363 1429 quid
377 1389 410 1417 in
422 1386 577 1426 Hispaniis
593 1390 725 1425 geratur,
746 1378 882 1410 rescribe.
907 1380 1049 1407 Peream,
1070 1370 1125 1402 nifi

164 1432 309 1462 sollicitus
328 1431 394 1460 sum
413 1448 421 1463 ‚
446 1439 477 1459 ac
496 1428 578 1457 malo
595 1433 728 1455 veterem
740 1443 748 1457 ,
773 1422 806 1451 δε
823 1420 1007 1450 clementem
1027 1415 1128 1445 domi—

163 1482 242 1503 num
259 1472 363 1502 habere
375 1491 384 1505 ,
405 1470 497 1512 quain
526 1477 643 1499 novum
665 1466 698 1496 &
713 1462 866 1495 crudelem
885 1459 1024 1500 experiri.
1055 1459 1128 1489 Scis,

165 1517 276 1545 Cnaeus
285 1514 375 1554 quam
387 1511 420 1542 sit
430 1511 527 1543 fatuus
539 1521 544 1539 2
567 1510 619 1540 scis
630 1529 638 1542 ‚
654 1505 813 1549 quomodo
823 1502 1030 1534 crudelitatem
1043 1519 1051 1533 ‚
1068 1501 1129 1528 vir-

166 1564 264 1588 tutem
275 1563 376 1596 putet:
397 1555 452 1584 scis
463 1574 471 1586 ,
492 1553 583 1594 quam
597 1551 624 1581 se
635 1550 751 1588 semper
762 1547 777 1577 a
791 1546 880 1577 nobis
891 1543 1020 1574 derisum
1035 1548 1128 1581 putet.

164 1607 301 1639 Vereor,
315 1614 351 1634 ne
362 1613 418 1634 nos
428 1602 537 1645 rustice
548 1600 648 1642 gladio
657 1598 732 1628 velit
742 1587 1032 1630 οἱνπμυκτηῶὶπη.
1049 1589 1130 1630 Qid

170 1646 221 1677 fiat
232 1667 240 1680 ‚
253 1645 272 1676 fi
284 1657 333 1676 me
344 1646 444 1686 diligis
454 1665 462 1678 ,
474 1643 608 1675 rescribe.
634 1642 716 1673 Hui,
728 1637 818 1679 quam
828 1636 923 1665 velim
934 1634 1016 1666 scire,
1029 1642 1129 1663 utrum

167 1688 222 1720 ista
241 1689 371 1718 sollicito
390 1688 512 1719 animo²
533 1695 571 1715 an
592 1683 691 1714 soluto
712 1681 799 1721 legas
824 1678 912 1708 sciam
927 1678 1011 1705 enim
1021 1675 1131 1705 eodem

168 1740 325 1770 tempore,
345 1729 417 1769 quid
428 1739 478 1758 me
494 1727 588 1757 facere
599 1732 742 1765 oporteat.
768 1723 816 1751 Ne
828 1721 949 1760 longior
961 1716 1014 1746 sim
1029 1737 1037 1750 ,
1057 1717 1133 1746 vale:

170 1773 206 1803 &
217 1782 267 1803 me
278 1792 287 1806 ‚
298 1781 330 1802 ut
340 1771 412 1801 sacis
423 1790 431 1803 ,
441 1780 514 1800 ama.
535 1770 565 1799 Si
576 1767 670 1797 Caesar
681 1766 754 1795 vicit
765 1783 773 1796 2
785 1762 919 1792 celeriter
930 1769 978 1789 me
988 1757 1135 1799 exspeElffi.

111 1840 158 1865 20
349 1812 812 1847 M.T.C.TREBON10‚
837 1809 961 1838 P.S.D.

185 1863 447 1940 ORAYOREM
469 1870 573 1892 meum
588 1879 597 1893 ,
621 1856 670 1897 (sic
690 1858 773 1886 enim
794 1852 936 1892 inscripsi)
955 1851 1066 1882 Sabino
1085 1858 1137 1880 tuo

278 1905 503 1937 commendavi.
516 1903 612 1933 Natio
621 1909 670 1930 me
679 1899 815 1928 hominis
828 1895 967 1934 impulit,
977 1903 1010 1923 ut
1018 1895 1046 1923 ei
1057 1891 1136 1922 reete

173 1959 328 1992 putarem:
348 1946 402 1978 nisi
413 1946 491 1976 forte
501 1942 727 1976 candidatorum
738 1939 859 1969 licentia
869 1938 917 1966 hic
926 1945 1046 1977 quoque
1057 1934 1137 1967 usus,

174 1996 233 2024 hoc
252 1988 351 2022 subitb
371 1997 544 2030 cognomen
564 1986 695 2025 arripuit.
719 1980 770 2012 etsi
785 1978 938 2010 modestus
949 1980 1015 2018 ejus
1025 1977 1137 2009 vultus,

176 2036 336 2074 sermoque
346 2030 486 2062 constans
496 2049 505 2064 ,
525 2028 632 2058 habere
640 2023 786 2067 quiddam
797 2023 812 2052 ii
823 2021 953 2051 Curibus
971 2019 1137 2049 videbatur.

176 2076 235 2108 Sed
246 2076 282 2105 de
293 2074 403 2106 Sabino
414 2073 491 2103 satis.
515 2074 564 2102 Tu
577 2089 585 2103 ,
606 2078 650 2098 mi
660 2066 797 2097 Treboni
813 2084 821 2098 ,
838 2073 934 2104 quum
954 2060 989 2091 ad
1000 2069 1136 2091 amorem

177 2127 284 2149 meum
304 2117 493 2156 aliquantum
514 2113 591 2143 olim
612 2108 766 2141 discedens
785 2103 943 2137 addidisti:
961 2112 1023 2144 quo
1034 2103 1140 2132 tolera-

176 2158 272 2191 bilius
285 2157 415 2188 feramus
429 2155 597 2198 igniculum
612 2150 749 2183 desiderii
765 2151 824 2181 tui,
846 2147 956 2178 crebris
966 2155 1022 2175 nos
1034 2145 1140 2174 litteris

178 2202 343 2242 appellato:
362 2209 445 2239 atque
456 2201 514 2230 ita,
536 2195 556 2226 fi
567 2195 648 2226 idem
661 2191 711 2223 fiet
724 2192 739 2222 {i
753 2190 859 2221 nobis:
877 2197 1060 2229 quamquam
1076 2186 1141 2216 duae

179 2243 272 2273 causae
292 2243 377 2273 sunt,
395 2251 447 2270 cur
466 2249 497 2269 tu
514 2237 700 2278 frequentior
718 2236 749 2263 in
767 2231 825 2262 isto
839 2230 942 2261 officio
954 2229 1011 2259 effe
1021 2229 1140 2260 debeas,

180 2285 272 2327 quiim
284 2293 340 2313 rios
353 2293 358 2311 2
373 2280 519 2322 primum,
533 2278 615 2320 quod
626 2278 703 2307 olim
715 2274 860 2306 solebant,
869 2275 921 2314 qui
931 2274 1041 2302 Romae
1050 2278 1141 2302 erant,

179 2327 217 2358 ad
237 2324 572 2366 provincialeisamicos
581 2321 617 2350 de
628 2318 730 2358 repub.
742 2316 867 2346 scribere
881 2325 886 2343 :
907 2324 991 2344 nunc
1009 2322 1040 2342 tu
1054 2311 1144 2341 nobis

186 2369 292 2399 scribas
307 2374 432 2406 oportet.
457 2367 519 2394 Res
532 2364 615 2392 enim
625 2357 821 2401 publicaistic
830 2355 872 2386 est
884 2366 890 2384 :
910 2354 1020 2385 deinde
1031 2374 1040 2387 ,
1061 2352 1143 2393 quod

183 2421 240 2441 nos
250 2410 315 2439 aliis
325 2406 434 2438 officiis
445 2407 499 2436 tibi
509 2405 624 2435 absenti
637 2399 799 2432 satisfacere
810 2397 967 2438 poss'umus
980 2406 985 2425 :
999 2405 1029 2425 tu
1042 2395 1143 2426 nobis,

185 2451 241 2482 nisi
251 2452 355 2480 litteris
368 2470 376 2483 ,
398 2458 462 2479 non
475 2447 567 2478 video
579 2466 587 2478 ,
608 2453 664 2486 qua
682 2452 712 2472 re
723 2442 780 2472 alia
790 2439 953 2471 satisfacere
966 2435 1064 2478 poffis.
1088 2435 1144 2465 Sed

182 2503 280 2524 cetera
289 2492 394 2522 scribes
404 2491 440 2521 ad
450 2499 504 2520 nos
515 2487 622 2529 postea.
643 2488 735 2515 Nunc
747 2484 808 2514 haec
818 2479 921 2522 primo
932 2481 1021 2518 cupio
1031 2487 1145 2519 cogno-

184 2537 277 2567 scere:
299 2536 353 2564 iter
362 2543 449 2564 tuum
459 2528 631 2567 cuiusmodi
641 2526 691 2557 sit:
712 2526 762 2556 ubi
774 2527 899 2554 Brutum
911 2521 1049 2552 nostrum
1059 2519 1143 2549 vide-

1136 175 1226 205 simus
1236 173 1383 222 quossstatu
1394 173 1495 222 silmus.
1519 179 1582 219 Ego
1590 186 1706 208 tantum
1718 188 1768 208 me
1778 179 1849 210 scire
1859 177 1981 219 putab0‚
1995 185 2092 218 quan·-

1138 227 1203 248 tum
1215 227 1252 246 ex
1263 225 1323 246 tuis
1332 217 1437 264 litteris
1447 217 1561 248 habebo
1570 222 1737 260 cognitum.
1761 223 1837 252 Cura
1846 229 1879 251 ut
1893 220 1988 250 valeas
1999 239 2007 254 ,
2028 229 2094 249 me—

1139 270 1196 301 que
1206 268 1287 289 ames
1297 268 1399 288 amore
1408 258 1462 287 illo
1471 268 1524 288 tuo
1535 259 1680 300 singulari.

1309 302 1415 347 ¹M.T.
1428 301 1461 330 C.
1485 303 1768 339 TREBONIO,
1791 307 1914 335 S.P.D.

1146 341 1250 419 ET
1269 340 1426 381 epistolam
1442 350 1521 389 tuam
1538 343 1595 384 legi
1607 344 1752 380 libenter,
1773 346 1928 377 &librum
1939 342 2096 375 libentiffi-

1191 427 1198 435 .
1223 384 1273 414 me
1286 394 1299 432 ².x
1312 383 1362 431 sed
1373 392 1475 431 tamen
1486 393 1519 414 in
1538 395 1570 414 ea
1582 385 1734 426 voluptate
1747 389 1828 418 hunc
1839 390 1935 428 accepi
1946 388 2097 420 dolorem,

1145 426 1227 468 quod
1239 446 1248 459 ‚
1268 435 1338 455 cum
1356 424 1536 455 incendisses
1550 426 1744 466 cupiditatem
1757 439 1856 459 meam
1868 428 2099 460 consuetudinis

1147 468 1287 511 augendae
1307 467 1414 514 nostrae
1425 487 1433 501 ‚
1455 466 1537 506 (nam
1554 469 1589 498 ad
1604 478 1740 500 amorem
1760 471 1882 511 quidem
1897 471 1972 501 nihil
1988 478 2102 511 poterat

1147 510 1294 559 accedere)
1306 519 1371 540 tum
1381 509 1509 539 discedis
1520 511 1535 539 a
1547 510 1636 540 nobis
1646 531 1654 544 ‚
1674 521 1781 552 meque
1791 521 1874 543 tanto
1883 512 2026 543 desiderio
2036 510 2103 541 affi-

1148 563 1219 599 cis,
1249 561 1282 581 ut
1300 561 1390 581 unam
1412 552 1491 581 milii
1510 552 1751 583 consolationem
1771 555 1920 595 relinquas
1939 575 1948 587 ,
1967 554 2030 584 fore
2043 573 2052 587 ,
2071 561 2104 583 uc

1149 594 1301 642 utriusque
1320 591 1457 640 nostrum
1476 593 1606 624 absentis
1625 593 1803 626 defiderium
1814 597 1942 629 crebris,
1962 596 2105 636 &longis

1150 635 1432 681 epiilolisleniatui·.
1457 635 1547 674 Qod
1565 646 1622 677 ego
1638 646 1702 666 non
1720 636 1815 667 modo
1829 637 1866 668 de
1880 647 1928 668 me
1943 638 1999 668 tibi
2015 637 2106 677 spon-

1151 680 1218 709 dere
1228 676 1348 718 possum
1359 697 1368 711 ,
1389 676 1439 707 sed
1455 677 1492 709 de
1511 686 1538 707 te
1551 680 1642 709 etiam
1657 679 1744 709 mihi.
1769 679 1896 710 Nullam
1907 698 1916 713 ,
1934 680 2019 709 enim
2029 677 2108 718 apud

1154 731 1201 767 me
1218 719 1364 767 reliqu-isti
1383 719 1605 751 dubitationem
1617 740 1625 754 ‚
1644 729 1792 760 quantum
1808 731 1856 751 me
1867 729 1989 751 amares.
2013 722 2107 753 Nam,

1153 763 1247 810 utilia
1256 770 1397 792 omittam
1407 771 1472 802 quae
1481 764 1600 792 civitate
1611 762 1682 793 teste
1695 761 1790 793 fecisti
1803 784 1811 797 ‚
1832 762 1904 793 cum
1916 772 2037 792 mecum
2050 762 2112 791 ini·

1154 813 1281 852 micinas
1290 803 1522 853 communicasti
1535 824 1544 838 ,
1563 803 1635 835 cum
1654 814 1704 835 me
1719 804 1919 835 concionibus
1933 806 1991 834 tuis
2005 802 2111 833 defen-

1155 845 1222 877 disti
1236 866 1244 880 ,
1267 856 1338 893 cum
1349 844 1477 886 quaestor
1489 848 1523 877 in
1539 856 1606 876 mea
1617 867 1625 880 ,
1645 855 1732 887 atque
1742 848 1774 876 in
1784 847 1903 887 publica
1911 846 1995 876 causa
2003 845 2112 875 consu-

1157 889 1220 936 lurn
1233 896 1347 935 ‘parteis
1359 887 1525 928 suscepisti,
1544 898 1615 918 cum
1628 889 1751 918 tribuno
1759 889 1838 929 pleb.
1848 887 1976 929 quaestor
1989 897 2052 917 non
2062 896 2115 926 pa-

1156 929 1259 963 ruisti,
1279 940 1327 977 cui
1339 939 1405 959 tuus
1415 930 1577 969 praesertim
1587 931 1701 972 collega
1710 939 1840 971 pareret:
1860 940 1892 960 ut
1903 931 1964 960 baec
1974 930 2116 962 recentia,

1157 981 1406 1020 quae-meminero
1415 972 1531 1012 semper
1541 992 1549 1006 ‚
1564 972 1740 1003 obliviscar:
1759 983 1825 1014 quae
1835 981 1884 1003 tua
1894 970 2066 1002 sollicitudo
2077 969 2115 1000 de

1159 1025 1208 1062 rne
1220 1024 1252 1043 in
1262 1023 1353 1044 armis
1363 1033 1371 1046 ,
1391 1023 1456 1054 qua:
1468 1014 1570 1044 laetitia
1580 1014 1717 1045 inreditu
1728 1035 1736 1048 ,
1759 1025 1824 1056 quae
1837 1024 1905 1044 cura
1917 1034 1925 1048 ,
1943 1016 1997 1054 qui
2007 1012 2108 1044 dolor,

1159 1065 1231 1102 cum
1242 1055 1277 1085 ad
1288 1064 1315 1085 te
1325 1065 1402 1085 curae
1411 1074 1420 1088 ,
1440 1055 1473 1084 &
1483 1055 1602 1086 dolores
1617 1058 1678 1085 mei
1687 1055 1906 1095 perferrentur?
1927 1053 2119 1085 Brundisium

1160 1098 1290 1143 denique
1301 1105 1328 1141 te
1340 1096 1375 1126 ad
1387 1105 1435 1125 me
1446 1105 1609 1126 venturum
1619 1096 1776 1132 fuiflemisi
1787 1097 1885 1128 subito
1898 1100 1928 1127 in
1942 1097 2119 1137 Hispaniam

1162 1137 1268 1168 missus
1278 1136 1351 1167 esses
1364 1140 1373 1167 ?
1388 1141 1431 1168 Ut
1441 1138 1502 1168 haec
1512 1140 1603 1178 igitur
1612 1141 1754 1170 omittam
1766 1159 1774 1173 ‚
1794 1149 1859 1179 quae
1870 1140 1949 1169 mihi
1959 1140 2032 1169 tanti
2042 1136 2123 1168 aesti-

1162 1179 1272 1227 manda
1282 1179 1347 1210 sunt
1358 1199 1367 1212 ,
1389 1181 1493 1220 quanti
1505 1184 1597 1210 vitam
1608 1179 1744 1214 aestimo,
1766 1181 1932 1211 &salutem
1948 1190 2046 1210 meam
2061 1190 2066 1208 ·.
2085 1179 2123 1208 li-

1162 1223 1213 1253 ber
1222 1221 1277 1269 istc
1288 1241 1296 1254 ,
1311 1231 1403 1269 quern
1416 1223 1494 1271 mihi
1505 1220 1608 1252 mifisti
1617 1243 1625 1256 ,
1638 1232 1780 1263 quantam
1793 1222 2121 1252 habetdeclarationem

1163 1273 1274 1311 amoris
1284 1272 1328 1311 tui
1340 1266 1497 1303 ?prirnum
1506 1284 1514 1298 ‚
1527 1263 1609 1304 quod
1618 1265 1675 1294 tibi
1684 1264 1815 1294 facetum
1826 1263 1943 1294 videtur
1953 1284 1962 1298 ,
1975 1261 2121 1304 quicquid

1164 1317 1218 1348 ego
1231 1306 1314 1336 dixi:
1335 1305 1416 1346 quod
1429 1307 1495 1336 aliis
1513 1304 1629 1336 fortasse
1644 1317 1708 1337 non
1723 1309 1813 1336 item:
1833 1305 1961 1339 deinde,
1980 1303 2064 1346 quod
2076 1304 2128 1334 illa

1165 1347 1222 1396 sive
1242 1347 1335 1395 faceta
1350 1347 1419 1378 sunt
1432 1369 1441 1382 ,
1460 1345 1518 1377 five
1528 1346 1566 1377 fic
1579 1346 1673 1382 fiunt,
1693 1357 1827 1379 narrante
1845 1357 1872 1378 te
1884 1368 1893 1382 ‚
1914 1344 2128 1378 venustiffima-

1164 1400 1239 1432 quin
1253 1398 1343 1438 etiam
1358 1390 1425 1420 ante
1440 1389 1532 1439 quam
1546 1390 1582 1420 ad
1597 1400 1646 1420 me
1660 1392 1797 1421 veniatur
1807 1410 1815 1424 ,
1836 1390 1912 1420 risus
1926 1390 2030 1420 omnis
2043 1387 2130 1428 paene

1164 1432 1362 1477 consumitur1
1386 1431 1478 1479 Qod
1496 1430 1517 1461 fi
1536 1433 1568 1461 in
1588 1432 1634 1462 his
1652 1432 1816 1463 scribendis
1836 1432 1916 1461 nihil
1933 1430 2014 1461 aliud
2028 1450 2036 1465 ,
2063 1427 2128 1463 nisi,

1165 1474 1247 1519 quod
1258 1471 1372 1504 necesse
1383 1473 1442 1504 fuit
1452 1493 1460 1507 ,
1482 1473 1519 1503 de
1529 1484 1591 1504 uno
1604 1484 1654 1504 me
1669 1474 1784 1504 tamdiu
1802 1471 1987 1515 cogitaviss'es
1999 1483 2004 1501 :
2018 1473 2131 1502 ferreus

1167 1515 1258 1546 essem
1269 1535 1277 1550 ‚
1293 1515 1313 1545 si
1325 1524 1352 1545 te
1362 1525 1427 1545 non
1437 1525 1578 1545 amarem.
1603 1515 1682 1546 cum
1694 1515 1764 1546 vero
1775 1526 1806 1546 ea
1818 1535 1827 1550 ,
1841 1525 1906 1556 quae
1916 1515 2057 1554 scriptura
2065 1522 2132 1553 per-

1168 1559 1285 1604 secu-tus
1299 1567 1329 1587 es
1340 1577 1351 1604 Ι,
1370 1556 1430 1604 sine
1441 1558 1562 1588 summo
1573 1567 1675 1588 amore
1684 1560 1812 1598 cogitare
1824 1567 1886 1587 nori
1896 1557 2046 1596 potueris:
2067 1563 2132 1584 non

1168 1598 1468 1647 poflumexistimare
1479 1619 1488 1633 ,
1508 1600 1575 1639 plus
1584 1610 1768 1641 quemquam
1779 1599 1794 1630 a
1806 1599 1899 1639 seipso
1910 1619 1918 1632 ‚
1939 1597 2030 1639 quam
2049 1606 2098 1627 me
2117 1595 2134 1626 a.

1168 1653 1199 1673 te.
1209 1651 1312 1672 amari.
1336 1644 1392 1671 Cui
1403 1641 1527 1682 quidem
1538 1652 1593 1683 ego
1602 1644 1697 1672 amori
1709 1662 1718 1676 ,
1730 1643 1847 1672 utinam
1857 1642 1961 1671 ceteris
1971 1639 2056 1669 rebus
2066 1637 2134 1678 pos-

1173 1685 1235 1729 sem
1247 1703 1256 1717 ,
1268 1693 1371 1730 amore
1382 1684 1459 1713 certe
1469 1683 1656 1723 respondebo
1669 1694 1675 1713 :
1686 1693 1746 1724 quo
1755 1692 1855 1713 tamen
1866 1683 1930 1722 ipso
1941 1681 1997 1712 tibi
2007 1678 2132 1711 confido

1175 1730 1310 1774 tuturum
1323 1725 1399 1755 satis.
1424 1727 1516 1754 Nunc
1526 1724 1561 1755 ad
1572 1725 1730 1765 epistolam
1741 1727 1832 1754 venio
1843 1744 1851 1757 ,
1874 1725 1923 1753 cui
1935 1722 2061 1763 copiose
2072 1742 2080 1756 ,
2101 1720 2136 1751 &

1174 1768 1300 1816 suaviter
1316 1767 1427 1814 scriptae
1439 1785 1448 1800 ,
1467 1767 1547 1796 nihil
1564 1766 1607 1797 est
1627 1765 1711 1807 quod
1731 1767 1827 1796 multa
1839 1764 2048 1805 respondeam.
2075 1764 2138 1793 Pri-

1178 1819 1266 1839 mum
1280 1818 1364 1838 euim
1377 1818 1432 1849 ego
1443 1808 1508 1838 illas
1520 1809 1613 1838 Calvo
1627 1809 1736 1838 litteras
1752 1806 1818 1838 mifi
1829 1827 1837 1841 ,
1858 1817 1923 1837 non
1941 1807 2007 1847 plus
2018 1825 2026 1839 ‚
2046 1804 2138 1845 quam

1178 1853 1226 1898 has
1238 1872 1246 1884 ‚
1258 1860 1330 1891 quas
1341 1860 1423 1880 nunc
1433 1851 1506 1892 legis
1517 1869 1524 1884 ‚
1536 1849 1712 1881 existimans
1724 1852 1863 1880 exituras.
1877 1849 1963 1879 aliter
1973 1849 2055 1878 enim
2068 1846 2140 1876 scri-

1177 1894 1279 1923 bimus
1293 1913 1302 1926 ,
1322 1892 1404 1933 quod
1423 1902 1475 1922 eos
1493 1892 1592 1927 solos,
1613 1893 1723 1934 quibus
1743 1894 1910 1922 mittimus:
1930 1891 2014 1921 aliter
2027 1909 2036 1923 ‚
2057 1886 2141 1929 quod

1179 1936 1292 1965 multos
1309 1933 1441 1981 le55³turos
1459 1943 1609 1974 putamus.
1627 1933 1747 1964 Deinde
1758 1935 1915 1975 ingenium
1928 1933 1992 1971 ejus
2003 1931 2140 1961 meliori-

1177 1978 1233 2025 bus
1252 1976 1346 2007 extuli
1364 1976 1522 2010 laudibus,
1546 1976 1637 2017 quam
1652 1985 1683 2007 tu
1699 1976 1728 2006 id
1742 1980 1810 2006 vere
1825 1973 1953 2015 potuisse
1971 1973 2033 2004 fieri
2044 1981 2138 2013 putas.

1178 2023 1336 2052 Primum,
1358 2018 1440 2065 quod
1457 2018 1675 2058 itajudicabarn
1692 2038 1700 2051 ‚
1721 2018 1805 2049 acute
1828 2017 2014 2047 movebatur.
2047 2022 2142 2055 genus

1176 2061 1329 2103 quoddam
1338 2061 1534 2107 'sequcu'iturz
1556 2062 1587 2090 in
1602 2060 1788 2101 quojudicio
1802 2060 1899 2098 lapsus
1911 2079 1919 2092 ,
1937 2068 1997 2099 quo
2015 2056 2140 2089 valebat,

1178 2113 1280 2150 tamen
1298 2101 1519 2149 assequebatur,
1538 2103 1618 2143 quod
1637 2103 1782 2142 probaret.
1808 2101 1915 2131 Multae
1929 2108 2028 2132 erant,
2055 2098 2145 2128 &re-

1177 2144 1307 2192 conditae
1327 2145 1449 2175 litterae:
1473 2146 1518 2174 vis
1537 2155 1601 2174 non
1621 2153 1689 2175 erat.
1724 2144 1770 2174 Ad
1783 2153 1847 2173 eam
1858 2144 1949 2184 igitur
1958 2140 2142 2172 adhortabar.

1181 2190 1217 2217 In
1229 2186 1388 2217 excitando
1399 2195 1498 2216 autem
1509 2207 1517 2221 ,
1529 2187 1604 2217 &in
1614 2186 1748 2217 acuendo
1757 2185 1927 2225 plurimiim
1938 2184 2034 2216 valet,
2048 2179 2069 2211 si
2079 2181 2142 2211 lau·

1181 2229 1231 2259 des
1254 2238 1324 2276 eum
1338 2250 1345 2260 .
1365 2239 1457 2269 quem
1468 2231 1634 2259 cohortere.
1659 2228 1759 2258 Habes
1774 2228 1811 2258 de
1826 2225 2076 2264 Calvojudicium
2088 2222 2145 2256 ᾆδε

1178 2269 1341 2318 consilium
1352 2281 1456 2301 meum
1469 2281 1474 2299 t
1487 2269 1647 2301 consilium
1659 2290 1667 2304 ,
1678 2269 1761 2310 quod
1772 2267 1911 2299 hortandi
1920 2267 2002 2297 causa
2015 2264 2142 2295 laudavi:

1178 2313 1330 2360 judicium
1344 2332 1353 2346 ‚
1377 2312 1459 2352 quod
1481 2312 1518 2342 de
1535 2314 1658 2353 ingenio
1677 2313 1741 2350 ejus
1760 2310 1846 2341 valde
1862 2308 2037 2339 existimavi
2055 2307 2143 2336 bene.

1182 2354 1350 2401 Reliquum
1371 2353 1431 2387 est,
1453 2363 1533 2383 tuam
1544 2352 1768 2394 professionem
1789 2361 1890 2382 amore
1902 2351 2078 2391 prosequar:
2098 2357 2145 2377 re—

1183 2395 1281 2425 ditum
1298 2395 1352 2441 ⁴spe
1372 2394 1560 2435 exspetstem:
1579 2395 1732 2425 absentem
1748 2395 1896 2423 memoria
1914 2393 2029 2422 colim:
2049 2399 2144 2420 omne

1182 2436 1361 2484 desiderium
1381 2437 1486 2466 litteris
1504 2437 1679 2469 mittendis,
1698 2434 1936 2476 accipiendisque
1948 2435 2071 2464 leniam.
2095 2434 2147 2462 Tu

1183 2479 1276 2509 velim
1294 2480 1390 2527 tuaxin
1404 2488 1454 2508 me
1464 2477 1559 2509 studia
1569 2499 1578 2512 ,
1599 2479 1631 2508 δε
1642 2476 1739 2508 officia
1752 2476 1885 2507 multum
1896 2485 1996 2507 tecum
2010 2473 2148 2505 recorde-

1183 2531 1212 2550 re
1225 2531 1230 2549 :
1243 2530 1308 2561 quae
1317 2530 1389 2550 cum
1400 2520 1454 2550 tibi
1470 2521 1575 2554 liceat,
1587 2522 1665 2550 milii
1677 2519 1759 2550 nefas
1770 2517 1802 2548 sit
1813 2519 1964 2552 oblivisci,
1976 2526 2039 2547 non
2051 2513 2146 2546 modb

185 2580 226 2608 ris
238 2587 243 2605 ·.
264 2575 410 2617 quamdiu
429 2569 516 2604 simul
529 2572 639 2602 fueris:
661 2567 771 2599 deiude
783 2587 791 2600 ¹
809 2565 881 2596 esim
892 2561 1064 2604 proc-efferis
1076 2561 1145 2591 lon·
1183 2564 1284 2592 virum
1298 2562 1416 2592 bonum
1429 2572 1479 2592 me
1491 2562 1679 2592 existimabis
1689 2582 1698 2596 ‚
1714 2560 1820 2593 verum
1830 2563 1922 2592 etiarn
1935 2569 1962 2591 te
1972 2559 2046 2590 ¹{ame
2055 2557 2147 2588 amari

187 2618 252 2660 gius
263 2638 271 2653 ,
284 2618 320 2648 de
329 2618 446 2648 bellicis
456 2616 542 2646 rebus
552 2634 561 2649 ,
574 2613 609 2644 de
620 2620 685 2643 toto
696 2610 820 2652 negotio
831 2628 840 2643 ,
855 2616 888 2637 ut
897 2605 1066 2637 existimare
1076 2604 1144 2644 pos·
1162 2631 1164 2640 ,
1182 2604 1520 2645 plurimumjudicabis.
1539 2605 1620 2635 Vale.

1877 2645 1944 2691 M.
1984 2641 2144 2687 TUL-

187 2737 1722 2755 W

230 2786 254 2802 i.
273 2776 379 2803 Secunda·
389 2777 514 2802 voluntate
523 2778 639 2802 hominum
647 2772 788 2805 paludatum
797 2780 826 2798 ex
836 2772 891 2796 urb:
902 2770 996 2805 emffe]
1018 2765 1154 2795 Palatinus
1165 2764 1266 2801 primus
1278 2764 1523 2792 stewech.1’eckio
1534 2771 1670 2800 excerpta,
1680 2764 1764 2791 editio
1774 2769 1894 2799 princeps
1899 2779 1906 2793 ,
1917 2760 2077 2794 cafirrrtxiffi.

2042 3111 2067 3129 Ἰι.
2078 3101 2154 3128 Ordo

2119 317 2158 343 21
