2337 3400
205 150 304 212 486
611 143 1114 194 M.T151„1.11

203 233 465 271 respue-tentantes
476 250 484 264 ‚
504 238 596 260 nemo
606 227 792 270 agnosceret,
812 225 1025 265 repudiaretur.
1047 233 1086 253 an
1096 233 1160 265 gia-

208 275 339 305 tiosum?
359 274 403 303 illi
423 273 549 302 libenter
562 271 715 301 audirent:
738 278 793 298 nos
806 277 870 298 non
881 266 988 298 timide
998 264 1158 296 confitere-

207 326 285 346 mur.
309 315 373 345 noli
383 316 466 344 enirn
477 322 577 353 putare
587 332 595 346 ‚
613 309 775 342 Laterensis
786 331 794 344 ,
809 309 923 348 legibus
933 307 994 338 istis
1005 328 1014 341 ,
1033 318 1105 348 quas
1117 308 1161 338 se-

207 367 292 387 natus
302 357 337 386 de
347 354 460 385 ambitu
469 356 578 386 sancire
588 355 722 385 voluerit
732 372 740 386 ,
762 352 792 382 id
803 349 858 381 effi·
869 350 970 381 :ustum
983 370 991 384 ,
1012 359 1044 380 ut
1056 348 1159 380 suffra-

207 401 286 439 gatio
298 418 306 430 ‚
325 397 568 430 inobservantia,
584 406 616 426 ut
624 397 712 438 gratia
721 395 884 424 tolleretur.
906 396 1030 432 Semper
1038 390 1161 422 fuerunt

209 442 282 470 boni
293 441 348 469 viri
362 459 370 471 ,
389 441 442 480 qui
451 438 527 479 apud
536 438 671 468 tribuleis
684 438 751 467 suos
760 434 877 477 gratiosi
886 433 943 465 ess'e
952 434 1074 465 vellent.
1097 436 1161 463 Ne-

208 492 267 522 que
281 481 352 511 vero
367 490 425 511 tam
439 481 529 511 durus
543 482 575 510 in
596 480 718 520 plebem
737 477 838 508 noster
855 477 930 507 ordo
948 475 1006 506 fuit
1018 496 1027 510 ,
1048 485 1080 506 ut
1093 485 1158 506 eam

208 524 271 553 coli
289 523 388 554 nostra
408 523 528 553 modica
554 522 727 552 liberalitate
745 521 878 550 noluerit
900 529 906 548 2
933 528 1029 559 neque
1048 519 1105 547 hoc
1124 518 1162 546 li-

210 565 287 595 beris
307 564 417 595 nostris
433 564 676 595 interdicendum
696 561 738 593 est
751 583 761 596 ,
785 572 823 591 ne
847 561 1007 591 observent
1028 560 1164 589 tribuleis

210 607 280 637 suos
289 627 297 640 ‚
319 617 356 637 ne
367 607 512 648 diligant,
533 616 572 636 rie
583 603 703 636 reficere
713 602 880 635 necess'ariis
890 603 947 633 suis
956 603 1037 633 suam
1048 601 1160 631 tribum

210 647 320 688 possint
331 669 340 681 ‚
362 659 399 678 ne
414 659 463 689 par
475 649 512 679 ab
525 650 564 678 iis
576 657 688 678 munus
708 651 717 666 ¹
728 649 762 676 in
775 646 823 676 sua
833 646 979 685 petitione
989 642 1162 683 respestent:

211 692 275 721 haec
287 701 369 720 enim
382 691 470 730 plena
483 691 552 720 sunt
561 689 675 723 officii,
695 689 783 729 plena
792 688 986 718 observantiae
997 706 1005 720 ‚
1024 686 1112 725 plena
1121 693 1165 715 et-

211 735 273 763 iam
284 734 477 773 antiquitatis.
500 731 560 763 Isto
579 734 613 762 in
629 741 736 774 genere
755 731 787 760 &
801 729 915 760 fuimus
928 727 999 768 ipsi,
1019 727 1091 756 curn
1101 736 1166 757 am-

211 775 338 804 bitionis
357 774 464 804 nostrae
483 783 619 814 tempora
634 772 839 813 postulabant,
861 768 1074 801 &clariffimos
1083 770 1166 798 viros

211 814 268 846 esse
283 816 415 846 vidimus
426 836 433 849 ‚
456 817 489 846 &
503 816 594 846 hodie
611 813 669 845 effe
686 814 827 844 videmus
844 813 1084 853 quamplurimos
1101 819 1164 852 gra-

209 858 312 888 tiosis.
335 860 508 888 Decuriatio
518 858 676 888 tribulium
688 877 695 889 ‚
716 856 874 895 descriptio
884 853 989 894 populi
1002 874 1010 886 ‚
1031 852 1166 893 suffragia

206 900 365 940 largitione
382 898 521 930 devinzffki
539 920 547 933 ,
575 900 761 929 sevcri:.item
781 897 896 927 senatus
916 916 924 929 ‚
956 895 989 926 ὃς
1007 896 1162 925 bonorum

209 944 353 972 omnium
363 962 370 975 ‚
382 943 445 971 vim
454 963 461 975 ,
474 952 506 970 ac
515 942 632 970 doi'orem
644 941 819 970 excitarunt,
842 939 904 968 haec
914 937 988 968 doce
999 957 1008 971 ‚
1025 937 1086 967 haec
1093 946 1166 976 pro-

206 982 251 1013 fci-
263 1004 270 1016 ‚
288 985 348 1013 huc
358 984 500 1014 incumbe
512 1004 520 1016 ,
536 980 715 1015 Laterensis,
731 979 890 1011 decuriasse
901 980 1056 1010 Plancium
1067 999 1076 1012 ,
1091 988 1166 1009 con-

208 1024 347 1065 scripsisse
359 1047 366 1058 ,
384 1025 562 1066 sequestrem
571 1022 659 1054 fuisse
670 1043 679 1057 ,
691 1020 895 1063 pronuntiass'e
906 1042 914 1055 ‚
929 1019 1059 1052 divisifle
1072 1031 1076 1050 :
1099 1029 1165 1050 tum

213 1068 364 1101 mirabor,
377 1078 403 1097 te
414 1070 450 1096 iis
460 1068 551 1097 armis
562 1067 624 1099 uti,
635 1075 701 1106 qua:
713 1064 768 1094 tibi
778 1064 828 1094 lex
839 1063 941 1097 dabat,
953 1061 1095 1093 noluiffe.
1112 1064 1166 1092 tri-

209 1109 332 1139 bulibus
348 1111 431 1139 enini
446 1108 595 1147 judicibus
607 1127 615 1140 ‚
636 1117 702 1137 non
717 1105 813 1137 modo
828 1106 1015 1137 severitatem
1025 1105 1163 1136 illorum,

208 1149 229 1180 si
250 1150 303 1181 ista
320 1161 387 1181 vera
403 1151 471 1180 sunt
485 1169 493 1183 ,
518 1149 567 1180 sed
587 1159 624 1179 ne
643 1149 744 1179 vultus
761 1147 887 1189 quidem
907 1147 981 1177 ferre
1002 1145 1166 1187 pofl‘emus.

210 1195 299 1223 Hanc
310 1201 341 1222 tu
350 1195 498 1222 rationem
509 1190 580 1221 cum
591 1190 700 1233 fugeris
709 1210 717 1224 ‚
732 1200 862 1230 cumque
873 1199 924 1219 eos
930 1190 940 1229 j
945 1189 1047 1219 udices
1058 1188 1164 1218 habere

208 1235 344 1264 nolueris
354 1253 362 1268 ,
376 1243 508 1274 quorum
518 1235 551 1263 in
562 1234 650 1269 hujus
662 1231 774 1263 delicto
785 1232 856 1262 cum
866 1232 988 1261 scientia
997 1228 1166 1262 certiffima,

208 1286 274 1306 tum
285 1276 373 1306 dolor
381 1274 566 1317 graviffimus
577 1273 634 1304 effe
646 1274 797 1305 debuerit:
818 1272 890 1314 quid
907 1272 985 1312 apud
1004 1273 1059 1301 hos
1073 1271 1165 1304 dices,

209 1320 263 1359 qui
275 1319 325 1348 abs
339 1327 368 1347 te
381 1320 460 1348 taciti
471 1320 626 1358 requirunt
637 1337 645 1349 ,
664 1326 718 1346 cur
728 1317 786 1345 hoc
798 1313 851 1345 sibi
863 1316 964 1344 oneris
974 1313 1164 1353 imposueris,

207 1371 260 1390 cur
279 1361 306 1390 se
324 1357 513 1400 potiffimum
531 1359 674 1400 delegeris
686 1378 694 1391 ,
714 1368 766 1387 cur
776 1357 906 1397 denique
920 1357 948 1386 se
961 1356 990 1385 di
997 1357 1092 1384 minare
1101 1364 1167 1384 ma-

150 1403 192 1436 19
208 1403 317 1435 lueris,
341 1411 432 1442 quam
451 1411 502 1431 eos
514 1421 522 1434 ,
543 1411 596 1441 qui
615 1401 722 1430 scirent
737 1399 894 1438 judicare?
916 1401 980 1439 Ego
996 1398 1164 1430 Plancium,

209 1443 373 1475 Laterensis
384 1464 393 1476 ,
413 1443 446 1473 &
463 1444 563 1483 ipsum
581 1442 744 1483 gratiosum
759 1439 819 1470 effe
832 1440 901 1470 dico
911 1460 920 1474 ,
941 1441 974 1469 &
986 1437 1118 1469 habuisse
1130 1439 1165 1468 in

207 1488 355 1527 petitione
364 1485 478 1515 multos
487 1484 616 1524 cupidos
629 1484 673 1514 sui
682 1503 690 1517 ‚
705 1483 863 1524 gratiosos:
881 1491 956 1522 quos
967 1490 998 1511 tu
1010 1480 1030 1510 si
1039 1481 1166 1511 sodaleis

207 1538 298 1558 vocas
310 1538 315 1556 z
337 1525 504 1557 officiosam
516 1528 679 1556 amicitiam
694 1527 821 1555 nomine
834 1526 974 1565 inquinas
987 1521 1163 1553 criminoso¹

208 1570 252 1600 fin
264 1590 271 1602 ‚
293 1571 362 1610 quia
371 1567 487 1609 gratiosi
497 1569 564 1598 sunt
574 1588 582 1601 ‚
604 1567 783 1597 accusandos
797 1574 898 1606 putas:
917 1566 982 1595 noli
993 1566 1095 1594 mirari
1109 1583 1117 1597 ‚
1139 1572 1167 1593 te

209 1611 242 1642 id
253 1632 261 1645 ,
283 1611 364 1652 quod
374 1620 423 1640 tua
432 1609 559 1650 dignitas
569 1609 741 1649 postularit,
760 1607 951 1648 repudiandis
967 1606 1165 1647 gratiosorum

211 1654 356 1684 amicitiis
366 1662 430 1682 non
440 1650 497 1681 effe
507 1650 683 1681 assecutum.
704 1651 771 1691 Jam
786 1671 793 1682 ,
814 1658 846 1679 ut
860 1659 915 1690 ego
924 1649 1021 1678 doceo
1033 1668 1041 1681 ‚
1058 1649 1169 1688 gratio-

212 1696 280 1726 sum
291 1692 347 1724 effe
364 1693 524 1723 tribulibus
535 1693 690 1723 Plancium
701 1712 709 1725 ,
729 1691 811 1733 quod
826 1693 931 1721 multis
947 1691 1076 1732 benigne
1089 1688 1169 1719 fece-

210 1739 268 1770 rit,
287 1745 340 1775 pro
355 1736 460 1764 multis
469 1734 680 1774 spoponderit,
702 1735 848 1773 in·0pei·as
856 1734 1004 1773 plurimos
1016 1733 1106 1772 patris
1117 1740 1169 1760 au·-

212 1777 350 1808 &oritate
360 1797 368 1810 ‚
383 1777 415 1806 ὃς
424 1779 514 1818 gratia
522 1776 654 1806 miserit:
673 1775 755 1816 quod
766 1775 896 1816 denique
906 1774 1051 1805 omnibus
1060 1770 1170 1803 officiis

212 1821 302 1860 perse
314 1840 322 1852 ‚
340 1829 391 1858 per
399 1828 513 1858 patrem
524 1837 532 1851 ‚
551 1827 602 1858 per
612 1818 741 1857 majores
752 1817 818 1847 suos
829 1826 923 1847 totam
933 1818 1086 1845 Atinatem
1096 1824 1170 1854 prm-

212 1861 360 1892 r'ecturam
370 1859 648 1899 comprehenderit:
673 1858 710 1889 fic
724 1868 753 1889 tu
768 1859 841 1889 doce
852 1879 860 1892 ,
882 1857 1062 1899 sequestrem
1072 1854 1169 1888 fmffe,

210 1905 352 1943 largitum
371 1900 428 1932 effe
441 1922 450 1934 ‚
474 1899 675 1940 conscripsisse
687 1921 695 1934 ‚
719 1900 842 1930 tribules
861 1897 1065 1930 decuriaviss'e.
1088 1897 1170 1938 quod

212 1944 234 1975 si
252 1955 316 1974 non
336 1953 438 1984 potes:
456 1944 522 1973 noli
539 1943 644 1972 tollere
661 1952 698 1972 ex
713 1942 818 1972 ordine
833 1941 936 1972 nostro
951 1941 1170 1973 liberalitatem,

212 1987 268 2016 noli
282 1985 453 2024 maleficium
461 1992 563 2026 putare
576 1984 624 2022 effi
628 1985 760 2025 gratiam
769 2004 778 2017 ‚
798 1984 864 2014 noli
874 1983 1094 2013 observantiam
1105 1982 1172 2012 san-

211 2030 274 2059 cire
283 2037 380 2068 poena.
405 2030 506 2068 Itaque
524 2025 705 2056 haefitantcm
727 2035 755 2056 te
773 2027 806 2056 in
825 2026 884 2056 hoc
898 2025 1105 2055 sodalitiorum
1119 2025 1173 2053 tri-

216 2070 322 2101 buario
332 2071 478 2102 crimine,
499 2069 535 2098 ad
545 2077 745 2098 communem
759 2067 890 2098 ambitus
906 2067 1023 2098 causam
1039 2066 1172 2097 contuli-

214 2111 270 2145 sti,
282 2114 315 2141 in
324 2121 382 2152 qua
391 2109 559 2141 desinamus
568 2109 730 2151 aliquando
740 2108 774 2149 (si
783 2110 912 2150 videtur)
924 2109 1050 2150 vulgari,
1063 2108 1096 2138 &
1104 2117 1172 2147 per-

211 2162 313 2195 vagata
334 2153 551 2183 declamatione
573 2151 766 2182 contendere.
801 2150 840 2182 fic
861 2154 946 2181 enim
975 2160 1077 2181 tecum
1104 2159 1171 2190 ago.

216 2197 316 2236 Qam
327 2195 382 2224 tibi
393 2194 594 2224 commodum
604 2193 646 2224 est
656 2214 664 2227 ‚
678 2197 692 2213 ²
703 2203 792 2224 unam
804 2193 917 2223 tribum
927 2193 1022 2234 delige
1034 2201 1084 2222 tu:
1099 2191 1173 2222 doce

214 2237 246 2277 id
259 2256 267 2270 ,
287 2236 368 2277 quod
385 2235 474 2266 debes
486 2256 494 2269 ,
514 2246 664 2277 perquem
675 2235 854 2276 sequestrem
865 2256 874 2269 ,
892 2245 954 2277 quo
964 2234 1095 2265 divisore
1105 2243 1173 2264 cor-

214 2287 300 2318 rupta
310 2276 352 2307 sit.
375 2287 430 2317 ego
444 2297 453 2310 ,
474 2275 494 2306 si
508 2278 538 2307 id
553 2277 648 2307 facere
658 2287 722 2307 non
733 2279 864 2317 potueris
875 2297 883 2311 ,
902 2278 982 2318 quod
992 2296 1001 2310 ,
1023 2285 1057 2306 ut
1066 2276 1173 2316 opinio

215 2329 284 2350 mea
296 2319 372 2352 fert,
393 2329 430 2348 ne
440 2320 565 2358 incipies
575 2318 700 2359 quidem
712 2338 720 2351 ,
741 2327 792 2357 per
800 2329 892 2359 quem
903 2319 1006 2348 tulerit
1017 2338 1025 2350 ‚
1045 2317 1173 2347 docebo.

214 2361 308 2394 Estne
318 2362 379 2391 haec
388 2370 456 2391 vera
464 2363 644 2390 contentio?
665 2360 797 2399 placetne
815 2358 852 2389 sic
868 2362 914 2399 agi
926 2362 936 2388 ?
955 2362 968 2386 3
980 2368 1044 2387 non
1053 2356 1173 2397 poss‘urn

215 2405 312 2444 magis
332 2402 440 2442 pedem
462 2401 597 2432 conferre
619 2402 664 2441 (ut
682 2401 777 2440 ajunt)
799 2409 849 2430 aut
865 2399 1001 2439 proprius
1020 2398 1168 2428 accedere.

216 2445 300 2487 Qid
311 2447 407 2474 taces?
423 2443 496 2484 quid
507 2441 674 2473 dissimulas
684 2445 695 2471 ?
707 2442 779 2483 quid
790 2442 1008 2482 tergiversaris?
1028 2442 1117 2469 etiam
1127 2447 1170 2468 at-

241 2497 278 2516 ue
288 2488 378 2516 etiam
389 2486 468 2516 insto
477 2505 486 2519 ,
497 2495 582 2526 atque
593 2495 683 2526 urgeo
693 2505 702 2518 ,
718 2483 846 2514 inseEtor
855 2502 864 2517 ,
879 2483 970 2523 posco
980 2503 989 2516 ,
1001 2491 1088 2522 atque
1099 2479 1173 2511 adeo

219 2497 320 2568 {agito
330 2530 446 2558 crimen
458 2538 463 2556 2
477 2536 699 2568 quamcumque
711 2526 822 2556 tribum
832 2545 840 2559 ,
857 2527 981 2565 inquam
992 2543 1000 2558 ,
1016 2524 1172 2562 delegeriS,

222 2580 312 2611 quam
332 2570 434 2599 tulerit
442 2570 597 2603 Plancius,
617 2579 649 2599 tu
668 2567 838 2601 ostendito,
857 2565 878 2597 si
897 2568 1026 2607 poteris,
1045 2567 1175 2595 vitium:

219 2621 275 2653 ego
286 2632 294 2644 ,
316 2621 372 2651 qua
388 2613 501 2641 ratione
515 2611 634 2645 tulerit,
655 2610 789 2640 docebo:
809 2619 864 2639 nec
882 2611 938 2638 erit
952 2610 1015 2638 haec
1029 2608 1085 2638 alia
1103 2609 1175 2636 ratio
1197 2615 1198 2623 ¹

221 2655 343 2684 Plancio
358 2672 365 2685 ‚
384 2663 415 2682 ac
425 2651 585 2683 Laterensi,
609 2662 679 2683 narn
696 2662 748 2686 ut,
770 2661 840 2693 quas
859 2651 952 2681 tribus
972 2659 1003 2680 tu
1021 2647 1135 2682 tulisti,
1157 2646 1177 2677 si

218 2695 283 2735 jam
295 2704 332 2724 ex
344 2703 370 2724 te
382 2697 529 2735 requiram
540 2715 548 2728 ,
561 2693 651 2735 poss'is
662 2715 670 2728 ‚
685 2703 816 2735 quorum
828 2692 927 2723 studio
940 2692 1045 2722 tuleris
1059 2711 1067 2725 ,
1080 2691 1178 2730 expli—

221 2747 286 2767 care
301 2748 304 2765 :
325 2735 363 2766 sic
374 2746 428 2777 ego
439 2738 496 2766 hoc
506 2736 658 2767 contendo
668 2757 676 2770 ,
691 2747 741 2767 me
752 2737 806 2766 tibi
816 2733 869 2775 ipsi
878 2734 1042 2764 adversario
1050 2753 1060 2766 ,
1080 2733 1180 2772 cujus-

158 2783 203 2808 20
225 2789 356 2818 cumque
369 2778 461 2808 tribus
473 2781 620 2808 rationem
631 2779 800 2818 poposceris
811 2797 819 2811 ,
841 2776 1038 2807 redditurum.
1061 2774 1117 2805 Sed
1128 2784 1181 2807 cui·

224 2830 279 2862 ego
290 2819 326 2850 sic
340 2823 415 2859 ago?
437 2819 515 2861 quasi
534 2831 597 2850 non
614 2822 821 2861 comitiisjam
836 2818 1037 2866 superioribus
1051 2815 1084 2847 sit
1094 2817 1182 2847 Plan-
1199 2818 1201 2859 l

224 2871 289 2892 cius
306 2862 468 2901 designatus
485 2862 591 2892 aedilis.
614 2871 679 2903 quae
692 2864 816 2892 comitia
825 2864 960 2901 primum
972 2860 1077 2889 habere
1091 2860 1183 2899 coepit

224 2904 411 2935 consultum
421 2904 566 2934 omnibus
576 2907 608 2935 in
618 2905 706 2935 rebus
716 2905 834 2935 summa
844 2901 1016 2934 auctoritate
1026 2921 1035 2935 2
1053 2910 1117 2931 tum
1131 2902 1184 2931 ha-

1179 144 1726 192 CicriRonis

1203 235 1271 256 rum
1285 224 1413 265 ipsarum
1427 224 1528 266 legum
1541 225 1671 256 ambitus
1687 224 1809 256 ευᾶοτῑ
1828 224 1938 257 deinde
1957 225 2063 258 habere
2079 228 2170 270 coepit

1199 266 1410 307 fisbi'tiz‚praeter
1419 268 1601 306 opinionem
1612 270 1801 298 omnium:ut
1810 278 1848 298 ne
1858 267 1877 298 si
1888 268 2037 311 cogitasset
2045 271 2170 311 quidem

1203 309 1351 350 quispiam
1369 308 1467 348 largiri
1486 328 1494 342 ,
1524 308 1639 340 daretur
1659 311 1791 350 spacium
1809 311 2010 351 comparandi.
2047 315 2170 345 Vocatae

1207 351 1300 382 tribus
1313 361 1317 379 ·.
1339 351 1432 380 latum
1451 348 1638 392 suffragium:
1659 352 1810 392 descriptae
1818 373 1826 386 ‚
1847 355 2031 384 renuntiatae.
2072 354 2165 397 longe

1206 391 1374 433 plurimum
1384 392 1478 422 valuit
1491 392 1636 422 Plancius.
1660 394 1742 424 nulla
1759 396 1923 435 largitionis
1939 405 1994 426 nec
2013 395 2089 429 fuit,
2107 406 2166 427 nec

1207 434 1265 465 ess'e
1274 436 1372 474 potuit
1383 433 1517 473 suspicio.
1544 437 1592 464 An
1608 435 1729 466 tandem
1746 446 1805 466 una
1819 439 1950 467 centuria
1963 439 2163 479 pratogariva,

1207 486 1323 507 tantum
1337 476 1423 505 habet
1432 474 1614 506 auetoritatis
1623 496 1631 510 ,
1647 486 1679 507 ut
1687 487 1783 507 nemo
1793 489 1937 519 umquam
1948 481 2101 519 priore—am
2113 489 2165 510 tu·

1209 519 1276 548 lerit
1287 538 1294 552 ,
1305 519 1380 560 quin
1391 519 1575 548 renuntiatus
1585 517 1619 548 sit
1629 529 1634 547 z
1645 528 1677 548 tu
1686 529 1736 549 aut
1745 521 1791 548 his
1803 518 1868 559 ipsis
1878 523 2012 551 comitiis
2021 522 2165 553 consula-

1209 561 1291 590 ribus
1303 580 1311 593 ,
1331 569 1382 590 aut
1394 560 1472 589 certe
1484 561 1517 590 in
1529 560 1618 590 illum
1629 570 1743 590 annum
1753 560 1874 590 aedilem
1885 562 2039 592 Plancium
2048 562 2166 595 fastum.

1211 604 1328 632 miraris
1339 621 1347 635 ‚
1368 603 1401 631 in
1412 611 1473 642 quo
1484 611 1548 631 non
1559 604 1665 643 exigua
1673 612 1737 642 pars
1746 603 1852 642 populi
1864 623 1872 635 .
1889 603 1937 633 sed
1947 604 2104 634 universus
2111 614 2169 645 po-

1210 645 1297 685 pulus
1316 644 1504 674 voluntatem
1524 644 1606 674 suam
1621 644 1792 675 declararit?
1812 646 1858 684 cuj
1864 654 1896 674 us
1915 647 1947 675 in
1967 646 2083 676 honore
2102 656 2168 677 non

1212 688 1302 716 unius
1313 685 1406 716 tribus
1416 695 1478 725 pars
1489 705 1497 719 ‚
1517 686 1563 715 sed
1578 688 1703 716 comitia
1717 695 1778 716 tota
1789 688 1924 716 comitiis
1934 685 2046 718 fuerint
2054 697 2168 728 praero-

1211 731 1292 769 gata?
1316 730 1385 769 Qo
1394 727 1518 772 quidem
1530 736 1664 768 tempore
1674 748 1682 761 ,
1704 726 1725 758 fi
1735 728 1765 758 id
1777 748 1785 762 ,
1807 727 1968 758 Laterensis
1979 749 1987 762 ,
2005 729 2100 759 facere
2109 740 2167 760 vo-

1212 770 1324 803 luiffes,
1335 779 1384 800 aut
1397 772 1417 798 li
1428 771 1579 810 gravitatis
1594 769 1650 799 effe
1663 768 1789 809 putaffes
1799 779 1866 804 tuae,
1883 770 1963 810 quod
1977 771 2066 801 multi
2076 771 2169 801 nobi-

1212 813 1254 842 les
1275 812 1348 852 saepe
1373 811 1507 856 fecerunt
1517 831 1525 844 ‚
1546 820 1598 844 ut,
1619 811 1691 841 cum
1711 812 1816 842 minus
1835 810 1992 842 valuissent
2010 811 2167 853 suffragiis,

1209 853 1302 894 quam
1311 851 1473 893 putassent,
1494 852 1593 893 postea
1603 874 1611 885 ‚
1630 854 1753 894 prolatis
1762 855 1913 887 comitiis,
1930 853 2168 895 prosternerenrse‚

1212 896 1245 925 &
1254 895 1368 935 populo
1377 897 1469 925 Rom.
1479 893 1575 925 fracto
1585 897 1689 925 animo
1700 915 1708 929 ,
1728 904 1812 936 atque
1827 896 1937 925 humili
1959 896 2167 936 supplicarent:

1221 947 1286 967 non
1294 937 1400 967 dubito
1412 957 1420 969 ‚
1439 939 1515 977 quin
1528 938 1631 967 omnis
1643 937 1678 967 ad
1695 946 1722 967 te
1736 938 1916 967 conversura
1924 938 1952 968 se
1962 937 2169 968 fueritmulti-

1209 979 1294 1010 tudo.
1316 982 1334 1006 4
1344 981 1534 1017 NUMQJAM
1545 989 1636 1008 ENIM
1647 980 1799 1010 nobilitas,
1813 982 1925 1020 integra
1932 980 2106 1019 praesertim,
2121 989 2166 1010 at-

1210 1031 1268 1092 que
1279 1023 1426 1051 innocens
1436 1041 1445 1054 ‚
1457 1021 1472 1050 a
1481 1021 1595 1060 populo
1609 1023 1702 1051 Rom.
1713 1022 1837 1061 supplex
1847 1021 1998 1061 repudiata
2007 1020 2073 1051 fuit.
2096 1021 2166 1055 Sed,

1223 1063 1297 1108 itibi
1308 1064 1432 1104 gravitas
1443 1070 1492 1092 tua
1502 1082 1510 1096 ,
1532 1063 1566 1092 &
1575 1063 1753 1104 magnitudo
1762 1065 1877 1096 animi,
1895 1062 1989 1102 pluris
1999 1062 2058 1093 fuit
2068 1082 2077 1096 ,
2095 1061 2169 1093 sicut

1212 1103 1269 1134 esse
1282 1104 1387 1134 debuit
1396 1123 1405 1137 ‚
1424 1113 1515 1148 quam
1526 1104 1668 1134 aedilitas:
1691 1105 1758 1134 noli
1768 1125 1776 1138 ‚
1798 1104 1871 1135 cum
1888 1104 1994 1135 habeas
2013 1104 2043 1135 id
2057 1123 2065 1138 ‚
2083 1104 2166 1145 quod

1212 1146 1353 1176 malueris
1364 1164 1373 1179 ,
1392 1145 1552 1175 desiderare
1564 1145 1596 1175 id
1608 1166 1616 1178 .
1636 1146 1718 1185 quod
1732 1148 1862 1175 minoris
1873 1148 1992 1186 putaris.
2016 1146 2168 1186 Equidem

1212 1186 1349 1228 primum
1362 1195 1395 1216 ut
1404 1187 1520 1216 honore
1530 1186 1638 1226 dignus
1647 1186 1740 1217 effem
1750 1207 1758 1220 ‚
1778 1188 1913 1217 maxime
1926 1188 2042 1227 semper
2050 1187 2169 1217 labora-

1209 1231 1240 1260 vi
1253 1240 1258 1258 :
1280 1227 1411 1259 secundo
1423 1236 1455 1258 ut
1463 1227 1650 1258 existimarer
1663 1239 1669 1256 :
1690 1230 1812 1258 tertium
1823 1229 1901 1258 mihi
1910 1228 1968 1258 fuit
1977 1228 2052 1258 illud
2063 1248 2072 1262 ‚
2083 1227 2168 1269 quod

1209 1271 1357 1312 plerisque
1365 1271 1500 1310 primum
1511 1268 1554 1299 est
1563 1289 1571 1304 ,
1593 1270 1655 1309 ipse
1665 1270 1763 1300 honos
1778 1281 1783 1299 z
1801 1272 1854 1311 qui
1875 1280 1920 1300 iis
1940 1279 2096 1311 DENiQE
2114 1270 2170 1300 de-

1212 1314 1261 1343 bet
1278 1311 1336 1342 effe
1350 1312 1503 1352 jucundus
1515 1331 1523 1345 ,
1543 1321 1674 1352 quorum
1686 1311 1825 1353 dignitati
1837 1312 1967 1352 populus
1977 1310 2168 1342 Rom.testi-

1212 1357 1354 1384 monium
1365 1374 1373 1387 ‚
1386 1363 1450 1384 non
1460 1352 1642 1383 beneficium
1653 1353 1815 1384 ambitioni
1825 1354 1917 1384 dedit.
1970 1355 2055 1384 uaeris
2065 1355 2168 1388 etiam,

1212 1395 1376 1427 Laterensis
1386 1416 1394 1430 ,
1415 1395 1488 1436 quid
1499 1395 1683 1436 imaginibus
1693 1397 1752 1425 tuis
1762 1415 1770 1429 ,
1781 1395 1854 1436 quid
1867 1397 1976 1426 ornatii
1988 1405 2052 1426 imo
2063 1415 2071 1429 ‚
2083 1404 2172 1436 atque

1212 1441 1331 1478 optimo
1343 1440 1409 1468 viro
1420 1457 1428 1471 ‚
1443 1439 1517 1477 patri
1527 1446 1580 1467 tuo
1590 1458 1599 1471 ,
1611 1437 1789 1477 respondeas
1801 1446 1933 1467 mortuo.
1957 1438 2032 1468 Noli
2042 1437 2097 1468 ista
2107 1447 2174 1467 me-

1211 1480 1297 1511 ditari
1310 1491 1315 1509 ;
1335 1479 1507 1520 atqueillud
1517 1489 1587 1509 cave
1599 1478 1701 1519 potius
1711 1499 1720 1513 ‚
1743 1489 1781 1509 ne
1793 1488 1841 1509 tua
1851 1478 1904 1509 ista
1913 1480 2049 1520 querela,
2068 1478 2174 1509 dolor-

1210 1532 1269 1563 que
1280 1523 1394 1552 nimius
1406 1541 1414 1554 ‚
1426 1521 1461 1551 ab
1471 1521 1532 1551 illis
1544 1519 1764 1561 sapientiffimis
1774 1523 1847 1551 viris
1857 1521 2096 1561 reprehendatur.
2117 1522 2169 1551 vi-

1211 1564 1255 1594 dit
1265 1566 1349 1594 enim
1360 1572 1440 1603 pater
1449 1572 1517 1593 tuus
1526 1582 1534 1596 ‚
1546 1565 1679 1602 Appium
1689 1563 1850 1593 Claudium
1859 1583 1867 1596 ,
1879 1561 2101 1593 nobiliffimum
2111 1563 2170 1593 ho-

1214 1608 1332 1636 minem
1344 1626 1354 1638 ,
1374 1607 1447 1635 vivo
1456 1613 1536 1644 patre
1547 1604 1600 1634 suo
1611 1624 1619 1637 ,
1635 1603 1843 1644 potentissimo
1852 1625 1861 1638 ,
1879 1605 1912 1634 &
1922 1602 2081 1634 clariffimo
2090 1605 2171 1638 cive,

1213 1650 1244 1678 C.
1256 1647 1381 1678 Claudio
1392 1666 1401 1680 ,
1421 1647 1542 1676 aedilem
1556 1655 1621 1675 non
1634 1644 1691 1675 effe
1703 1645 1818 1676 fafitum
1830 1665 1839 1679 ,
1861 1645 1894 1675 &
1908 1645 2039 1675 eundern
2053 1644 2113 1676 fine
2126 1654 2176 1675 re-

1213 1690 1296 1730 pulsa
1304 1688 1420 1719 fa&um
1430 1687 1489 1718 effe
1501 1687 1675 1718 consulem:
1691 1687 1769 1717 vidit
1777 1707 1785 1721 ,
1801 1688 1963 1717 hominem
1974 1685 2026 1717 sibi
2037 1685 2175 1717 maxime

1212 1730 1413 1770 conjunehim
1425 1750 1433 1763 ,
1454 1731 1607 1770 egregium
1616 1731 1716 1759 virum
1729 1749 1738 1762 ,
1759 1729 1972 1759 L-Volcatium
1985 1739 1990 1757 :
2009 1729 2106 1762 vidit,
2127 1730 2174 1759 M.

1216 1773 1357 1804 Pisonem
1369 1774 1403 1801 in
1412 1771 1466 1801 ista
1474 1771 1614 1801 aedilitate
1625 1790 1634 1804 ‚
1655 1769 1871 1800 offensiuncula
1881 1777 1997 1810 accepta
2008 1791 2016 1803 ,
2037 1770 2177 1800 summos

1215 1814 1231 1845 a
1245 1815 1360 1855 populo
1369 1816 1463 1844 Rom.
1475 1810 1533 1842 effe
1546 1813 1679 1842 honores
1691 1811 1823 1852 adeptos.
1850 1815 1934 1841 Avus
1947 1810 2020 1841 vero
2034 1820 2102 1842 tuus
2112 1832 2122 1845 ‚
2140 1811 2176 1842 &e

1216 1860 1247 1887 Ρ.
1258 1854 1370 1886 Nasicae
1380 1855 1435 1885 tibi
1445 1854 1601 1884 aedilitiam
1611 1853 1780 1894 praedicaret
1796 1853 1934 1895 repulsam
1943 1873 1953 1887 ,
1974 1863 2036 1894 quo
2046 1855 2112 1883 cive
2121 1863 2178 1883 ne-

1218 1900 1336 1928 minem
1347 1907 1402 1938 ego
1413 1895 1508 1926 statuo
1518 1897 1550 1924 in
1559 1896 1613 1925 hac
1621 1895 1722 1935 repub.
1733 1894 1894 1925 fortiorem
1905 1906 1911 1924 z
1922 1895 1955 1926 &c
1966 1897 2091 1925 C.Marii
2101 1916 2110 1928 ,
2122 1896 2177 1936 qui

1216 1940 1331 1970 duabus
1341 1939 1490 1968 aedilitatis
1499 1939 1626 1976 acceptis
1636 1935 1756 1976 repulsis
1765 1956 1773 1970 ,
1786 1937 1891 1977 septies
1902 1937 2007 1967 consul
2017 1936 2059 1967 est
2068 1936 2175 1967 fabius:

1218 1982 1251 2012 &
1261 1983 1296 2011 L.
1306 1981 1426 2011 Caesaris
1436 2000 1444 2014 ‚
1457 1982 1511 2010 Cn.
1521 1978 1649 2012 O&avii,
1664 1981 1708 2008 M.
1718 1979 1832 2009 Tullii:
1847 1988 1924 2020 quos
1934 1980 2054 2008 omneis
2064 1978 2176 2009 scimus

1218 2024 1356 2055 aedilitate
1367 2023 1531 2063 praeteritos
1540 2041 1549 2055 ‚
1559 2021 1698 2052 consules
1707 2019 1765 2050 effe
1774 2019 1879 2051 fa&os.
1888 2019 1945 2051 Sed
1956 2019 2028 2061 quid
2039 2030 2094 2062 ego
2104 2019 2178 2051 aedi-

1216 2067 1295 2096 litias
1305 2065 1433 2106 repulsas
1444 2064 1560 2104 colligo
1571 2065 1582 2092 ?
1598 2073 1664 2104 quae
1676 2063 1750 2102 saepe
1760 2062 1910 2103 ejusmodi
1919 2062 2027 2092 habitae
2037 2062 2105 2092 sunt
2115 2081 2124 2096 ,
2144 2070 2179 2093 ut

1217 2110 1255 2138 iis
1263 2128 1270 2142 ,
1283 2109 1334 2149 qui
1345 2107 1485 2148 praeteriti
1495 2104 1590 2135 effent
1599 2125 1608 2138 ‚
1620 2103 1734 2145 henigne
1743 2104 1758 2135 a
1768 2104 1883 2144 populo
1892 2103 2006 2136 faCtum
2014 2103 2176 2134 videretur.

1217 2150 1376 2181 Tribunus
1387 2149 1523 2180 militum
1535 2167 1544 2181 ‚
1565 2148 1601 2176 L.
1611 2147 1767 2187 Philippus
1779 2166 1788 2180 ,
1806 2147 1925 2177 summa
1941 2146 2097 2176 nobilitate
2112 2165 2122 2179 ,
2143 2144 2178 2175 δε

1218 2192 1391 2233 eloquentia
1402 2203 1411 2225 ;
1431 2188 1560 2231 quaestor
1569 2209 1578 2223 ,
1601 2191 1636 2219 C.
1647 2189 1756 2219 Caelius
1769 2209 1778 2222 ‚
1798 2186 1972 2218 clariffimus
1982 2207 1990 2221 ,
2010 2197 2043 2217 ac
2054 2184 2182 2216 fortissi-

1221 2244 1291 2264 mus
1302 2233 1474 2264 adolescens
1487 2242 1492 2261 :
1513 2230 1628 2261 tribuni
1637 2230 1716 2270 pleb.
1728 2230 1903 2260 P.Rutilius
1913 2227 2014 2259 Rufus
2024 2247 2033 2261 ,
2052 2230 2085 2257 C.
2095 2229 2181 2258 Fim-

1219 2276 1300 2310 bria,
1322 2272 1490 2307 ocaffius,
1512 2271 1693 2303 Cn.0restes
1704 2292 1713 2305 ‚
1730 2270 1800 2301 faeti·
1812 2280 1876 2300 non
1885 2270 1971 2299 sunt:
1990 2278 2066 2310 quos
2077 2277 2182 2300 tamen

1222 2359 1353 2397 majores
1363 2358 1407 2386 tui
1416 2365 1482 2385 non
1490 2353 1666 2384 consolandi
1676 2355 1720 2383 tui
1729 2354 1819 2394 gratia
1827 2354 1978 2387 dicerent,
1998 2362 2096 2394 neque
2105 2351 2180 2383 verb

1224 2408 1286 2438 quo
1297 2406 1325 2427 te
1335 2397 1464 2427 liberent
1473 2396 1571 2436 aliqua
1579 2396 1665 2435 culpa
1674 2415 1682 2428 ‚
1703 2405 1794 2435 quarn
1806 2403 1838 2424 tu
1848 2396 1958 2424 vereris
1969 2414 1977 2428 ‚
1997 2403 2036 2424 ne
2046 2396 2061 2424 a
2076 2403 2104 2424 te
2120 2393 2184 2424 sus*-

1223 2448 1306 2479 cepta
1315 2438 1465 2468 videatur:
1484 2439 1532 2468 sed
1543 2447 1574 2467 ut
1586 2447 1613 2467 te
1622 2437 1660 2466 ad
1667 2437 1779 2476 cursum
1788 2436 1880 2466 istum
1892 2435 2056 2466 tenendum
2067 2455 2076 2470 ,
2086 2442 2180 2477 quem

1221 2480 1236 2511 a
1245 2484 1342 2521 prima
1352 2489 1435 2510 aetate
1446 2479 1613 2520 suscepisti,
1624 2480 1828 2510 cohortentur.
1851 2479 1931 2508 nihil
1942 2477 1983 2507 est
1993 2480 2089 2511 enim,
2100 2478 2180 2507 mihi

1196 2549 1197 2555 ,
1220 2523 1305 2553 crede
1315 2542 1323 2556 ,
1344 2520 1508 2552 Laterensis
1520 2542 1528 2555 ‚
1551 2521 1587 2551 de
1604 2530 1632 2551 te
1651 2520 1832 2551 detraetum:
1857 2519 2021 2550 den-auum
2039 2520 2109 2550 dico
2126 2522 2136 2549 ?
2158 2517 2180 2550 fi

1196 2565 1198 2589 l
1221 2564 1407 2594 mehercules
1416 2563 1486 2593 vere
1497 2584 1506 2598 ‚
1523 2563 1607 2604 quod
1616 2562 1723 2593 accidit
1733 2583 1742 2596 ,
1764 2563 1949 2602 interpretari
1958 2562 2035 2591 velis
2045 2582 2054 2595 ,
2075 2561 2118 2591 est
2126 2561 2182 2592 ali-

1219 2606 1291 2647 quid
1303 2608 1392 2637 etiam
1404 2605 1441 2635 de
1451 2608 1561 2635 virtute
1571 2603 1768 2646 significatum
1779 2613 1835 2634 tua.
1850 2605 1925 2634 Noli
1935 2605 2018 2633 enim
2029 2602 2183 2634 existima-

1197 2653 1199 2668 *
1220 2659 1250 2678 re
1265 2669 1273 2681 ,
1293 2658 1358 2678 non
1368 2657 1513 2688 magnum
1524 2647 1675 2688 quendam
1697 2655 1816 2676 motum
1829 2643 1916 2675 fuiss‘e
1929 2646 2010 2675 illius
2027 2646 2184 2685 petitionis

1197 2675 1200 2745 ἱ
1221 2700 1298 2723 tuat,
1320 2689 1357 2719 de
1376 2700 1433 2730 qua
1452 2700 1491 2720 ne
1510 2689 1624 2730 aliquid
1639 2690 1751 2728 jurares
1764 2707 1772 2721 ,
1797 2686 1944 2718 destitisti.
1977 2685 2181 2723 Denuntiasti,

1199 2750 1200 2761 l
1225 2734 1321 2762 homo
1338 2731 1507 2761 adolescens
1519 2751 1528 2764 ,
1548 2731 1621 2771 quid
1640 2730 1677 2760 de
1696 2730 1814 2760 summa
1832 2729 1947 2768 reipub.
1964 2730 2096 2759 sentires.
2119 2727 2182 2757 for-

1199 2783 1200 2811 }
1225 2774 1285 2805 tius
1304 2783 1334 2804 tu
1351 2773 1497 2814 quidem3
1516 2778 1606 2813 quam
1618 2772 1761 2802 nonnulli
1772 2770 1908 2801 defunthi
1918 2770 2085 2801 honoribus
2099 2790 2108 2803 ‚
2129 2768 2179 2799 sed

1227 2815 1356 2856 apertius
1365 2836 1373 2849 ‚
1388 2815 1479 2856 quam
1491 2815 1539 2845 vel
1548 2815 1727 2844 ambitionis
1737 2834 1746 2848 ,
1765 2814 1815 2843 vel
1825 2815 1915 2843 aetatis
1927 2822 1983 2842 tua:
1995 2814 2069 2841 ratio
2078 2810 2182 2851 postu-

1200 2875 1201 2880 =
1226 2859 1311 2889 labat.
1336 2857 1544 2899 (Qamobrem
1555 2858 1588 2886 in
1599 2855 1787 2885 distentiente
1797 2855 1910 2895 populo
1919 2854 2101 2893 noliputare,
2113 2852 2185 2882 nul-

1198 2885 1201 2931 l
1227 2901 1273 2931 los
1288 2899 1376 2931 i'uiss‘e
1388 2920 1396 2935 ,
1415 2909 1547 2940 quorum
1565 2900 1684 2929 animos
1701 2907 1769 2929 tuus
1788 2897 1840 2926 ille
1853 2895 1939 2926 fortis
1953 2905 2071 2925 animus
2085 2893 2186 2925 offen-

2090 2936 2184 2966 deret:

228 2999 2177 3016 ᾘΜ

260 3044 283 3063 1·
304 3039 331 3061 1²¹
343 3036 391 3068 ,ΠΜ
407 3039 513 3067 petitione
532 3039 682 3071 reficerem]
705 3039 849 3064 Liunbinus
861 3038 918 3064 heic
929 3036 1021 3063 mallet
1041 3038 1180 3069 exspeffem,
1225 3035 1355 3062 Gulielm.
1371 3036 1458 3068 delige:
1476 3043 1525 3060 tum
1535 3034 1586 3059 doce
1594 3033 1688 3066 idquod
1696 3033 1771 3057 debes.

223 3073 251 3100 δε
262 3071 419 3108 nescioquas
441 3071 601 3108 respee'taudi
612 3073 689 3109 fingit
700 3075 950 3110 interpretationes:
973 3074 1035 3098 cuin
1057 3071 1181 3107 iiinplici-

222 3115 264 3135 ter
278 3107 340 3134 velit
352 3109 437 3135 noste.-
455 3108 526 3144 qnod
540 3108 626 3135 versus
638 3111 740 3136 catulli
752 3121 758 3137 ;
781 3114 829 3136 Nec
839 3120 913 3135 meum
924 3110 1039 3143 resperlar
1052 3127 1059 3139 ‚
1080 3115 1106 3132 ur
1117 3115 1182 3139 amc,

223 3154 333 3172 amorem.
353 3144 526 3170 (julii-liuius.

255 3190 284 3207 2.
304 3183 476 3208 Unamtribnm
487 3181 607 3215 deligcxu:
627 3181 712 3208 doceid
719 3182 779 3217 quod
790 3182 882 3218 debes]
902 3182 968 3211 Non
988 3180 1056 3211 male
1069 3178 1187 3209 tentabat
1201 3210 1204 3214 ,
1225 3178 1274 3207 hoc
1284 3180 1383 3212 modo5
1403 3188 1532 3215 numquam
1542 3181 1601 3205 enim
1603 3178 1657 3213 fere
1664 3178 1784 3204 nobilitas.
1795 3176 1821 3201 δε
1834 3176 1918 3204 tutius
1928 3173 1987 3204 saue
1997 3174 2030 3202 ii<
2041 3175 2175 3208 loquatur.
2192 3184 2194 3187 ·

1262 3079 1287 3105 3.
1308 3075 1360 3097 Non
1366 3073 1451 3105 poſjiem
1463 3069 1534 3103 magis
1542 3070 1619 3102 pedem
1629 3070 1730 3101 conferre
1741 3087 1749 3098 ,
1763 3066 1830 3099 (ivr-2]
1851 3065 1925 3092 Idem
1936 3065 2064 3092 sententia
2079 3063 2185 3101 graio-

1227 3107 1291 3132 fiore
1303 3117 1308 3133 ι
1331 3108 1481 3142 nnmpoffiaem
1491 3106 1573 3138 magis,
1585 3114 1629 3141 per
1639 3103 1891 3138 interrogationem.

1262 3150 1290 3175 4.
1309 3147 1453 3178 'Rumquam
1472 3146 1531 3168 enim
1554 3144 1662 3167 nobilitat
1675 3159 1682 3171 ,
1702 3140 1768 3173 &nl
1791 3139 1952 3174 'l'uringicus
1971 3136 2104 3164 interserit
2121 3135 2180 3166 ser).-

2069 3218 2079 3236 ι
2088 3228 2094 3234 .
2104 3210 2180 3241 Atqui

2191 1363 2233 1391 21

1220 2326 1329 2347 omnes
1339 2316 1476 2346 consules
1485 2313 1580 2344 fabios
1590 2314 1702 2343 scimus
1713 2310 1783 2343 else.
1807 2314 1882 2353 Qae
1895 2311 1949 2340 tibi
1963 2311 2042 2341 ultro
2050 2319 2138 2350 pater,
2146 2311 2180 2342 &
2224 2316 2228 2325 ⁸
