2360 3400
533 71 678 138 QG.
729 85 801 119 nn
850 68 1231 118 ΡΕΤῙΤῙΟΝΕ
1279 73 1746 121 (ἷοΝευιΑτυε.
2004 75 2134 141 1283'

154 154 327 189 aestimanda
337 151 454 184 virtus:
469 161 531 195 qua
541 163 588 183 nec
596 153 666 194 eripi
675 172 685 187 ,
704 162 750 183 nec
757 151 862 195 surripi
868 151 956 195 potest
965 163 1117 194 umquam:
1153 161 1278 194 petunt,
1290 154 1372 185 nulla
1384 164 1414 185 re
1425 163 1512 196 egent
1522 175 1532 190 ,
1554 156 1633 186 nihil
1647 154 1700 185 fibi
1711 153 1810 187 deess'e
1823 154 1980 190 sentiunt,
1991 157 2070 188 nihil
2080 167 2130 189 reo

154 209 241 242 neque
251 195 411 237 naufragio,
422 205 509 237 neque
522 195 644 225 incendio
654 196 816 225 amittitur:
828 198 839 214 ¹
853 206 900 225 nec
910 194 1113 236 tempestatum,
1155 197 1288 237 quirunt.
1312 197 1449 238 Improbi
1460 206 1560 228 autem
1572 218 1581 232 ,
1595 198 1628 228 &
1637 199 1715 228 avari
1728 218 1736 232 ,
1748 200 1895 240 quoniam
1908 200 2046 234 incertas,
2058 202 2072 220 ²
2083 209 2128 232 at-

149 251 200 271 mc
208 238 573 281 temporumpermuratione
589 242 742 267 mutatur?
761 246 818 278 qua
837 237 954 277 praediti
972 237 1114 278 quisunt,
1135 231 1137 248 '
1155 240 1255 278 quein
1274 240 1339 269 casu
1358 237 1465 279 pofitas
1483 239 1593 270 habent
1605 260 1614 274 ‚
1635 240 1668 270 &
1687 241 1755 279 plus
1766 241 1882 282 semper
1891 248 2054 281 appetunt,
2077 253 2123 271 nec

152 282 210 313 soli
219 282 286 312 sunt
297 281 415 312 divites.
435 283 514 311 Som
526 282 610 311 enim
623 277 771 320 poffident
780 289 827 310 res
841 279 873 309 δε
882 278 1048 310 ῐτυξέυοῖεε
1060 297 1069 313 ‚
1082 279 1115 309 ὃς
1135 302 1137 306 .
1153 289 1246 309 eorum
1256 280 1409 321 quifijuam
1417 282 1508 311 adhu'c
1519 282 1651 311 inventus
1661 281 1698 318 est
1707 303 1715 316 ‚
1740 283 1787 312 c'ui
1797 303 1806 317 ‚
1827 284 1903 325 quod
1911 282 2021 312 haberet
2029 302 2038 317 ‚
2060 284 2124 322 effes

151 323 349 364 sempiternas
364 334 370 353 :
392 322 506 363 solique
517 321 611 363 (quod
621 320 664 351 est
674 322 830 361 proprium
841 320 1029 361 divitiarum)
1039 330 1116 351 con·
1135 318 1243 361 ἱρείη
1269 332 1331 352 non
1351 322 1446 353 modo
1458 333 1520 354 non
1533 323 1646 364 copiosi
1656 334 1688 355 ac
1701 324 1812 356 divites
1821 345 1830 361 ‚
1853 326 1902 357 scd
1912 327 2002 357 etiam
2014 335 2124 367 inopes

118 360 121 361 ⁷
151 368 228 397 tenti
239 366 308 397 sunt
318 365 405 396 rebus
416 364 485 396 suis.
509 364 577 395 satis
588 361 646 394 esse
654 372 780 404 putant,
807 362 890 403 quod
902 362 960 393 est:
973 363 1053 392 nihil
1064 372 1116 403 ap·
1135 361 1137 383 ¹
1153 373 1186 393 ac
1195 373 1337 404 pauperes
1347 364 1543 396 existimandi
1564 367 1641 397 sunt.

192 467 214 484 1.
236 460 282 483 Nec
299 457 457 489 tempestatum
473 463 515 481 nec
525 461 653 488 temporum
666 454 848 487 perturbatione
864 452 1012 486 muratum]
1035 451 1114 479 Haud

150 491 222 520 secus
233 493 296 521 olim
308 492 392 519 editi:
415 492 442 518 δε
455 491 487 518 sic
497 490 567 517 Pan.
586 499 681 517 omnes
693 509 702 522 ‚
720 490 785 516 item
804 489 926 525 plerique
940 487 1006 515 Aldi
1018 489 1114 525 Nepo-

151 529 185 556 tis
196 528 308 556 codices.
330 527 479 555 Gulielmio
497 525 658 563 probabatur
676 526 775 553 veteris
790 525 916 556 editionis
935 524 1019 551 leftio
1032 544 1039 556 ,
1055 533 1112 558 per-

148 569 285 594 turbatione
303 571 418 592 movetur.
438 564 466 592 in
476 563 592 592 Palatiu-
612 563 691 598 prim.
712 563 797 590 exstat
809 581 818 595 ,
835 571 877 589 mc
893 564 924 588 vi
941 563 1113 596 tempestatum,

1154 453 1224 489 quod
1235 454 1366 483 &inuno
1376 457 1544 484 ManutIano.

1173 498 1226 530 ‚22
1237 493 1429 531 <Atquei‘v3cafi1
1443 493 1557 527 pofitas]
1578 494 1721 521 Gulielmii
1734 496 1823 522 Maur.
1839 497 1865 521 in
1875 497 1928 529 ufi‘·
1948 506 2002 533 quo
2022 497 2044 523 ei
2065 507 2117 525 nou

1151 524 1273 589 dispuctet
1286 536 1294 556 3
1316 537 1389 563 quia,
1399 529 1501 564 inquit,
1511 536 1636 563 utuntur,
1647 540 1712 567 opus
1723 531 1819 560 babent
1830 533 1949 568 quaeffio,
1960 541 1989 562 ut
2000 532 2117 571 sumptus

1153 571 1190 589 re.
1203 571 1241 589 cia
1258 571 1297 590 ur.

746 657 844 731 Q
945 655 1501 714 CICERO

145 854 952 946 PETITIONE
1073 764 2110 955 1EEONSULATUS,

1067 998 1187 1043 AD

337 1077 420 1130 M.
535 1071 1153 1131 TULLIUM

409 1180 470 1210 Tsr
489 1177 546 1208 tibi
564 1178 670 1208 omnia
680 1177 858 1218 suppetunt,
880 1187 946 1219 quae
955 1178 1100 1220 consequi

410 1221 537 1262 ingenio
546 1239 555 1254 ‚
570 1223 580 1239 ¹
592 1227 642 1250 aut
652 1219 705 1250 usu
714 1221 858 1250 homines
868 1240 876 1254 ‚
886 1229 936 1250 aut
944 1220 1100 1262 diligentia

410 1261 548 1303 poffunt:
569 1264 696 1292 2tamcn
713 1270 817 1291 amore
836 1261 940 1292 nostro
959 1272 1023 1292 non
1033 1263 1098 1293 sum

343 1297 377 1333 ’ἰ
410 1304 567 1335 arbitratus
589 1303 723 1333 alienum
737 1323 746 1337 ,
767 1302 803 1334 ad
820 1312 850 1334 te
867 1304 1046 1345 perscribere
1055 1314 1099 1339 ea,

360 1344 363 1347 ’
378 1345 382 1350 ’
410 1356 477 1388 quae
489 1347 567 1376 mihi
590 1345 751 1376 veniebant
769 1346 802 1375 in
814 1354 949 1377 mentem
961 1366 969 1380 ‚
995 1346 1058 1377 dies
1070 1356 1103 1377 ac

356 1414 376 1427 „
408 1387 526 1418 noeteis
546 1387 583 1418 de
601 1389 748 1427 petitione
759 1395 807 1418 tua
815 1389 970 1429 cogitanti.
994 1398 1057 1419 non
1069 1398 1103 1419 ut

189 1448 198 1452 ν
259 1439 267 1450 ¹
311 1423 377 1448 '3²‘
411 1429 526 1470 aliquid
545 1439 584 1459 ex
601 1430 638 1458 iis
657 1430 732 1459 novi
751 1428 910 1468 adjicerem
929 1440 935 1458 :
952 1429 1001 1460 sed
1013 1439 1044 1460 ut
1057 1440 1099 1465 ea,

133 1483 202 1515 quae
217 1475 251 1504 in
273 1483 302 1503 re
312 1471 441 1512 dispersa
452 1490 461 1504 ,
472 1479 560 1510 atque
573 1468 694 1500 infinita
703 1470 879 1500 viderentur
889 1469 946 1501 este
957 1491 966 1505 ‚
975 1473 1103 1506 ratione,

135 1517 170 1547 δε
186 1514 401 1546 distributione
422 1511 477 1542 sub
499 1521 563 1541 uno
583 1510 721 1551 adspe&u
735 1520 927 1551 ponerentur.
958 1516 970 1540 3
985 1515 1100 1553 Qam-

134 1566 225 1599 quam
234 1555 393 1598 plurimum
412 1561 518 1583 natura
528 1552 606 1582 valet
616 1573 624 1586 ‚
644 1561 747 1583 tamen
758 1554 877 1583 videtur
888 1555 920 1582 in
934 1563 1098 1593 paucorum

132 1596 285 1630 menfium
305 1598 429 1638 negotio
446 1593 529 1637 posse
540 1594 689 1637 simulatio
699 1602 836 1624 naturam
846 1595 963 1625 vincere.
988 1597 1102 1626 Civitas

131 1649 199 1684 quae
214 1638 248 1670 fit
257 1659 266 1674 ‚
276 1641 394 1681 cogita,
412 1637 485 1679 quid
494 1646 576 1677 petas
588 1657 597 1671 ‚
618 1638 671 1677 qui
681 1634 729 1666 fis.
750 1638 847 1676 Prope
858 1637 996 1678 quotidie
1007 1637 1041 1668 ad
1052 1636 1099 1667 fo-

129 1692 199 1715 tum
209 1681 266 1712 tibi
285 1679 478 1711 descendenti
496 1679 704 1709 *meditatum
723 1679 780 1709 hoc
805 1677 857 1712 fit,
876 1688 1009 1710 uovuus
1019 1689 1096 1714 sum,

131 1731 357 1755 comunis-rum
368 1731 450 1752 Pri-ro
461 1741 470 1756 ,
491 1723 596 1751 ROMA
609 1729 675 1750 EST.
699 1721 850 1750 Nominis
871 1722 1039 1751 novitatem
1051 1721 1097 1751 di—

133 1765 223 1797 cendi
232 1765 328 1806 gloria
342 1763 480 1795 maxime
492 1762 670 1793 sublevabis.
693 1764 818 1802 Semper
826 1771 860 1792 ea
872 1772 918 1792 res
925 1763 1095 1802 plurimum

132 1808 288 1850 dignitatis
296 1806 409 1837 habuit.
433 1808 509 1836 Non
520 1803 627 1845 potest,
640 1805 693 1844 qui
705 1803 813 1845 dignus
822 1803 947 1836 habetur
956 1813 1097 1844 patronus

133 1848 500 1888 consularium‚indignus
509 1847 664 1877 consulatu
674 1846 1006 1886 putari.Q1amobrem‚
1017 1856 1096 1887 quo-

128 1893 216 1923 niam
237 1890 274 1922 ab
291 1891 345 1921 hac
362 1890 448 1921 laude
469 1887 666 1929 proficisceris
675 1907 684 1921 ‚
709 1887 741 1918 δε
762 1887 904 1929 quicquid
914 1897 945 1919 es
955 1908 964 1923 ‚
987 1898 1024 1918 ex
1038 1890 1096 1919 hoc

130 1943 182 1964 es:
201 1935 241 1964 ita
249 1940 365 1973 paratus
373 1932 408 1962 ad
418 1931 583 1962 dicendum
592 1932 697 1961 venito
708 1950 717 1964 ,
737 1929 816 1971 quasi
828 1932 861 1960 in
871 1929 993 1971 singulis
1004 1930 1095 1961 causis

129 1975 282 2018 judicium
302 1974 339 2005 de
357 1975 445 2004 omni
464 1974 590 2015 ingenio
613 1971 752 2003 futurum
781 1971 825 2002 fit.
856 1973 930 2012 Ejus
948 1971 1094 2003 facultatis

129 2017 306 2058 adjumenta
316 2036 324 2051 ‚
334 2026 401 2057 quae
410 2015 466 2046 tibi
476 2016 536 2046 scio
546 2013 603 2045 effe
615 2012 736 2055 sepofita
746 2033 754 2047 ,
769 2021 804 2043 ut
810 2020 916 2056 parata
926 2025 959 2044 ac
963 2021 1095 2056 prompta

126 2059 188 2101 fint
197 2079 206 2094 ,
231 2069 298 2088 cura
309 2070 318 2093 ς
332 2059 365 2089 δε
378 2058 452 2098 saepe
464 2077 472 2092 ‚
493 2067 559 2099 quae
577 2056 614 2087 de
624 2055 840 2087 Demosthenis
852 2055 951 2087 studio
963 2057 995 2087 &
1008 2066 1094 2086 exer-

128 2103 273 2133 citatione
281 2098 392 2141 scripfit
402 2102 577 2131 Demetrius
586 2118 595 2133 ,
606 2099 768 2129 recordare.
791 2098 912 2128 Deinde
922 2098 956 2128 &
966 2107 1096 2129 amco-

130 2153 206 2174 RuM
217 2141 385 2174 multitudo
399 2163 408 2176 ,
429 2151 537 2185 genera
545 2149 704 2182 appareant
717 2151 722 2170 :
743 2140 832 2171 habes
842 2143 927 2171 enim
937 2150 971 2171 ea
980 2160 988 2174 ,
1006 2144 1020 2168 5
1027 2151 1092 2182 quae

130 2187 207 2216 novi
219 2184 400 2220 habuerunt;
409 2186 530 2215 omneis
539 2184 725 2224 publicanos,
739 2191 840 2213 totum
851 2181 914 2213 fere
923 2182 1090 2223 equestrem

130 2227 271 2258 ordinem
282 2247 291 2262 ‚
302 2225 319 2247 ⁶
328 2228 423 2257 multa
432 2235 571 2267 praeterea
583 2227 732 2265 mancipia
742 2244 751 2258 ,
763 2225 877 2255 multos
887 2224 937 2255 abs
948 2234 977 2254 te
987 2223 1092 2255 defen-

132 2270 180 2301 sos
189 2269 335 2310 cujusque
353 2269 471 2300 ordinis
482 2288 490 2303 ‚
510 2268 626 2309 aliquot
642 2267 785 2308 collegia:
804 2275 941 2307 praeterca
943 2265 1036 2303 studio
1044 2267 1089 2296 di-

126 2311 207 2341 cendi
223 2311 384 2341 conciliatos
404 2311 555 2351 plurimos
579 2309 817 2340 adolescentulos
839 2328 847 2342 ‚
880 2309 1088 2350 quotidianam

127 2355 298 2384 amicorum
309 2352 508 2384 assiduitatem
519 2352 551 2383 ὃς
560 2351 769 2392 frequentiam.
794 2353 867 2382 Haec
875 2360 943 2391 cura
953 2359 983 2381 ut
993 2359 1093 2382 teneas

131 2395 380 2426 commendando
393 2415 402 2429 ‚
422 2395 455 2426 &
471 2394 604 2436 rogando
615 2413 623 2427 ‚
643 2393 677 2424 &
694 2393 783 2423 omni
793 2394 910 2424 ratione
919 2390 1092 2428 efficiendo,

126 2446 161 2469 ut
173 2438 359 2479 intelligant,
380 2437 414 2467 &
433 2439 487 2478 qui
504 2436 673 2467 debenttua
682 2435 783 2469 causa,
803 2434 965 2465 referendae
974 2437 1093 2476 gratiae3

1285 1076 1920 1134 FRATREM.

1141 1181 1240 1212 Etiam
1252 1181 1312 1212 hoc
1325 1182 1460 1212 multum
1474 1182 1594 1213 videtur
1602 1182 1742 1221 adjuvare
1753 1181 1835 1223 poffe
1846 1193 1951 1213 novum
1961 1184 2109 1221 hominem,

1144 1224 1308 1253 hominum
1326 1223 1480 1255 nobilium
1502 1225 1662 1260 voluntas,
1685 1225 1718 1256 &
1737 1225 1874 1256 maxime
1893 1227 2109 1258 consularium.

1142 1266 1291 1296 Pnom-:sr
1300 1275 1432 1306 quorum
1449 1267 1483 1296 in
1502 1266 1606 1298 locum
1624 1277 1657 1298 ac
1677 1277 1842 1298 numerum
1855 1270 2013 1308 pervenire
2023 1269 2111 1301 velis„

1143 1306 1180 1341 ab
1189 1308 1237 1337 his
1254 1306 1323 1347 ipsis
1342 1307 1413 1338 loco
1426 1327 1434 1341 ‚
1452 1317 1485 1338 ac
1496 1318 1626 1340 numero
1639 1309 1767 1351 dignum
1787 1311 1896 1349 putari.
1921 1312 1963 1341 Hi
1984 1311 2108 1352 rogandi

1145 1358 1254 1379 omnes
1263 1349 1332 1380 sunt
1351 1349 1515 1390 diligenter
1527 1370 1536 1385 ,
1557 1351 1591 1381 &
1609 1350 1646 1382 ad
1669 1351 1971 1393 eos7allegandum3
1991 1352 2112 1392 persua-

1146 1390 1343 1433 dendumque
1358 1390 1402 1422 est
1418 1393 1457 1422 iis
1471 1411 1481 1426 ‚
1500 1402 1558 1423 nos
1575 1393 1692 1432 semper
1709 1403 1779 1423 cum
1791 1394 1990 1433 optimatibus
2000 1394 2037 1424 de
2046 1404 2110 1435 rep.

1136 1431 1252 1474 ftnfiffi,
1267 1433 1400 1464 minime
1411 1434 1567 1474 populares
1575 1433 1674 1465 fuiss'e.
1698 1433 1719 1464 s1
1728 1433 1800 1477 quid
1811 1435 1898 1466 locuti
1909 1436 2107 1476 populariter,

1143 1474 1175 1505 id
1195 1484 1251 1505 nos
1261 1484 1299 1505 eo
1315 1474 1443 1506 consilio
1453 1473 1553 1506 feciss‘e
1564 1496 1573 1510 ,
1592 1485 1625 1506 ut
1638 1475 1728 1507 nobis
1736 1477 1794 1507 Cn.
1805 1478 1988 1518 Pompejum
1999 1477 2109 1516 adjun-

1142 1526 1279 1558 geremus
1291 1535 1300 1550 ,
1321 1526 1355 1547 ut
1367 1526 1437 1547 eum
1448 1536 1458 1550 ,
1483 1519 1536 1558 qui
1549 1516 1720 1557 plurimum
1732 1517 1829 1558 poss'et
1840 1537 1850 1552 ,
1869 1528 1919 1548 aut
1928 1521 2062 1549 amicum
2073 1520 2109 1550 in

1145 1556 1244 1588 nostra
1256 1559 1405 1598 petitione
1421 1557 1599 1589 haberemus
1613 1578 1623 1592 ‚
1641 1567 1691 1590 aut
1708 1558 1786 1589 certe
1807 1569 1873 1589 non
1893 1559 2108 1591 adversarium.

1142 1601 1283 1632 Praeterea
1299 1599 1514 1632 adolescenteis
1531 1599 1664 1630 nobileis
1681 1600 1799 1631 elabora
1810 1620 1819 1635 ‚
1853 1609 1887 1632 ut
1903 1601 2010 1632 habeas
2021 1621 2030 1636 ,
2050 1602 2102 1633 vel

1142 1649 1174 1671 ut
1194 1649 1293 1672 teneas
1306 1661 1316 1675 ,
1338 1640 1487 1672 studiosos
1507 1643 1552 1672 tui
1570 1652 1648 1683 quos
1665 1642 1764 1673 habes.
1797 1643 1933 1674 Multum
1954 1643 2110 1684 dignitatis

1139 1680 1277 1713 afferent.
1300 1683 1454 1714 Plurimos
1463 1683 1569 1714 habes:
1582 1683 1692 1725 perfice
1702 1693 1735 1714 ut
1744 1684 1847 1719 sciant,
1858 1693 2004 1726 quantum
2017 1686 2050 1716 in
2060 1686 2109 1717 his

1138 1733 1224 1765 putes
1235 1723 1306 1754 ess'e.
1330 1720 1345 1743 3
1354 1724 1374 1754 fi
1394 1724 1554 1756 adduxeris
1566 1745 1576 1759 ,
1595 1735 1627 1757 ut
1637 1727 1669 1760 ii,
1679 1727 1731 1766 qui
1742 1735 1806 1757 non
1815 1727 1928 1757 nolunt
1939 1746 1948 1761 ,
1972 1727 2107 1768 cupiant„

1136 1765 1305 1807 plurimum
1321 1765 1498 1806 proderunt.
1522 1770 1567 1797 Ac
1586 1768 1718 1798 multum
1740 1769 1831 1799 etiam
1842 1770 2010 1799 novitatem
2025 1778 2108 1801 tuam

1138 1807 1275 1848 adjuvat,
1302 1807 1384 1848 quod
1405 1808 1555 1847 ejusmodi
1578 1809 1698 1840 nobiles
1710 1818 1810 1841 tecum
1822 1818 1930 1851 petunt
1939 1830 1947 1844 ,
1968 1819 2001 1841 ut
2010 1821 2107 1844 nemo

1138 1848 1191 1883 fit,
1211 1850 1264 1890 qui
1282 1849 1388 1880 audeat
1406 1850 1505 1883 dicere
1516 1870 1525 1884 ,
1547 1851 1614 1892 plus
1634 1851 1695 1881 illis
1716 1861 1964 1885 NOBILITATEM
1974 1871 1984 1887 ,
2011 1853 2106 1894 quam

1137 1891 1194 1921 tibi
1213 1901 1394 1923 VIRTUTEM
1413 1890 1550 1932 prodefl'e
1569 1901 1719 1933 oportere.
1751 1894 1843 1936 9Jam
1855 1897 1886 1925 P.
1899 1894 2026 1926 Galbam
2038 1915 2048 1930 ‚
2070 1896 2106 1927 δε

1138 1935 1174 1963 L.
1186 1932 1314 1964 Caffium
1326 1953 1335 1967 ‚
1354 1934 1477 1964 summo
1488 1934 1558 1966 loco
1567 1943 1654 1966 natos
1666 1954 1675 1969 ‚
1695 1937 1762 1979 quis
1772 1934 1816 1966 est
1826 1956 1835 1971 ,
1879 1938 1909 1967 ui
1917 1945 2016 1977 petere
2027 1947 2105 1969 con—

1137 1975 1265 2005 sulatum
1277 1979 1384 2016 putet?
1402 1975 1488 2006 vides
1507 1978 1598 2017 igitur
1612 1975 1802 2017 amplissimis
1812 1988 1851 2009 ex
1892 1979 1988 2009 miliis
1998 1980 2105 2010 homi-

1137 2027 1202 2051 nes,
1215 2017 1326 2058 ¹0quod
1338 2016 1398 2047 fine
1409 2020 1511 2049 nervis
1522 2018 1649 2053 fint‚tibi
1659 2028 1742 2059 pares
1750 2030 1814 2050 non
1824 2018 1891 2051 effe.
1902 2023 1941 2051 At
1949 2023 2104 2053 Antonius

1135 2058 1168 2089 &
1177 2060 1306 2090 Catilina
1316 2058 1437 2090 molesti
1449 2060 1528 2092 sunt.
1542 2063 1647 2091 Immo
1656 2062 1682 2080 ¹¹
1697 2062 1926 2097 homininum,
1937 2062 2102 2099 industrio,

1135 2102 1304 2135 innocenti,
1316 2101 1569 2143 diserto‚gratioso
1577 2101 1653 2143 apud
1663 2105 1782 2145 eos,qui
1791 2114 1837 2135 res
1843 2104 1990 2145 judicant,
1999 2113 2100 2147 optati»

1131 2142 1163 2172 di
1171 2143 1369 2185 competitores:
1378 2144 1471 2175 ambo
1480 2143 1495 2175 a
1504 2146 1633 2185 pueritia
1641 2143 1746 2180 sicarii,
1753 2146 1845 2177 ambo
1857 2146 2022 2182 lididinofi‚
2034 2157 2103 2179 am-

1133 2184 1174 2215 bo
1182 2195 1311 2226 egentes.
1323 2188 1437 2216 Eorum
1445 2186 1566 2217 alterius
1575 2186 1655 2217 bona
1663 2188 1824 2228 proscripta
1830 2188 1927 2219 vidim
1934 2199 1979 2223 us,
1987 2199 2097 2221 vocem

1133 2226 1263 2268 denique
1272 2227 1446 2258 audivimus
1453 2229 1590 2268 jurantis,
1597 2229 1628 2268 se
1637 2232 1728 2258 Roma
1730 2230 1840 2270 judicio
1850 2241 1924 2272 aquo
1935 2241 1999 2260 cum
2007 2232 2101 2261 homi-

1133 2279 1166 2299 ne
1175 2270 1265 2298 Graeco
1276 2277 1379 2299 certare
1388 2281 1438 2300 non
1443 2270 1526 2312 poffi':
1536 2270 1570 2301 ὃς
1580 2281 1618 2301 ex
1629 2271 1730 2302 senatu
1739 2271 1871 2312 eje&um
1882 2272 2001 2303 scimus.
2013 2275 2102 2314 Opti·

1134 2321 1184 2341 ma
1201 2311 1273 2342 ver'o
1290 2311 1449 2343 censorum
1471 2311 1697 2344 existimatione
1716 2315 1749 2344 in
1768 2323 1892 2355 praetura
1914 2317 2102 2356 competito—

1134 2362 1199 2384 rem
1209 2353 1371 2385 habuimus
1384 2373 1393 2388 2
1412 2355 1514 2386 amico
1533 2354 1657 2386 Sabidio
1669 2375 1678 2390 ‚
1699 2355 1733 2386 δε
1743 2357 1885 2388 Panthera
1895 2376 1904 2391 ‚
1924 2355 1997 2388 cum
2007 2357 2043 2388 ad
2055 2366 2099 2389 ta-

1133 2394 1235 2426 bulam
1248 2405 1325 2436 quos
1335 2406 1462 2436 poneret
1473 2416 1481 2431 ,
1495 2407 1559 2428 non
1573 2397 1707 2433 habebat.
1726 2408 1788 2439 quo
1797 2407 1899 2430 tamen
1909 2399 1939 2428 in
1948 2398 2100 2440 magistra·

1132 2444 1165 2466 ru
1175 2439 1401 2479 amicam,quam
1414 2439 1513 2479 palam
1524 2439 1611 2469 domi
1622 2439 1766 2474 haberet‚¹
1774 2442 1789 2460 ²
1798 2440 1835 2471 de
1850 2442 2000 2472 machinis
2011 2444 2097 2473 emit.

131 2479 167 2511 &
176 2481 229 2521 qui
243 2480 354 2510 volunt
368 2478 523 2520 obligandi
542 2480 586 2509 tui
597 2487 716 2519 tempus
727 2475 779 2508 fibi
789 2476 870 2508 aliud
881 2476 1004 2508 nullum
1013 2475 1091 2509 fore.
1130 2481 1167 2510 In
1177 2482 1323 2521 petitione
1337 2489 1439 2512 autem
1449 2482 1621 2513 consulatus
1635 2484 1662 2509 ¹3
1675 2491 1826 2523 caupones
1840 2485 1963 2514 omneis
1975 2485 2100 2524 compi-

2040 2526 2098 2556 lare

131 2585 246 2637 1-AU1
256 2585 298 2618 usu
307 2585 434 2619 hominen]
455 2585 580 2612 Muretus
590 2590 712 2610 autumat
724 2591 814 2609 vocem
824 2584 926 2608 homines
936 2586 1037 2610 temere
1047 2583 1096 2610 ad·
1134 2584 1161 2611 iu
1175 2584 1232 2611 Pal.
1246 2595 1330 2621 neque
1340 2585 1484 2613 admodum
1497 2587 1654 2621 requiritur.

217 2620 300 2648 ditam
314 2641 322 2653 ,
341 2622 368 2646 Sc
388 2622 460 2656 prius
478 2621 584 2655 consequi
599 2621 733 2650 παθητικῶς
747 2618 859 2655 positum
872 2637 881 2651 ‚
900 2617 949 2645 lib.
962 2628 1019 2646 vu.
1032 2620 1094 2648 Var-

127 2656 193 2684 leet.
204 2666 259 2694 cap.
273 2666 314 2684 ix.
324 2657 402 2684 restat
412 2664 500 2683 tamen
512 2657 538 2683 in
552 2656 608 2683 mss.
620 2656 725 2682 nostris.

161 2702 190 2720 2.
203 2695 295 2727 *Tamen
314 2703 391 2719 amore
407 2693 507 2726 nostra]
529 2693 572 2718 Sic
582 2691 754 2724 membranae,
765 2700 818 2718 non
830 2690 923 2718 uostrae
934 2689 1035 2723 solum,
1048 2690 1091 2719 sed

131 2729 232 2757 Valerii
245 2729 370 2756 Palermi.
390 2729 490 2764 vulgati
503 2748 511 2761 ,
521 2736 599 2755 tamen
609 2731 640 2754 ab
649 2738 699 2754 am.

167 2774 194 2802 3.
221 2767 371 2800 §qumquam
389 2768 481 2799 igitur,
500 2766 551 2796 &a
571 2765 696 2799 vincere]
726 2763 836 2792 Monuit
854 2764 987 2791 Puteanus
1006 2771 1090 2793 totam

128 2801 195 2829 hanc
203 2801 343 2838 periodum
356 2811 407 2828 non
418 2801 532 2828 inveniri
543 2801 569 2829 in
582 2801 651 2828 libro
663 2801 757 2828 veteri.

164 2846 192 2871 4.
213 2839 364 2865 bsediratum
382 2840 422 2864 bor
432 2838 494 2872 fin]
524 2838 566 2865 Ita
584 2837 700 2864 Palermi
718 2836 802 2867 editio
814 2856 822 2870 ,
841 2836 899 2864 aliae
917 2838 1093 2870 meditandum,

128 2874 265 2910 quomodo
275 2875 302 2900 &
313 2874 477 2909 exemplaria
487 2873 542 2908 ejus
553 2873 659 2910 scripta,
679 2875 706 2900 St
718 2874 815 2900 nostra.

165 2921 192 2945 5.
211 2912 267 2944 Qae
284 2913 341 2937 mwi
353 2912 510 2942 habaet-unm
528 2911 632 2944 amm-s]
655 2910 698 2937 Sic
707 2909 856 2938 Vistorius.
877 2919 935 2937 nam
947 2909 1092 2937 Lambinus

129 2955 178 2981 qua
187 2951 242 2973 novi
249 2956 295 2972 non
304 2948 451 2974 hahuerunt.
471 2954 563 2974 contra
574 2947 631 2974 mss.
643 2946 743 2973 nostros
757 2965 764 2977 ,
803 2946 829 2973 ui
849 2953 936 2973 tamen
950 2965 959 2978 ‚
976 2948 1091 2974 omnibus.

130 2984 254 3010 Muretus
265 2982 292 3008 d.
305 2982 323 3009 l.
335 2983 481 3010 arbitratur
491 2986 625 3010 habuerunt
635 2982 685 3010 esse
696 2985 710 3009 a
721 2956 804 3018 glun}
815 3002 822 3014 ,
843 2984 869 3009 ὃ(
881 2986 936 3010 ποτὶ
949 2982 1091 3018 legendum

130 3019 219 3055 priore
231 3018 336 3054 Syllaba
347 3019 426 3055 longa
438 3039 446 3052 ‚
458 3026 580 3056 tanquam
595 3019 701 3047 terbum
712 3021 890 3055 praeteritum.

165 3055 194 3082 6.
215 3057 300 3082 Multa
314 3063 430 3089 praererea
447 3057 601 3091 municipia]
623 3058 695 3083 Citm
713 3056 804 3092 paullo
818 3056 873 3093 post
894 3062 1029 3092 repetatur
1040 3064 1091 3082 vox

125 3098 254 3125 prater-m,
267 3101 318 3118 non
329 3091 459 3119 abhorreo
468 3092 499 3118 ab
511 3111 519 3123 ,
531 3096 609 3118 malm
615 3095 713 3125 propria
732 3102 798 3118 mun.
810 3099 839 3119 ut
850 3092 885 3119 est
896 3092 923 3118 in
943 3092 1000 3119 Pal.
1012 3093 1038 3119 &
1050 3093 1089 3118 M.

163 3135 191 3161 7.
210 3129 377 3163 allegandum
391 3128 624 3165 persuadendumque
633 3129 732 3166 emam]
755 3129 814 3159 Vox
826 3128 956 3165 postrema
967 3148 976 3163 ‚
996 3138 1047 3158 non
1058 3128 1094 3157 cst

1173 2618 1199 2646 8.
1219 2624 1245 2648 Si
1253 2622 1382 2648 adduxeris
1393 2641 1401 2654 ‚
1412 2629 1439 2648 ut
1448 2625 1467 2648 ii
1476 2626 1518 2656 qui
1526 2633 1571 2648 non
1579 2624 1662 2649 nolunt
1672 2642 1681 2655 ,
1692 2624 1818 2658 cupiam]
1831 2624 1876 2652 Est
1886 2626 1901 2652 a
1913 2625 2036 2653 Palatino
2045 2635 2098 2653 no-

1136 2655 1189 2684 stro
1202 2675 1210 2688 ,
1228 2667 1313 2694 neque
1323 2658 1402 2685 aliter
1411 2659 1482 2685 cruit
1493 2662 1507 2685 e
1518 2658 1564 2685 suo
1574 2659 1716 2686 Turnebus
1727 2660 1774 2686 lib.
1787 2669 1843 2687 xxv
1852 2682 1856 2687 .
1866 2670 1924 2698 cap.
1935 2669 1962 2698 3.
1980 2661 2097 2689 Advers.

1137 2692 1237 2728 vulgati
1252 2714 1259 2726 ,
1277 2695 1375 2728 Qodfi
1380 2695 1510 2721 adduxeris
1519 2702 1546 2721 ut
1556 2697 1575 2721 ii
1583 2698 1678 2729 quinon
1687 2698 1774 2722 volunt
1783 2700 1881 2730 cupiant
1893 2717 1902 2730 ,
1920 2708 2006 2735 neque
2015 2698 2098 2726 aliter

1134 2728 1282 2756 Vifitorius.
1301 2738 1329 2758 at
1338 2730 1497 2767 posteriores
1509 2750 1518 2764 ‚
1536 2732 1629 2765 ἒξεστί-β
1638 2733 1698 2758 add.
1707 2739 1735 2758 ut
1744 2735 1763 2758 ii
1771 2737 1813 2767 qui
1821 2735 1904 2760 nolunt
1915 2753 1924 2767 ‚
1941 2742 1969 2760 ut
1986 2737 2097 2768 cupiant.

1136 2765 1221 2792 minus
1234 2766 1317 2794 refie.
1339 2767 1357 2793 ii
1368 2767 1438 2794 enim
1450 2777 1501 2794 non
1513 2767 1610 2794 nolunt
1621 2787 1630 2800 ‚
1639 2769 1684 2804 qui
1695 2767 1794 2804 frigide
1807 2770 1911 2797 volunt.
2082 2787 2084 2789 >

1159 2810 1196 2864 ἕ.
1215 2806 1275 2837 Jam
1283 2807 1316 2829 Ῥ.
1327 2805 1428 2829 Galbam
1441 2823 1449 2835 ‚
1458 2804 1526 2839 ξφα]
1542 2804 1665 2831 Muretus
1675 2803 1703 2831 d.
1714 2814 1770 2842 cap.
1781 2813 1858 2843 putat
1868 2805 2011 2842 legendum
2022 2810 2096 2834 Nam.

1133 2838 1157 2865 sc
1187 2847 1280 2866 contra
1291 2838 1349 2866 mss.
1359 2849 1420 2866 eum
1431 2847 1518 2867 tamen
1529 2838 1631 2867 secutus
1642 2840 1737 2867 Lamb.

1173 2883 1215 2901 10.
1234 2877 1302 2908 §aad
1313 2877 1363 2910 fine
1372 2877 1454 2902 nmis
1464 2877 1541 2912 finn]
1563 2876 1608 2904 Est
1628 2878 1644 2903 'a
1664 2877 1758 2904 nostris
1769 2877 1844 2905 libris
1854 2878 1884 2905 ee
1893 2878 2025 2907 Turnebi.
2045 2888 2096 2916 pu-

1133 2910 1223 2938 blicati
1236 2931 1244 2943 ‚
1255 2915 1298 2946 qui
1298 2914 1352 2943 fine
1361 2913 1505 2947 nmisfim.

1171 2956 1180 2974 1
1190 2956 1198 2973 ι
1208 2968 1214 2974 .
1232 2951 1326 2974 Homini
1335 2957 1402 2979 now,
1413 2950 1537 2982 industrio,
1548 2949 1617 2984 &ej
1630 2949 1748 2977 Mal-:bat
1758 2950 1857 2978 Claud.
1869 2951 2014 2984 Puteanus,
2023 2959 2098 2978 nmo.

1173 2991 1216 3010 12.
1235 2987 1270 3010 De
1279 2985 1394 3011 machinis
1404 2986 1483 3019 eruin]
1506 2986 1579 3012 Mali:
1590 2986 1704 3013 mediam
1718 2996 1807 3013 vocem
1823 2988 1897 3024 cupit
1907 2996 2034 3017 mutatam
2047 2989 2098 3016 Pa-

1133 3019 1232 3046 lermus
1245 3039 1252 3052 ‚
1264 3027 1383 3047 tuentem
1393 3020 1417 3047 se
1428 3022 1547 3049 omnium
1559 3022 1716 3059 scriptorum
1728 3022 1902 3051 auetoritate.

1175 3064 1217 3092 ¹3·
1236 3060 1358 3090 Caupones
1376 3067 1451 3084 omnes
1468 3060 1617 3094 compilare]
1640 3059 1778 3088 Editiones
1790 3060 1967 3097 praecedentes
1978 3061 2099 3096 interpo-

1136 3093 1214 3119 fitum
1230 3093 1370 3125 habebant,
1384 3101 1456 3127 caup.
1467 3104 1487 3120 o.
1498 3097 1536 3120 hic
1546 3097 1685 3128 compilare:
1705 3105 1763 3132 quae
1773 3096 1872 3132 syllaba
1883 3107 1934 3128 non
1945 3105 2002 3126 erat
2013 3097 2037 3123 in
2050 3095 2098 3122 ms.

1135 3129 1192 3158 Pal.
1203 3136 1248 3158 aut
1260 3131 1300 3158 M.
1312 3131 1339 3158 &
1353 3130 1419 3160 vidit
1431 3129 1563 3158 turbando
1573 3131 1633 3159 loco
1643 3132 1694 3162 ess‘e
1705 3133 1853 3163 Falci-mus.

1425 3167 1644 3197 Zzzzzzzz
2001 3171 2099 3198 1.Nw··
