2302 3353
503 165 573 197 nn
608 150 1469 207 CLAR.ORAT0R.L113.s1vE
1502 154 1776 202 Bnu'rns.
2034 171 2123 219 145

164 236 202 268 de
210 244 250 266 te.
271 243 327 265 nec
342 231 414 263 vert>
431 238 491 262 tam
509 230 547 261 de
565 229 728 261 viimtibus
737 229 859 260 dicendi
868 233 943 265 tuis,
967 242 1034 273 quae
1043 232 1116 263 curn

149 291 152 294 ⁴
164 277 309 308 omnibus
319 295 328 309 ,
339 283 404 304 tum
414 272 491 303 certe
501 273 579 302 mihi
588 270 748 302 notiffimae
759 271 826 302 sunt
836 291 844 305 ‚
859 272 949 313 quarn
960 273 1118 313 qubdgm-

163 319 214 349 dus
222 327 302 350 tuos,
311 313 431 356 &quasi
439 312 587 354 processus
599 313 721 344 dicendi
732 312 836 343 studeo
847 314 1033 354 cognoscere.
1057 317 1117 344 Ge-

159 369 240 390 retur
250 378 259 392 ,
269 360 392 398 inquam
404 376 412 390 ,
423 356 479 387 tibi
487 365 572 386 mos:
594 356 740 396 quoniam
750 364 800 385 me
810 365 875 385 non
884 357 998 396 ingenii
1007 355 1115 395 praedi-

157 409 287 432 catorem
298 397 355 428 effe
365 399 422 432 vis,
432 397 481 428 sed
491 397 600 427 laboris
609 398 682 427 mei.
712 399 828 427 Verum
848 398 1040 436 interponam
1050 417 1059 431 ,
1081 406 1115 428 ut

158 443 265 483 placet,
275 440 362 473 alios,
375 439 408 469 &
418 438 434 469 a
443 441 487 469 Μ.
500 437 609 472 Craffo,
620 440 672 479 qui
682 437 740 468 fuit
750 439 872 479 aequalis
883 438 1046 472 Hortensii,
1059 449 1113 468 ex-

96 484 142 519 66
159 483 267 514 ordiar.
310 479 666 522 Isigitui·mediocritera
676 479 813 510 defarina
820 478 985 510 instructus
995 501 1003 514 ,
1017 491 1111 522 angu-

158 523 231 556 stius
241 525 330 554 etiam
338 522 355 553 a
363 531 466 553 natura
476 543 485 557 ,
496 522 596 553 labore
605 521 790 552 &industria
800 542 809 554 ,
823 521 855 552 &
865 521 947 562 quod
955 522 1112 563 adhibebat

155 566 192 597 ad
203 564 381 596 obtinendas
390 565 485 596 caulas
494 573 596 595 curam
606 566 715 604 etiam,
727 564 760 593 ὃς
769 565 892 604 gratiam
903 583 911 597 ‚
924 565 957 594 in
966 565 1112 603 principi-

155 607 212 638 bus
229 608 362 647 patronis
376 606 492 647 aliquot
510 615 607 636 annos
622 605 690 636 fuit.
721 608 758 635 In
767 605 857 644 hujus
865 607 1000 635 oratione
1011 605 1109 635 sermo

148 651 284 680 Latinus
295 657 355 678 erat
363 668 372 682 ,
381 649 470 678 verba
479 657 543 678 non
554 646 667 687 abjecta
675 666 684 680 ,
696 656 740 676 res
750 644 921 685 compositae
930 646 1090 686 diligenter
1102 657 1107 676 z

154 690 319 728 nullusflos
327 699 440 724 tamen,
452 699 548 730 neque
555 688 751 718 mmenullum
763 698 769 716 :
789 689 886 716 animi
896 698 1012 728 magna,
1024 690 1108 718 vocis

153 741 242 773 parva
251 734 408 762 contentio
420 752 428 764 ‚
449 729 622 761 omniafere
634 738 665 760 ut
673 727 828 762 similiterfi
839 737 927 769 atque
937 739 1001 759 uno
1010 729 1105 760 modo

151 773 330 804 dicerentur.
354 776 435 804 Nam
454 773 542 812 hujus
551 771 690 811 aequalis,
714 771 902 800 &inimicus
914 774 947 801 C.
961 772 1104 805 Fimbria,
1121 808 1123 810 v

150 817 266 845 nonita
275 815 326 845 diu
336 815 440 853 jactare
450 814 478 844 se
485 814 585 853 potuit
595 823 600 841 z
610 814 663 853 qui
674 813 779 842 omnia
790 821 896 852 magna
905 822 978 843 voce
987 812 1100 846 dicens,

151 857 314 887 verborum
325 856 391 887 sane
402 856 555 885 bonorum
562 854 647 884 cursu
657 853 790 895 quodam
799 855 924 884 incitato
936 865 942 884 ;
965 856 1005 884 ita
1021 854 1103 884 fure—

151 898 202 928 bat
211 907 312 928 tamen
321 918 330 932 ,
348 907 382 927 ut
391 898 528 927 mirarere
536 904 597 925 tam
608 896 678 926 alias
690 905 734 925 res
744 905 826 936 agere
834 896 982 935 populum
993 916 1002 930 ,
1015 905 1048 927 ut
1058 897 1102 926 es-

148 940 192 970 set
208 940 302 979 insano
319 941 398 968 inter
412 938 536 968 disertos
547 938 641 967 locus.
666 940 720 967 Cn.
730 946 832 967 autem
842 938 991 967 Lentulus
1000 938 1101 968 multo

146 981 294 1020 majorem
305 981 482 1020 opinionem
493 978 613 1008 dicendi
622 978 731 1008 afflone
738 977 872 1012 faciebat,
888 979 981 1019 quam
990 988 1100 1020 quanta

145 1023 180 1051 in
189 1031 225 1051 eo
233 1021 355 1051 facultas
364 1029 422 1051 ciat
434 1031 440 1050 1
462 1022 515 1061 qui
524 1019 596 1050 cum
607 1019 677 1051 efl'et
685 1030 741 1050 nec
748 1029 903 1060 peracutus
913 1020 1096 1062 (quanquam

143 1063 179 1093 &
186 1073 224 1092 cx
232 1062 315 1096 facie,
326 1063 359 1093 &
368 1072 406 1092 ex
415 1063 501 1092 vultu
511 1061 676 1101 videbatur)
686 1072 742 1091 nec
750 1061 906 1092 abundans
915 1063 1025 1096 verbis,
1045 1062 1096 1093 etfi

140 1103 260 1135 fallebat
270 1106 303 1133 in
314 1114 349 1134 eo
360 1104 437 1144 ipso:
465 1102 503 1133 sic
512 1104 676 1134 intervallis
685 1124 693 1136 ‚
709 1103 981 1134 exclamationibus
990 1124 999 1137 ,
1022 1114 1097 1135 voce

95 1168 97 1171 -
139 1147 223 1177 suavi
235 1146 268 1176 &
277 1155 383 1176 canora
393 1165 401 1179 ‚
415 1149 423 1165 ¹
437 1145 614 1176 admirando
623 1144 761 1175 irridebat
771 1165 779 1178 ‚
802 1145 914 1175 calebat
923 1148 955 1176 in
966 1146 1092 1186 agendo,

141 1195 176 1218 ut
184 1196 216 1217 ea
225 1207 234 1221 ‚
254 1197 320 1228 quae
329 1187 449 1218 deerant
459 1207 467 1221 ‚
488 1196 552 1217 non
562 1185 801 1217 desiderarentur.
824 1189 868 1216 Ita
880 1196 1022 1228 tanquam
1037 1191 1095 1218 Cu-

138 1231 186 1259 rio
203 1226 289 1269 copia
305 1229 455 1259 nonnulla
470 1228 634 1259 verborum
645 1248 654 1262 ‚
678 1229 766 1259 nullo
783 1228 843 1258 alio
862 1228 945 1259 bono
967 1249 976 1263 ,
1000 1232 1096 1260 tenuit

137 1279 291 1301 oratorum
301 1271 403 1301 locum
415 1281 420 1300 :
443 1269 481 1301 fic
491 1273 547 1300 Cn.
558 1270 707 1300 Lentulus
715 1279 878 1300 ceterarum
887 1273 1034 1301 virtutum
1047 1271 1093 1301 di-

136 1311 226 1343 cendi
242 1312 479 1343 mediocritatem
497 1311 617 1342 afflone
631 1312 791 1342 occultavit
801 1332 809 1345 ,
832 1314 866 1341 in
876 1322 934 1352 qua
943 1314 1094 1344 excellens

137 1353 205 1384 fuit.
227 1356 335 1395 Neque
344 1354 444 1384 multo
453 1354 534 1383 secus
544 1356 576 1383 P.
589 1354 738 1384 Lentulus
747 1374 755 1386 ‚
779 1353 866 1390 cuius
876 1355 909 1383 &
919 1357 1093 1396 excogitan-

136 1395 179 1430 di,
192 1395 375 1436 &loquendi
385 1395 551 1425 tarditatem
562 1395 678 1436 tegebat
685 1394 792 1425 formae
803 1395 929 1435 dignitas
939 1418 947 1429 ,
959 1399 1093 1437 corporis

136 1445 238 1467 motus
246 1438 353 1476 plenus
364 1437 473 1467 &anis
481 1457 491 1470 ,
504 1437 537 1467 &
546 1436 709 1467 venustatis
719 1457 727 1471 ,
750 1439 834 1467 vocis
846 1437 878 1467 ὃς
888 1439 1013 1469 suavitas
1024 1459 1032 1472 ,
1057 1439 1091 1468 &

137 1478 322 1519 magnitudo.
345 1476 383 1509 fic
400 1480 434 1508 in
452 1480 510 1509 hoc
525 1479 603 1508 nihil
617 1488 722 1519 praeter
730 1478 883 1509 affionem
893 1479 953 1510 fuit
963 1501 971 1513 ,
994 1489 1089 1511 cetera

75 1517 122 1559 67
134 1522 225 1551 etIam
243 1522 361 1551 minora
370 1540 379 1554 ,
399 1530 496 1561 quam
507 1522 540 1550 in
547 1521 705 1560 superiore.
749 1523 792 1551 M.
805 1521 871 1552 Piso
879 1521 1027 1563 quidquid
1038 1523 1090 1553 ha-

136 1562 203 1593 buit
210 1582 219 1597 ,
239 1562 342 1593 habuit
359 1572 398 1592 ex
416 1562 564 1604 disciplina
574 1583 583 1596 ,
603 1561 797 1603 maximeque
806 1572 845 1593 ex
855 1563 1002 1593 omnibus
1011 1584 1019 1597 ‚
1036 1565 1088 1604 qui

133 1603 203 1635 ante
214 1603 336 1634 fuerunt
344 1623 352 1638 ‚
374 1605 486 1634 Graecis
493 1603 641 1634 doetrinis
651 1605 784 1635 eruditus
794 1603 862 1634 fuit.
886 1605 1001 1635 Habuit
1010 1604 1026 1636 a
1035 1615 1089 1636 na—

106 1654 109 1655 ’
133 1653 199 1676 tura
227 1655 300 1676 enus
308 1645 461 1687 quoddam
471 1648 619 1676 acuminis
628 1667 637 1680 ‚
656 1645 739 1687 quod
748 1647 839 1676 etiarn
849 1655 909 1678 arte
919 1647 1085 1681 limaverat,

131 1697 195 1728 quo
235 1695 295 1718 erat
310 1689 344 1717 in
359 1686 609 1728 reprehendendis
620 1688 879 1718 vei‘bisversutum
892 1708 900 1723 ‚
924 1689 1086 1719 &sollersz

130 1729 181 1761 sed
191 1729 264 1770 saepe
270 1727 503 1763 stomachosum‚
515 1739 750 1771 nonnumquam
762 1728 918 1771 frigidum,
930 1731 1084 1762 interdum

129 1772 221 1802 etiam
230 1770 371 1801 facetum.
394 1774 423 1801 Is
432 1771 565 1804 laborem
577 1792 585 1806 ,
609 1771 688 1813 quasi
698 1772 816 1802 cursum
825 1772 977 1803 forensem
990 1794 998 1806 ,
1017 1773 1086 1805 diu-

129 1813 191 1844 tius
201 1822 265 1843 non
273 1813 344 1843 tulit
353 1833 361 1846 ,
380 1812 462 1854 quod
473 1814 505 1844 ὃς
513 1823 638 1854 coi-pore
649 1823 708 1844 eiat
717 1812 842 1844 infirmo
852 1834 860 1848 ,
875 1815 907 1845 ὃς
916 1815 1083 1845 hominum

127 1855 255 1894 ineptias
263 1864 295 1884 ac
305 1853 442 1884 stultitias
453 1875 461 1889 ,
471 1865 537 1895 quae
544 1855 722 1886 devomndae
731 1855 822 1886 nobis
832 1856 900 1887 sunt
910 1877 918 1890 ,
934 1867 999 1887 non
1007 1855 1084 1887 fere-

127 1894 187 1928 bat,
198 1895 425 1936 iracundiusque
434 1896 596 1936 respuebat.
607 1896 665 1928 five
675 1897 804 1930 morose,
816 1906 849 1928 ut
857 1898 1033 1938 putabatur,
1045 1898 1083 1928 fi-

127 1946 166 1967 ve
183 1938 316 1977 ingenuo
325 1956 334 1969 ‚
351 1937 506 1978 liberoque
514 1937 646 1968 fastidio.
678 1941 707 1968 Is
719 1937 791 1968 cum
802 1939 867 1969 satis
877 1938 1023 1970 floruisset
1031 1940 1084 1970 ad-

129 1977 263 2008 olescens
273 1997 280 2011 ,
290 1980 394 2008 minor
403 1978 505 2008 haberi
515 1978 557 2009 est
564 1989 679 2019 coeptus
688 1979 798 2019 postea.
822 1979 931 2010 deinde
941 1991 978 2010 ex
989 1983 1081 2022 virgi-

127 2029 203 2049 num
211 2019 327 2058 judicio
335 2029 476 2060 magnam
487 2019 606 2051 laudem
616 2020 658 2051 est
668 2021 788 2060 adeptus
798 2041 806 2053 ‚
824 2021 857 2051 δε
867 2031 905 2051 ex
915 2032 952 2051 eo
961 2031 1081 2062 tempo-

126 2070 159 2091 re
169 2059 247 2101 quasi
257 2069 409 2093 revocatus
418 2063 452 2091 in
459 2062 589 2096 cursum,
599 2064 698 2093 tenuit
707 2062 810 2093 locum
820 2071 880 2092 tam
892 2063 944 2093 diu
955 2083 964 2097 ,
989 2065 1080 2104 quam

125 2101 202 2131 ferre
210 2105 310 2141 potuit
318 2101 452 2133 laborem
465 2113 471 2132 :
492 2103 592 2142 postea
602 2124 611 2138 ,
634 2111 782 2145 quantum
792 2104 920 2135 detraxit
936 2105 1078 2141 exstudio,

126 2151 243 2174 tantum
254 2142 352 2174 amifit
361 2153 399 2173 ex
407 2144 513 2184 gloria.
535 2147 568 2176 P.
581 2148 710 2175 Murena
720 2145 867 2175 mediocri
877 2148 999 2187 ingenio
1010 2167 1018 2180 ‚
1031 2147 1077 2177 sed

126 2194 238 2227 magno
246 2184 346 2216 studio
355 2195 454 2216 rerum
464 2194 601 2216 veterum
614 2198 619 2216 :
643 2187 808 2217 litterarum
819 2187 852 2217 &
861 2187 1010 2217 studiosus
1021 2209 1030 2221 ,
1044 2189 1076 2219 δε

124 2236 191 2257 non
199 2228 370 2266 imperitus:
392 2227 497 2257 inultae
510 2227 663 2258 industriae
675 2248 684 2262 ,
709 2229 742 2258 ἂ
759 2230 860 2269 magni
880 2228 989 2259 laboris
1007 2228 1076 2259 fuit.

126 2270 161 2298 C.
175 2269 356 2299 Censorinus
372 2270 484 2299 Graecis
493 2269 599 2299 litteris
606 2271 673 2300 satis
683 2268 790 2300 doctus
803 2281 808 2299 :
826 2270 908 2310 quod
918 2271 1080 2310 proposue-

121 2319 174 2344 rat,
186 2310 336 2349 explicans
344 2310 481 2350 expedite
493 2321 498 2340 2
517 2321 582 2342 non
592 2310 770 2342 invenustus
779 2310 871 2345 aStoi,
885 2312 933 2342 scd
941 2314 1032 2346 iners,
1045 2313 1077 2343 δε

124 2352 267 2382 inimicus
274 2351 342 2382 fori.
365 2354 403 2382 L.
416 2354 530 2383 Turius
538 2360 630 2393 parvo
640 2355 765 2393 ingenio
777 2373 784 2386 ,
796 2353 844 2383 sed
855 2353 1075 2388 multolabore,

123 2403 247 2434 quoquo
256 2393 350 2423 modo
358 2402 483 2433 poterat,
497 2395 572 2434 saepe
580 2394 706 2426 dicebat.
717 2397 820 2435 Itaque
829 2397 856 2424 ei
864 2405 963 2435 paucae
972 2405 1078 2426 centu-

123 2437 174 2465 riae
184 2434 218 2465 ad
228 2435 417 2466 consulatum
426 2435 598 2467 defuerunt.
622 2439 656 2467 C.
669 2439 769 2466 Macer
775 2435 888 2466 auc-”tori
894 2445 950 2467 tate
962 2437 1079 2478 semper

121 2476 264 2547 {guisssed
273 2476 332 2507 fuit
339 2486 481 2517 patronus
489 2478 714 2518 propemodum
723 2477 977 2518 diligentissimus:
987 2479 1078 2520 hujus

157 2518 221 2547 vita
232 2539 241 2552 ,
263 2517 284 2548 fi
292 2529 392 2550 mores
403 2539 412 2554 ,
422 2519 443 2549 fi
452 2520 555 2550 vultus
564 2520 694 2561 denique
702 2529 767 2550 non
778 2529 906 2550 omnem
915 2530 1076 2550 commen-

122 2558 277 2590 dationem
287 2561 400 2601 ingenii
411 2570 554 2592 everteret
563 2582 572 2595 ,
584 2564 642 2601 maj
649 2571 681 2591 us
692 2571 808 2592 nomen
817 2563 850 2591 in
859 2563 992 2602 patronis
1001 2561 1075 2592 fuis-

121 2600 172 2630 set.
194 2611 259 2632 non
268 2610 327 2632 erat
336 2602 492 2633 abundans
502 2623 511 2636 ,
534 2605 696 2643 noninops
706 2612 824 2634 tamen:
848 2613 913 2633 non
930 2603 1014 2633 valde
1025 2606 1074 2634 ni-

121 2650 187 2672 tens
195 2662 204 2676 ,
224 2653 288 2674 non
303 2643 392 2683 plane
409 2644 530 2675 horrida
548 2647 645 2675 oratio
656 2655 661 2674 :
680 2655 743 2675 vox
754 2664 763 2679 ,
785 2643 883 2686 gestus
894 2664 903 2678 ,
926 2645 959 2675 &
969 2647 1073 2675 omnis

119 2682 198 2714 afflo
207 2682 267 2714 sine
275 2684 375 2725 lepore
386 2696 392 2714 :
402 2694 431 2716 at
438 2688 472 2716 in
481 2686 685 2720 inveniendis,
695 2686 975 2726 componendisque
984 2686 1072 2716 rebus

119 2726 196 2756 mira
205 2729 346 2757 accuratio
359 2737 365 2755 :
384 2735 418 2757 ut
426 2737 490 2757 non
499 2726 586 2758 facile
597 2730 630 2758 in
639 2728 703 2758 ullo
714 2728 939 2768 diligentiorem
952 2748 960 2761 ,
972 2728 1071 2767 majo-

115 2774 241 2808 remque
248 2770 455 2810 cognoverim,
466 2769 515 2800 sed
525 2779 591 2801 earn
603 2779 636 2800 ut
644 2771 733 2801 citius
744 2771 943 2799 veteratoriam
954 2790 962 2803 ,
976 2769 1068 2812 quam

1156 234 1317 264 oratoriam
1327 233 1451 265 diceres.
1475 236 1524 265 liic
1543 232 1595 264 etsi
1613 236 1704 265 etiam
1724 235 1758 264 in
1774 234 1905 274 publicis
1914 234 2005 266 causis
2013 236 2122 276 proba-

1157 272 1242 304 batur
1260 295 1269 309 ,
1293 284 1395 306 tamen
1422 279 1455 306 in
1482 277 1603 317 privatis
1622 275 1817 306 illustriorem
1834 276 1990 307 obtinebat
2003 278 2117 308 locum.

1154 354 1205 384 nie
1215 356 1267 385 ille
1275 358 1398 397 quidem
1408 360 1506 390 tardus
1516 362 1549 389 in
1560 359 1759 400 excogitando
1769 379 1777 392 ‚
1789 368 2001 390 verumtamen
2011 361 2110 395 vultu,

1155 395 1188 424 ὃ(
1198 395 1398 433 simulatione,
1409 401 1509 431 multo
1520 403 1610 431 etiam
1620 403 1744 435 acutior,
1756 400 1848 442 quzim
1857 411 1927 433 erat,
1947 401 2113 432 videbatur.

1155 438 1236 466 Num
1248 438 1311 476 ejus
1319 442 1465 480 aequalem
1477 444 1520 471 M.
1534 442 1733 472 Glabrionem
1745 463 1753 476 ‚
1778 441 1854 473 bene
1871 443 2044 474 institutum
2064 447 2110 474 avi

1151 479 1290 510 Scaevolae
1302 479 1458 520 diligentia
1467 502 1475 515 ‚
1489 483 1587 513 socors
1599 484 1687 524 ipsius
1698 494 1800 515 natura
1810 505 1818 518 ,
1830 485 2042 527 negligensque
2055 495 2112 516 tar-

1150 518 1277 566 daverat.
1302 524 1401 552 Etiam
1411 525 1446 552 L.
1459 527 1631 564 Torquatus
1642 546 1650 558 ,
1664 526 1780 568 elegans
1791 528 1825 557 in
1834 527 1962 557 dicendo
1973 547 1981 561 ,
2003 530 2036 557 in
2048 530 2112 557 exi·

1150 559 1301 592 stimando
1327 563 1495 593 admodum
1523 565 1651 604 prudens
1670 587 1677 600 ‚
1702 576 1768 598 toto
1786 578 1894 608 genere
1910 569 2103 609 perurbana-s.

1148 604 1237 633 Meus
1245 612 1346 634 autern
1357 605 1478 646 :equalis
1488 608 1544 635 Cn.
1556 609 1716 647 Pompeius
1727 629 1735 642 ,
1762 612 1809 639 vir
1827 609 1863 640 ad
1873 612 1980 640 omnia
1989 611 2106 641 summa

1146 651 1245 678 natus,
1258 647 1406 686 majorem
1416 646 1664 686 dicendigloriam
1675 650 1820 680 habuisti—t
1830 671 1838 684 ,
1860 651 1915 681 nisi
1926 663 1996 682 eum
2009 654 2106 692 majo,

1124 698 1125 702 ¹
1145 686 1186 714 ris
1194 687 1298 726 gloriae
1312 688 1460 727 cupiditas
1469 688 1503 718 ad
1514 688 1635 718 bellicas
1644 689 1743 720 laudes
1753 691 1946 723 abstraxissffsr.
1970 704 2028 724 erat
2039 704 2105 724 ora-

1144 728 1229 757 tione
1241 727 1307 759 satis
1316 730 1434 769 amplus
1444 750 1452 763 ‚
1471 740 1535 759 rem
1546 730 1707 769 prudenter
1715 733 1850 764 videbat:
1870 734 1949 765 actio
1959 735 2029 765 vert>
2041 737 2065 775 ej
2071 746 2106 766 us

1145 768 1280 804 habebat,
1295 771 1370 801 &in
1380 782 1452 802 voce
1462 781 1606 811 magnum
1619 772 1821 811 splendorem,
1835 776 1868 805 ὃς
1878 778 1910 805 in
1922 785 2008 806 motu
2021 778 2100 807 sam-

1145 819 1228 840 mam
1238 811 1428 854 dignitatem.
1452 812 1564 843 Noster
1572 814 1646 842 item
1656 815 1776 853 aequalis
1786 818 1823 844 D.
1835 817 1951 846 Silanus
1962 839 1969 851 ‚
1979 821 2104 848 vitricus

1144 859 1223 886 tuus,
1235 851 1326 883 studii
1337 855 1389 885 ille
1397 854 1638 895 quidem‘habuit
1647 865 1712 884 non
1723 856 1868 890 multum,
1885 859 1932 888 sed
1943 863 2101 894 acuminis,

1143 892 1176 922 δε
1188 896 1333 925 orationis
1344 896 1422 926 satis.
1454 896 1666 936 QPompejus
1674 899 1709 925 A.
1723 900 1755 926 F.
1768 900 1821 938 qui
1830 900 1991 939 Bithynicus
2000 901 2099 931 dietus

1140 933 1192 969 est,
1204 935 1330 967 biennio
1339 942 1431 979 quam
1442 948 1498 968 nos
1507 936 1625 968 fortasse
1637 938 1743 977 major,
1758 939 1880 970 summo
1891 939 1989 971 studio
2000 942 2099 972 dicer.-

1138 976 1179 1010 di,
1192 978 1348 1019 multaque
1358 979 1506 1013 dodi-rina,
1518 978 1799 1010 incredibililabore
1809 1001 1816 1014 ‚
1841 990 1929 1022 atque
1946 983 2103 1017 industrias

1137 1019 1220 1058 quod
1232 1020 1301 1049 scire
1311 1019 1442 1060 polium.
1468 1021 1528 1051 fuit
1543 1022 1628 1050 enim
1648 1031 1769 1051 mecum
1779 1042 1786 1056 ,
1811 1023 1844 1052 δε
1853 1034 1924 1053 cum
1934 1026 1979 1053 M.
1994 1026 2101 1055 Pisone

1136 1058 1208 1090 cum
1227 1063 1379 1096 amicitia,
1404 1072 1471 1093 tum
1482 1062 1588 1092 studiis
1603 1082 1611 1095 ‚
1635 1065 1959 1105 exercitationibusque
1969 1068 2099 1103 conjun-

1137 1100 1212 1132 eius.
1236 1103 1324 1142 hujus
1342 1103 1421 1134 aetio
1441 1115 1505 1134 non
1522 1104 1589 1134 satis
1609 1105 1841 1136 commendabat
1859 1108 2041 1137 orationem.
2065 1110 2098 1138 in

1136 1144 1189 1173 hac
1199 1147 1283 1175 enim
1294 1145 1361 1175 fiitis
1371 1154 1431 1176 erat
1439 1148 1543 1186 copisa,
1556 1147 1588 1174 in
1601 1145 1650 1176 illa
1659 1155 1759 1176 autem
1771 1146 1879 1187 leporis
1889 1158 2004 1187 parum.
2027 1153 2095 1179 Erat

1136 1185 1199 1224 ejus
1209 1187 1332 1227 aequalis
1342 1190 1371 1218 P.
1385 1189 1563 1220 Autronius,
1574 1197 1648 1217 voce
1656 1197 1799 1227 peracuta,
1812 1198 1900 1230 atque
1909 1200 2026 1229 magna,
2041 1201 2097 1221 nec

1133 1226 1189 1256 alia
1198 1237 1229 1257 re
1240 1228 1300 1259 ulla
1310 1229 1485 1268 probabilis.
1518 1232 1555 1259 Et
1563 1231 1597 1258 L.
1610 1229 1752 1260 Otiavius
1763 1233 1908 1261 Reatinus
1921 1253 1928 1263 ,
1951 1228 2003 1272 qui
2024 1232 2096 1262 cum

1134 1269 1244 1299 multas
1252 1271 1315 1310 jam
1324 1271 1422 1301 causas
1432 1271 1552 1304 diceret,
1563 1270 1733 1301 adolescens
1743 1271 1785 1302 est
1795 1282 1944 1302 mortuus.
1957 1284 1981 1302 is
1993 1283 2095 1304 tamen

1132 1310 1167 1340 ad
1186 1310 1350 1342 dicendum
1368 1312 1508 1343 veniebat
1527 1314 1621 1353 magis
1639 1312 1777 1343 audanci-
1785 1334 1793 1347 ,
1817 1314 1908 1354 quim
1924 1316 2033 1354 parate.
2057 1319 2096 1345 Et

1131 1355 1144 1370 ²
1159 1354 1192 1382 C.
1205 1355 1407 1394 Staienus,qui
1417 1355 1444 1384 se
1454 1355 1515 1394 ipse
1525 1354 1720 1395 adoptaverat,
1732 1355 1786 1384 &3
1800 1355 1837 1385 de
1847 1357 1965 1392 Staieno
1977 1357 2096 1389 AElium

1129 1392 1247 1428 fecerat,
1258 1395 1377 1426 fervido
1385 1396 1517 1436 quodam
1529 1416 1536 1430 ,
1549 1396 1581 1425 δε
1590 1396 1747 1435 petulanti,
1760 1397 1793 1427 δε
1805 1397 1920 1428 furioso
1929 1408 2036 1439 genere
2046 1399 2094 1428 di·

1128 1436 1234 1465 cendi:
1255 1437 1337 1477 quod
1348 1440 1418 1478 quia
1430 1437 1535 1468 multis
1545 1446 1662 1482 gratum
1673 1447 1732 1468 erat
1741 1459 1749 1472 ,
1774 1439 1808 1469 ὃς
1825 1439 2005 1478 probabatur
2014 1460 2021 1473 ‚
2041 1440 2094 1470 ad·

1128 1477 1284 1508 scendisl'et
1292 1479 1327 1509 ad
1338 1480 1470 1509 honores
1479 1499 1487 1513 ,
1501 1480 1555 1508 nili
1565 1489 1597 1508 in
1608 1478 1740 1509 facinore
1751 1480 1911 1510 manifesto
1922 1481 2088 1521 deprehen*

1128 1563 1162 1590 C.
1176 1561 1209 1591 &
1221 1564 1257 1592 L.
1270 1532 1387 1603 Caepagj
1397 1562 1500 1593 fratres
1510 1559 1644 1596 fuerunt,
1655 1564 1707 1603 qui
1717 1564 1812 1594 multa
1821 1573 1910 1603 opera
1920 1566 2017 1605 ignoti
2029 1566 2087 1595 ho-

1126 1604 1227 1633 mines
1239 1623 1248 1637 ,
1261 1604 1294 1634 &
1303 1606 1453 1644 repentini
1463 1624 1471 1637 ,
1491 1603 1653 1645 quaestores
1662 1604 1797 1634 celeriter
1805 1604 1875 1635 fasti
1887 1606 1955 1635 sunt
1964 1607 2087 1646 oppida—

1125 1654 1167 1674 no
1187 1645 1320 1686 quodam
1331 1666 1339 1680 ,
1364 1647 1397 1676 &
1408 1646 1568 1676 incondito
1575 1655 1683 1687 genere
1693 1646 1826 1676 dicendi.
1863 1647 2017 1678 Addamus
2031 1649 2089 1679 liuc

1125 1687 1214 1716 etiam
1227 1707 1236 1720 ‚
1259 1698 1298 1717 ne
1314 1698 1405 1729 quem
1414 1688 1552 1719 vocalem
1561 1686 1731 1728 praeteriiffe
1741 1688 1913 1722 videamur,
1938 1692 1969 1719 C.
1981 1690 2090 1720 Cosco-

1124 1729 1213 1758 nium
1225 1729 1416 1760 Calidianum
1427 1750 1435 1763 ,
1455 1731 1508 1771 qui
1519 1730 1606 1759 nullo
1616 1731 1756 1760 acumine
1768 1751 1775 1763 ,
1791 1740 1856 1760 eam
1869 1739 1970 1761 tamen
1979 1731 2090 1762 verbo-

1122 1779 1191 1800 rum
1201 1772 1331 1811 copiam,
1347 1770 1368 1802 si
1377 1781 1468 1813 quam
1479 1771 1613 1804 habebat,
1623 1771 1773 1811 praebebat
1783 1773 1900 1812 populo
1908 1783 1978 1802 cum
1991 1774 2087 1804 multa

1122 1812 1318 1844 concurfionc
1329 1835 1337 1847 ,
1361 1823 1533 1855 magnoque
1557 1813 1699 1844 clamore.
1742 1815 1832 1855 Qod
1859 1814 1940 1845 idem
1962 1813 2088 1846 faciebat

1122 1855 1288 1894 QAri-ius‚
1299 1857 1351 1897 qui
1361 1855 1420 1886 fuit
1436 1860 1453 1882 4
1463 1858 1509 1884 M.
1523 1853 1622 1888 Craffi,
1632 1853 1910 1895 quai‘iftmmdarum.
1942 1859 1969 1886 Is
1982 1860 2085 1887 omni-

1123 1895 1177 1925 bus
1188 1898 1330 1937 exemplo
1340 1897 1427 1928 debet
1438 1895 1506 1930 effe,
1519 1901 1533 1923 θ’
1538 1905 1686 1937 quantum
1696 1898 1729 1926 in
1738 1898 1790 1927 hac
1802 1897 1873 1927 urbe
1883 1898 1994 1937 polleat
2004 1899 2086 1928 mul—

1120 1945 1222 1967 torum
1230 1937 1334 1968 obedire
1343 1938 1459 1981 tempori
1469 1959 1478 1972 ,
1495 1939 1723 1977 multorumque
1733 1938 1781 1967 vel
1791 1939 1902 1969 honori
1914 1960 1922 1973 ‚
1946 1940 1995 1969 vel
2005 1942 2084 1979 peri-

1118 1978 1189 2008 culo
1200 1979 1319 2010 servire.
1343 1982 1401 2010 His
1412 1982 1495 2009 enim
1504 1979 1602 2012 rebus,
1614 1977 1725 2008 infimo
1735 1979 1804 2009 loco
1814 1989 1901 2010 natus
1912 2001 1920 2014 ,
1943 1980 1976 2010 δε
1985 1982 2085 2012 hono-

1119 2029 1176 2053 res,
1190 2020 1222 2050 &
1233 2023 1402 2060 pecuniam,
1413 2022 1445 2051 &
1455 2022 1577 2062 gratiam
1588 2020 1765 2050 consecutus
1775 2041 1783 2054 ,
1795 2023 1886 2051 etiam
1897 2024 1930 2052 in
1940 2030 2082 2062 patrono-

1119 2070 1199 2095 rum,
1212 2060 1272 2092 fine
1280 2062 1429 2097 dofihina,
1438 2061 1497 2092 fine
1507 2063 1643 2102 ingenio,
1656 2063 1789 2102 aliquem
1799 2073 1963 2093 numerum
1973 2073 2082 2104 perve-

1119 2112 1209 2133 nerat.
1233 2104 1282 2135 sed
1293 2113 1326 2135 ut
1332 2105 1447 2147 pugiles
1458 2103 1646 2136 inexercitati,
1659 2105 1751 2134 etiam
1763 2103 1782 2133 si
1792 2114 1920 2146 pugnOS,
1928 2105 1960 2135 δε
1968 2106 2077 2146 plagas,

1119 2144 1334 2185 Olympiorum
1345 2146 1458 2187 cupidi,
1470 2145 1544 2176 ferre
1553 2143 1686 2184 possunt,
1699 2145 1794 2175 solem
1804 2155 1906 2176 tamen
1918 2147 1990 2187 saepe
2001 2146 2080 2178 ferre

1118 2195 1182 2215 non
1193 2185 1314 2226 possunt
1326 2198 1331 2216 :
1355 2186 1464 2220 sicilie,
1482 2186 1554 2217 cuni
1565 2189 1651 2217 omni
1659 2187 1721 2226 jam
1731 2186 1852 2218 fortuna
1859 2188 1996 2228 prospere
2006 2188 2078 2219 fun-

1119 2225 1195 2261 estus,
1205 2227 1321 2258 labores
1331 2231 1421 2259 etiam
1433 2238 1556 2270 magnos
1565 2225 1723 2269 excepisset
1735 2249 1743 2262 ,
1756 2228 1998 2269 illiusjudicialis
2007 2232 2080 2262 anni

1118 2269 1314 2305 severitatem,
1327 2270 1407 2311 quasi
1418 2271 1525 2304 solem,
1537 2280 1600 2300 non
1609 2271 1688 2300 tulit.
1718 2273 1801 2301 Tum
1812 2273 1940 2305 Atticus,
1953 2274 2002 2302 Tu
2012 2275 2082 2313 qui-

1117 2310 1187 2340 dem
1198 2311 1234 2341 de
1238 2312 1313 2350 fece,
1325 2313 1436 2354 inquit,
1447 2313 1557 2345 hauris,
1569 2311 1659 2352 idque
1663 2312 1846 2351 jamdudum
1861 2324 1864 2341 :
1879 2313 1926 2342 sed
1938 2311 2081 2344 tacebam:

1117 2353 1176 2382 hoe
1192 2353 1265 2383 vero
1286 2364 1350 2384 non
1359 2355 1498 2395 putabam
1508 2374 1517 2388 ,
1538 2362 1565 2383 te
1577 2355 1668 2394 usque
1678 2353 1712 2383 ad
1721 2355 1857 2393 Stajenos
1870 2355 1902 2384 δε
1911 2357 2079 2385 Autronios

1118 2393 1175 2424 effe
1188 2404 1360 2425 venturum.
1384 2399 1459 2426 Non
1468 2404 1542 2436 puto
1552 2415 1560 2428 ‚
1581 2397 1705 2436 inquam
1717 2415 1725 2429 ‚
1739 2394 1908 2425 existimate
1919 2405 1947 2425 te
1956 2416 1963 2429 ,
1981 2397 2081 2426 ambi-

1117 2444 1201 2465 tione
1212 2447 1261 2467 me
1270 2437 1328 2467 labi
1340 2459 1348 2471 ‚
1371 2440 1480 2478 quippe
1491 2437 1527 2467 de
1537 2444 1651 2466 mortim
1659 2448 1670 2464 .·
1698 2437 1746 2467 sed
1757 2437 1897 2466 ordinem
1908 2438 2032 2478 sequens
2044 2440 2077 2468 in

1117 2481 1299 2508 memoriam
1318 2487 1422 2509 notam
1435 2500 1443 2513 ‚
1463 2479 1497 2509 &
1507 2479 1652 2519 aequalem
1663 2476 1821 2508 neceffarib
1832 2480 1963 2508 incurro.
1996 2480 2079 2509 Volo

1114 2528 1215 2549 autem
1225 2521 1283 2550 hoc
1292 2521 1426 2561 perspici,
1445 2521 1591 2550 omnibus
1601 2518 1786 2559 conquisitis,
1798 2521 1850 2560 qui
1860 2521 1892 2549 in
1903 2520 2078 2551 multitudi-

1115 2571 1154 2591 ne
1164 2561 1262 2591 dicere
1271 2561 1330 2592 ausi
1341 2561 1407 2595 sint,
1421 2563 1569 2592 memoria
1578 2561 1702 2602 quidem
1713 2561 1821 2603 dignos
1829 2571 1989 2601 perpaucos
2001 2574 2006 2591 :
2022 2573 2076 2592 ve-

1114 2602 1194 2637 rum,
1206 2605 1258 2644 qui
1268 2605 1400 2634 omnino
1409 2613 1525 2634 nomen
1535 2603 1693 2632 habuerint
1703 2622 1710 2636 ,
1722 2613 1786 2632 non
1796 2604 1836 2633 ita
1849 2603 1962 2633 multos
1973 2603 2071 2634 fuisse.

1113 2645 1161 2674 sed
1181 2644 1216 2674 ad
1235 2646 1407 2675 sermonem
1426 2644 1599 2675 institutum
1618 2653 1808 2674 revertamur.
1838 2647 1876 2674 T.
1889 2648 2069 2687 Torquatus,

1112 2689 1151 2716 T.
1164 2685 1244 2716 filius
1263 2687 1296 2716 &
1314 2686 1420 2716 dosius
1439 2688 1529 2716 virex
1538 2684 1659 2716 Rhodia
1667 2685 1824 2726 disciplina
1834 2687 1971 2716 Molonis
1983 2708 1991 2721 ,
2013 2688 2045 2718 &
2057 2688 2072 2718 a

1111 2737 1213 2758 natura
1223 2728 1258 2758 ad
1272 2728 1435 2758 dicendum
1446 2728 1511 2758 satis
1523 2728 1635 2757 solutus
1648 2748 1655 2760 ,
1676 2736 1761 2768 atque
1772 2727 1928 2767 expeditus
1941 2739 1946 2756 :
1966 2730 2027 2767 (cui
2051 2728 2071 2759 si

1109 2771 1170 2800 vira
1190 2768 1431 2810 suppeditavifl'ct
1442 2789 1450 2804 ,
1471 2769 1586 2800 sublato
1604 2769 1721 2800 ambitu
1740 2770 1845 2800 consul
1865 2768 1961 2799 faetus
1977 2769 2071 2810 ess'etz)

2005 2812 2073 2852 plus

155 2889 180 2907 ι.
197 2882 357 2909 admirando
365 2883 480 2909 irridebat
491 2902 499 2916 ,
509 2885 601 2910 calebat
609 2887 634 2910 in
645 2883 754 2917 agenda]
765 2884 831 2918 Q‘e
842 2882 900 2908 heic
909 2881 1070 2908 substituunt

116 2916 250 2944 Corradus
259 2925 304 2944 aut
314 2918 459 2946 Lambinus
471 2938 478 2951 ‚
489 2929 540 2946 non
550 2919 690 2946 firmantur
701 2918 758 2945 mss.
770 2918 862 2945 nostris
874 2929 880 2945 ι
893 2917 1005 2953 ideoque
1016 2927 1068 2944 non

116 2956 166 2984 abii
179 2959 193 2984 a
204 2965 305 2994 recepta
322 2958 436 2986 leffione
447 2978 456 2992 ,
474 2969 531 2996 quae
542 2955 646 2998 &2907ae
656 2958 771 2986 indicare
783 2957 887 2984 videtur
898 2966 907 2988 3
928 2958 967 2992 cuj
973 2967 1000 2985 us
1020 2957 1068 2984 hoc

115 2998 263 3034 proprium,
273 3006 302 3025 ut
310 2998 372 3025 dum
385 2999 473 3027 laudet
483 3001 510 3026 ὅ(
519 3000 643 3027 admirari
654 2999 679 3026 se
689 2999 804 3030 simulet,
814 2999 926 3024 irrideat.

152 3042 182 3059 2.
200 3037 228 3060 C.
237 3037 347 3068 Stajenm
358 3036 493 3070 ‚&c.]1ta
503 3036 558 3063 Pal.
569 3037 596 3062 ὃ(
608 3036 778 3070 Cujaciauus.
795 3034 853 3060 aliis
864 3034 928 3060 locis
939 3033 1008 3060 idem
1020 3042 1069 3059 no-

119 3067 233 3095 minatur
240 3071 517 3100 Stultum-alterutrum
529 3071 650 3098 vitiosum
662 3071 828 3103 cffe‚monuit
836 3070 992 3106 Rivius,qui
1003 3069 1068 3095 stare

120 3103 225 3130 videtur
235 3114 282 3140 pto
307 3106 448 3134 osteriore:
468 3109 540 3144 prius
550 3115 638 3134 autem
649 3108 734 3143 placet
744 3106 829 3141 magis
840 3104 984 3132 Theodoto
993 3107 1068 3132 Mar-

117 3138 182 3165 cilio
191 3139 222 3166 ad
234 3141 282 3168 Per
294 3151 346 3168 iuni
358 3161 367 3173 ‚
377 3142 454 3169 hodie
464 3150 551 3170 tamen
561 3143 675 3170 alterum
686 3142 820 3179 praevalet.

155 3182 183 3210 3.
209 3179 243 3203 De
256 3179 347 3212 δια-μη·
362 3180 468 3207 ιΛΞΙίκνη
478 3178 598 3214 fecerun]
618 3178 697 3215 Pigli.
715 3178 802 3207 noster
816 3176 900 3207 rastis
918 3176 951 3205 ad
969 3185 1066 3205 annum

1095 2887 1097 2895 ¹
1115 2891 1228 2908 DCLXVI
1236 2892 1242 2908 i
1250 2903 1256 2908 .
1267 2882 1371 2913 mallet,
1381 2884 1577 2914 Paetumftcerat,
1588 2881 1723 2917 quomodo
1734 2882 1887 2908 nominatur
1898 2882 1923 2907 iu
1936 2881 2046 2907 cluent.

1149 2929 1177 2954 4.
1198 2926 1238 2949 stl-
1252 2924 1330 2955 Craffi
1343 2922 1602 2956 quaſssecizmi'arnm.]
1623 2922 1687 2947 Non
1700 2921 1853 2954 secundamu-
1869 2929 1928 2946 cuni
1949 2921 2072 2947 Romani

1114 2958 1223 2993 antiqua
1235 2977 1242 2989 ,
1254 2959 1471 2991 iioufi‘cundfflim
1484 2976 1492 2988 ‚
1504 2965 1646 2993 utcumque
1657 2957 1764 2983 laudent
1776 2956 1914 2983 Turnebus
1927 2976 1934 2987 ‚
1947 2956 2070 2986 Budoeus,

1115 2993 1211 3019 Rivius
1224 3013 1232 3025 ‚
1244 2992 1449 3026 sedJZ-csmdarttm
1461 2993 1602 3028 legendum
1612 3003 1645 3019 cx
1658 2993 1743 3019 tribus
1756 2991 1892 3023 Lambini,
1903 3002 1935 3018 ex
1946 2992 2069 3017 omnibus

1115 3030 1224 3055 Gruteri
1237 3028 1347 3064 scriptis.
1377 3028 1502 3064 intellige
1515 3048 1523 3061 ,
1537 3032 1647 3062 partium
1662 3031 1742 3054 atior.-
1759 3029 1785 3054 &
1800 3027 1858 3055 vide
1869 3029 1999 3055 Gronovii
2010 3028 2068 3054 Ob-

1111 3065 1206 3091 servait.
1219 3064 1364 3091 Ecclefiast.
1375 3073 1431 3100 cap.
1442 3073 1490 3097 25.

1152 3113 1176 3137 5.
1197 3106 1318 3136 §giemum
1326 3106 1407 3136 pellea?
1417 3105 1539 3129 multorum
1548 3104 1636 3130 obedire
1645 3105 1749 3136 rompori,
1760 3103 1951 3137 multorumque]
1973 3101 2066 3127 Forcm

1113 3139 1178 3165 illud
1190 3142 1312 3165 mulsorum
1321 3139 1420 3166 auferri
1431 3147 1544 3175 poterut.
1555 3148 1625 3166 certe
1637 3150 1649 3165 i,
1666 3150 1688 3165 >n
1701 3139 1791 3165 xisitur
1801 3139 1826 3164 in
1841 3138 1896 3164 Pil.
1907 3139 1961 3164 imo
1974 3146 2019 3164 nec
2030 3136 2068 3161 s:-

1090 3174 1093 3200 l
1111 3185 1193 3212 quens
1203 3177 1290 3202 obedire
1299 3179 1404 3210 tempori,
1415 3175 1484 3213 quod
1496 3183 1581 3204 tamen
1593 3176 1702 3239 o'iniiiio
1712 3173 1892 3203 nccessluium.
2006 3208 2044 3231 'ss'
2056 3209 2073 3233 ,ζ

1968 3216 1992 3235 1,
2003 3223 2010 3233 ‚⁴
2028 3217 2057 3233 (η,

1157 316 1191 343 C.
1203 314 1311 346 deinde
1322 319 1399 351 Piso,
1410 317 1554 351 statarius,
1566 317 1599 348 ὃς
1609 318 1758 348 sermonis
1766 317 1875 358 plenus
1888 327 1988 349 orator
1998 340 2007 352 ,
2021 321 2116 350 mini-
2135 321 2156 354 6
2163 322 2179 354 3

1129 1518 1196 1553 sus,
1219 1529 1323 1559 poenas
1334 1521 1361 1551 le
1381 1521 1468 1554 ibus,
1492 1520 1647 1559 &judicio
1657 1520 1791 1552 dediss'et.
1826 1522 1943 1553 Eodem
1953 1532 2088 1563 tempore
2109 1530 2155 1570 69
