2360 3400
694 107 788 140 DE

229 172 342 204 Omnia
355 170 456 203 autem
473 169 652 201 communia
669 172 834 202 hominum
852 171 993 203 videntur
1011 181 1044 202 ea
1055 190 1066 205 ‚
1086 175 1098 191 '¹
1109 181 1173 212 quae

227 215 297 245 sunt
305 214 426 255 generis
449 212 514 251 ejus
535 224 545 246 3
572 213 654 253 quod
681 214 718 244 ab
737 216 839 244 Ennio
855 212 984 254 politum
1003 215 1036 243 in
1057 222 1117 244 una
1134 223 1175 247 re,

229 254 408 286 ²1transferri
420 255 453 283 in
465 254 573 283 multas
582 253 691 294 potest.

319 299 333 323 3
344 297 432 324 Homo
441 296 492 336 qui
505 296 609 324 erranti
619 297 733 326 comiter
740 295 873 332 monstrat
880 297 972 330 viam,

319 336 510 377 Qafii‘umen
519 336 550 365 de
554 337 606 376 suo
616 337 721 366 lumine
729 338 874 371 accendat,
880 339 969 377 facit:

320 378 516 407 Nihilominus
525 378 577 420 ipsi
584 378 676 408 luceat
684 399 695 412 ,
706 377 770 408 ciam
779 380 822 408 illi
828 379 991 408 accenderit.

226 420 343 451 Unaex
361 429 392 449 re
410 420 477 449 satis
490 422 675 459 praecipitur,
695 430 746 453 ut,
762 420 910 461 quidquid
921 419 980 450 fine
992 419 1174 450 detrimento

223 460 507 503 ,poffitcommodari
521 480 529 493 ‚
551 461 581 491 id
600 462 768 492 4tribuatur
781 462 829 491 vel
840 464 955 503 ignoto.
978 464 1026 491 Ex
1038 471 1099 500 quo
1107 461 1177 490 sunt

225 504 278 533 illa
296 505 473 533 communia
486 521 494 536 ‚
511 505 609 533 5NON
628 512 820 532 pneumam:
836 512 942 543 aquam
959 501 1172 542 profluentem:

223 547 309 575 PA‘r1
323 554 364 574 AB
378 553 460 573 ioue.
475 553 587 573 {GNEM
609 553 710 583 capere
721 564 730 578 ,
751 543 771 573 fi
783 546 850 584 quis
859 545 951 578 velit;
973 547 1170 574 CON51L1uM

229 595 353 615 FiDELE
362 585 539 615 deliberanti
550 585 617 615 dare
630 595 714 625 ;quae
724 586 791 616 sunt
800 587 837 615 iis
847 586 941 618 utilia,
954 586 1007 625 qui
1016 586 1173 623 accipiunt:

216 627 303 657 danti
314 637 376 657 non
396 626 531 656 molesta.
553 629 649 667 Qare
667 627 699 656 &
720 628 765 656 his
776 626 921 657 utendum
931 626 973 656 est
982 646 992 659 ,
1016 626 1048 656 &
1061 626 1174 665 semper

217 669 332 709 aliquid
354 668 389 698 ad
409 678 608 698 communem
626 668 787 699 utilitatem
806 666 1002 698 afferendum.
1024 667 1079 697 Sed
1094 676 1171 707 quo-

216 712 301 740 niam
313 711 406 750 copiae
416 719 510 749 parvae
523 708 706 750 singulorum
718 709 794 739 sunt:
806 719 909 739 eorum
920 717 1018 739 autern
1031 728 1039 743 ,
1059 718 1113 749 qui
1124 709 1171 737 his

216 760 332 792 egeant,
342 749 460 780 infinita
473 750 514 780 est
523 750 700 780 multitudo:
709 751 836 790 vulgaris
848 750 1007 781 liberalitas
1018 749 1170 779 referenda

218 792 261 822 est
279 793 316 822 ad
334 793 423 822 illum
442 793 535 822 Ennii
552 790 646 821 finem
659 811 669 825 ‚
688 794 932 821 Nuummmus
950 801 1014 821 ipsi
1027 800 1167 821 LucEAT:

214 832 379 864 utfacultas
388 832 421 862 fit
430 852 439 866 ,
451 843 508 873 qua
517 834 549 862 in
557 832 674 862 nostros
685 831 775 862 fimus
785 833 929 862 liberales.
943 833 1056 862 Gradus
1066 841 1165 862 autem

157 876 171 900 Σ
182 878 200 911 7
214 875 313 914 plures
328 874 395 904 sunt
413 874 559 903 societatis
569 875 743 902 hominum.
767 877 808 903 Ut
818 875 904 903 enim
914 872 927 894 ⁶
938 874 974 904 ab
984 873 1104 903 infinita
1114 874 1165 904 illa

210 915 377 946 discedatur
386 935 394 948 ,
419 916 542 954 propior
549 913 590 943 est
603 914 737 953 ejusdem
746 916 845 954 gentis
854 934 863 948 ‚
883 917 1013 945 nationis
1025 935 1032 947 ‚
1045 916 1164 955 linguae:

211 966 272 997 qua
282 956 417 986 maxime
434 956 576 985 homines
586 956 830 996 conjunguntur:
852 961 865 983 ,⁷
876 957 1002 986 interius
1011 958 1100 986 etiam
1111 956 1163 990 est,

211 998 348 1038 ejusdem
366 995 423 1026 effe
438 998 578 1027 civitatis.
601 997 699 1027 Multa
715 998 798 1027 enim
817 997 884 1027 sunt
902 998 1070 1028 civitatibus
1088 999 1164 1028 inter

211 1039 429 1069 secommunia
443 1049 449 1067 ε
468 1037 569 1068 forum
581 1057 589 1071 ,
613 1037 680 1069 fana
690 1057 699 1072 ‚
719 1040 848 1078 porticus
859 1059 867 1072 ,
890 1040 946 1069 viae
958 1059 966 1072 ,
977 1039 1056 1079 leges
1068 1059 1076 1072 ‚
1087 1040 1161 1078 jura,

203 1080 331 1120 judicia,
343 1078 486 1120 suffragia,
497 1080 728 1110 consuetudines
735 1089 881 1119 praeterea‚
893 1080 926 1110 &
936 1080 1160 1115 familiaritates,

209 1118 225 1142 ³
234 1122 397 1162 multaeque
405 1131 475 1152 cum
487 1121 590 1151 multis
599 1131 652 1154 res,
663 1123 850 1162 rationesque
859 1121 1027 1152 contraQae.
1043 1122 1163 1152 ArStior

208 1161 282 1194 verb
292 1164 443 1204 colligatio
460 1161 503 1192 est
522 1162 668 1193 societatis
694 1164 945 1203 propinquorum.
968 1163 1063 1194 abilla
1075 1166 1158 1193 enim

207 1205 357 1235 immensa
370 1205 639 1235 societatehumani
648 1207 766 1244 generis
776 1206 808 1234 in
818 1207 974 1246 exiguum,
985 1203 1160 1244 angustum-

206 1256 267 1288 que
276 1246 478 1277 concluditur.
499 1249 515 1273 9
526 1255 594 1275 nam
614 1245 684 1275 cum
700 1245 800 1275 sithoc
811 1255 912 1276 natura
920 1256 1086 1277 commune
1095 1249 1162 1277 ani-

206 1290 359 1318 mantium
384 1308 393 1322 ,
428 1290 499 1317 ¹0ut
517 1287 645 1317 habeant
665 1287 836 1317 Lubidinem
854 1288 1026 1327 procreandi
1039 1307 1047 1321 ‚
1068 1290 1164 1328 prima

204 1330 373 1360 societasin
384 1329 448 1369 ipso
455 1329 598 1369 conjugio
609 1327 666 1359 est:
685 1329 822 1368 proxima
833 1331 865 1359 in
876 1329 979 1359 liberis
991 1340 996 1359 :
1011 1333 1038 1348 ¹¹
1052 1330 1160 1360 deinde

208 1381 268 1401 una
277 1371 405 1403 domus,
429 1372 607 1400 communia
623 1372 735 1400 omnia.
759 1370 792 1401 Id
813 1379 912 1400 autem
928 1370 1160 1410 estprincipium

206 1412 290 1443 'urbis
300 1432 309 1446 ,
329 1410 449 1452 &quafi
464 1412 658 1441 seminarium
677 1413 747 1450 reip.
769 1414 939 1452 Sequuntur
954 1411 1076 1442 fratrum
1084 1422 1164 1443 con-

204 1453 381 1493 junctiones
394 1464 400 1482 2
422 1451 492 1492 post
506 1452 759 1482 consobrinorum
771 1472 780 1485 ,
808 1452 1061 1493 sobrinorumque
1073 1464 1079 1483 ε
1108 1455 1160 1494 qui

206 1495 279 1527 cum
290 1504 348 1524 una
354 1493 449 1524 domo
458 1493 520 1532 jam
527 1495 594 1532 capi
603 1502 667 1522 non
677 1491 785 1531 poffint
797 1512 806 1526 ‚
816 1495 847 1523 in
857 1494 930 1523 alias
938 1494 1050 1524 domos
1059 1514 1070 1527 ‚
1085 1503 1160 1525 tam-

206 1546 297 1577 quam
311 1536 344 1565 in
353 1535 488 1564 colonias
499 1542 619 1564 exeunt.
637 1536 808 1574 Sequuntur
817 1535 979 1568 connubia,
992 1535 1024 1564 δε
1033 1534 1164 1565 affinita-

205 1586 250 1607 tes
261 1587 266 1605 :
278 1585 316 1606 ex
323 1575 435 1617 quibus
443 1577 532 1606 etiam
540 1575 639 1615 plures
648 1576 818 1615 propinqui.
843 1577 917 1616 Qae
927 1579 1096 1616 propagatio
1105 1595 1114 1610 ,
1127 1576 1160 1606 &

207 1617 325 1649 soboles
334 1637 345 1651 ‚
365 1618 451 1658 origo
469 1615 512 1646 est
529 1626 629 1646 rerum
649 1616 848 1656 publicarum.
876 1619 1036 1657 Sanguinis
1059 1626 1160 1647 autem

205 1658 385 1699 conjunfflo
396 1678 405 1691 ,
433 1658 466 1688 &
486 1658 696 1688 benevolentia
712 1657 846 1687 devincit
867 1658 1010 1687 homines
1024 1660 1159 1689 caritate.

205 1702 354 1742 Magnum
373 1698 415 1730 est
431 1700 514 1728 enirn
525 1718 533 1732 ,
554 1698 658 1728 eadem
669 1698 774 1729 habere
785 1708 986 1729 monumenta
997 1701 1157 1738 majorum,

205 1742 314 1772 iisdem
324 1743 368 1771 uti
377 1741 463 1771 sacris
473 1759 481 1773 ‚
493 1740 620 1780 sepulcra
630 1739 736 1769 habere
742 1742 927 1770 communia.
950 1740 1158 1771 sedomnium

208 1784 381 1814 societatum
399 1782 481 1812 nulla
493 1780 678 1821 praestantior
696 1780 759 1813 est,
779 1783 807 1800 ¹²
819 1782 903 1811 nulla
913 1779 1049 1815 kinnim,
1068 1781 1159 1822 quam

201 1825 275 1857 cum
287 1826 344 1855 viri
362 1824 458 1857 boni,
477 1822 613 1853 moribus
632 1820 763 1856 similes,
783 1823 850 1853 sunt
865 1821 1066 1853 familiaritate
1078 1832 1157 1853 con-

876 93 921 140 <3
954 107 980 137 e
1016 108 1042 139 π
1079 107 1096 139 1
1133 105 1160 140 c
1198 107 1216 140 1
1251 84 1347 142 ιἐ·
1417 95 1511 143 1.1
1548 93 1597 143 n.

1674 98 1728 143 L'
2044 115 2165 163 1217

1214 171 1324 212 junffi.
1348 172 1426 205 illud
1440 176 1525 205 enim
1544 176 1703 207 honestum
1714 175 1807 218 (quo'd
1817 177 1892 218 faepe
1902 177 2043 219 dicimus)
2051 181 2139 211 etiam
2153 179 2172 210 si

1216 217 1248 243 in
1257 216 1319 245 alio
1329 218 1481 263 cfrnimus
1492 237 1500 250 ,
1513 226 1611 247 tamen
1622 227 1679 248 nos
1687 227 1803 252 movet,
1818 224 1827 239 ¹
1835 223 1847 247 ³
1859 230 1945 261 atque
1955 221 2012 254 illi,
2027 223 2058 251 in
2067 231 2129 262 quo
2139 222 2168 251 id

1217 254 1308 286 inesse
1320 257 1436 287 Videtur
1450 277 1459 291 ,
1482 259 1598 289 amicos
1618 258 1696 290 facit.
1720 262 1756 291 Et
1769 271 1948 303 quamquam
1959 272 2066 292 OMNIS
2076 266 2170 294 virtus

1218 300 1246 323 ¹4
1255 307 1309 327 nos
1319 298 1356 328 ad
1368 299 1396 328 se
1405 298 1514 329 alliciat
1523 320 1532 333 ,
1551 299 1696 341 faciatque
1715 310 1748 331 ut
1757 311 1810 332 eos
1819 303 1980 344 diligamus
1990 324 1999 338 ,
2018 306 2050 334 in
2060 304 2170 346 quibus

1215 339 1274 377 ipsa
1285 338 1378 369 ineffe
1388 339 1531 371 videatur.
1557 344 1584 368 ¹5
1598 351 1698 372 tamen
1705 342 1818 382 justitia
1829 363 1837 377 ‚
1851 345 1884 374 &
1894 345 2052 376 liberalitas
2061 346 2091 376 id
2103 356 2170 377 ma-

1215 380 1299 410 xime
1311 378 1411 410 efficit.
1435 383 1513 411 nihil
1533 392 1632 413 autem
1651 383 1693 414 est
1711 384 1869 416 amabilius
1881 406 1890 419 ,
1915 396 1971 417 nec
1988 388 2169 427 copulatius.

1214 419 1303 460 quam
1315 431 1436 452 morum
1447 422 1615 454 similitudo
1626 425 1788 455 bonorum.
1803 428 1839 457 In
1849 427 1958 467 quibus
1967 430 2048 458 enim
2060 428 2167 460 eadem

1214 461 1308 491 studia
1320 463 1386 492 sunt
1396 483 1404 496 ,
1417 464 1588 505 eaedemque
1598 466 1782 497 voluntates:
1794 469 1828 497 in
1841 470 1886 498 his
1895 467 1937 503 fit,
1949 479 1981 499 ut
1990 470 2073 510 aeque
2085 470 2167 511 quis-

1214 512 1270 542 que
1288 504 1381 533 altero
1398 505 1579 540 dele&etur‚
1607 517 1638 538 ac
1656 508 1770 548 seipso:
1788 508 1994 551 efficiturque,
2015 512 2044 541 id
2057 531 2066 545 ‚
2085 513 2163 552 quod

1216 545 1388 585 Pythagoras
1398 546 1460 576 vult
1470 549 1501 576 in
1511 549 1651 582 amicitia,
1665 548 1692 569 ¹⁶
1705 558 1735 579 ut
1746 559 1823 580 unus
1835 550 1886 581 fiat
1894 562 1932 583 ex
1939 552 2084 591 pluribus.
2101 557 2166 583 Ma-

1211 595 1268 625 gna
1278 589 1366 616 etiam
1389 588 1439 618 illa
1447 591 1651 619 communitas
1671 589 1713 621 est
1725 611 1733 623 .
1752 601 1818 632 quae
1835 592 1993 623 conficitur
2002 604 2039 624 ex
2051 593 2165 624 benefi-

1212 628 1266 656 ciis
1278 630 1306 654 ¹7
1316 627 1395 657 ultro
1413 628 1491 659 citro
1502 649 1510 663 ,
1532 630 1605 660 datis
1621 634 1764 671 acceptis:
1782 642 1847 673 quae
1857 634 1889 664 &
1901 644 2003 665 mutua
2014 654 2022 668 ,
2043 635 2162 676 &grata

1211 667 1284 696 dum
1296 668 1363 698 sunt
1373 689 1382 702 ,
1393 671 1470 700 inter
1478 680 1553 711 quos
1564 681 1596 701 ea
1605 672 1683 706 sunt,
1695 672 1782 704 firma
1793 674 2004 706 devinciuntur
2013 677 2158 707 societate.

1210 708 1265 738 Sed
1285 708 1354 739 cum
1376 714 1480 741 omnia
1498 714 1612 742 ratione
1621 732 1630 746 ,
1661 716 1823 754 animoque
1846 716 1974 748 lustratis
1988 737 1996 751 ,
2016 720 2161 748 omnium

1208 749 1379 781 societatum
1394 747 1423 771 ¹⁸
1433 753 1515 783 nulla
1525 752 1566 784 est
1575 756 1701 793 gravior,
1714 756 1796 786 nulla
1804 760 1900 788 carior
1912 779 1920 791 .
1933 759 2022 799 quam
2033 769 2084 792 ea,
2095 769 2161 800 quae

1207 800 1275 821 cum
1287 802 1346 832 rep.
1370 792 1412 823 est
1431 796 1593 835 unicuique
1602 795 1757 826 nostrum:
1778 801 1836 828 cari
1847 800 2059 840 suntparentes
2071 821 2081 834 ,
2099 803 2158 832 cari

1206 833 1303 866 liberi,
1317 837 1490 875 propinqui,
1506 835 1678 866 familiares:
1689 838 1735 867 sed
1749 841 1869 869 omneis
1878 844 2019 872 omnium
2029 844 2162 873 caritates

1204 876 1294 914 patria
1307 885 1363 906 una
1388 877 1545 916 complexa
1555 876 1615 907 est:
1636 888 1689 917 pro
1700 889 1757 920 qua
1767 882 1833 919 quis
1843 881 1941 912 bonus
1950 882 2066 914 dubitet
2076 893 2161 913 mor-

1204 925 1264 945 tem
1279 926 1436 957 oppetere,
1457 917 1477 947 si
1498 920 1525 948 ei
1542 917 1575 948 sit
1592 919 1764 958 profuturus
1780 925 1791 952 ?
1812 925 1880 963 Qo
1898 923 1940 954 est
1958 923 2159 955 detestabilior

1203 956 1327 988 istorum
1350 961 1539 994 immanitas,
1553 962 1611 1000 'qui
1629 961 1789 994 lacerarunt
1809 965 1896 994 omni
1906 965 2011 995 scelere
2023 974 2159 1006 patriam,

1204 999 1276 1028 &in
1288 1009 1320 1029 ea
1330 999 1465 1031 funditus
1474 1001 1598 1031 delenda
1609 1005 1786 1042 occupati&
1798 1005 1867 1036 sunt
1875 1025 1883 1039 ,
1906 1006 1938 1036 &
1946 1005 2077 1037 fuerunt·
2101 1007 2157 1037 Sed

1203 1039 1222 1069 [ι
1231 1043 1386 1071 contentio
1396 1043 1532 1083 quaedam
1548 1063 1556 1075 ,
1569 1042 1600 1072 &
1610 1048 1789 1084 comparatio
1801 1045 1859 1080 fiat,
1870 1048 1980 1087 quibus
1989 1049 2156 1087 plurimum

1201 1081 1393 1113 tribuendum
1406 1082 1499 1114 officii
1513 1103 1520 1117 ,
1533 1086 1682 1124 principes
1692 1087 1770 1121 sunt,
1778 1089 1876 1128 patria
1886 1089 2049 1130 &parentes
2058 1110 2066 1122 ‚
2078 1099 2156 1131 quo-

1200 1133 1266 1153 rum
1281 1123 1436 1154 beneficiis
1453 1125 1588 1156 maxime
1608 1127 1729 1168 obligati
1743 1129 1863 1159 sumus:
1883 1132 2036 1169 proximi,
2055 1131 2154 1164 liberi.

1200 1173 1318 1206 totaque
1337 1165 1447 1196 domus
1458 1187 1466 1199 ‚
1495 1177 1559 1207 quae
1582 1167 1690 1206 spestat
1709 1170 1740 1199 in
1750 1180 1806 1200 nos
1825 1171 1905 1201 solos
1915 1191 1924 1205 ‚
1953 1181 2050 1212 neque
2071 1172 2154 1204 aliud

1199 1206 1297 1237 ullum
1308 1206 1405 1246 potest
1414 1208 1522 1238 habere
1540 1212 1568 1235 ι9
1578 1209 1766 1249 perfugium:
1784 1211 1925 1253 deinceps
1945 1213 2022 1243 bene
2041 1223 2154 1249 conve-

1199 1249 1315 1278 nientes
1324 1251 1506 1290 propinqui,
1529 1250 1710 1291 quibuscum
1730 1255 1819 1283 etiam
1830 1257 2006 1284 communis
2016 1255 2152 1294 plerum-

1197 1299 1256 1329 que
1279 1288 1399 1321 fortuna
1418 1292 1470 1321 est.
1492 1291 1698 1332 Qamobrem
1720 1293 1876 1329 necessaria
1884 1295 2013 1335 praefidia
2021 1298 2090 1326 vitae
2100 1296 2155 1326 de-

1198 1331 1352 1361 benturiis
1362 1332 1496 1363 maxime
1508 1353 1516 1366 ,
1527 1342 1603 1373 quos
1614 1333 1682 1363 ante
1693 1333 1759 1365 dixi
1775 1338 1852 1366 :vita
1859 1345 1957 1367 autem
1970 1357 1979 1371 ,
1994 1336 2152 1378 mestusque

1197 1375 1393 1407 communis,
1413 1372 1555 1407 consilia,
1574 1374 1726 1405 sermones
1737 1396 1745 1410 ,
1761 1378 2003 1416 cohoitationes.
2015 1379 2154 1410 consola-

1197 1414 1306 1447 tiones,
1317 1415 1467 1445 interdum
1477 1417 1567 1446 etiarn
1578 1416 1800 1458 objurgationes
1809 1422 1841 1438 ²0
1854 1421 1886 1449 in
1895 1421 2036 1450 amicitiis
2047 1422 2153 1461 vigent

1199 1455 1335 1485 maxime
1346 1456 1463 1496 :estque
1471 1467 1505 1487 ea
1512 1458 1523 1497 j
1528 1456 1724 1488 ucundiffima
1732 1462 1873 1494 amicitia,
1883 1471 1972 1501 quam
1984 1460 2151 1492 similitudo

1197 1505 1319 1526 morum
1330 1499 1514 1538 conjugavit.
1536 1499 1593 1529 Sed
1608 1501 1641 1528 in
1654 1500 1700 1529 liis
1711 1501 1855 1531 omnibus
1865 1501 1975 1531 officiis
1985 1502 2152 1533 tribuendis

1195 1536 1363 1568 videndum
1381 1543 1438 1568 erit
1449 1559 1458 1572 ,
1477 1540 1549 1579 quid
1569 1541 1678 1579 cuique
1691 1542 1828 1572 maxime
1838 1541 1952 1572 necesse
1962 1542 1995 1572 sit
2005 1563 2014 1576 ‚
2035 1542 2068 1573 δε
2077 1543 2152 1584 quid

1196 1578 1318 1617 quisque
1328 1579 1488 1609 nobiscum
1499 1599 1508 1612 ‚
1527 1580 1576 1610 vel
1595 1579 1655 1610 fine
1665 1582 1754 1611 nobis
1764 1592 1814 1612 aut
1823 1581 1908 1621 poffit
1917 1584 2076 1622 consequi,
2101 1593 2154 1615 aut

1197 1628 1261 1647 non
1269 1617 1369 1657 poffit.
1392 1622 1438 1650 Ita
1460 1630 1525 1650 non
1541 1620 1636 1650 iidem
1653 1631 1741 1653 erunt
1760 1622 2013 1654 necessitudinum
2031 1624 2150 1666 gradus,

1195 1661 1449 1700 quitemporum5
1471 1661 1599 1702 suntque
1619 1661 1717 1693 officia
1728 1683 1737 1696 ,
1757 1674 1822 1705 quae
1839 1665 1905 1694 aliis
1924 1667 2016 1707 magis
2030 1686 2038 1700 ,
2058 1667 2150 1705 quam

1195 1702 1262 1731 aliis
1273 1701 1448 1732 debeantur:
1474 1712 1507 1733 ut
1516 1705 1653 1733 vicinum
1664 1705 1754 1735 citius
1762 1706 1911 1745 adjuveris
1921 1709 1948 1725 ²¹
1959 1709 1992 1738 in
2001 1706 2149 1739 fruAEhbus

1194 1743 1392 1782 percipiendis
1402 1763 1410 1777 ‚
1431 1744 1522 1785 quam
1533 1753 1582 1774 aut
1590 1743 1710 1776 fratrem
1723 1766 1732 1779 ,
1749 1756 1799 1777 aut
1808 1746 1999 1777 familiarem.
2021 1758 2068 1784 at,
2081 1747 2150 1780 filis

1195 1784 1350 1822 injudicio
1360 1783 1393 1814 fit
1402 1803 1411 1817 ‚
1432 1787 1636 1825 propinquum
1649 1786 1748 1826 potius
1759 1807 1768 1821 ,
1792 1788 1825 1817 &
1834 1798 1966 1818 amicum
1979 1809 1988 1822 ,
1998 1791 2090 1830 quam
2101 1794 2152 1822 vi—

1191 1825 1297 1854 cinum
1312 1824 1493 1856 defenderis.
1516 1829 1591 1858 Haec
1608 1829 1716 1867 igitur,
1737 1829 1866 1863 &talia‚
1885 1832 2152 1871 circumspicienda

2080 1874 2150 1905 sunt

239 1937 269 1954 ἰ.
287 1927 498 1961 Qaesumgencris
507 1928 557 1960 ejus·
567 1945 575 1958 ‚
593 1926 661 1959 &ej
682 1926 745 1952 Non
757 1925 852 1959 ejufflern
861 1932 891 1952 ut
908 1925 1034 1965 posterius
1046 1925 1158 1961 vulgati.

201 1963 317 1991 alterum
328 1963 397 1989 enim
410 1963 491 1989 haeret
500 1962 526 1989 iu
538 1962 660 1989 omnibus
672 1961 830 1988 membranis
842 1962 868 1986 &
878 1960 939 1987 edd.
950 1961 1051 1996 prilcis.

242 2008 268 2025 2.
287 2000 424 2032 Transferri
440 1995 466 2024 i'n
486 1999 599 2032 multam]
620 1998 663 2024 Sic
672 1997 752 2023 etiam
770 1996 961 2023 aintefieculum
981 1996 1032 2022 cufi
1046 1997 1073 2021 &
1086 1996 1154 2023 Pali.

203 2036 230 2061 &-
243 2036 274 2061 F.
286 2036 320 2060 D.
334 2044 384 2061 non
399 2053 406 2066 ‚
421 2041 464 2066 per
473 2035 564 2059 multas
575 2053 582 2065 ,
594 2033 688 2060 utheri
699 2041 766 2060 natae
775 2032 916 2060 editiones.
935 2031 1082 2059 Lambinus
1091 2041 1154 2068 pro-

203 2071 296 2101 duxit,
305 2071 478 2103 inpernmlrar,
489 2068 559 2104 quod
573 2071 599 2095 δε
611 2070 637 2095 in
652 2070 693 2095 M.
1030 2103 1035 2107 Ι

200 2132 203 2135 ,
240 2115 253 2142 3
261 2126 267 2133 .
287 2109 354 2131 Homo
362 2109 404 2140 qui
411 2105 529 2138 erranti]
550 2106 592 2132 Ita
603 2104 670 2131 Pall.
681 2114 789 2131 necnon
801 2105 841 2130 M.
851 2105 884 2131 F.
894 2105 927 2130 V.
937 2104 974 2130 D.
983 2102 1077 2129 omisso
1088 2122 1096 2135 ,
1115 2110 1153 2135 ut,

202 2141 273 2178 quod
285 2142 445 2177 praeponitur
454 2140 486 2166 ab
494 2140 565 2166 aliis.
585 2140 747 2167 Gulielmius
758 2140 846 2171 malit,
855 2143 924 2167 Domo
932 2142 974 2173 qui
981 2143 1087 2166 erranti.
1125 2175 1131 2180 .

237 2186 266 2210 4.
284 2179 417 2203 ‘Ti-ibuatur
433 2178 476 2201 vel
487 2176 586 2210 ignotas]
607 2175 678 2202 Illud
690 2179 771 2210 tuique
783 2195 791 2208 ,
811 2175 883 2212 qnod
894 2174 972 2202 hodie
982 2182 1116 2210 comparet
1125 2184 1151 2201 in

199 2212 286 2249 pleris
299 2222 329 2239 ue
340 2212 401 2239 edd.
420 2221 470 2238 non
481 2210 625 2247 agnoscunt
635 2212 750 2238 Palatin-
769 2221 821 2238 nou
832 2213 864 2239 F.
882 2218 929 2238 aut
938 2211 1067 2246 Langiani
1079 2229 1088 2243 ,
1105 2210 1151 2238 scd

201 2259 250 2276 nec
260 2223 344 2276 &ilitio
355 2249 488 2279 Romana,
498 2249 524 2274 in
537 2257 599 2283 qua,
608 2249 728 2273 veleriam
737 2250 819 2280 ignoro.
862 2261 868 2263 >
985 2282 991 2287 -
1065 2281 1070 2287 ·
1131 2283 1135 2288 Ι

241 2295 267 2319 ς.
291 2289 343 2310 Non
356 2285 476 2317 prohibere
493 2292 582 2317 aquam
595 2283 773 2317 profluentem]
793 2283 900 2309 Scilicet
918 2282 1024 2309 haurire
1036 2301 1044 2313 ,
1064 2289 1152 2323 inqui}

200 2321 373 2348 Gulielmius.
394 2319 479 2355 licque
499 2326 565 2345 vett.
583 2318 645 2352 edd.
664 2319 742 2345 etiam
754 2317 866 2345 Victorii
880 2338 889 2351 ,
908 2327 994 2353 neque
1012 2319 1082 2344 secus
1094 2318 1151 2344 mss.

201 2357 280 2383 etiam
295 2356 408 2383 palatin.
427 2356 506 2391 prim.
525 2355 647 2381 Nunnius
658 2362 745 2381 tamen
766 2353 834 2381 libro
846 2363 888 2381 nt.
906 2356 1042 2386 Συμμίκῖων
1060 2362 1152 2379 exem-

199 2393 283 2428 plaria
293 2391 382 2418 laudat
391 2392 417 2417 in
429 2391 523 2427 quibus
535 2409 543 2422 ‚
562 2393 761 2425 aquaptofluente
771 2408 780 2422 ‚
792 2389 862 2425 quod
870 2390 999 2429 placitum
1010 2390 1083 2430 Aldo
1093 2390 1152 2430 Ne-

199 2429 276 2463 νοτὶς
298 2437 381 2463 neque
400 2426 524 2463 profeisto
533 2425 756 2453 contemnendum
773 2426 831 2457 est3
852 2426 1006 2461 exstititque
1025 2433 1105 2452 etiam
1124 2434 1151 2452 iu

201 2465 241 2491 M.
253 2464 382 2499 habetque
395 2463 450 2489 Pal.
461 2462 512 2489 sec.
1065 2496 1071 2502 ι
1109 2496 1114 2501 ι

200 2510 202 2512 ·
236 2500 264 2526 6.
279 2502 318 2526 Ab
324 2499 424 2533 infinira'
431 2500 473 2524 illa
481 2497 639 2532 difiedatur]
651 2496 695 2525 Est
705 2497 720 2524 ὰ
733 2497 800 2524 Pan.
810 2498 850 2523 M.
861 2498 892 2524 F.
904 2498 938 2524 D.
949 2498 976 2523 &
986 2497 1130 2532 Langianis
1141 2505 1150 2528 3

198 2535 263 2561 item
275 2535 397 2571 primitus
409 2534 518 2560 excusis.
538 2534 583 2560 alii
594 2533 701 2569 quippe,
712 2535 742 2558 ab
750 2535 792 2558 illa
801 2533 937 2567 discedatur
945 2535 1080 2566 infinitate.

236 2579 263 2605 7.
283 2574 387 2597 Interim
396 2573 465 2595 etiam
474 2572 510 2595 ef?
520 2588 528 2601 ‚
546 2570 644 2603 gjusdem
654 2570 696 2601 effe
706 2569 840 2603 nutatim]
862 2570 903 2595 Ita
913 2569 1031 2603 Langius
1043 2577 1051 2598 ;
1065 2568 1093 2593 8<
1104 2566 1152 2594 de-

199 2605 462 2641 fendirefflpotest.
482 2606 564 2640 magis
576 2613 661 2631 tamen
673 2604 758 2640 placet
776 2604 888 2630 aliorum
900 2604 1028 2630 librorum
1039 2603 1087 2630 scri
1108 2611 1152 2630 tu-

195 2645 361 2674 ta,inrerior,
379 2641 548 2676 subintellige
558 2641 671 2674 sitierat.
689 2640 862 2666 Gulielmius.
882 2641 917 2666 Et
937 2641 998 2666 vcro
1011 2640 1092 2666 cumi
1107 2638 1151 2666 lud

197 2680 297 2705 imerior
306 2678 383 2704 restet
394 2678 418 2703 in
429 2677 531 2712 aliquot
542 2675 701 2702 Manutianis
714 2695 722 2707 ,
732 2676 759 2702 ei
770 2675 947 2711 acquieverim
959 2684 968 2706 3
982 2674 1024 2701 sed
1035 2683 1065 2701 ut
1074 2675 1152 2702 dein-

198 2714 233 2740 de
251 2713 401 2750 publicetur
420 2720 522 2739 tantum
535 2731 543 2744 ,
571 2714 671 2737 interior
687 2714 759 2737 eiiam
776 2712 872 2745 ejusdem
889 2711 1007 2737 civitatis.
1027 2710 1060 2737 fic
1079 2711 1150 2737 enim

199 2750 308 2777 omnino
319 2749 403 2776 editio
412 2749 534 2775 Romana
543 2755 602 2775 orta
610 2756 679 2774 anuo
689 2755 739 2773 cio
749 2757 821 2774 cccc
833 2756 947 2774 mcviii.
961 2746 1008 2773 uili
1018 2746 1089 2782 quod
1099 2746 1152 2783 ἰρίὶι

201 2795 306 2822 quoque
321 2789 433 2811 interim.
825 2819 830 2824 ⁸
899 2819 904 2823 ι
1094 2821 1098 2825 “

235 2820 263 2848 8.
283 2823 426 2856 &uultque
435 2830 485 2846 cum
494 2819 574 2845 multis
584 2828 621 2845 res
633 2837 641 2851 ,
658 2818 728 2852 ὡκ]
749 2818 862 2845 Palatin.
873 2817 929 2844 Lil.
940 2819 971 2844 F.
984 2819 1020 2844 D.
1030 2818 1152 2852 miclitfijue

198 2866 250 2883 tum
258 2857 338 2883 mairie
346 2865 384 2883 res
396 2875 404 2888 ,
414 2856 484 2892 quod
495 2856 521 2882 in
532 2855 677 2882 editionem
688 2853 757 2881 suam
767 2854 871 2881 admisit
880 2853 1026 2881 Lambinus
1039 2873 1047 2887 ,
1066 2863 1151 2889 neque

199 2892 343 2928 vituperari
355 2900 483 2919 meretur.
888 2928 893 2932 Ι
998 2925 1003 2930 ’

235 2935 268 2962 9.
285 2931 358 2964 Ίρυη
367 2928 416 2954 ticm
425 2929 459 2961 sit
475 2929 515 2954 hoc
532 2934 625 2953 natura
643 2935 757 2952 commune
773 2926 958 2959 animantium]
979 2926 1022 2951 Sic
1033 2924 1089 2952 Pal.
1100 2924 1150 2951 see.

199 2962 242 2988 M.
253 2964 284 2989 F.
295 2964 331 2988 D.
347 2963 513 2998 aliorumque
523 2962 612 2999 scripti
623 2962 673 2989 sinc
689 2970 752 2987 voce
761 2965 860 2987 omnium
871 2980 880 2992 ‚
900 2969 956 2996 quae
967 2960 1054 2996 passim
1074 2960 1150 2986 addi-

201 3005 256 3025 tur.
276 2997 410 3025 Palatinus
420 2999 506 3026 noster
515 3007 557 3034 pr.
567 2997 707 3026 rotundius
719 3017 728 3030 ,
738 2996 906 3031 meojudicio
919 3015 927 3029 ,
945 3006 1000 3023 nam
1011 2996 1062 3022 ciam
1068 2997 1102 3030 fit
1111 2998 1152 3023 hoc

195 3042 313 3060 commune
324 3040 415 3059 nmurae
423 3036 574 3061 animalium.

236 3078 280 3096 ιο.
301 3072 331 3094 Ut
347 3070 453 3095 habeant
469 3070 594 3096 lubidinem
607 3068 778 3105 procreanda]
795 3069 936 3096 Lubidinem
953 3068 981 3097 in
1002 3077 1029 3096 re
1046 3074 1149 3105 ponunt

197 3103 266 3133 bona
277 3113 285 3137 5
298 3105 326 3134 in
335 3104 406 3134 mala
412 3105 541 3133 libidimm.

1234 1933 1274 1951 Π.
1294 1927 1382 1952 Deinde
1391 1936 1441 1953 una
1450 1928 1529 1954 domm
1540 1948 1547 1961 ,
1566 1933 1695 1957 communia
1711 1932 1815 1966 omnim]
1837 1933 1868 1958 F.
1884 1933 1962 1958 domm
1972 1937 2011 1959 cui
2021 1934 2080 1965 sunt
2090 1942 2148 1960 oem.

1195 1969 1279 1996 neque
1288 1962 1368 1989 aliter
1385 1962 1469 1990 editio
1479 1965 1599 1992 Romana
1619 1966 1713 2002 prima.
1733 1967 1823 1994 malim
1844 1974 1931 1995 tamen
1950 1971 2021 2005 quod
2031 1969 2110 1996 restat
2119 1969 2149 1997 in

1196 1996 1264 2022 Pali.
1274 2006 1316 2033 pr.
1327 1998 1418 2030 domus,
1427 2000 1457 2030 &⁶
1468 2005 1596 2027 communia
1604 2005 1692 2029 omnia.

1234 2041 1275 2059 12.
1327 2035 1483 2068 ullafirmiar,
1493 2036 1564 2070 qutim
1574 2037 1625 2063 cion
1634 2041 1685 2064 viri
1693 2041 1746 2064 boni
1753 2040 1946 2073 mot·ibusfimiles
1958 2059 1965 2071 ,
1970 2040 2031 2073 sum
2034 2041 2148 2074 familiai-

1195 2070 1266 2093 ritate
1276 2070 1414 2104 conjunHi]
1435 2071 1584 2099 Suffecisset
1593 2073 1657 2100 mihi
1670 2093 1678 2105 ,
1688 2076 1754 2100 nulla
1757 2077 1862 2108 firmior,
1872 2075 1944 2109 qutim
1953 2078 2007 2102 viri
2015 2078 2067 2103 boni·
2075 2079 2148 2103 mori·

1193 2105 1236 2128 bm
1238 2105 1339 2137 similes,
1349 2104 1457 2139 abjectis
1468 2108 1562 2135 ceteris
1573 2109 1708 2136 omnibus.

1228 2148 1256 2175 ¹3
1272 2143 1358 2175 ..atquc
1366 2143 1401 2166 illi
1408 2144 1434 2167 in
1443 2152 1486 2176 quo
1495 2144 1522 2169 id
1528 2146 1596 2178 ineffii
1604 2145 1728 2179 videtum]
1744 2145 1845 2172 Vocula
1853 2147 1882 2172 id
1890 2156 1940 2174 non
1951 2147 1986 2174 est
1997 2147 2023 2174 in
2035 2147 2092 2174 Pal.
2101 2156 2143 2183 pr.

1193 2184 1277 2210 neque
1286 2185 1316 2202 ea
1327 2176 1384 2202 heic
1392 2177 1564 2212 opus.Editio
1573 2180 1695 2208 Romana
1702 2181 1824 2217 princeps
1836 2181 2002 2209 solummodo
2013 2183 2143 2218 agnoscit,

1194 2218 1265 2245 atque
1278 2213 1311 2237 illi
1319 2221 1362 2245 quo
1371 2214 1470 2239 videtur
1477 2215 1554 2247 ineffe.
1574 2216 1646 2242 reste
1656 2229 1666 2249 ‚-
1686 2216 1832 2244 reformato
1840 2228 1884 2252 quo
1892 2218 1918 2244 in
1927 2222 1991 2253 quoi.

1221 2254 1271 2285 ¹14.
1287 2248 1355 2281 Adse
1365 2250 1610 2286 alliciatsaciaique]
1624 2254 1695 2279 Cum
1708 2253 1741 2279 sic
1750 2263 1804 2293 quo
1824 2263 1856 2279 uc
1866 2255 1995 2290 repererit
2004 2256 2030 2280 in
2041 2253 2144 2281 duobus

1190 2280 1243 2307 suis
1253 2282 1386 2321 Suffridus
1395 2285 1480 2311 noster
1497 2287 1628 2322 Petrejus‚
1638 2287 1709 2324 sequi
1721 2289 1802 2325 ipsum
1825 2289 1906 2321 ibuit,
1915 2299 1974 2316 cum
1986 2291 2026 2316 ita
2037 2299 2146 2325 quoque

1190 2317 1305 2344 exstaret
1314 2319 1340 2345 in
1352 2319 1436 2346 Palat.
1447 2330 1486 2356 pr.
1497 2321 1706 2360 editionibusque
1717 2325 1810 2360 primis
1819 2343 1829 2357 ‚
1850 2326 2010 2361 Moguntina
2021 2345 2030 2358 ,
2039 2325 2147 2353 Roma-

1191 2362 1233 2384 na,
1245 2354 1399 2390 ceterisque.
1410 2355 1481 2392 seqq.
1494 2359 1621 2391 maluere,
1632 2362 1831 2394 allicitfacitque.

1229 2398 1238 2415 ι
1245 2398 1270 2423 5.
1288 2393 1392 2424 Justitia
1400 2401 1429 2416 ac
1438 2394 1574 2420 liberalitas
1582 2396 1610 2420 id
1617 2399 1717 2421 maxime
1726 2396 1819 2429 efficit]
1841 2397 1947 2423 Feri-eni
1960 2396 1977 2423 fi
1987 2395 2144 2424 delerentur

1188 2423 1247 2457 illa,
1258 2426 1294 2457 id,
1305 2428 1332 2452 ὅ(
1344 2428 1428 2459 efficit,-
1450 2435 1574 2465 tanquam
1586 2430 1734 2465 glossatoris
1746 2431 1969 2459 additamentum.

1216 2461 1269 2486 ·16.
1290 2465 1319 2486 Ut
1327 2465 1442 2497 unmfiai
1451 2464 1461 2489 ὲ
1468 2467 1604 2501 pluribus]
1625 2466 1814 2503 Praeposuerim
1825 2468 1939 2495 Palatini
1959 2468 2038 2505 primi
2047 2477 2144 2496 exem-

1188 2496 1270 2532 plaris
1280 2496 1434 2534 scripturam
1445 2509 1528 2527 unum.

1228 2540 1269 2567 17.
1289 2535 1353 2559 Ultro
1361 2535 1418 2560 citri>
1429 2554 1438 2567 ‚
1457 2536 1518 2562 datis
1527 2538 1626 2570 acceptis
1635 2549 1642 2563 .-
1660 2547 1709 2572 quae
1717 2538 1746 2569 ὰ
1764 2540 1873 2573 mutuas]
1894 2541 1934 2567 Ita
1953 2539 2056 2577 liquide,
2077 2539 2142 2567 scri·

1189 2575 1248 2603 ptus
1260 2568 1327 2595 liber
1338 2589 1347 2601 ‚
1366 2579 1450 2605 neque
1459 2572 1537 2598 aliter
1554 2572 1685 2601 divinarat
1697 2575 1824 2610 Laugius.
1845 2577 1965 2602 Donatus
1984 2575 2017 2602 ad
2028 2576 2077 2602 hoc
2086 2578 2143 2603 Te-

1191 2605 1269 2631 rentii
1282 2615 1287 2631 :
1308 2607 1394 2638 postula
1402 2614 1429 2631 ιιι
1438 2609 1495 2632 mihi
1503 2615 1547 2634 tua
1557 2609 1635 2634 domus
1644 2617 1668 2635 te
1677 2611 1769 2642 absente
1782 2612 1892 2644 pusi-me
1906 2619 2003 2645 pateat.
2025 2613 2142 2638 Prover-

1189 2638 1257 2666 bialc
1267 2640 1303 2667 est
1314 2659 1322 2672 ‚
1335 2643 1540 2675 absintepraeseme
1548 2656 1555 2669 .·
1574 2645 1702 2678 uifiirficm
1712 2645 1814 2679 deorsicm
1828 2667 1835 2677 ‚
1851 2649 1913 2674 ultro
1921 2651 1978 2673 citro
1989 2666 1998 2679 ,
2015 2648 2043 2674 8:
2054 2655 2143 2676 cetera

1190 2675 1338 2710 hujusmodi
1351 2677 1446 2709 3fanda
1456 2680 1640 2714 infandaffusta
1648 2682 1746 2714 injusta,
1756 2683 1816 2707 velit
1823 2684 1891 2709 nolit.
1910 2683 2086 2710 Gulielmius.

1229 2721 1237 2737 1
1244 2711 1271 2738 8.
1291 2714 1362 2737 Nulla
1367 2716 1476 2745 gravior,
1485 2717 1550 2740 nulla
1559 2716 1663 2749 cariora]
1687 2716 1786 2752 Vulgg.
1792 2721 1894 2751 gratior.
1914 2718 1956 2745 sed
1966 2719 2050 2746 altera
2059 2718 2143 2746 lectio

1189 2747 1347 2784 conspicitur
1357 2748 1382 2774 in
1394 2747 1509 2776 editione
1521 2750 1641 2778 Romana
1649 2751 1734 2788 prima
1746 2771 1754 2785 ‚
1773 2753 1799 2779 iu
1811 2754 1852 2780 M.
1862 2756 1894 2782 F.
1905 2755 1940 2782 D.
1951 2756 1974 2781 1.
1984 2764 2014 2783 ac
2024 2755 2143 2790 Langia-

1190 2783 1229 2809 nis
1244 2793 1252 2814 3
1272 2783 1385 2819 denique
1397 2784 1452 2810 Pal.
1463 2784 1512 2811 sec.

1226 2827 1270 2854 ¹9·
1287 2820 1448 2855 Persiagium.]
1469 2821 1538 2848 Pall.
1547 2822 1575 2847 &
1586 2823 1618 2848 F.
1628 2822 1692 2849 item
1703 2822 1764 2849 edd.
1779 2824 2015 2860 primaepmfiagium.
2035 2834 2082 2853 nec
2091 2825 2144 2853 ali·

1190 2861 1231 2880 ter
1242 2854 1354 2881 metorii
1365 2855 1496 2891 impressio
1507 2866 1515 2888 3
1531 2867 1616 2893 neque
1627 2858 1704 2885 video
1714 2868 1760 2885 cur
1770 2870 1820 2887 non
1831 2860 1924 2888 debeat
1935 2862 2025 2897 recipi.

1226 2899 1271 2916 ιο.
1293 2893 1322 2916 In
1331 2892 1441 2917 amicitiis
1457 2895 1537 2926 vigent
1545 2896 1662 2920 maxime:
1680 2897 1754 2929 estque
1771 2905 1798 2921 ea
1807 2898 1927 2932 jucund]
1949 2898 1992 2924 Sic
2003 2904 2069 2924 vett.
2079 2896 2143 2924 edd.

1190 2925 1217 2950 ὅ(
1229 2925 1286 2952 mss.
1295 2935 1398 2952 omnes.
1418 2927 1463 2953 nifi
1474 2928 1544 2963 quod
1561 2929 1680 2956 Palatino
1700 2939 1740 2966 pr.
1759 2930 1823 2958 absit
1835 2941 1886 2959 vox
1906 2933 2016 2960 maxime.
2035 2933 2145 2960 Guliel-

1189 2961 1257 2987 mius
1268 2963 1372 2990 monuit
1382 2962 1408 2987 in
1421 2963 1595 3000 Hittorpiano
1605 2965 1754 2993 concitum
1765 2967 1796 2994 ab
1804 2968 1894 2994 cadem
1907 2978 2004 2999 manu3
2023 2971 2049 2996 t'n
2058 2972 2147 2995 amici-

1188 2997 1226 3022 tiis
1244 3000 1324 3031 vigent
1335 3009 1344 3023 .·-
1361 3001 1504 3038 maximeque
1521 3003 1555 3026 ef!
1573 3010 1601 3026 ea
1611 3003 1714 3036 jucund.
1733 3002 1814 3039 idque
1832 3004 2016 3041 amplefiitur.
2042 3004 2144 3041 vulgati

1190 3041 1272 3069 nuper
1282 3036 1308 3059 in
1318 3036 1407 3059 amicis.

1225 3077 1271 3094 21.
1290 3071 1318 3095 In
1329 3070 1452 3102 frumbm
1463 3072 1644 3106 percipiendiae.]
1665 3073 1709 3100 Sic
1716 3073 1779 3102 edd.
1789 3084 1881 3104 omnes
1892 3076 1999 3105 vetustoe
2010 3095 2018 3110 ‚
2031 3075 2064 3103 fic
2072 3075 2144 3102 Pall-

1190 3104 1230 3132 M.
1243 3105 1275 3132 F.
1285 3105 1321 3134 D.
1330 3104 1464 3142 deincipes
1474 3106 1624 3170 malrucrunt
1632 3109 1754 3142 frugibus.

2054 3155 2066 3174 ι
2074 3166 2078 3174 .
2087 3147 2148 3173 Con-

2175 1502 2214 1533 18
