2337 3400
618 125 685 171 M.
757 120 1123 168 Tuaen

210 144 306 193 532

1201 120 1748 171 Cice-nonis

213 221 269 253 que
283 212 351 241 loco
362 207 497 240 nostruin
511 205 552 238 est
563 227 570 241 ‚
579 206 708 246 judices,
721 213 819 239 natus,
830 214 878 236 aut
888 225 895 238 ‚
907 203 926 234 fi
939 206 970 234 in
982 212 1041 244 qua
1051 201 1172 232 fortuna
1216 213 1366 246 quemque
1385 203 1421 234 ad
1433 204 1583 235 subeunda
1601 215 1654 245 pro
1666 206 1756 237 salute
1771 203 1871 236 nostra
1889 194 2036 245 pericula?
2063 204 2179 234 stimma

215 253 257 284 est
268 252 406 283 nascendi
420 253 509 280 initio
519 248 699 280 constitutus
710 268 719 281 ,
736 249 816 277 hunc
827 249 897 277 vita:
915 246 1023 276 statum
1035 242 1176 285 usquead
1219 247 1355 279 utilitate,
1366 256 1399 276 ac
1409 248 1546 276 maximo
1556 247 1628 287 saepe
1640 248 1772 288 praesidio
1784 249 1814 277 in
1830 247 1970 287 periculis
1981 266 1990 280 ,
2002 255 2087 287 atque
2098 246 2181 285 aspe-

216 294 401 326 senecstutem
413 291 531 321 obtinere
540 291 628 321 debet
639 310 647 323 ,
670 290 702 320 ὅ(
713 309 722 323 ,
742 288 763 318 fi
773 299 882 319 omnes
893 309 901 322 ,
913 297 989 329 quos
1001 296 1050 316 aut
1059 285 1179 316 fortuna

219 336 347 368 exstulit,
368 330 848 373 autipsorumillustravitlabor‚
867 328 1073 362 &industria‚
1093 337 1180 368 poena

222 379 289 408 sunt
308 375 459 407 afficiendi
473 386 478 404 :
502 385 566 406 non
577 375 694 416 gravior
707 393 716 407 ‚
739 375 775 403 L.
789 373 932 403 Cornelio
946 392 954 405 ,
975 371 1067 413 quam
1078 370 1182 400 multis

222 421 295 449 viris
308 418 398 448 bonis
409 438 417 451 ,
438 426 522 458 atque
532 416 660 447 fortibus
671 435 680 450 ‚
691 413 834 445 constitui
847 415 895 444 lex
905 416 973 444 vitae
983 434 991 447 ,
1003 413 1036 443 &
1045 411 1181 443 conditio

222 460 349 491 videtur.
371 462 423 490 Sin
438 468 539 489 autem
551 459 721 488 multorum
731 459 837 490 virtus,
853 459 1024 498 ingenium,
1039 455 1183 484 humani-

223 511 275 536 taS,
289 512 327 533 ex
340 501 451 531 infimo
465 510 574 541 genere
585 520 592 533 ,
614 499 646 529 ὃς
656 498 786 529 fortuna:
796 499 885 540 gradu
896 507 959 528 non
974 495 1067 527 modo
1078 497 1182 525 amici-

222 546 276 575 tias
290 563 299 576 ‚
320 542 573 573 &reifamiliaris
592 543 693 581 copias
708 540 867 571 consecuta
886 539 948 573 est,
965 539 1013 569 scd
1032 539 1184 569 summam

225 586 506 627 laudeiiblionores,
518 585 658 625 gloriam,
671 583 865 624 dignitatem:
890 592 954 611 non
969 581 1119 621 intelligo,
1134 588 1186 608 cur

223 626 325 668 potius
336 627 452 657 invidia
461 627 609 656 violatura
618 627 760 655 virtutem
770 626 807 654 L.
821 624 953 654 Cornelii
966 643 975 657 ,
991 633 1081 663 quam
1094 621 1185 660 acqui-

226 679 267 699 tas
280 668 373 699 vestra
389 669 538 708 pudorem
553 668 618 707 ejus
639 666 774 706 adjutura
796 666 942 696 videatur.
966 668 1064 705 Itaque
1078 684 1085 696 ‚
1106 660 1188 703 quod

226 712 364 741 maxime:
376 710 540 750 petendum
553 708 595 740 est
608 730 617 743 ‚
636 708 651 738 a
661 708 748 739 vobis
758 708 870 738 idcirco
882 717 944 737 non
954 716 1024 747 peto
1036 726 1044 739 ,
1061 705 1187 748 judices,

225 763 265 783 ne
282 753 317 783 de
329 752 422 783 vestra
433 753 575 792 sapientia
586 771 594 785 2
611 760 696 790 atque
709 750 744 780 de
754 749 848 779 vestra
858 751 1042 779 humanitate
1060 746 1191 775 dubitare

226 794 338 824 videar.
363 794 413 825 Est
430 803 530 824 autem
549 793 712 833 petendum
726 813 734 824 ‚
755 802 793 821 ne
815 791 940 821 oderitis
956 791 1133 830 ingenium,
1154 797 1191 816 ne

227 838 350 867 inimici
372 835 432 866 sitis
449 834 603 866 industria
617 855 625 868 2
657 845 694 864 ne
721 835 940 863 humanitatem
959 829 1190 871 opprimendam

230 882 238 897 ¹
254 888 292 908 ne
305 881 448 908 virtutem
461 877 644 917 puniendam
655 877 773 916 putetis.
797 874 872 904 illud
884 883 952 914 peto
965 893 973 905 ,
988 882 1030 906 ut,
1042 871 1062 901 si
1074 871 1189 901 causam

225 921 322 960 ipsam
341 930 393 960 per
411 920 439 950 se
455 919 572 949 firmam
599 916 654 948 cfi'e
675 917 708 946 &
726 916 862 946 stabilem
882 915 1035 947 videritis,
1053 914 1190 943 hominis

226 961 316 1002 ipsius
334 969 497 991 ornamenta
515 961 692 1000 adjumento
704 957 796 988 causae
809 956 930 998 potius,
950 966 1039 997 quam
1058 954 1189 995 impedi-

193 1000 209 1033 8
228 1013 334 1034 mento
345 1002 403 1033 effe
414 1004 536 1033 malitis.
562 1002 711 1033 Nascitur,
721 999 834 1037 judices
845 1019 853 1032 ‚
864 999 949 1029 causa
962 998 1097 1028 Cornelii
1108 1006 1146 1026 ex
1157 1006 1190 1026 ca

225 1047 290 1087 lege
301 1066 311 1079 ,
333 1056 422 1087 quam
434 1047 465 1075 L¹
480 1044 596 1074 Gellius
606 1063 614 1076 ,
631 1045 686 1072 Cn.
701 1042 860 1072 Cornelius
870 1052 908 1071 ex
919 1041 1035 1071 senatus
1046 1039 1190 1069 sententia

226 1090 370 1118 tulerunt.
393 1097 450 1127 qua
471 1087 533 1127 lege
546 1084 702 1118 videmus,
721 1084 788 1114 satis
810 1081 1014 1113 ΑΕΓ-1015111111
1025 1101 1033 1115 ‚
1049 1083 1093 1110 uti
1109 1083 1190 1110 cives

226 1131 362 1160 Romani
372 1127 428 1158 sint
438 1129 461 1157 ii
471 1148 479 1161 ,
491 1137 569 1168 quos
580 1129 634 1157 Cn.
644 1127 807 1166 Pompeius
819 1125 854 1155 de
866 1123 985 1155 consilii
998 1124 1142 1154 sententia
1154 1120 1188 1150 si-

226 1172 355 1213 gillatim
374 1172 492 1200 civitate
510 1168 677 1199 donaverit.
704 1171 862 1197 Donatum
881 1164 937 1196 effe
957 1168 992 1196 L.
1006 1165 1186 1197 Cornelium

225 1213 352 1254 praeseiis
363 1212 526 1252 Pompeius
537 1210 610 1240 dicit
623 1221 628 1239 ;
641 1209 775 1240 indicant
784 1209 911 1249 publica:
924 1207 1030 1238 tabulae
1043 1217 1048 1235 :
1072 1205 1186 1235 accusa—

225 1264 271 1285 tor
290 1254 406 1284 fatetur.
446 1252 496 1283 scd
518 1262 605 1293 negat
629 1262 667 1282 ex
691 1251 837 1281 foederato
857 1250 971 1290 populo
1003 1256 1186 1289 quemquam

226 1294 373 1336 potuisse,
395 1294 451 1326 nisi
470 1297 493 1325 15
510 1295 638 1334 populus
656 1293 770 1323 fundus
790 1291 886 1322 sanstus
905 1290 993 1323 estet,
1007 1288 1047 1321 ,iti
1061 1290 1136 1318 hanc
1146 1290 1188 1318 ci-

226 1339 350 1370 vitatem
368 1340 481 1367 venire.
513 1339 539 1366 O
557 1336 730 1376 praeclarum
751 1335 945 1374 interpretem
965 1331 1038 1371 juris
1051 1351 1059 1365 ,
1084 1330 1189 1361 aueto-

226 1390 290 1411 rem
301 1381 486 1420 antiquitatis
499 1390 504 1407 z
518 1377 718 1408 correistorem
731 1397 740 1410 ‚
762 1386 847 1417 atque
860 1374 1087 1405 emendatorem
1102 1393 1110 1406 ,
1130 1382 1188 1402 no-

227 1421 291 1453 strae
309 1423 530 1461 civitati3‚'qui
545 1421 620 1450 lianc
633 1414 908 1461 pxffzamfc‘edcribm
927 1416 1088 1449 adscribat,
1109 1424 1141 1444 ut
1155 1424 1189 1444 0—

228 1466 353 1494 mnium
383 1467 579 1503 praemiorum
598 1482 607 1496 ‚
641 1460 919 1500 beneficiorumque
938 1458 1110 1488 nostrorum
1135 1467 1190 1486 ex-

225 1508 335 1547 perteis
356 1504 443 1536 faciat
459 1504 631 1535 foederatos.
666 1502 749 1545 Qid
767 1505 850 1532 enim
873 1502 973 1541 potuit
988 1500 1048 1531 dici
1066 1501 1189 1539 imperi-

229 1547 302 1581 tius,
313 1547 404 1588 Ziuam
413 1547 577 1577 t'oederatos
587 1546 731 1586 populos,
744 1542 810 1573 fieri
821 1542 933 1573 fundos
943 1551 1078 1582 oportere
1090 1544 1100 1571 ?
1119 1551 1190 1571 nam

226 1590 258 1620 id
273 1600 338 1620 non
353 1591 446 1631 magis
465 1587 508 1618 est
521 1590 677 1628 proprium
687 1585 903 1616 foedcratorum
914 1604 922 1618 ,
943 1584 1034 1625 quiim
1046 1593 1191 1614 omniurn

227 1632 406 1662 liberorum.
420 1629 476 1661 Sed
487 1639 586 1660 totum
599 1630 670 1662 1100,
680 1628 809 1668 judiceS,
821 1629 853 1656 111
864 1626 961 1656 casuit
971 1624 1100 1665 positum
1112 1625 1190 1655 sem-

227 1684 279 1714 per
290 1674 415 1705 ratione,
430 1680 516 1712 atque
526 1671 681 1702 sententia,
697 1678 737 1702 ut,
758 1666 1046 1708 cumJ'uffissetP.R.
1058 1666 1184 1708 aliquid:

228 1714 248 1745 si
258 1714 288 1745 id
299 1712 464 1746 asciviss'cnt
475 1714 546 1743 10011
555 1712 672 1753 populi,
682 1722 713 1742 ac
725 1712 838 1743 Latini,
853 1708 928 1750 &2fi
939 1720 976 1739 ex
986 1720 1019 1739 ea
1030 1709 1089 1742 lex,
1101 1719 1191 1749 quain

227 1767 285 1788 nos
296 1756 482 1795 haberemus
495 1754 600 1785 eadem
614 1756 645 1784 in
653 1753 768 1794 populo
778 1753 880 1794 aliquo
893 1772 902 1786 ,
917 1761 1060 1792 tanquam
1078 1753 1111 1780 in
1119 1749 1192 1780 fun-

228 1799 289 1831 do,
309 1796 472 1828 i‘escdiss'et:
498 1806 605 1827 utrum
621 1796 683 1836 iege
705 1795 809 1825 cadem
832 1798 858 1823 is
880 1794 1008 1834 populus
1022 1801 1170 1822 teneretur
1185 1803 1190 1820 z

228 1851 293 1871 non
305 1850 335 1870 ut
346 1840 382 1869 de
391 1839 566 1879 nosti'ojure
575 1837 687 1878 aliquid
698 1839 886 1866 minueretur
900 1847 905 1864 ;
927 1835 976 1865 sed
989 1844 1020 1864 ut
1031 1835 1075 1864 illi
1087 1834 1193 1873 populi
1214 1827 1216 1848 ⁵

228 1892 276 1913 aut
291 1883 358 1922 jure
378 1891 433 1914 eo,
456 1879 563 1921 quoda
583 1881 674 1909 nobis
693 1876 763 1908 esset
782 1877 981 1907 constitutum
994 1896 1003 1909 ,
1019 1885 1068 1906 aut
1091 1875 1192 1915 aliquo

226 1923 415 1957 commodo,
434 1932 484 1953 aut
504 1920 654 1952 beneficio
673 1928 834 1950 uterentur.
859 1919 947 1949 Tulit
967 1918 1044 1958 apud
1064 1918 1193 1957 majores

228 1966 347 1997 nostros
359 1966 457 2006 legem
468 1967 503 1994 C.
515 1966 622 1993 Furius
635 1962 670 1992 de
682 1961 869 1992 testamentis
882 1972 886 1990 :
902 1961 971 1991 tulit
984 1961 1192 1999 QVoconius

227 2007 264 2039 de
283 2008 448 2038 mulierum
468 2005 697 2036 hereditatibus:
720 2002 958 2034 innumerabiles
974 2003 1038 2032 aliae
1058 2003 1136 2043 leges
1155 2000 1192 2030 de

227 2050 311 2081 civili
332 2050 393 2086 jure
409 2049 563 2079 suntlatae.
586 2057 657 2088 quas
667 2048 768 2076 Latini
788 2046 969 2077 voluerunt,
992 2043 1190 2073 adsciverunt.

229 2092 290 2132 ipsa
306 2091 437 2132 denique
456 2091 535 2132 Julia
546 2110 555 2122 ,
574 2100 631 2130 qua
645 2089 711 2130 lege
727 2089 830 2118 civitas
841 2086 883 2117 est
901 2087 988 2117 sociis
1000 2106 1009 2119 ,
1029 2086 1061 2115 ὃς
1075 2087 1192 2115 Latinis

232 2134 313 2166 data,
325 2137 339 2152 ²
349 2132 496 2174 quisundi
506 2132 611 2172 populi
624 2129 695 2161 faeti
706 2140 770 2160 non
782 2127 884 2162 essent,
899 2130 1052 2159 civitatem
1064 2137 1128 2157 non
1139 2127 1192 2157 ha-

229 2175 344 2206 berent.
366 2178 403 2204 In
412 2185 473 2215 quo
484 2184 590 2216 magna
599 2174 754 2203 contentio
766 2169 1014 2204 Heracliensium,
1027 2170 1059 2200 &
1071 2172 1192 2209 Neapo-

229 2218 396 2248 litanorum
406 2216 476 2249 fuit,
491 2226 562 2245 cum
574 2225 681 2256 magna
691 2224 756 2254 pars
767 2216 800 2244 in
813 2216 851 2243 115
861 2213 1033 2243 civitatibus
1047 2216 1058 2239 3
1069 2210 1192 2241 foederis

232 2259 277 2290 sui
295 2258 463 2288 libertatem
482 2259 602 2288 civitate
618 2256 785 2287 anteferret·
831 2253 986 2286 Postremo
1004 2255 1067 2284 haec
1085 2256 1131 2283 vis
1151 2251 1194 2282 est

232 2299 319 2331 istius
330 2300 445 2339 &juris
455 2319 463 2333 ‚
480 2299 511 2329 &
521 2299 626 2332 verbi,
639 2307 671 2328 ut
679 2297 767 2327 fundi
780 2298 884 2337 populi
895 2317 903 2330 ‚
916 2295 1065 2325 beneficio
1076 2294 1191 2330 nostro,

232 2352 299 2372 non
309 2342 363 2371 suo
381 2342 443 2379 jure
454 2339 537 2370 fiant.
562 2339 640 2370 Cum
660 2338 774 2379 aliquid
793 2338 923 2378 populus
933 2334 1192 2375 Romanusjuffit,

233 2383 265 2414 id
276 2381 296 2412 si
307 2382 349 2413 est
358 2382 520 2423 ejusmodi,
531 2390 563 2412 ut
573 2381 750 2422 quibusdam
763 2379 882 2420 populis
893 2376 951 2408 sive
961 2377 1123 2410 foederaris,
1136 2375 1193 2406 sive

233 2425 354 2458 liberis,
374 2423 615 2465 permittendum
635 2421 692 2452 effe
711 2422 863 2454 videatur,
884 2419 1050 2450 utstatuant
1066 2417 1120 2457 ipsi
1132 2427 1194 2447 non

235 2468 272 2498 de
290 2466 417 2501 nostris,
439 2466 488 2496 scd
508 2465 543 2496 de
564 2466 623 2495 suis
641 2464 745 2497 rebus,
767 2474 828 2504 quo
843 2463 909 2501 jure
923 2463 966 2490 uti
979 2461 1091 2491 velint:
1115 2469 1192 2492 tum,

235 2509 337 2539 utrum
347 2508 434 2539 fundi
446 2507 517 2539 faui
532 2506 606 2540 sint,
625 2517 662 2537 an
673 2516 737 2536 non
750 2526 758 2540 ,
771 2504 967 2546 quaerendum
978 2501 1035 2532 effe
1049 2502 1194 2532 videatur.

237 2551 273 2581 de
285 2550 381 2581 nostra
392 2549 465 2581 vcro
477 2550 581 2590 repub.
595 2549 630 2579 de
647 2547 750 2578 nostro
762 2549 891 2587 imperio
903 2566 911 2580 ,
930 2546 967 2576 de
975 2543 1085 2575 nostris
1096 2544 1194 2577 bellis,

199 2604 221 2637 9
244 2592 280 2622 de
292 2592 418 2623 vi&oi·ia
428 2612 436 2626 ,
449 2592 485 2622 de
497 2592 600 2624 salute,
611 2590 724 2620 fundos
732 2590 861 2630 populos
871 2587 936 2618 fieri
946 2588 1119 2617 noluerunt.
1143 2589 1196 2615 At-

238 2636 301 2675 qui,
314 2632 333 2663 s1
345 2634 577 2674 imperatoribus
587 2631 697 2663 nostris
708 2651 717 2666 ,
730 2631 749 2661 si
761 2632 884 2664 senatui,
900 2628 918 2659 si
927 2629 1042 2669 populo
1052 2630 1196 2658 Romano

237 2686 303 2705 non
315 2676 416 2706 licebit
438 2674 595 2716 propofitis
609 2674 724 2716 pramiis
743 2674 837 2702 elicere
855 2682 893 2702 ex
912 2671 1084 2701 civitatibus
1100 2670 1198 2700 socio-

237 2727 325 2751 rum,
348 2727 434 2759 atque
458 2720 630 2748 amicorum
649 2736 658 2750 ,
685 2713 880 2746 fortili'imum
896 2734 904 2748 ‚
930 2722 1017 2754 atque
1043 2713 1196 2753 optimum

278 2856 302 2873 1.
322 2852 356 2873 Nc
365 2851 480 2874 virtutem
487 2848 750 2881 pimiendampntctis]
766 2846 876 2874 Ei'furd.
888 2848 915 2872 S.
927 2844 1030 2872 vietor.
1044 2845 1100 2871 Pal.
1112 2855 1196 2870 nouus

233 2884 400 2916 perimendam.
420 2884 510 2911 hocne
523 2885 599 2911 vult?
618 2894 650 2910 au
662 2885 750 2919 potius
761 2883 921 2910 dormitavit
939 2881 1082 2912 librarius-,5
1103 2890 1161 2907 cum
1173 2881 1196 2907 ei

240 2919 443 2955 exprimendum
455 2921 670 2953 eisetsoenicndam
682 2924 692 2946 ?

277 2964 305 2981 2.
335 2958 372 2979 *aei
382 2957 455 2987 jimdi
470 2958 548 2989 populi
559 2958 677 2988 firc'lt'non
687 2956 781 2990 effera]
801 2957 982 2986 Hotomanus,
993 2960 1068 2990 putat
1079 2953 1196 2989 quaedam

239 2997 302 3018 ante
313 2990 366 3016 brec
375 2991 471 3018 deesse.
483 2992 526 3026 qui
538 2991 688 3018 consulatur
699 2992 745 3018 lib.
762 3001 800 3017 ii.
811 2991 951 3017 Obseri'at.
964 3000 1017 3026 cap.
1032 2999 1077 3016 20.

277 3035 302 3062 3.
326 3027 424 3053 Faediris
435 3028 476 3059 fiii
484 3029 614 3052 hbes-ratem
625 3030 723 3053 claritate
733 3028 902 3061 amisum-rm]
932 3029 973 3052 Ita
984 3025 1050 3053 Pall,
1064 3025 1198 3056 meliores,

241 3063 306 3090 item
319 3062 428 3088 Erfurd.
443 3063 468 3087 8<
481 3065 506 3089 S.
520 3063 621 3088 Vic'tor.
643 3064 714 3098 prius
725 3064 787 3090 ciiii.
803 3065 865 3097 juris
878 3064 918 3095 fia·
927 3065 1004 3089 libert.
1018 3065 1113 3088 civitati
1123 3064 1197 3095 anu-sl

242 3100 413 3169 Hsqtomanus
434 3098 480 3125 lib.
493 3108 529 3125 11.
550 3098 661 3125 Observ.
682 3108 796 3135 capno.
816 3098 990 3133 adjiciendam
1009 3105 1086 3135 putat
1104 3100 1202 3123 civitati

242 3144 270 3163 πο
291 3146 329 3161 rae.

277 3179 306 3206 4.
326 3171 476 3207 Qorumjm
484 3171 513 3203 ὼ
526 3172 628 3207 fortuna
647 3171 742 3199 conditio
760 3171 913 3208 infimum]
937 3170 1043 3208 Copula
1060 3170 1199 3203 &nonest

1220 290 1259 318 ris
1273 288 1460 328 temporibus
1478 288 1639 318 carendum
1649 293 1712 320 erit.
1735 290 1804 323 Sed,
1817 300 1868 330 pei·
1878 289 1950 319 deos
1968 289 2180 320 immortalem,

1220 340 1286 371 quae
1295 330 1337 360 est
1348 329 1399 359 ista
1409 329 1542 363 societas,
1553 340 1618 371 quae
1629 333 1760 362 amicitia
1771 352 1779 365 ‚
1790 331 1872 372 quod
1885 330 1983 361 foedus
1996 350 2004 363 ,
2017 339 2048 359 ut
2057 338 2106 359 aut
2124 338 2182 358 no-

1224 372 1279 402 stra
1294 373 1399 402 civitas
1418 381 1512 402 careat
1530 373 1564 402 in
1588 373 1646 402 suis
1667 374 1808 413 periculis
1824 370 1994 404 Massiliensi
2013 379 2183 412 propugna-

1226 423 1302 447 tore,
1313 423 1404 444 careat
1413 413 1573 447 Gaditano,
1585 424 1677 445 careat
1686 417 1850 456 Saguntino
1862 426 1867 444 ·.
1881 424 1930 444 aut
1942 434 1950 448 ‚
1966 412 1985 443 si
1995 416 2062 454 quis
2073 423 2108 442 ex
2120 413 2183 442 illis

1225 456 1344 496 populis
1358 454 1392 485 fit
1401 464 1536 488 exortus,
1547 458 1598 496 qui
1610 456 1728 486 nostros
1737 457 1826 486 duces
1836 457 1951 486 auxilio
1962 456 2081 488 laboris,
2093 463 2183 484 com-

1227 506 1340 527 meatus
1352 516 1360 530 ‚
1378 498 1513 536 periculo
1525 497 1577 527 suo
1590 498 1699 535 juverit
1710 519 1718 532 ‚
1739 501 1870 538 quicum
1882 496 1965 527 hoste
1977 496 2079 526 nostro
2092 505 2182 526 com·

1228 540 1331 568 minus
1342 540 1374 568 in
1384 540 1444 568 acie
1455 539 1526 579 saepe
1535 541 1673 580 pugnarit
1683 560 1691 572 ,
1704 540 1794 580 quise
1806 540 1878 579 saepe
1888 540 1953 568 telis
1965 537 2095 568 hostium
2108 558 2115 571 ,
2128 538 2183 578 qui

1225 580 1415 610 dimicationi
1434 583 1555 620 capitis,
1576 583 1629 621 qui
1648 583 1740 610 morti
1757 581 1919 617 objecerit:
1943 581 2018 608 nulla
2032 580 2185 609 conditione

1229 623 1318 660 hujus
1338 624 1466 652 civitatis
1484 625 1615 662 praemiis
1625 621 1704 652 affici
1724 620 1828 662 poffit?
1851 622 1973 652 Etenim
1992 623 2024 650 in
2034 621 2184 660 populum

1229 667 1374 694 Romano
1387 674 1473 706 grave
1484 664 1525 694 est
1536 685 1544 698 ,
1564 675 1627 694 non
1638 662 1718 704 poffe
1737 666 1781 694 uti
1799 664 1885 694 sociis
1896 663 2057 693 excellenti
2074 664 2186 692 virtute

1228 707 1360 746 praeditis
1371 727 1379 740 ,
1401 709 1454 746 qui
1465 707 1559 736 velint
1569 716 1638 736 cum
1653 706 1792 745 periculis
1802 705 1910 735 nostris
1919 705 1968 735 sua
1979 706 2190 735 communica-

1227 758 1276 778 1·0;
1298 750 1331 778 in
1342 749 1438 779 socios
1448 749 1520 778 vero
1532 749 1610 788 ipsos
1622 769 1630 781 ‚
1643 750 1674 778 δε
1685 750 1717 777 i'n
1729 757 1780 777 eos
1791 767 1799 780 ‚
1817 747 1853 777 de
1864 746 1972 786 quibus
1985 748 2099 786 agimus
2110 766 2119 778 ‚
2130 745 2190 776 foe-

1212 809 1214 821 1
1230 789 1356 823 demtos,
1368 790 1562 829 injuriosum,
1576 791 1607 819 δε
1620 790 1846 827 contumeiiofiim
1856 788 1898 818 est
1909 809 1917 822 ‚
1930 789 1975 817 his
1986 790 2117 827 praemiis
2127 807 2135 820 ,
2152 787 2188 819 &:

1231 833 1277 860 his
1304 832 1470 862 bonoribus
1496 832 1632 862 exclusos
1659 830 1717 861 cfl'e
1747 829 1933 861 fidelissimos
1954 850 1962 862 ,
1993 830 2026 859 &
2052 830 2184 867 conjun-

1231 872 1376 904 Etissimos
1385 875 1481 904 socios
1493 893 1501 907 ,
1522 884 1587 914 quae
1598 882 1712 913 pateant
1726 872 1923 912 stipendiariis
1935 891 1942 904 ,
1962 880 2078 910 pateant
2090 870 2186 901 hosti-

1234 915 1287 944 bus
1298 936 1306 949 ,
1327 924 1442 955 pateant
1462 916 1536 954 stupe
1556 916 1654 945 i‘ei'vis.
1686 917 1767 944 Nam
1788 914 1820 943 &
1834 913 2040 953 stpendiarios
2057 922 2095 942 ex
2106 912 2190 942 Asi-i-

1230 967 1262 987 ca
1273 978 1281 990 ,
1302 958 1401 987 Sicilia
1420 977 1428 990 ‚
1449 957 1581 987 Sardinia
1598 977 1606 988 ,
1629 958 1733 985 ceteris
1753 958 1918 995 provinciis
1939 955 2053 984 multos
2069 956 2190 984 civitate

1231 1001 1357 1029 donatos
1380 998 1520 1028 videmus
1542 1008 1547 1026 τ
1571 997 1603 1027 δε
1613 1017 1621 1031 ,
1641 999 1695 1037 qui
1714 997 1812 1026 hostes
1833 997 1869 1028 ad
1889 996 2007 1027 nostros
2024 998 2188 1036 imperato-

1231 1051 1278 1070 res
1288 1038 1483 1080 perfugissent
1493 1059 1500 1071 ‚
1523 1039 1554 1069 &
1565 1049 1675 1081 magno
1686 1039 1752 1069 usui
1761 1041 1835 1078 reip.
1851 1038 1958 1068 nostra:
1971 1037 2094 1067 fuissent
2108 1058 2116 1071 ‚
2132 1038 2190 1068 sci-

1232 1092 1300 1111 mus
1311 1084 1430 1111 civitate
1441 1079 1499 1109 effe
1510 1081 1653 1110 donatos:
1678 1081 1776 1111 servos
1795 1081 1926 1121 denique
1935 1100 1944 1113 2
1960 1084 2114 1120 4quorum
2124 1080 2186 1120 jus,

1233 1124 1265 1153 &
1275 1122 1404 1153 fortunae
1413 1123 1550 1153 conditio
1565 1121 1672 1152 infima
1680 1121 1722 1152 est
1731 1142 1739 1156 ‚
1751 1123 1827 1152 bene
1837 1123 1872 1152 de
1883 1132 1944 1161 rep.
1955 1131 2079 1151 meritos
2090 1141 2098 1154 ,
2120 1131 2188 1161 per-

1233 1165 1305 1205 saepe
1316 1165 1449 1194 libertate
1462 1185 1472 1198 ‚
1488 1165 1519 1194 id
1531 1164 1572 1194 est.
1584 1184 1594 1198 2
1614 1166 1732 1194 civitate
1743 1164 1862 1203 publice
1874 1165 1979 1193 donari
1999 1163 2186 1193 videbamus.

1235 1209 1320 1238 Hinc
1332 1216 1363 1236 tu
1374 1208 1463 1248 igitur
1474 1227 1482 1240 ‚
1493 1215 1617 1246 patrone
1628 1202 1788 1239 foederum,
1800 1215 1832 1235 ac
1841 1204 2067 1237 foederatorum‚
2079 1204 2186 1234 condi-

1234 1251 1352 1279 tionem
1364 1248 1464 1279 statuis
1477 1248 1631 1278 Gaditanis
1643 1268 1651 1282 ,
1662 1251 1719 1277 tuis
1729 1247 1845 1277 civibus
1859 1267 1866 1280 2
1878 1257 1931 1280 ut,
1950 1246 2030 1287 quod
2039 1247 2077 1275 iis
2088 1249 2100 1273 5
2110 1257 2186 1286 quos

1234 1290 1390 1320 Gaditanis
1400 1290 1586 1328 adiutoribus
1596 1292 1687 1320 armis
1697 1290 1867 1332 subegimus
1878 1309 1886 1322 ‚
1898 1298 1982 1329 atque
1993 1290 2025 1317 in
2035 1288 2189 1318 ditionem

1230 1332 1363 1362 nostram
1383 1332 1565 1374 redeglmuS‚
1579 1332 1675 1365 liceat,
1687 1331 1705 1361 si
1716 1332 1845 1371 populus
1856 1333 1949 1361 Rom.
1961 1330 2143 1370 permiserit,
2156 1338 2190 1360 ut

1231 1375 1268 1405 ab
1279 1375 1378 1404 senatu
1391 1395 1402 1407 ,Α
1413 1374 1448 1404 ab
1458 1374 1689 1414 imperatoribus
1700 1372 1808 1403 nostris
1818 1392 1825 1406 ‚
1840 1375 1958 1402 civitate
1967 1371 2133 1403 donentur:
2157 1371 2191 1402 id

1230 1427 1267 1447 ne
1278 1417 1364 1446 liceat
1374 1414 1463 1456 ipsis?
1479 1415 1561 1458 quisi
1572 1417 1629 1446 suis
1640 1416 1764 1446 decretis
1776 1436 1784 1448 ,
1798 1414 1949 1455 legibusve
1959 1412 2118 1444 sanxissent
2130 1433 2138 1447 ,
2151 1423 2191 1443 ne

1230 1461 1297 1500 quis
1315 1459 1438 1488 suorum
1449 1461 1563 1488 civium
1576 1479 1585 1491 ,
1607 1457 1696 1488 castra
1711 1460 1924 1497 imperatorum
1940 1457 2044 1496 popuii
2055 1456 2192 1486 Romani.

1233 1503 1321 1531 iniret
1334 1511 1339 1528 :
1362 1510 1400 1530 ne
1418 1503 1484 1540 quis
1495 1502 1523 1530 se
1533 1511 1587 1540 pro
1597 1499 1700 1530 nostro
1715 1501 1842 1539 imperio
1853 1508 1884 1528 in
1895 1499 2065 1538 periculum
2076 1499 2192 1537 capitis,

1231 1552 1316 1583 atque
1336 1544 1368 1572 in
1386 1544 1456 1572 vitae
1475 1543 1637 1572 discrimen
1657 1541 1794 1571 inferret:
1818 1541 2036 1570 Gaditanorum
2057 1540 2191 1572 auxiliis,

1235 1584 1307 1615 cum
1323 1585 1490 1617 vellemus,
1511 1587 1554 1614 uti
1572 1584 1662 1613 nobis
1672 1593 1735 1613 non
1745 1583 1854 1612 liceret.
1878 1584 2017 1621 privatim
2037 1580 2108 1610 vero
2123 1600 2132 1615 ,
2154 1590 2194 1610 ne

1232 1628 1300 1667 quis
1313 1628 1358 1656 vir
1373 1626 1404 1655 &
1417 1628 1532 1659 animo,
1546 1626 1577 1655 &
1589 1625 1849 1666 virtutepraecellens
1860 1644 1868 1657 ,
1887 1633 1940 1663 pro
1951 1621 2052 1653 nostro
2062 1624 2194 1662 imperio

1231 1668 1365 1708 periculo
1379 1669 1432 1697 suo
1448 1667 1617 1697 dimicaret:
1641 1676 1766 1708 graviter
1781 1665 1811 1695 id
1833 1665 1893 1702 jure
1904 1663 2049 1694 ferremus
2061 1684 2072 1696 ‚
2091 1665 2194 1694 minui

1234 1711 1346 1740 auxilia
1363 1711 1468 1749 populi
1484 1710 1637 1742 Romani,
1659 1708 1807 1738 debilitari
1826 1716 1945 1736 animos
1962 1704 2193 1736 fortissimorum

1231 1753 1618 1791 vi1·orum‚alienigenarum
1633 1760 1688 1779 nos
1702 1751 1865 1778 hominum
1877 1747 1982 1778 studiis
1994 1767 2002 1781 ‚
2014 1745 2030 1767 ⁶
2040 1757 2126 1788 atque
2136 1757 2193 1777 ex-

1236 1803 1319 1823 terna
1330 1795 1439 1822 virtute
1451 1795 1570 1831 privari.
1592 1793 1685 1832 Atqui
1696 1791 1774 1820 nihil
1787 1789 1908 1819 interest
1919 1809 1928 1821 ‚
1943 1789 2062 1829 judices
2073 1809 2081 1822 ‚
2093 1798 2196 1820 utrum

1237 1836 1298 1864 haec
1308 1834 1443 1864 foederati
1463 1836 1524 1871 jura
1537 1832 1719 1863 constituant
1731 1852 1741 1865 2
1761 1842 1792 1862 ut
1802 1842 1840 1861 ne
1851 1842 1900 1861 cui
1910 1831 1996 1861 liceat
2014 1840 2052 1860 ex
2062 1832 2109 1861 his
2120 1832 2198 1861 civi—

1238 1876 1346 1906 tatibus
1356 1876 1392 1905 ad
1402 1875 1574 1905 nostrorum
1588 1875 1737 1905 bellorum
1747 1874 1876 1914 pericula
1886 1873 2035 1904 accedere:
2060 1883 2098 1903 an
2110 1893 2119 1906 ,
2128 1881 2198 1913 quae

1237 1928 1294 1948 iios
1304 1928 1410 1947 eorum
1420 1917 1549 1951 civibus,
1561 1920 1679 1947 Virtutis
1688 1916 1770 1946 causa
1783 1936 1795 1949 ,
1805 1915 2015 1948 tribuerimus,
2028 1924 2061 1946 ea
2070 1925 2126 1945 rata
2137 1912 2197 1944 effe

1236 1971 1299 1990 non
1310 1958 1430 2000 poffint.
1453 1959 1531 1988 nihil
1550 1961 1633 1989 enim
1649 1959 1743 2000 magis
1761 1967 1913 1988 uteremur
1933 1958 1978 1986 his
1996 1956 2197 1996 adjutoribus,

1238 2002 1359 2032 sublatis
1372 2002 1486 2042 premio>-
1499 2008 1616 2030 virtum
1626 2021 1635 2034 ‚
1658 2009 1750 2041 quam
1761 2019 1770 2033 ,
1795 1997 1816 2028 si
1832 2000 1964 2029 omnino
1979 1999 2029 2028 his-
2042 1999 2148 2029 versari
2162 1999 2198 2029 in

1236 2085 1303 2126 post
1313 2095 1406 2126 genus
1417 2086 1582 2115 hominum
1593 2094 1709 2118 natum,
1721 2085 1826 2123 reperti
1837 2081 1893 2113 sint
1902 2103 1910 2116 ‚
1926 2088 1940 2111 7
1950 2093 2003 2124 qui
2017 2083 2110 2112 nullis
2122 2092 2199 2122 prae-

1238 2130 1310 2158 miis
1319 2126 1487 2167 propositis,
1499 2129 1594 2157 vitam
1609 2127 1691 2157 suam
1707 2124 1841 2155 hostium
1853 2125 1922 2155 telis
1933 2125 2116 2164 objecerint:
2132 2126 2199 2154 Pao

1238 2179 1370 2199 ALiENA
1384 2179 1445 2209 rep.
1459 2179 1643 2210 quemquam
1655 2168 1720 2198 fore
1729 2170 1834 2208 putatis
1847 2187 1855 2200 ,
1875 2167 1965 2207 quise
1975 2174 2107 2206 opponat
2116 2167 2198 2205 peri-

1237 2213 1314 2242 culis
1324 2232 1335 2246 >
1346 2221 1409 2241 non
1420 2209 1514 2241 mode>
1524 2213 1610 2241 nullo
1619 2209 1770 2250 proposito
1781 2211 1904 2248 praemio
1916 2228 1924 2241 ‚
1945 2207 1992 2238 sed
2002 2210 2092 2237 etiam
2103 2208 2199 2236 inter-

1238 2253 1344 2284 111ἃοῖ
1365 2253 1432 2286 Sed,
1444 2252 1519 2283 cum
1527 2252 1570 2283 est
1580 2252 1656 2282 illud
1668 2249 1890 2291 imperitiffime
1902 2248 2018 2279 dietum
2031 2249 2067 2279 de
2076 2249 2197 2289 populis

1238 2295 1360 2329 fundis,
1384 2295 1464 2335 quod
1475 2304 1642 2325 commune
1661 2292 1704 2323 est
1721 2292 1886 2321 liberorum
1905 2292 2088 2330 populorum
2101 2311 2109 2323 ‚
2131 2300 2196 2321 non

1237 2339 1394 2376 proprium
1406 2335 1639 2365 foederatorum:
1663 2344 1700 2363 ex
1708 2343 1769 2373 quo
1788 2332 1918 2374 intelligi
1939 2331 2052 2362 necess'e
2063 2331 2124 2366 est,
2147 2340 2199 2362 aut

1238 2379 1397 2407 neminem
1410 2387 1448 2406 ex
1466 2377 1555 2407 sociis
1569 2378 1669 2406 civem
1689 2374 1753 2404 fieri
1769 2373 1870 2415 poss‘e3
1889 2383 1939 2404 aut
1956 2377 2044 2404 etiam
2063 2373 2144 2414 poffe
2159 2383 2200 2404 ex

1241 2418 1408 2448 foederatis:
1434 2428 1499 2448 tum
1517 2417 1590 2448 vero
1611 2419 1656 2455 jus
1676 2427 1769 2447 omne
1789 2415 1890 2446 noster
1908 2415 1960 2446 iste
1976 2415 2114 2457 magister
2127 2426 2199 2446 mu-

1240 2460 1336 2490 tandae
1345 2462 1473 2490 civitatis
1492 2463 1626 2502 ignorat:
1650 2459 1731 2500 quod
1743 2457 1802 2491 est,
1825 2457 1939 2498 judices
1952 2478 1960 2491 ‚
1979 2468 2043 2487 non
2054 2458 2152 2487 solum
2164 2459 2198 2489 in

1240 2502 1355 2544 legibus
1373 2503 1502 2542 publicis
1515 2501 1644 2542 positum
1657 2521 1665 2534 ‚
1686 2500 1735 2530 sed
1754 2503 1845 2531 etiam
1858 2502 1889 2529 in
1904 2500 2086 2540 privatorum
2098 2499 2200 2528 volun-

1240 2552 1308 2573 tate.
1330 2546 1402 2585 Jure
1412 2547 1497 2574 enim
1517 2543 1620 2574 nostro
1631 2553 1728 2583 neque
1739 2551 1852 2572 mutare
1871 2544 2024 2572 civitatem
2042 2542 2200 2582 quisquam

1240 2587 1356 2616 invitus
1366 2586 1462 2626 potest
1472 2607 1480 2620 ‚
1494 2596 1590 2626 neque
1601 2606 1609 2619 ‚
1632 2585 1653 2615 fi
1662 2585 1754 2617 velit,
1775 2593 1890 2614 mutare
1901 2594 1964 2613 non
1975 2583 2070 2622 potest
2080 2603 2088 2617 ‚
2103 2581 2199 2613 modb

2208 1217 2253 1243 10

1239 2043 1349 2074 nostris
1360 2043 1448 2073 bellis
1459 2053 1523 2072 non
1537 2043 1647 2073 liceret.
1664 2043 1798 2075 Etenim,
1811 2040 1882 2071 cum
1893 2051 1947 2081 pro
1956 2041 2004 2071 sua
2013 2042 2102 2080 patria
2111 2041 2199 2081 pauci
2245 2070 2258 2079 ,ι

2219 2258 2258 2284 11

1241 2628 1414 2658 adsciscatur
1428 2629 1463 2658 :ib
1477 2638 1510 2658 ea
1521 2630 1655 2660 civitate,
1663 2627 1748 2664 cujus
1758 2624 1815 2656 ess'e
1827 2626 1855 2655 se
1863 2627 1993 2656 civitatis
2004 2625 2092 2655 velit:
2112 2633 2146 2655 ut
2156 2645 2165 2657 ‚
2177 2621 2198 2654 fi
2231 2638 2234 2641 ·

1243 2670 1383 2710 Gaditani
1398 2671 1538 2700 sciverint
1556 2670 1742 2699 nominatim
1760 2667 1797 2697 de
1815 2667 1916 2707 aliquo
1933 2669 1998 2697 cive
2013 2669 2107 2696 Rom.
2120 2676 2151 2695 ut
2163 2664 2198 2696 sit

1244 2713 1269 2741 is
1279 2713 1357 2742 civis
1369 2712 1533 2742 Gaditanus
1543 2732 1552 2746 ‚
1571 2721 1679 2753 magna
1686 2708 1813 2751 potestas
1824 2707 1856 2739 s-it
1865 2708 1968 2739 nostro
1977 2711 2038 2739 civi
2047 2707 2199 2738 mutanda:

2123 2758 2200 2779 civi-

1238 2845 1266 2871 111
1278 2844 1411 2881 plerisque
1420 2844 1533 2880 scriptis.
1553 2842 1666 2878 ideoque
1682 2841 1797 2869 malebat
1806 2841 1967 2868 Gulielmius
1979 2859 1987 2871 ,
2005 2842 2035 2864 vi
2044 2840 2150 2870 fhrtmeae.
2170 2845 2200 2867 at

1240 2891 1290 2915 ego
1299 2880 1484 2917 praeposuerim
1497 2880 1641 2906 leetionem
1654 2881 1680 2904 S.
1692 2880 1705 2904 1
1716 2877 1808 2905 iffloris
1821 2896 1829 2909 ‚
1840 2886 1936 2912 quornm
1948 2895 1956 2908 ,
1964 2877 2132 2909 vmfhrtmm,
2143 2885 2198 2902 con-

1242 2918 1309 2949 ditio,
1320 2920 1404 2951 infima
1415 2920 1449 2942 cf?
1459 2929 1464 2942 :
1485 2918 1530 2943 111,1
1542 2917 1612 2942 foi-t..-
1624 2915 1726 2951 proestet
1737 2916 1793 2949 jus.

1280 2963 1305 2987 5.
1325 2956 1389 2986 §aas
1399 2953 1527 2979 Gaditanis
1536 2953 1686 2986 adjutoribus
1698 2970 1706 2983 ,
1717 2951 1789 2976 armis
1801 2969 1809 2981 ,
1826 2948 1893 2983 Cym]
1915 2947 1971 2975 Pal.
1983 2957 2067 2975 nonus
2079 2947 2197 2984 Turing.

1242 2991 1268 3015 S.
1280 2991 1301 3014 V
1304 2989 1351 3015 ἰὶὲ.
1363 2998 1418 3022 quos
1428 2990 1516 3022 magnis
1527 2988 1674 3022 adjutoribm·
1684 2986 1730 3013 mis
1741 2986 1813 3011 armis
1820 3005 1826 3011 .

1277 3026 1305 3051 6.
1325 3030 1417 3058 <Atque
1432 3032 1537 3058 paterna
1555 3027 1648 3049 virtute
1663 3022 1786 3055 ρήναν-1.]
1808 3020 1947 3047 Revocav'i
1959 3019 2114 3056 scripturam
2133 3018 2195 3047 edd.

1240 3061 1342 3097 antiqq.
1363 3061 1431 3086 item
1449 3061 1516 3087 l’all.
1527 3060 1555 3086 ὃ(
1567 3059 1674 3086 uembl.
1686 3060 1713 3084 S.
1725 3057 1797 3085 Vifft.
1816 3057 1904 3093 postea
1922 3057 2036 3093 impressi
2055 3055 2196 3092 praetulere

1240 3106 1339 3123 externa
1348 3104 1450 3122 wlmare.

1278 3142 1306 3166 7.
1325 3134 1373 3165 Qi
1381 3133 1450 3158 nullis
1456 3132 1556 3165 praemiis
1562 3131 1678 3164 propifitis
1689 3149 1697 3162 ‚
1707 3130 1774 3163 ὅγε]
1795 3129 1883 3156 Stulti:
1893 3128 2039 3155 admodum
2050 3127 2194 3155 Lambinus

1242 3169 1318 3203 nobis
1328 3169 1427 3206 obiecit
1436 3169 1528 3203 multia,
1538 3168 1612 3197 libris
1622 3166 1743 3196 omnibus
1754 3165 1847 3195 invitis
1858 3174 1868 3199 5
1887 3165 1943 3194 imo
1955 3166 1982 3193 ἃς
1994 3164 2107 3194 ratione.
2130 3200 2158 3226 Gi
2180 3199 2186 3205 Π

1981 3208 1983 3211 ’
2095 3208 2120 3228 1.
2158 3206 2198 3223 n.
