2295 3400
190 113 286 164 304
633 99 1142 150 M.TUL1.11

170 190 174 204 ε
186 179 262 211 cum
273 179 410 214 obsistere
419 202 427 218 ,
443 191 475 215 ac
485 181 643 214 defendere
656 190 853 216 conarentur,
874 181 952 213 male
963 181 1083 211 multati
1092 181 1152 212 cla·-

186 224 235 252 vis
248 243 256 255 ‚
271 234 304 253 ac
312 223 440 255 fustibus
451 226 643 265 repelluntur.
667 224 768 264 postea
781 222 930 254 convulsis
940 224 1096 264 repagulis,
1108 221 1153 253 ef-

187 262 348 306 fraStisque
359 267 451 296 valvis
462 287 471 300 ,
486 267 629 297 demoliri
641 265 761 306 lignum
772 286 779 299 ,
791 276 822 297 ac
833 265 969 296 vestibus
979 264 1152 295 labefacitare

186 316 344 336 conantur.
378 310 494 338 Interea
507 319 544 338 ex
563 309 692 339 clamore
712 307 793 338 fama
806 316 868 337 tota
877 307 949 337 urbe
962 307 1157 347 percrebruit,

187 356 390 378 Lxx-*unwani
406 359 484 380 neos
500 359 662 383 PATR10s3
676 354 760 379 ¹non
772 349 905 379 hostium
917 349 1048 379 adventu
1059 369 1068 382 ,
1081 359 1151 378 nec-

187 391 313 428 opinato
323 410 331 424 ,
355 401 452 432 neque
466 394 624 432 repentino
639 391 816 432 praedonum
828 394 944 431 impetu
956 411 964 425 ,
985 391 1034 421 sed
1047 401 1086 421 ex
1099 391 1154 420 do-

189 439 244 459 mo
257 451 264 463 ⁷
283 440 370 472 atque
384 434 506 463 cohorte
519 435 655 473 praetoria
665 454 673 467 ,
694 443 822 463 manum
835 432 1034 475 fugitivorum
1044 432 1154 462 instru-

188 472 270 501 ctam
284 493 292 506 ‚
315 483 515 516 armatamque
534 474 657 505 venill‘e.
682 485 775 505 nemo
786 477 941 517 Agrigenti
960 485 1056 515 neque
1070 483 1153 504 aetate

190 521 251 543 tam
262 513 365 545 asteiff'ra
376 536 384 549 ,
405 526 502 558 neque
521 518 633 547 viribus
649 527 709 547 tam
724 516 856 547 infirmis
869 516 945 550 fuit,
965 520 1092 558 quinon
1103 517 1154 546 illa

188 555 292 589 noste,
305 566 342 586 eo
352 561 474 591 nuntio,
495 562 640 589 excitatus
652 560 818 592 surrexerit,
832 560 985 599 telumque
996 558 1078 599 quod
1089 560 1154 587 cui-

188 598 315 638 quefors
328 599 468 640 offerebat,
480 602 644 641 arripuerit.
656 604 756 642 Itaque
765 601 847 631 brevi
859 610 993 640 tempore
1003 599 1038 630 ad
1048 599 1153 629 fanum

188 649 228 668 ex
240 640 313 670 urbe
323 650 384 671 tota
394 646 590 673 concurritur.
607 645 690 673 Hora
701 643 902 683 ampliusjam
914 645 946 672 in
957 641 1155 671 demoliendo

188 679 275 721 signo
289 684 433 722 permulti
452 686 594 715 homines
613 684 831 714 moliebantur:
852 684 928 714 illud
948 685 1056 713 interea
1072 682 1157 712 nulla

187 722 306 754 lababat
325 735 363 754 ex
377 735 473 765 parte:
498 725 571 756 cum
590 727 641 757 alii
664 726 799 756 vestibus
817 726 959 765 subjeEtis
977 733 1156 755 conarentur

186 774 389 797 commovere
400 790 407 801 ,
419 768 471 798 alii
482 768 646 810 deligatum
658 765 802 798 omnibu‘s
811 768 959 798 membris
970 777 1069 806 rapere
1081 766 1155 796 adse

192 805 326 837 funibus.
349 810 486 850 Repente
497 812 687 851 Agrigentini
700 818 882 840 concurrunt
894 820 899 838 1
921 808 953 838 fit
963 818 1070 848 magna
1080 809 1153 847 lapi-

188 848 291 878 datio:
319 849 391 881 dant
406 852 465 882 sese
483 854 516 882 in
533 851 635 893 fugam
656 851 739 881 istius
752 852 881 891 praeclari
903 852 1090 890 imperatoris
1109 860 1158 879 no-

189 888 288 919 erui-ni
302 893 419 922 milites.
437 893 500 923 duo
510 903 609 924 tamen
621 891 711 934 sigilla
720 892 895 932 perparvula
907 892 1027 925 tollunt,
1038 902 1076 921 ne
1087 901 1157 921 om—

189 934 269 964 nino
278 934 382 964 inanes
391 935 426 965 ad
438 934 529 965 istum
540 935 712 975 praedonem
726 935 909 975 religionum
928 941 1154 963 reverterentur.

191 975 373 1016 Numquam
394 986 454 1007 tam
474 978 552 1007 male
565 976 606 1007 est
616 977 742 1008 Siculis,
764 979 841 1017 quin
861 975 974 1016 aliquid
991 975 1102 1008 facete,
1122 977 1154 1005 δε

190 1018 360 1048 commode
373 1017 489 1049 dicant:
510 1019 593 1048 velut
604 1019 747 1048 inhaere.
772 1018 889 1056 aiebant
906 1021 939 1047 in
950 1017 1062 1047 labores
1075 1020 1153 1047 Her-

189 1058 267 1088 culis
277 1069 341 1089 non
351 1060 454 1090 minsis
466 1062 545 1091 hunc
563 1058 816 1090 immanissimum
827 1062 934 1089 Verrem
944 1079 952 1091 ‚
964 1059 1054 1100 quam
1065 1060 1153 1089 illurn

128 1106 178 1137 44
190 1107 292 1141 aprum
306 1104 524 1143 Etymanrliium
537 1101 639 1132 referri
650 1111 796 1142 oportere.
817 1105 903 1132 Hanc
913 1103 1056 1131 virtutem
1067 1103 1157 1142 Agri-

189 1144 385 1182 gentinorum
399 1145 507 1174 imitati
519 1145 584 1174 sunt
595 1142 726 1174 Assorini
737 1142 854 1183 postea,
868 1145 925 1173 viri
943 1142 1034 1172 fortes
1045 1163 1052 1177 ‚
1074 1144 1107 1173 ὃς
1119 1141 1154 1172 fi-

188 1183 335 1217 dele5‚sed
346 1195 531 1226 nequaquam
543 1196 580 1216 ex
590 1195 650 1216 tam
662 1186 769 1226 ampla,
781 1195 875 1225 neque
885 1194 945 1215 tam
957 1195 994 1214 ex
1006 1185 1105 1214 nobili
1115 1186 1158 1214 ci-

187 1227 291 1255 ·vitate.
325 1228 447 1267 Chtylas
457 1227 500 1258 est
508 1229 594 1257 amnis
604 1248 612 1262 ,
635 1230 687 1268 qui
697 1237 749 1268 per
760 1225 970 1256 Assorinorum
980 1236 1065 1267 agros
1078 1225 1155 1257 fluit.

187 1268 216 1297 is
226 1267 302 1306 apud
313 1269 382 1298 illos
399 1270 521 1300 habetur
529 1270 593 1299 dem
604 1290 612 1303 ‚
630 1270 662 1300 &
673 1270 817 1312 religione
827 1270 962 1299 maxima
973 1269 1092 1298 colitur.
1112 1268 1155 1298 fa-

190 1319 267 1338 num
288 1310 352 1349 eius
366 1310 415 1341 *est
425 1313 456 1341 in
466 1322 534 1352 agro
544 1321 663 1352 propter
678 1312 770 1351 ipsam
786 1313 868 1341 viam
880 1332 888 1343 ,
908 1320 965 1352 qua
974 1308 1082 1340 Afi‘oro
1099 1311 1157 1340 itur

189 1353 339 1381 Ennam..
356 1354 390 1382 in
401 1363 437 1383 eo
448 1355 564 1394 Chrysae
576 1353 617 1384 est
628 1353 819 1383 simulacrum
829 1374 838 1387 ‚
865 1352 1001 1393 praeclare
1012 1351 1127 1382 factum
1140 1352 1156 1382 ὲ

192 1403 355 1424 marmore.
372 1395 404 1425 id
415 1394 468 1426 iste
478 1397 597 1436 poscere
608 1394 765 1425 Assorinos
776 1403 894 1435 propter
904 1393 1081 1435 singularem
1092 1395 1156 1432 ejus

190 1433 256 1464 fani
265 1437 444 1478 religionem
457 1448 519 1467 non
528 1438 615 1468 ausus
626 1437 677 1467 est.
700 1438 886 1476 Tlepolemo
896 1437 954 1470 dat,
967 1437 1156 1476 Hieronique

190 1479 349 1517 negotium
357 1501 363 1508 .
393 1480 439 1508 illi
450 1479 543 1509 noStu
555 1499 564 1514 ‚
584 1483 598 1499 2
608 1478 684 1509 faSm
695 1489 786 1509 manu
798 1499 807 1512 ,
828 1480 993 1519 armatique
1011 1480 1141 1508 veniunt
1153 1489 1158 1507 :

192 1516 273 1548 foi-es
294 1520 365 1550 aedis
381 1520 548 1561 effringunt
569 1533 575 1550 :
602 1521 704 1551 aeditui
715 1541 723 1554 ,
746 1520 940 1562 custodesque
957 1519 1072 1549 mature
1093 1520 1159 1550 scn-

189 1561 274 1590 tiunt
285 1573 290 1590 2
308 1561 424 1603 lignum
436 1583 444 1596 ‚
454 1563 538 1604 quod
548 1572 607 1593 erat
617 1572 690 1593 notu
696 1573 726 1592 m
735 1565 904 1596 vicinitati,
921 1561 1037 1590 buccina
1048 1562 1133 1590 datur
1147 1572 1157 1589 .·

192 1603 338 1633 homines
347 1615 384 1634 ex
393 1607 469 1646 agris
481 1613 663 1635 concurrunt
675 1616 679 1633 :
700 1605 817 1644 ejicitur
827 1624 835 1638 ,
856 1603 1031 1646 fugaturque
1043 1604 1158 1643 Tlepo-

191 1644 293 1674 lomus
306 1656 311 1674 :
332 1656 430 1688 neque
449 1647 614 1688 quidquam
634 1657 672 1676 ex
690 1645 761 1676 fano
779 1647 896 1686 Chrysae
909 1667 917 1679 ‚
938 1653 1042 1685 praeter
1062 1655 1157 1675 unum

191 1688 405 1726 perparvulum
416 1687 534 1730 signum
545 1699 583 1718 ex
593 1695 649 1718 aere
659 1709 668 1721 ,
690 1687 884 1719 desideratum
894 1687 948 1718 cst.
980 1689 1084 1717 Matris
1094 1697 1159 1717 ma-

192 1738 260 1769 gnae
269 1728 375 1760 fanum
386 1734 397 1758 3
411 1730 486 1771 apud
499 1732 657 1772 Enguinos
668 1729 788 1770 estjam
801 1732 884 1760 enim
896 1730 974 1759 mihi
985 1739 1049 1759 non
1062 1728 1157 1758 modo

181 1771 326 1801 breviter
336 1772 372 1802 de
384 1782 569 1813 unoquoque
579 1772 741 1802 dicendum
752 1792 760 1806 ,
784 1772 831 1802 sed
849 1775 939 1801 etiam
958 1771 1159 1811 praetereunda

182 1811 337 1843 <videntur
347 1813 405 1843 effe
415 1815 563 1854 permulta
574 1834 582 1848 ,
601 1823 633 1844 ut
648 1813 683 1844 ad
696 1815 810 1852 majora
827 1813 912 1843 istius
925 1834 934 1846 ,
956 1812 1160 1843 &illustriora

194 1855 229 1884 in
240 1855 299 1884 hoc
310 1865 416 1895 genere
428 1856 506 1885 furta
516 1876 524 1889 ‚
538 1856 569 1886 &
585 1856 692 1886 scelera
701 1857 870 1885 veniamus.
891 1858 924 1884 In
937 1856 994 1885 hoc
1004 1853 1075 1884 fano
1086 1855 1157 1884 lori-

194 1906 243 1925 cas
254 1915 262 1929 ,
286 1897 437 1938 galeasque
451 1907 565 1931 aeneas,
589 1897 700 1927 caelatas
722 1907 795 1938 opere
805 1898 962 1931 Corinthio,
984 1896 1160 1938 hydriasque

186 1938 331 1979 vgrandeis
342 1959 350 1972 ‚
363 1937 453 1969 simili
461 1942 493 1969 in
502 1949 621 1981 genere,
631 1948 717 1979 atque
727 1939 830 1969 eadem
841 1948 900 1968 arte
911 1937 1065 1978 perfectas,
1078 1938 1160 1969 idem

193 1980 249 2009 :ille
260 1983 290 2010 P.
301 1982 402 2020 Scipio
411 2002 418 2015 ,
432 1983 478 2011 vir
489 1981 634 2011 omnibus
645 1981 731 2010 rebus
745 1979 1043 2021 praecellentiffimus,
1054 1981 1160 2020 posue-

185 2029 254 2055 irat,
281 2022 314 2052 δε
324 2024 412 2062 suum
424 2031 519 2052 nomen
533 2023 716 2065 instripsbrar.
748 2022 829 2065 Qid
838 2024 898 2062 jam
908 2023 944 2053 de
957 2022 1014 2053 isto
1024 2024 1106 2062 plura
1115 2023 1161 2053 di—

195 2074 264 2094 cam
277 2083 286 2097 ‚
297 2068 474 2105 autquemr?
490 2067 597 2095 omnia
608 2066 657 2095 illa
667 2086 675 2099 ,
685 2065 800 2104 judices
812 2086 819 2098 ,
830 2064 950 2095 abstulit
964 2076 968 2094 z
981 2066 1101 2095 nihilin
1113 2075 1159 2095 re-

194 2104 382 2146 ligiosiffimo
392 2107 582 2148 fano,praeter
590 2106 713 2148 vestigia
724 2107 841 2137 violatae
850 2108 1018 2148 religionis,
1030 2117 1160 2137 nomen-

194 2158 255 2188 que
266 2151 296 2178 P.
308 2150 469 2188 Scipionis,
481 2150 614 2190 reliquit.
630 2148 764 2180 hostiurn
776 2150 877 2189 spolia,
890 2147 1090 2179 monumenta
1100 2151 1159 2179 im—

195 2198 367 2229 peratorum
379 2211 388 2224 ‚
401 2191 506 2222 decom
517 2212 525 2224 ,
538 2200 624 2232 atque
634 2200 810 2220 ornamenta
818 2190 959 2220 fanorum
970 2190 1101 2231 posthac,
1114 2192 1159 2220 liis

195 2231 342 2271 praeclaris
352 2233 532 2263 nominibus
543 2231 665 2265 amiffis,
679 2234 710 2262 in
722 2231 910 2268 instrumento,
923 2243 955 2262 ac
966 2232 1161 2272 suppelleScili

199 2276 233 2303 C.
245 2275 347 2303 Verris
364 2275 609 2305 numerabuntur.
642 2276 693 2304 Tu
710 2274 851 2304 videlicet
867 2274 946 2304 solus
966 2273 1038 2303 vasis
1052 2276 1160 2304 Corin-

197 2316 272 2344 thiis
283 2314 457 2345 deleEtaris?
475 2325 506 2346 tu
525 2317 606 2345 illius
623 2317 688 2346 aeris
699 2317 946 2355 temperationem
957 2336 966 2348 ‚
975 2324 1015 2345 -tu
1033 2325 1160 2355 operum

199 2358 386 2387 lineamenta
395 2357 593 2388 sollertissime
604 2358 763 2397 perspicis?
783 2358 846 2387 haec
855 2359 955 2397 Scipio
966 2357 1016 2386 ille
1033 2367 1096 2387 non
1114 2360 1162 2387 in—

200 2399 369 2439 tellig-ebat,
382 2400 477 2429 homo
487 2398 686 2431 doEtiffimus,
699 2408 785 2440 atque
796 2397 1026 2428 humaniffimus
1038 2401 1047 2427 ?
1060 2407 1092 2428 tu
1102 2397 1163 2428 fine

200 2441 264 2471 ulla
275 2441 352 2471 bona
361 2451 421 2471 arte
433 2456 441 2474 ,=
461 2440 520 2471 sine
531 2442 714 2472 humanitate
724 2461 732 2474 ‚
747 2439 806 2470 sine
817 2442 941 2480 ingenio
953 2461 960 2473 ‚
976 2439 1034 2480 fine
1043 2440 1142 2469 [irrora
1153 2461 1161 2473 ‚

201 2483 360 2524 intelligis,
373 2483 547 2522 &judicas?
565 2482 644 2516 vide,
660 2493 698 2513 ne
708 2483 759 2512 ille
770 2492 835 2512 non
846 2483 945 2512 solum
957 2483 1160 2521 temperantia,

202 2524 251 2554 scd
262 2527 351 2555 etiam
361 2525 571 2566 intelligentia,
591 2534 618 2555 te
629 2545 637 2559 ‚
649 2533 734 2565 atque
747 2523 818 2554 istos
831 2545 838 2557 ‚
852 2525 942 2564 quise
952 2523 1094 2565 elegante&
1104 2523 1164 2553 dici

200 2566 312 2595 volunt
323 2587 331 2599 ,
343 2568 457 2597 vicerit.
481 2577 550 2596 nam
562 2568 630 2608 quia
641 2587 649 2600 ,
662 2576 751 2607 quam
762 2567 884 2606 pulchra
895 2564 998 2597 essent,
1011 2566 1159 2606 intellige-

201 2606 253 2637 bat
262 2627 270 2640 ,
285 2608 396 2638 idcirco
407 2608 595 2638 existimabat
605 2628 613 2641 ‚
629 2617 661 2638 ea
672 2629 680 2641 ,
694 2618 757 2637 non
770 2607 804 2638 ad
821 2609 984 2637 hominum
997 2607 1140 2636 luxuriem
1151 2628 1158 2640 ,

204 2649 252 2679 sed
262 2649 446 2680 adornatum
457 2649 599 2680 fanorum
612 2671 620 2683 ‚
640 2659 726 2690 atque
737 2649 920 2689 oppidorum
939 2648 996 2678 esse
1015 2648 1090 2679 fasta
1100 2669 1107 2682 ,
1130 2657 1164 2678 ut

205 2690 329 2730 posteris
340 2691 448 2721 nostris
459 2701 662 2721 monumenta
671 2692 806 2732 religiosa
815 2690 873 2721 effe
883 2691 1049 2721 videantur.
1066 2690 1163 2720 Audi-

202 2741 230 2762 te
241 2741 330 2762 ctiam
342 2731 517 2774 singularem
528 2736 592 2772 ejus
604 2754 611 2766 ‚
627 2733 739 2770 judices
749 2753 757 2766 ,
772 2733 966 2772 cupiditatem
978 2753 986 2765 ,
998 2732 1160 2765 audaciam,

200 2776 414 2809 amentiaimin
423 2776 470 2804 his
478 2776 642 2818 praesertim
652 2776 738 2805 sacris
747 2774 931 2815 polluendis,
946 2784 1011 2814 quae
1020 2784 1083 2804 non
1094 2784 1165 2803 mo-

242 2930 253 2947 1
261 2942 266 2948 .
286 2925 345 2955 Qun
353 2922 447 2953 hqffinm
457 2922 562 2946 adventu
571 2921 744 2955 nec-opinata]
757 2919 826 2947 Illud
837 2924 984 2954 nec-bpinato
994 2919 1097 2946 admisit
1106 2920 1162 2956 pri-

203 2957 285 2984 mitus
298 2956 442 2982 Lambinus
455 2967 467 2982 c
479 2957 538 2982 cod.
550 2957 643 2990 Cujic.
664 2957 814 2992 reperitque
833 2958 898 2984 item
917 2958 945 2983 in
957 2957 1080 2992 Historp.
1102 2958 1162 2983 ou-

191 2993 332 3023 ,Hclmiua
352 2991 420 3018 abest
431 2999 518 3019 tamen
530 2992 628 3018 Italicis
640 2993 733 3018 uostris
748 2993 805 3018 nill'.

240 3038 269 3055 2..
288 3030 364 3053 Fatffii
374 3036 446 3052 nmmt
455 3028 612 3061 firmarique]
628 3028 745 3055 Placebat
757 3028 916 3061 Gulielmio,
927 3035 1081 3063 armataque,
1092 3027 1163 3064 quod

201 3064 229 3092 iii
242 3065 335 3098 ciijac.
348 3064 420 3089 Hitt.
433 3064 499 3089 l‘all.
510 3066 622 3089 (ji-uter.
633 3065 659 3089 Sc
671 3065 735 3090 olini
747 3064 821 3090 culis.

240 3109 253 3136 3
261 3121 266 3126 .
286 3100 371 3135 ςᾼμιιέ
379 3100 522 3133 [saginum]
543 3099 611 3124 Pau.
620 3102 738 3132 Ingnium:
758 3101 851 3134 Cujac.
866 3101 939 3127 Hitt.
951 3103 1063 3133 Egaims.
1083 3100 1164 3126 Grut.

200 3139 291 3177 {atii-ns.
301 3135 430 3172 repetimu-
441 3134 511 3165 idem
522 3144 618 3163 nomeu
630 3134 698 3174 iussa
710 3136 814 3174 libyn.
823 3144 927 3172 <se-72·
939 3136 982 3163 ubi
995 3138 1087 3172 cujac.
1099 3144 1166 3171 prx-

1221 100 1750 152 Cicakonrs

1198 181 1239 212 do
1248 182 1389 215 manibus
1399 184 1522 224 attingi,
1545 182 1593 213 sed
1605 191 1643 212 ne
1663 180 1832 223 cogitatione
1846 180 1971 254 quidem
1992 181 2100 218 violari
2117 184 2160 220 fu
2204 184 2213 198 ⁷

1200 224 1267 255 fuit.
1285 227 1449 256 sacrarium
1460 226 1573 255 Cereris
1582 223 1625 254 est
1634 225 1709 264 apud
1720 226 1846 254 Catinen
1862 226 1915 259 e's,
1927 225 2030 255 eadem
2040 227 2160 269 religio·
2213 230 2224 237 “

1201 277 1238 297 ne
1250 287 1258 300 ,
1271 277 1328 308 qua
1338 270 1459 300 Romae,
1471 277 1528 307 qua
1541 270 1574 296 in
1584 268 1688 296 ceteris
1699 266 1785 299 locis,
1804 276 1861 307 qua
1869 266 1961 306 prope
1973 269 2006 297 in
2016 276 2080 298 toto
2089 268 2161 300 orbe

1200 316 1351 339 terrarum.
1383 312 1419 339 In
1430 319 1467 338 eo
1479 309 1599 338 sacrario
1611 309 1723 337 intimo
1734 305 1793 337 fuit
1808 312 1826 335 4
1836 306 1952 348 fignum
1965 311 2077 339 Cereris
2093 319 2160 350 pei·-

1201 353 1376 392 antiquum:
1396 350 1477 391 quod
1497 350 1576 383 viri,
1597 359 1660 378 non
1672 347 1766 378 modo
1776 349 1946 389 cujusmodi
1956 349 2026 380 esset
2037 370 2045 384 2
2065 351 2112 382 sed
2123 362 2162 382 ne

1200 391 1258 421 esse
1273 392 1397 433 quidem
1418 391 1555 421 sciebant.
1579 391 1675 420 aditus
1691 392 1776 420 enim
1788 393 1821 421 in
1832 391 1862 421 id
1874 392 2033 422 sacrarium
2045 392 2161 424 nonest

1201 435 1273 464 viris
1287 445 1293 463 ι
1312 434 1390 464 sacra
1398 443 1449 473 per
1458 433 1603 465 mulieres,
1623 443 1655 461 ac
1667 433 1790 472 virgines
1805 431 1916 463 confici
1928 434 2036 465 solent.
2060 435 2117 465 hoc
2126 434 2163 466 si-

1201 486 1296 517 gnum
1315 475 1408 505 noEtu
1427 474 1505 504 clam
1521 473 1605 503 istius
1620 474 1807 504 serviexillo
1818 473 2058 516 religiosissimo,
2077 485 2163 518 atque

1202 515 1409 558 antiquiffimo
1418 515 1489 545 fano
1501 515 1696 545 sustulerunt:
1711 515 1854 556 postridie
1864 517 2025 547 sacerdotes
2038 520 2161 553 Cereris,

1202 568 1288 599 atque
1298 559 1380 588 illius
1399 562 1412 585 ἴ
1419 557 1482 587 fani
1493 557 1632 587 antistitae
1642 577 1650 590 ,
1677 559 1807 597 majores
1816 567 1887 588 natu
1897 578 1906 591 ,
1927 559 2056 598 probatae
2064 569 2096 590 ac
2106 570 2163 591 no-

1202 600 1278 630 biles
1292 600 1444 633 mulieres,
1457 609 1521 629 rem
1531 598 1566 628 ad
1579 598 1763 640 magistratus
1774 600 1842 629 suos
1857 599 2003 631 deferunt.
2018 602 2164 632 omnibus
2196 620 2197 624 =

1203 642 1359 674 acerbum,
1374 641 1537 683 indiguum
1546 660 1555 674 ,
1568 639 1741 670 lunuosum
1753 640 1882 682 denique
1892 641 2057 673 videbatur.
2077 646 2162 674 Tum

1204 683 1256 714 iste
1267 692 1422 724 permotus
1438 683 1490 712 illa
1502 684 1652 712 atrocitate
1668 684 1800 723 negotii,
1822 691 1854 713 ut
1863 683 1899 713 ab
1911 684 1939 713 se
1951 684 2067 715 sceleris
2080 684 2164 717 istius

1205 726 1331 766 suspicio
1352 734 1574 758 removeretur,
1593 724 1639 754 dat
1651 724 1759 764 hospiti
1775 725 1829 755 suo
1847 725 1966 755 cuidam
1986 728 2141 767 negotium
2153 749 2165 762 ,

1202 777 1235 797 ut
1253 767 1379 809 aliquem
1397 766 1541 806 reperirer,
1563 776 1646 807 quem
1659 776 1690 795 ea
1701 765 1797 805 feciffb
1817 766 1989 808 insimularet
1997 779 2007 795 .·
2027 768 2165 810 daretque

1204 819 1325 849 operam
1334 828 1342 842 ,
1363 817 1396 838 ut
1408 810 1431 838 is
1442 818 1477 838 eo
1489 809 1616 837 crimine
1630 808 1820 838 damnaretur
1829 828 1838 842 ,
1858 819 1895 838 ne
1909 809 1970 848 ipse
1981 807 2054 839 effet
2061 811 2095 840 in
2105 812 2162 841 cri-

1205 853 1300 880 mine.
1324 853 1384 881 Res
1395 860 1459 879 non
1469 849 1705 890 procrastinatur.
1717 859 1788 879 nam
1801 850 1874 880 cum
1885 850 1938 881 iste
1949 853 2085 882 Catinam
2095 862 2164 892 pro-

1203 892 1300 922 festus
1311 891 1397 922 effet:
1418 892 1493 921 servi
1503 891 1659 931 cujusdam
1673 901 1787 922 nornen
1797 891 1939 922 defertur.
1963 894 1989 922 is
1998 895 2162 925 accusatur:

1207 933 1270 964 fieti
1286 933 1373 964 testes
1392 935 1425 963 in
1444 943 1515 966 eum
1535 933 1659 963 dantur:
1680 943 1743 962 rem
1755 932 1881 963 condius
1895 934 2010 964 senatus
2020 937 2163 966 Catinen—

1206 975 1281 1006 sium
1294 975 1409 1017 legibus
1415 976 1425 1015 j
1431 975 1538 1005 udicat.
1561 975 1733 1005 Sacerdotes
1746 984 1906 1006 vocantur:
1927 986 1965 1006 ex
1973 977 2020 1006 his
2031 978 2166 1018 quaeritur

1196 1018 1300 1057 secreti>
1312 1019 1343 1047 in
1353 1018 1444 1050 curia.
1457 1016 1530 1057 quid
1541 1015 1598 1046 esse
1610 1016 1724 1047 fastum
1735 1017 1954 1047 arbitrarentur:
1964 1019 2164 1059 quemadmo-

1201 1061 1275 1090 dum
1288 1058 1402 1101 signum
1414 1058 1486 1089 effet
1494 1059 1636 1088 ablatum.
1661 1059 1841 1098 respondent
1850 1059 1909 1091 illae
1919 1080 1927 1093 ‚
1939 1063 2073 1090 Praetoris
2083 1062 2116 1091 in
2125 1072 2162 1094 eo

1202 1102 1269 1131 loco
1282 1102 1379 1131 servos
1398 1098 1455 1130 ess'e
1465 1101 1552 1130 visos.
1577 1110 1622 1130 res
1632 1121 1639 1133 ‚
1652 1110 1718 1140 quae
1731 1099 1801 1130 estet
1810 1103 1873 1140 jam
1884 1110 1967 1131 antea
1978 1112 2041 1132 non
2058 1103 2164 1134 obscu-

1201 1154 1241 1176 ra,
1255 1142 1439 1173 sacerdotum
1451 1141 1629 1172 testimonio
1639 1142 1791 1181 perspicua
1798 1141 1855 1172 ess'e
1866 1145 1966 1182 coepit.
1978 1145 2039 1174 itur
2048 1146 2081 1174 in
2089 1155 2174 1176 con·
2191 1153 2213 1176 ,“

1204 1184 1304 1214 silium
1316 1195 1321 1213 :
1332 1184 1432 1214 servus
1443 1183 1492 1213 ille
1504 1185 1650 1213 innocens
1662 1184 1807 1214 omnibus
1818 1185 1971 1214 sententiis
1981 1185 2143 1217 absolvitur
2152 1208 2161 1221 ‚

1203 1225 1265 1267 quo
1279 1224 1397 1256 facilius
1407 1235 1462 1255 vos
1473 1226 1556 1254 hunc
1563 1224 1709 1254 omnibus
1719 1225 1873 1256 sententiis
1882 1226 2084 1258 condemnare
2094 1229 2163 1268 pos-

1203 1270 1283 1299 setis.
1307 1267 1379 1308 quid
1390 1268 1472 1296 enim
1484 1265 1615 1307 postulas
1625 1286 1633 1300 ‚
1653 1269 1779 1297 Veires?
1799 1266 1872 1308 quid
1883 1268 1995 1308 speras?
2014 1269 2087 1309 quid
2098 1270 2164 1310 spe-

1204 1310 1286 1340 &as?
1304 1319 1395 1350 quem
1410 1309 1465 1338 tibi
1477 1318 1525 1338 aut
1535 1308 1662 1339 deorum
1673 1329 1681 1342 ,
1703 1317 1753 1338 aut
1762 1309 1927 1339 hominum
1946 1312 2062 1341 auxilio
2079 1321 2165 1351 putas

1202 1352 1362 1382 futurum?
1384 1361 1460 1381 eone
1471 1359 1503 1380 tu
1514 1351 1613 1380 servos
1632 1350 1667 1380 ad
1678 1351 1867 1390 spoliandum
1884 1351 1987 1382 fanum
1999 1354 2165 1384 immittere

1202 1394 1288 1423 ausus
1303 1403 1352 1426 es,
1373 1391 1435 1433 quo
1447 1392 1558 1422 liberos
1567 1392 1647 1422 adire
1659 1412 1667 1425 ,
1689 1402 1728 1421 ne
1739 1393 1844 1423 orandi
1856 1392 1980 1433 quidem
1998 1395 2098 1428 causa,
2121 1393 2165 1426 fas

1203 1438 1280 1465 erat?
1299 1435 1385 1464 hisne
1395 1434 1480 1463 rebus
1491 1443 1597 1463 manus
1608 1432 1709 1464 afferre
1721 1444 1785 1463 non
1795 1434 1936 1465 dubitasti
1947 1456 1955 1468 ,
1974 1438 1989 1466 a
2000 1437 2110 1477 quibus
2120 1445 2165 1467 et-

1202 1479 1263 1507 iam
1272 1476 1364 1506 oculos
1375 1474 1495 1504 cohibere
1509 1484 1537 1505 te
1552 1476 1733 1516 religionum
1751 1476 1815 1515 jura
1823 1477 1988 1519 cogebant?
2001 1477 2114 1509 tametsi
2125 1488 2164 1508 ne

1203 1519 1298 1549 oculis
1316 1517 1440 1558 quidem
1459 1526 1561 1556 captus
1572 1519 1605 1547 in
1616 1518 1692 1547 hanc
1703 1516 1838 1548 fraudem
1850 1527 1909 1549 tam
1921 1519 2089 1550 sceleratam
2099 1541 2108 1554 ,
2131 1530 2165 1551 ac

1202 1569 1264 1590 tam
1275 1561 1418 1590 nefariam
1429 1558 1575 1589 decidisti.
1599 1569 1669 1588 nam
1680 1558 1711 1588 id
1721 1559 1898 1600 concupisti,
1909 1561 1992 1601 quod
2008 1572 2165 1604 numquam

1202 1602 1312 1631 videras
1325 1613 1330 1630 :
1343 1601 1384 1634 id,
1398 1602 1534 1641 inquam,
1549 1599 1703 1634 adamasti,
1719 1601 1801 1641 quod
1810 1611 1894 1632 antea
1904 1612 1968 1632 non
1977 1603 2162 1643 adspexeras.

1201 1643 1321 1674 auribus
1332 1652 1363 1673 tu
1379 1652 1490 1673 tantam
1503 1642 1697 1683 cupiditatem
1708 1642 1884 1682 concepisti:
1907 1653 1940 1674 ut
1949 1655 2019 1675 eam-
2025 1655 2090 1675 non
2100 1655 2166 1676 rne-

1203 1695 1248 1716 tus
1257 1706 1266 1720 ,
1277 1695 1340 1715 non
1352 1685 1468 1726 religio,
1482 1694 1546 1714 non
1557 1684 1682 1714 deorum
1693 1686 1751 1718 vis,
1763 1694 1827 1714 non
1836 1686 2001 1716 hominum
2012 1686 2166 1718 existima·-
2175 1696 2185 1701 ·

1207 1729 1250 1758 tio
1260 1729 1437 1757 contineret.
1461 1730 1500 1756 At
1516 1736 1554 1756 ex
1562 1728 1630 1756 viro
1640 1726 1724 1756 bono
1742 1726 1891 1761 audieras,
1914 1728 2021 1762 credo,
2042 1729 2074 1758 &
2084 1729 2168 1759 bono

1202 1769 1334 1800 au&ore.
1358 1766 1418 1809 Qi
1436 1768 1467 1798 id
1487 1767 1600 1807 potest,
1630 1769 1682 1808 qui
1692 1777 1730 1797 ne
1741 1778 1780 1797 ex
1793 1770 1859 1798 viro
1869 1768 1993 1809 quidem
2002 1770 2104 1800 audire
2113 1780 2168 1811 po-

1203 1812 1317 1842 tueris?
1338 1810 1458 1841 Audisti
1467 1812 1605 1851 igiturex
1616 1810 1743 1839 muliere
1756 1821 1761 1838 ;
1779 1811 1923 1850 quoniam
1943 1811 1975 1841 id
1995 1813 2052 1841 viri
2070 1822 2167 1854 neque

1204 1851 1423 1892 vidiss'e2neque
1434 1849 1517 1882 noffe
1525 1851 1802 1892 poterant.Qalem
1811 1852 1902 1891 porro
1913 1852 1997 1883 illam
2006 1852 2168 1885 foeminam
2182 1859 2185 1867 '

1196 1893 1290 1925 -fuisse
1300 1897 1408 1934 putatis
1416 1913 1424 1927 ,
1434 1895 1569 1932 judices?
1588 1893 1680 1933 quam
1688 1893 1838 1934 pudicam,
1859 1904 1924 1935 quae
1937 1905 2008 1925 curn
2019 1898 2110 1925 Verre
2120 1896 2166 1926 lo-

1204 1945 1341 1979 queretur
1352 1948 1361 1970 3
1372 1935 1463 1976 quam
1475 1935 1654 1976 religiosam,
1667 1945 1732 1975 quae
1745 1935 1857 1965 sacrarii
1868 1936 2017 1975 spoliandi
2027 1936 2167 1968 ostende-

1205 1988 1248 2009 ret
1259 1980 1428 2009 rationem?
1447 1981 1486 2007 At
1498 1978 1628 2007 minime
1638 1980 1752 2007 mirum
1763 1997 1771 2011 ,
1790 1987 1856 2018 quae
1866 1978 1942 2008 sacra
1953 1989 2004 2019 per
2014 1979 2164 2010 summam

1204 2020 1414 2051 castimoniam
1424 2021 1582 2053 vii-orum',
1593 2029 1626 2049 ac
1636 2019 1800 2049 mulierum
1813 2017 1895 2054 fiant,
1906 2021 2010 2051 eadem
2019 2031 2071 2061 pei·
2080 2020 2166 2052 istius

1206 2063 1342 2103 stuprum
1351 2083 1360 2096 ,
1376 2073 1410 2092 ac
1419 2061 1567 2103 flagitium
1577 2060 1635 2091 esse
1643 2061 1761 2092 violata.
1792 2061 1873 2103 Qid
1884 2065 1975 2103 ergo?
1993 2063 2052 2093 hoc
2062 2062 2163 2093 solum
2185 2058 2229 2104 46

1193 2106 1358 2135 auditione
1367 2113 1505 2144 expetere
1514 2106 1606 2143 coepit
1615 2122 1623 2137 ,
1641 2113 1710 2133 cum
1722 2103 1751 2132 id
1762 2103 1822 2143 ipse
1832 2113 1897 2133 non
1906 2102 2046 2134 vidiffet?
2061 2102 2163 2135 immo
2250 2102 2253 2115 ⁸

1204 2145 1276 2177 verb
1294 2148 1351 2176 alia
1369 2146 1540 2185 complura:
1564 2154 1602 2174 ex
1612 2144 1721 2185 quibus
1731 2145 1839 2184 eligam
1852 2145 2062 2184 spoliationem
2074 2146 2165 2177 nobi-

1204 2187 1328 2222 lissimi,
1340 2197 1428 2228 atque
1437 2184 1723 2227 antiquissimifani:
1742 2186 1779 2215 de
1797 2196 1853 2226 qua
1870 2188 1968 2226 priore
1985 2186 2104 2218 adtione
2122 2196 2166 2219 te-

1205 2230 1272 2260 steis
1286 2229 1384 2259 dicere
1403 2227 1534 2259 audistis.
1558 2237 1640 2257 nunc
1649 2227 1752 2257 eadem
1764 2227 1814 2257 illa
1826 2248 1834 2261 ‚
1852 2229 1952 2269 quaeso
1964 2249 1973 2262 ‚
1993 2230 2091 2260 audite
2104 2250 2113 2265 ,
2134 2230 2167 2261 &
2194 2255 2195 2258 ,

1204 2272 1364 2312 diligenter
1374 2291 1382 2305 ‚
1397 2269 1468 2300 sicut
1479 2269 1574 2300 adhuc
1583 2268 1706 2302 fecistis,
1716 2269 1868 2299 attendite.
1892 2271 1990 2301 Insula
1999 2271 2042 2301 est
2051 2273 2168 2306 Melita,

1207 2313 1319 2352 judices
1329 2333 1336 2346 ,
1350 2313 1415 2342 satis
1426 2313 1485 2341 lato
1495 2311 1530 2341 ab
1541 2312 1640 2341 Sicilia
1651 2313 1743 2344 mari,
1762 2312 1989 2353 periculosoque
1999 2313 2166 2354 disjun&a:

1203 2352 1238 2385 in
1249 2365 1304 2401 qua
1315 2353 1358 2384 est
1367 2354 1475 2384 eodem
1486 2355 1613 2383 nomine
1624 2352 1773 2392 oppidum
1783 2373 1791 2387 ,
1803 2351 1865 2393 quo
1876 2353 1931 2383 iste
1942 2364 2110 2396 numquam
2121 2364 2169 2385 ac-

1205 2395 1304 2426 cessit:
1325 2395 1408 2436 quod
1429 2404 1530 2425 tamen
1547 2394 1594 2425 isti
1607 2402 1766 2424 res-‘trimam
1775 2397 2002 2435 pertriennium
2014 2397 2049 2427 ad
2058 2397 2169 2427 mulie-
2207 2425 2210 2430 .
2247 2428 2249 2437 ἱ

1206 2438 1290 2468 brem
1301 2437 1417 2467 vestem
1427 2435 1647 2467 conficiendam
1657 2435 1725 2466 fuit.
1750 2437 1797 2466 Ab
1807 2446 1844 2466 eo
1854 2437 1967 2478 oppido
1977 2439 2141 2481 nonionge
2151 2458 2162 2472 ‚

1206 2481 1239 2509 in
1249 2481 1460 2519 promontorio
1471 2478 1577 2508 fanum
1597 2477 1779 2520 estJunonis
1796 2480 1974 2520 antiquum:
1993 2480 2075 2521 quod
2093 2488 2170 2511 tanta
2210 2481 2218 2497 Τ
2246 2481 2258 2507 2:

1206 2523 1351 2562 religione
1363 2522 1477 2561 semper
1486 2520 1554 2554 fuit,
1567 2529 1600 2550 ut
1609 2530 1673 2550 non
1684 2519 1780 2550 mode>
1790 2521 1850 2550 illis
1863 2522 1983 2551 Punicis
1991 2522 2092 2556 bellis,
2102 2531 2168 2563 quae

1206 2565 1238 2592 in
1251 2564 1298 2593 his
1310 2563 1370 2592 fere
1380 2563 1455 2593 locis
1473 2560 1488 2582 ⁶
1500 2563 1597 2592 navali
1607 2563 1694 2602 copia
1704 2560 1792 2603 gesta,
1808 2571 1895 2603 atque
1904 2563 2013 2594 versata
2024 2564 2093 2594 sunt
2103 2575 2109 2593 ;
2121 2560 2169 2594 sed

1207 2607 1297 2634 etiam
1318 2607 1350 2634 in
1369 2606 1421 2635 hac
1437 2604 1615 2644 praedonum
1626 2603 1824 2633 multitudine
1844 2604 1959 2644 semper
1977 2605 2167 2639 inviolatum,

1207 2646 1403 2687 faustumque
1422 2647 1520 2676 fuerit.
1556 2648 1640 2716 Qsin
1658 2647 1746 2675 etiam
1761 2646 1819 2675 hoc
1840 2648 1998 2677 memoriae
2017 2647 2169 2687 proditum

1207 2687 1249 2718 est
1259 2709 1267 2722 ,
1283 2687 1368 2718 class'e
1378 2687 1532 2729 quondam
1543 2690 1594 2717 Ma
1607 2686 1700 2717 iniffae
1714 2689 1790 2727 regis
1800 2686 1836 2717 ad
1848 2697 1918 2717 eum
1929 2687 2033 2719 locum
2042 2688 2169 2729 appulsa,

1214 2729 1389 2769 praefeftum
1400 2731 1516 2770 regium
1528 2729 1643 2759 denteis
1653 2728 1801 2758 eburneos
1813 2748 1822 2762 ,
1839 2728 2012 2759 incredibili
2021 2731 2172 2771 magnitu-

1207 2773 1279 2802 dine
1289 2792 1297 2806 ,
1310 2772 1325 2802 f:
1336 2771 1408 2802 fano
1420 2770 1581 2804 sustulisse,
1591 2771 1623 2801 &
1636 2780 1687 2801 eos
1699 2771 1733 2800 in
1743 2769 1877 2801 Africam
1887 2770 2024 2811 portasse,
2035 2770 2172 2802 Masinis-

2076 2814 2171 2854 saeque

1210 2920 1261 2946 fert
1272 2922 1359 2952 Eginos
1369 2939 1377 2950 ‚
1396 2927 1425 2946 ut
1436 2918 1514 2945 ctiam
1526 2919 1568 2945 ed.
1580 2925 1634 2946 vet.
1654 2919 1711 2945 Pal.
1723 2918 1802 2954 prim.
1813 2921 1953 2952 zAEginnos.
1976 2919 2024 2946 sec.
2036 2922 2147 2953 Eguinos.

1245 2963 1273 2988 4.
1295 2958 1389 2987 Signum
1399 2955 1489 2980 Cereris
1499 2955 1692 2988 perantiquum]
1706 2955 1840 2991 Hittorpii
1852 2963 1926 2982 vetus
1939 2975 1946 2987 ‚
1956 2958 2117 2990 [nantiquum.
2131 2955 2168 2982 itu

1211 2991 1326 3026 Virgilio
1340 3010 1347 3021 ,
1358 2995 1447 3016 incana
1457 2999 1535 3015 menta
1546 3009 1554 3021 ‚
1566 2990 1653 3026 iuquit
1666 2990 1837 3017 Gulielmius.
2133 3015 2138 3020 ‚

1250 3036 1275 3060 5.
1297 3029 1358 3052 Fani
1369 3026 1556 3059 ant.{.7iiae.]·1ta
1568 3025 1805 3057 Priscianus‚lib.V.
1815 3027 1920 3054 Gellius
1931 3026 2054 3054 lib.xi11.
2065 3032 2167 3064 cap.19.

1213 3072 1272 3090 nam
1285 3061 1353 3087 Pali.
1364 3063 1391 3087 εκ-
1402 3062 1513 3087 Gruter.
1526 3063 1642 3093 antistites
1654 3082 1661 3093 ,
1672 3069 1702 3088 ut
1716 3062 1824 3097 vulgati.
2150 3083 2154 3088 .

1249 3099 1277 3124 6.
1296 3100 1398 3134 ‘lezi-aii
1408 3100 1470 3130 copia
1476 3099 1539 3129 gest-2
1550 3117 1557 3129 ,
1568 3098 1635 3134 ὡκ]
1655 3099 1726 3126 Bene
1738 3117 1746 3131 ,
1757 3101 1820 3133 copia
1829 3101 1916 3126 navali
1922 3111 1933 3134 ,-
1943 3098 1993 3126 hoe
2001 3098 2038 3126 est
2047 3103 2169 3135 apparatu

1216 3133 1303 3164 nar-,ili
1316 3153 1324 3168 ,
1337 3133 1387 3160 sive
1398 3132 1528 3161 clastibus.

2057 3162 2202 3202 arms-4
2244 3204 2247 3215 k
