2295 3400
95 1863 133 1888 11

159 112 253 167 194
594 94 663 142 M.
734 90 785 141 T
821 106 854 138 u
888 105 918 136 1.
954 105 1037 146 1321
1073 105 1092 135 1

128 202 142 208 ,
150 177 283 210 accusare
295 184 300 204 z
313 173 346 206 &
355 182 388 204 ea
398 172 519 216 ingenia
527 170 651 202 converti
660 168 696 198 ad
702 168 864 211 perniciem,
875 176 940 207 quae
951 173 1036 196 antea
1043 173 1111 195 ver-

154 220 290 250 sabantur
299 218 332 247 in
342 216 433 247 salute
443 225 529 256 atque
539 213 656 244 auxilio
664 210 800 241 ferendo.
825 208 905 240 Illud
921 209 1011 239 etiam
1027 206 1113 238 resti-

155 269 238 293 terat,
250 259 332 301 quod
342 257 481 288 hesterno
491 256 539 286 dic
548 254 693 287 fecerunt,
705 261 737 283 ut
758 256 768 271 ¹
782 261 809 282 tc
820 255 852 281 in
860 252 910 291 jus
919 250 1111 284 adducerent,

154 312 187 334 ut
197 302 287 333 nobis
296 310 426 340 tempu&
436 308 526 340 quam
537 297 589 328 diu
600 296 768 326 diceremus
780 315 787 327 ,
799 293 996 338 piaestitueres
1005 303 1011 322 ;
1021 301 1113 333 quam

153 354 219 377 rem
228 343 316 374 facile
326 343 342 372 a
351 351 475 381 praetore
491 336 709 380 impetrassent,
727 335 781 366 nisi
791 345 822 366 tu
834 356 842 370 ‚
854 335 935 377 quod
945 333 1017 365 eflet
1025 343 1113 364 tuum

151 387 212 427 jus,
226 386 259 416 ὃς
270 383 407 415 officium
420 403 428 417 ,
439 386 452 402 ²
466 381 618 422 partesque
628 377 787 410 docuisses·
802 388 898 419 neque
908 376 1111 409 nobis-adhuc,

153 438 257 469 praeter
266 436 294 457 tc
305 447 313 460 ‚
325 426 482 467 quisquam
493 423 568 457 fuit,
588 422 641 452 ubi
652 420 789 452 nostrum
798 421 846 461 jus
857 428 959 451 contra
970 419 1038 449 illos
1058 418 1114 448 ob-

154 471 319 500 tineremus
343 478 349 496 2
372 477 470 507 neque
486 466 547 495 illis
565 473 711 506 umquam
729 463 795 494 fatis
806 461 864 492 fuit
874 461 948 492 illud
965 461 1113 499 obtinere,

154 511 236 552 quod
253 509 370 550 probari
388 505 647 548 omnibusposset.
669 507 709 537 ita
719 505 777 546 fine
788 505 895 544 injuria
908 504 1066 546 potentiam
1077 502 1114 531 lc-

155 563 220 583 vem
231 573 239 586 ,
250 560 337 594 arque
346 552 452 593 inopem
460 548 508 588 effi
518 548 706 578 arbitrantur.
718 546 834 577 verum
844 548 989 588 quoniam
1000 545 1055 576 tibi
1066 548 1114 575 in-

153 594 208 626 stat
227 591 402 624 Hortensius
413 613 421 627 ‚
435 601 467 622 ut
476 601 523 623 eas
533 593 565 622 in
576 590 735 622 consilium
749 589 781 619 :a
792 599 842 620 me
852 587 980 629 postulat
997 609 1004 620 ,
1022 597 1058 617 ne
1070 587 1115 616 di-

154 636 251 668 cendo
261 645 380 676 tempus
389 634 543 665 absumam
562 644 568 663 z
585 634 721 675 queritur
729 652 738 666 ‚
752 633 852 672 priore
862 640 988 671 patrono
997 629 1112 660 causam

154 678 336 709 defendente
346 699 354 711 ‚
366 686 535 718 numquam
545 677 673 717 perorari
683 672 810 715 potuifl'e
821 685 825 702 1
837 683 898 703 non
907 675 999 713 patiar
1008 691 1016 705 ‚
1029 670 1114 717 istam

156 731 278 751 manere
287 720 486 760 suspicionem
497 738 506 752 ‚
519 728 574 748 nos
584 716 780 756 remjudicari
789 716 865 745 nolle.
883 725 939 745 nec
950 713 1024 743 illud
1036 713 1113 742 mihi

154 762 308 804 arrogabo,
320 772 370 792 me
379 759 464 802 poffe
473 760 590 791 causam
599 757 795 790 commodius
806 756 1113 799 demonstrare,qu1un

156 814 242 836 antea
259 803 461 835 demonstrata
479 802 514 833 fit
533 813 538 832 :
562 812 659 843 neque
676 810 776 832 tamen
796 809 855 830 tam
870 799 965 829 multa
975 798 1064 827 verba
1073 799 1117 826 ta-

154 849 251 878 ciam:
265 853 418 887 propterca
426 844 507 887 quod
520 844 553 876 &
563 844 599 874 ab
608 844 662 874 1110
672 863 681 877 ,
700 845 753 884 qui
767 842 835 872 ante
846 842 941 874 dixit,
963 839 1118 878 informata

146 890 213 930 jam
223 889 307 928 caufit
316 887 375 918 est:
395 888 428 919 &
438 889 454 918 a
473 897 523 917 me
534 908 542 920 ‚
563 888 615 927 qui
626 895 722 927 neque
733 886 898 925 excogitare
910 903 917 916 ‚
940 891 1035 922 neque
1047 891 1117 921 pro-

152 933 292 962 nuntiare
301 930 396 962 multa
406 928 526 970 possum
539 949 548 962 ‚
561 929 689 958 brevitas
700 926 864 967 postulatur
873 946 881 959 ‚
901 927 966 966 quae
976 925 1118 953 mihimet

154 971 210 1014 ipsi
219 971 397 1003 amiciffima
405 971 458 1002 est.
481 972 600 1001 Faciam
614 990 622 1004 ‚
645 969 727 1011 quod
740 978 767 999 tc
778 969 852 1008 saepe
868 965 1065 997 animadverti
1074 964 1118 995 fa<

154 1025 221 1046 cere
232 1034 240 1048 ‚
252 1012 395 1045 Hortenfi
407 1024 413 1043 z
433 1022 527 1044 totam
537 1012 628 1042 causae
641 1022 715 1042 meae
727 1010 897 1041 dietionem
908 1017 998 1039 certas
1009 1008 1041 1036 in
1051 1017 1116 1047 par-

157 1059 216 1088 teis
233 1055 380 1087 dividam.
403 1059 453 1086 Tu
464 1055 495 1085 id
506 1055 622 1094 semper
635 1053 706 1084 facis
717 1073 725 1086 ‚
738 1055 806 1094 quia
822 1053 935 1091 semper
946 1058 1118 1094 potes..ego

158 1101 194 1130 in
205 1100 259 1129 hac
268 1098 351 1129 causa
360 1097 467 1127 faciam
480 1117 488 1131 ‚
507 1105 661 1136 propterea
670 1094 752 1136 quod
764 1096 795 1124 in
807 1095 859 1124 hac
869 1093 973 1123 videor
982 1090 1063 1131 pofle
1074 1092 1118 1120 ia-

154 1151 235 1171 cere.
259 1139 351 1180 Qod
369 1139 424 1169 tibi
444 1148 546 1169 natura
561 1138 609 1168 dat
620 1158 628 1170 ,
654 1146 686 1167 ut
704 1137 820 1176 semper
837 1133 924 1176 poffis
937 1155 944 1168 ‚
967 1138 979 1161 3
992 1133 1022 1163 id
1041 1134 1116 1162 mihi

154 1183 240 1213 causa
251 1181 392 1212 concedit
404 1202 412 1214 ‚
433 1180 568 1210 uthodie
583 1177 699 1220 poffim.
724 1181 826 1208 Certos
844 1178 921 1207 mihi
932 1175 1018 1205 fineis
1031 1196 1038 1208 ,
1060 1184 1118 1204 ter-

155 1224 318 1264 minosque
329 1222 507 1253 constituam
519 1242 527 1255 ‚
553 1231 633 1251 extra
647 1230 723 1261 quos
740 1219 838 1251 erredi
851 1229 915 1249 non
931 1216 1051 1258 poss‘um
1063 1237 1072 1250 ‚
1097 1215 1118 1245 fi

155 1267 293 1296 maxime
306 1265 400 1295 velim
412 1274 463 1295 :ut
472 1264 504 1295 &
514 1265 593 1294 mihi
602 1261 636 1293 fit
645 1249 832 1303 proposstum
845 1261 881 1290 de
891 1261 953 1301 quo
961 1259 1068 1289 dicam:
1085 1258 1117 1288 &

154 1305 335 1338 Hortensius
351 1306 454 1341 habeat
471 1304 620 1349 expositas
636 1304 670 1334 ad
682 1305 747 1346 qua).
759 1302 934 1343 respondeat
946 1323 953 1335 ,
973 1302 1044 1331 &tu
1057 1321 1064 1334 ,
1084 1303 1117 1330 C.

155 1350 272 1391 Aquilli
285 1350 364 1389 ‚jam
375 1348 442 1379 ante
449 1350 557 1379 animo
565 1346 733 1388 prospicere
744 1345 831 1386 poffis
845 1365 852 1378 ‚
864 1345 972 1385 quibus
983 1343 1018 1373 de
1031 1342 1117 1372 rebus

153 1391 310 1422 auditurus
320 1389 365 1420 fis.
391 1393 545 1433 Negamus
556 1409 564 1422 ,
582 1398 610 1419 te
619 1388 700 1419 bona
708 1391 737 1418 P.
794 1390 883 1417 uintii
894 1407 901 1420 ‚
914 1389 1002 1417 Sexte
1016 1388 1046 1415 N
1049 1386 1115 1418 aevi‚

151 1432 288 1475 poffbdiffie
306 1443 340 1461 ex
358 1430 577 1474 cdiflopraetoris.
600 1435 617 1458 4
627 1432 660 1460 in
678 1440 714 1460 eo
725 1430 842 1471 sponsio
853 1428 928 1459 fabia
936 1427 986 1458 est.
1011 1426 1118 1458 Osten-

156 1476 226 1506 dam
237 1474 372 1515 primum
385 1495 394 1508 ,
404 1475 521 1504 causam
534 1484 597 1504 non
606 1471 694 1503 fuiss'e
703 1493 712 1506 ‚
723 1483 774 1502 cur
785 1471 801 1501 a
811 1480 934 1512 pioetorc
944 1468 1116 1510 postulares,

155 1526 189 1548 ut
198 1517 278 1547 bona
286 1518 443 1558 P.Qintii
453 1514 610 1556 poffideres
624 1526 629 1544 2
648 1514 758 1545 deinde
776 1523 814 1543 ex
826 1512 926 1543 edisto
938 1522 964 1542 te
973 1510 1117 1552 poffidere

155 1569 221 1590 non
230 1557 358 1599 potuiss'e
370 1557 540 1600 :postremo
551 1578 559 1591 ,
570 1567 633 1587 non
643 1554 810 1597 pofl'cdifle.
835 1557 907 1595 Qae
913 1555 943 1585 so
956 1575 963 1588 ,
976 1553 1119 1598 C.Aquil-

155 1602 196 1635 li,
217 1601 330 1642 vosque
340 1621 348 1634 ‚
369 1602 421 1641 qui
440 1599 510 1630 estis
522 1600 554 1630 in
564 1598 691 1631 consilio
700 1618 709 1632 ‚
729 1606 763 1628 ut
771 1618 779 1631 ‚
799 1598 874 1639 quid
885 1597 1039 1637 pollicitus
1050 1598 1116 1628 lim,

155 1643 317 1685 diligenter
335 1644 494 1673 memoriae
509 1639 668 1672 mandetis.
686 1642 802 1670 etenim
813 1642 879 1669 rem'
896 1637 1012 1669 facilius
1024 1644 1116 1667 totam

94 550 145 584 ω’

155 1686 319 1726 accipietis,
330 1682 351 1714 si
363 1686 426 1715 haec
435 1685 653 1715 memineritis:
664 1681 756 1725 &sine
764 1681 852 1712 facile
862 1680 956 1725 vestra
965 1679 1130 1710 existima-'

157 1729 242 1758 tione
261 1726 458 1761 revocabitis,
481 1724 502 1756 fi
519 1733 602 1756 extra
618 1724 673 1755 ho's
690 1724 838 1758 cancellos
859 1722 958 1765 egredi
975 1722 1131 1756 conabors

178 1778 232 1800 uos
245 1789 253 1804 ,
266 1769 343 1799 mihi
354 1768 415 1809 ipse
426 1766 624 1800 circumdedi.
650 1769 738 1807 Nego
749 1764 838 1797 fuiffe
846 1765 986 1798 causam,
1003 1774 1054 1794 eur
1063 1774 1112 1804 po-

156 1779 292 1842 stularet:
306 1820 383 1852 nego
392 1820 430 1840 ex
440 1809 541 1840 edieto
549 1807 694 1850 possidere
704 1807 833 1850 potuiss'e
844 1818 849 1836 :
863 1817 940 1849 nego
948 1805 1117 1847 poss'ediss'e.

158 1854 222 1883 haec
233 1855 288 1883 tria
297 1851 369 1883 cum
380 1852 511 1882 docuero
522 1872 530 1885 ,
543 1851 697 1892 perorabo.
722 1852 787 1879 Non
789 1849 857 1889 fuit
865 1849 961 1888 caufic,
973 1859 1020 1878 cur
1023 1847 1119 1890 postu-

158 1896 238 1924 lares.
262 1893 323 1934 Qui
341 1895 398 1925 hoc
408 1892 672 1935 intelligipotest?
693 1894 762 1934 quia
772 1895 839 1926 Sex.
851 1893 963 1921 Naevio
975 1900 1072 1931 neque
1081 1899 1119 1920 ex

159 1938 308 1967 societatis
318 1937 432 1966 ratione
444 1956 453 1969 ,
473 1945 572 1976 neque
581 1936 723 1975 privatim
732 1933 896 1978 quidquam
907 1933 1013 1964 debuit
1021 1934 1121 1979 Qn-

165 1988 233 2009 tius.

163 2023 236 2051 rius.
259 2023 296 2050 ln
306 2020 398 2050 haere
410 2029 437 2050 te
446 2039 455 2053 ‚
469 2028 497 2050 te
505 2020 630 2060 inquam
641 2039 649 2053 ‚
661 2014 769 2060 testem
779 2038 788 2052 ‚
801 2018 908 2051 Naevi',
921 2017 1029 2047 citabo*-
1053 2018 1120 2058 An7

162 2073 237 2093 num
247 2082 256 2096 ‚
274 2061 308 2092 &
317 2061 477 2092 eodiutius
486 2082 495 2096 ‚
511 2060 579 2102 post
587 2068 721 2091 mortem
733 2057 904 2101 CQintii,
915 2058 1036 2089 &fuit'in
1047 2058 1127 2100 Gala·

155 2107 200 2135 lia
208 2113 309 2135 tecum
321 2102 410 2133 simul
419 2103 575 2146 Qintius.
589 2100 662 2143 doce
671 2122 680 2136 ‚
698 2102 728 2132 'te
737 2100 851 2143 petiiffe
860 2101 897 2131 ab
914 2108 950 2131 eo
962 2100 1047 2131 istam
1064 2105 1123 2131 ne-'

158 2147 218 2177 scio
237 2155 328 2187 quam
338 2165 346 2179 ‚
371 2145 628 2175 innumerabilem
640 2145 799 2184 pecuniam
812 2151 821 2176 ς
843 2142 917 2173 doce
927 2162 936 2176 ,
959 2142 1126 2183 aliquando?¹

157 2190 350 2218 mentionem
360 2185 477 2216 feciffe:
491 2184 599 2217 dixiss‘e
609 2183 856 2216 deberidebuiffe
864 2184 1039 2214 concedam.
1049 2186 1121 2213 Mo—

155 2231 230 2260 ritur
239 2230 422 2269 C.Qintius
433 2239 438 2257 t
450 2230 502 2269 qui
511 2229 566 2258 tibi
577 2249 585 2262 ‚
597 2237 630 2258 ut
638 2230 680 2258 ais
691 2247 700 2261 ‚
723 2225 739 2246 ⁶
749 2228 835 2256 certis
845 2227 932 2256 nomi
938 2225 1124 2266 nibusrgran-

156 2272 228 2302 dem
246 2272 406 2311 pecuniam
429 2270 541 2301 debuit.
571 2271 657 2300 heres
674 2271 739 2308 ejus
750 2271 780 2299 P.
792 2270 936 2309 Qntius
947 2269 980 2297 in
991 2267 1127 2302 Galliam?

157 2313 192 2345 ad
203 2322 230 2343 te
241 2313 341 2353 ipsum
350 2313 436 2342 venit
444 2314 478 2342 in
488 2322 592 2353 agrum
602 2320 804 2342 communem
817 2321 823 2338 z
839 2319 875 2340 eo
885 2309 1027 2349 denique,
1046 2313 1060 2336 7
1071 2308 1123 2338 ubi

290 1980 335 2008 uis
345 1979 415 2008 huic
425 1979 467 2008 rei
476 1976 557 2018 testis
566 1976 608 2007 est
617 1979 628 2006 ?
637 1976 720 2007 idem
731 1996 739 2010 ,
751 1978 804 2017 qui
813 1977 974 2006 acerrimus
985 1974 1130 2005 adversa-¹

1167 87 1701 138 -Ctoanours

1165 174 1233 197 rere.
1258 166 1335 208 Qis
1352 173 1414 196 tam
1432 163 1592 197 dissolutus
1603 167 1635 196 in
1651 175 1681 196 re
1692 165 1835 197 familiari
1843 162 1944 198 fuisset
1956 187 1964 201 ‚
1984 167 2052 208 qu'rs
2064 170 2127 201 tam'

1166 209 1319 251 negligens
1329 228 1338 242 ‚
1349 210 1415 249 quis
1425 218 1486 239 tam
1496 210 1560 242 tui,
1572 211 1662 238 Sexte
1670 228 1679 242 ,
1693 207 1843 239 diffimilis
1853 228 1861 243 ‚
1873 211 1943 250 qui,
1955 208 2027 240 curn
2038 219 2083 240 res
2091 210 2130 241 ab

1169 261 1206 281 eo
1218 271 1226 284 ,
1251 247 1266 270 5
1275 252 1400 292 quicum
1411 248 1605 281 contraxiss'et
1617 271 1626 283 ,
1637 248 1791 281 receffiss'et
1802 271 1810 284 ‚
1823 251 1856 281 &
1865 251 1900 281 ad
1913 251 2052 282 heredem
2062 261 2130 292 per-

1165 291 1292 324 venisset
1305 312 1314 326 .
1334 303 1398 323 non
1409 292 1549 323 heredem
1563 313 1571 325 ,
1590 291 1663 322 cum
1672 292 1809 333 primum
1819 291 1957 327 vidisset,
1970 295 2130 325 certiorem

1166 335 1273 366 faceret
1285 338 1295 364 ?
1311 335 1490 375 appellaret?
1501 338 1649 365 rationem
1660 333 1796 365 afferret?
1809 334 1904 376 fiquid
1914 337 1946 366 in
1956 344 2133 366 controver-

1167 376 1237 408 slam
1247 380 1364 410 veniret
1373 397 1382 410 ‚
1396 385 1447 408 aut
1455 377 1533 406 intra
1541 376 1661 417 parietes
1671 397 1680 411 ‚
1690 378 1925 417 autficmmojure
1935 379 2135 418 experiretur?
2155 399 2160 404 .

1166 424 1180 447 9
1192 422 1296 451 Itane?
1314 418 1396 460 quod
1406 420 1463 449 viri
1473 420 1583 459 optimi
1599 417 1731 453 faciunt,
1750 420 1771 449 ii
1783 421 1835 460 qui
1853 420 1921 450 suos
1931 421 2131 460 propinquos,

1168 473 1199 492 ac
1210 459 1396 494 necessarios,
1408 464 1521 491 ¹0caros
1533 460 1565 490 &
1574 460 1716 491 honestos
1726 459 1886 502 ess‘e,atque
1897 462 1999 491 haberi
2008 462 2132 496 volunt;

1167 504 1197 537 id
1209 507 1277 535 Sex.
1290 505 1416 534 Naevius
1424 513 1490 533 non
1499 501 1607 533 faceret
1618 523 1626 536 ‚
1647 505 1699 544 qui
1709 503 1800 543 usque
1810 502 1849 533 eo
1861 507 1885 523 ¹¹
1897 502 1994 533 fervet
2003 523 2011 538 ‚
2022 502 2132 533 fertur-

1168 557 1225 586 que
1235 545 1368 574 avaritia
1378 565 1386 579 ‚
1405 552 1439 575 ut
1449 545 1485 575 de
1495 545 1554 575 suis
1563 544 1737 575 commodis
1748 548 1776 564 ¹2
1787 545 1919 586 aliquam
1930 554 2041 585 partem
2052 545 2133 576 nolit

1167 589 1303 618 amittere
1314 608 1322 620 ,
1337 591 1364 615 ¹3
1379 597 1416 618 ne
1426 597 1516 628 quam
1527 595 1640 627 partem
1651 587 1722 617 huic
1729 589 1901 629 propinquo
1915 588 1968 617 suo
1980 587 2072 617 ullius
2081 596 2133 617 or-

1170 631 1306 667 namenti
1316 630 1483 670 relinquat?
1505 630 1577 660 Etis
1585 630 1746 669 pecuniam
1757 649 1766 663 ‚
1779 628 1799 658 fi
1809 639 1866 670 qua
1875 628 2051 663 deberetur,
2062 639 2128 659 non

1170 680 1300 712 peteret,
1312 674 1382 713 qui,
1393 673 1462 713 quia
1473 691 1481 706 ,
1491 670 1573 713 quod
1584 670 1721 701 debitum
1732 681 1899 712 numquam
1911 670 1955 702 est
1965 691 1974 705 ‚
1987 671 2018 702 id
2027 670 2132 702 datum

1172 723 1235 744 non
1246 713 1289 744 est
1303 734 1311 748 ‚
1332 723 1396 744 non
1404 721 1552 756 pecuinam
1562 711 1657 744 modo
1670 733 1678 747 ,
1696 713 1805 743 verum
1815 716 1906 744 etiam
1917 714 2052 743 hominis
2061 722 2133 753 pro-

1168 757 1275 796 pinqui
1281 756 1450 796 sanguinem
1460 776 1468 790 ‚
1479 757 1634 796 vitamque
1644 757 1756 796 eripere
1765 765 1888 786 conatur
1899 758 1909 785 ?
1927 757 2010 786 Huic
2021 764 2052 786 tu
2062 765 2133 786 mo-

1172 797 1261 828 lestus
1281 796 1339 828 effe
1349 797 1488 828 videlicet
1499 796 1624 828 noluisti
1642 818 1651 832 ‚
1674 807 1765 838 quem
1783 808 1865 828 nunc
1881 798 2019 838 respirare
2036 797 2133 828 libere.

1169 849 1235 871 non
1245 838 1335 870 finis?
1351 849 1443 880 quem
1453 838 1708 870 nunc-interficere
1719 838 1833 870 nefarie
1843 841 1927 880 cupis
1940 860 1948 873 ,
1975 842 2005 866 ¹4
2013 849 2085 870 eum
2094 847 2129 870 tu

1167 881 1315 922 pudenter
1332 881 1478 922 appellare
1497 881 1641 912 nolebas?
1664 884 1707 912 Ita
1723 882 1822 912 credo».
1835 883 1996 913 hominem
2005 883 2131 922 propin-

1169 934 1266 965 quum
1277 945 1285 957 ‚
1298 926 1341 954 tui
1351 924 1560 954 observantem
1571 943 1580 957 ‚
1592 925 1694 954 virum
1704 923 1823 954 bonum
1833 944 1842 957 ‚
1862 923 2026 965 pudentem
2038 943 2046 957 ‚
2065 932 2132 954 ma-

1166 967 1266 1006 jorem
1277 975 1347 996 natu
1357 986 1366 1000 ,
1379 966 1501 996 nolebas
1511 986 1519 1000 ‚
1540 974 1591 995 aut
1599 975 1664 996 non
1675 966 1801 996 audebas
1811 966 1966 1006 appellare.
1983 964 2065 1006 ‘saepe
2077 985 2085 999 ‚
2097 972 2132 996 ut

1173 1007 1224 1042 fit,
1247 1006 1319 1038 cum
1336 1008 1398 1048 ipse
1417 1017 1444 1038 te
1460 1006 1665 1039 confirmasses
1676 1028 1685 1042 ,
1708 1007 1781 1038 cum
1800 1006 1943 1038 statuiss'es
1954 1008 1991 1038 de
2005 1009 2132 1048 pecunia

1170 1052 1360 1080 mentionem
1379 1049 1473 1081 facere
1486 1071 1494 1083 ‚
1515 1049 1584 1079 curn
1597 1058 1711 1090 paratus
1723 1070 1731 1083 ,
1753 1050 1971 1091 meditatusque
1988 1048 2131 1084 veniffes;

1173 1093 1269 1122 homo
1280 1092 1407 1122 timidus
1417 1112 1425 1125 ‚
1444 1092 1584 1132 virginali
1594 1091 1758 1121 verecundia
1772 1113 1780 1125 ,
1800 1091 1899 1122 subito
1911 1092 1970 1132 ipse
1981 1100 2009 1121 te
2019 1093 2132 1122 retine-

1172 1134 1263 1164 nebas
1282 1144 1288 1163 :
1308 1133 1463 1164 excidebat
1475 1135 1596 1173 repente
1615 1135 1722 1164 oratio.
1743 1133 1816 1164 cum
1833 1143 1954 1174 cuperes
1973 1133 2130 1174 appellare,

1170 1186 1234 1206 non
1242 1175 1381 1209 audebam,
1392 1185 1430 1205 ne
1440 1177 1553 1206 invitus
1563 1175 1688 1206 audiret.
1700 1175 1731 1205 id
1741 1184 1801 1206 erat
1808 1174 1957 1216 presedit).
1967 1175 2130 1206 Credamus

1169 1219 1245 1252 hoo,
1262 1220 1330 1248 Sex.
1341 1219 1486 1248 Naevium
1498 1238 1506 1251 ‚
1530 1220 1634 1256 CuJus
1642 1225 1908 1259 caputoppugnet‚
1930 1217 1994 1258 ejus
2010 1217 2132 1248 auribus

1169 1258 1339 1300 pepercrffe.
1361 1262 1392 1290 Si
1400 1258 1548 1290 debuiss'et
1558 1280 1566 1293 ‚
1585 1262 1673 1290 Sexte
1683 1279 1691 1293 ,
1701 1258 1820 1299 petisses
1830 1259 1928 1290 statim
1939 1271 1948 1294 3
1968 1258 1990 1289 fi
1998 1269 2064 1290 non
2074 1258 2132 1290 sta-

1171 1305 1228 1332 tim
1239 1322 1248 1336 ‚
1265 1302 1367 1342 paullo
1376 1301 1499 1342 quidem
1510 1301 1576 1342 post
1588 1313 1598 1335 3
1614 1300 1636 1330 fi
1646 1310 1711 1331 non
1721 1302 1810 1342 paulo
1819 1321 1828 1336 ,
1846 1310 1875 1332 at
1884 1301 2038 1342 aliquanto
2047 1313 2056 1336 ς
2077 1301 2130 1332 sex

1170 1343 1294 1385 quidem
1313 1343 1375 1373 illis
1393 1342 1546 1373 mensibus
1559 1341 1694 1384 profecto
1706 1355 1715 1377 3
1739 1353 1827 1374 anno
1837 1352 1972 1374 vertente
1982 1342 2044 1375 fine
2053 1353 2130 1374 con-

1169 1384 1315 1416 troversia.
1340 1389 1432 1416 Anno
1452 1385 1484 1416 δε
1495 1386 1547 1416 sex
1556 1384 1709 1416 menfibus
1718 1385 1792 1416 vero
1803 1406 1812 1419 .
1835 1384 1908 1416 cum
1927 1386 1982 1416 tibi
1991 1385 2130 1427 quotidie

1169 1427 1295 1468 potestas
1304 1429 1441 1457 hominis
1451 1426 1553 1458 fuiss'et
1562 1427 1766 1462 admonendi,
1779 1428 1906 1459 verbum
1917 1428 2038 1458 nulium
2047 1427 2131 1458 facis.

1169 1471 1296 1501 biennio
1301 1472 1364 1510 jam
1375 1468 1516 1500 confesso
1525 1469 1588 1499 fere
1599 1489 1608 1502 ‚
1620 1469 1757 1510 appellas.
1786 1472 1862 1511 Qis
1873 1478 1935 1500 tam
1942 1469 2087 1510 perditus,
2098 1479 2132 1500 ac

1169 1512 1307 1552 profusus
1316 1521 1411 1552 nepos
1421 1531 1429 1546 ,
1451 1521 1515 1542 non
1524 1512 1607 1542 adesa
1612 1513 1676 1552 jam
1687 1532 1696 1544 ,
1707 1511 1755 1542 sed
1763 1511 1928 1542 abundanti
1936 1514 2028 1542 etiam
2038 1522 2130 1552 pecu-

2150 1177 2195 1215 12

1170 1557 1219 1585 nia
1230 1575 1238 1588 ‚
1259 1552 1296 1584 fic
1306 1553 1466 1584 difl'olutus
1482 1552 1601 1587 fuisset,
1622 1561 1655 1584 ut
1669 1553 1728 1583 fuit
1736 1557 1804 1584 Sex.
1815 1555 1963 1585 Naevius?
1981 1552 2129 1591 Cumho-
2178 1560 2179 1563 ’

1171 1599 1289 1627 minem
1303 1597 1452 1629 nomino,
1474 1596 1541 1634 satis
1559 1597 1639 1628 mihi
1655 1595 1761 1626 videor
1769 1595 1878 1634 dicere.
1901 1595 2017 1626 Debuit
2025 1595 2128 1627 tibicz

1169 1640 1323 1684 Qintius'ss
1335 1641 1504 1679 numquam
1521 1637 1631 1678 petisti.
1644 1646 1783 1668 mortuus
1792 1637 1899 1678 eli—ille
1912 1640 1918 1668 i
1936 1647 1984 1669 res
1997 1637 2132 1672 ,adhere‘ss

1169 1681 1240 1711 dem
1250 1683 1342 1712 venit.
1352 1678 1426 1720 cum
1435 1679 1652 1721 eumtquotidie
1659 1680 1786 1714 videres,
1795 1679 1864 1720 post·
1871 1680 2033 1717 biennium
2039 1679 2131 1711 'deni‘-

1169 1730 1227 1764 que
1236 1719 1373 1763 app‘e'll'as.
1393 1721 1592 1752 Dubitabitur
1599 1742 1608 1756 ,
1619 1721 1966 1762 utrumfitpn'obabillus,
1976 1722 2134 1753 sem-Na}-

1169 1768 1258 1796 vium³
1267 1765 1384 1798 statinus,
1405 1762 1426 1793 fi
1436 1763 1508 1805 quid
1519 1763 1693 1798 deberetur,
1710 1766 1877 1804 petiturum
1890 1761 1995 1794 fuisse:
2012 1773 2050 1794 an
2061 1783 2070 1798 ‚
2091 1766 2132 1793 ne'

1168 1808 1382 1848 appellaturum
1390 1805 1516 1849 quidem
1526 1806 1654 1836 biennio
1666 1808 1677 1836 ?
1690 1804 1866 1848 Appellandi
1877 1813 1984 1848 tempus
1993 1816 2046 1835 non
2054 1807 2131 1835 erat?

1173 1853 1201 1877 ¹5
1210 1853 1250 1880 At
1259 1858 1359 1880 tecum
1369 1845 1663 1889 plus‘annur‘nrvixit.
1685 1850 1720 1877 In
1730 1848 1828 1877 Gallia
1843 1848 1954 1888 aginon
1962 1848 2058 1888 potuit
2069 1851 2082 1878 ἓ
2091 1850 2133 1878 At

1170 1893 1202 1922 δε
1211 1894 1244 1922 in
1251 1893 1407 1932 provincia
1416 1891 1465 1931 jus
1475 1889 1638 1925 dicebatun
1649 1890 1682 1920 δε
1691 1890 1921 1929 Romae-juchcia
1932 1887 2051 1920 fiebant.
2062 1891 2128 1920 Re-

1171 1934 1224 1964 stat
1233 1954 1241 1968 ,
1252 1942 1293 1972 ut
1302 1942 1352 1964 aut
1366 1933 1485 1970 summa
1493 1929 1730 1974 rregligmiiartibi
1741 1931 1889 1962 obstiterit
1898 1952 1908 1966 ,
1925 1939 1976 1962 aut
1985 1933 2074 1962 unica
2089 1931 2130 1961 li‘-

1172 1975 1312 2005 haalim.
1335 1977 1365 2006 Si
1375 1975 1590 2017 'negligentiam
1600 1974 1681 2004 dices
1693 1985 1698 2003 ε
1719 1974 1910 2004 mirabimur.
1922 1971 1943 2003 fi
1953 1973 2131 2004 bonitatem:

1171 2013 1351 2056 ridebimus.
1363 2020 1461 2058 neq'ue
1471 2018 1608 2058 praeterea
1614 2015 1689 2057 quid
1699 2014 1787 2056 poffis
1798 2012 1915 2050 dicere,
1926 2017 2064 2046 in'x'renio.
2080 2018 2132 2054 Sa-
2149 2011 2156 2016 ⁸

1171 2062 1210 2090 tis
1220 2059 1264 2090 est
1273 2059 1460 2101 argumenti,
1471 2057 1765 2095 nihilneffedebitum
1776 2054 1907 2091 Nae'vioj
1923 2056 2005 2097 quo'd
2016 2057 2131 2087 tamdiu

1172 2103 1249 2137 nihii
1259 2101 1381 2141 petiere..

1171 2140 1444 2175 testimon'fdseffei
1459 2142 1543 2171 ‘nihil
1553 2141 1654 2171 deberi
1665 2144 1676 2171 ?
1689 2140 1763 2182 quid
1781 2142 1866 2170 eni-m
1886 2146 1968 2170 n'unc
1986 2142 2046 2181 agit
2060 2143 2131 2171 Sex'.

1173 2186 1299 2214 Naevius
1310 2186 1321 2213 ?
1332 2193 1389 2224 qua
1398 2183 1435 2213 de
1444 2192 1474 2212 re
1483 2181 1682 2213 controversia
1691 2182 1747 2213 est?
1756 2182 1838 2223 quod
1850 2181 1892 2212 cst
1901 2183 1959 2212 hoc
1967 2182 2132 2221 judicium,

1172 2226 1204 2255 in
1215 2235 1276 2266 quo
1290 2225 1355 2264 jam
1365 2225 1523 2255 biennium
1544 2225 1695 2254 versamur
1708 2227 1719 2254 ?
1739 2224 1814 2265 quid
1825 2226 1938 2265 negotii
1948 2226 2058 2264 geritur
2070 2245 2079 2258 ,
2098 2226 2133 2257 in

1172 2277 1233 2307 quo
1244 2267 1296 2296 ille
1308 2275 1368 2299 tot,
1381 2266 1414 2296 &
1423 2266 1505 2296 taleis
1515 2267 1596 2296 viros
1605 2265 1745 2306 defatigat
1757 2269 1766 2296 ?
1776 2267 1926 2295 Pecuniam
1930 2267 2017 2307 petit.
2041 2269 2138 2304 Nunc

1174 2309 1323 2349 denique?
1344 2307 1371 2327 ¹⁶
1383 2318 1481 2337 verum
1493 2315 1584 2337 tamen
1592 2309 1675 2350 petit.
1685 2307 1850 2338 audiamus.
1874 2311 1922 2338 De
1932 2306 2088 2340 rationibus
2098 2309 2135 2342 <3-

159 2366 223 2387 non
233 2353 329 2386 modo
340 2364 380 2384 res
398 2356 475 2389 erat',
493 2354 543 2385 sed
554 2355 628 2384 ratio
636 2363 755 2395 quoque
766 2353 867 2383 omnis
878 2371 887 2386 ‚
914 2351 947 2389 Sc
957 2359 1064 2381 omnes
1073 2350 1126 2379 lite
1148 2370 1152 2392 ‚
1175 2358 1265 2380 contro
1271 2350 1505 2392 vcrfiisfhcietaru
1512 2349 1580 2380 vult
1587 2349 1753 2390 dijudicari.
1764 2348 1846 2382 Sero.
1858 2350 1964 2381 verum
1973 2350 2135 2392 aliquando

2013 2400 2116 2423 tamen
2126 2403 2135 2423 ζ

197 2505 219 2522 x.
241 2497 268 2522 Te
289 2499 314 2521 in
335 2497 380 2529 jus
401 2495 570 2530 adducemur]
584 2492 641 2522 Pal.
652 2494 702 2521 stc.
713 2501 777 2521 tert.
788 2493 850 2521 cdd.
862 2494 977 2530 autiquae
986 2495 1108 2520 educerent
1120 2513 1128 2526 ‚

161 2532 314 2569 placuitque
334 2532 483 2559 oulielmio
503 2550 513 2563 ,
540 2531 736 2568 confirmatque
767 2531 826 2558 loco
846 2532 925 2558 Orat.
953 2541 1000 2567 pro
1019 2531 1129 2557 Plancio

158 2578 187 2595 aa
209 2588 215 2594 .
225 2578 242 2594 τ.
266 2588 272 2594 .
292 2577 324 2594 η’.

187 2578 222 2630 ξ..
242 2577 370 2638 {nivesque
392 2604 526 2637 docuisses]
547 2603 632 2631 iidem
643 2603 706 2635 cusi,
723 2602 805 2630 iidem
816 2602 874 2630 mfl‘.
889 2604 995 2638 reficfiguc
1004 2603 1109 2637 docuisset
1120 2623 1128 2636 ,

159 2639 208 2668 nifi
220 2639 290 2677 quod
302 2640 358 2666 Pal.
370 2648 457 2676 quart.
469 2640 577 2666 eraserit
587 2639 762 2676 qtte‚absstque
776 2640 845 2667 libro
855 2641 883 2666 S.
894 2640 1022 2666 vrum-is.

219 2697 225 2702 .
244 2676 553 2710 1dmi.12icaus'aconcedit.]
574 2678 614 2702 lta
623 2686 715 2702 omues
728 2676 798 2703 l‘all.
818 2684 914 2712 praeter
952 2676 1048 2702 rimum
1061 2694 1069 2707 ‚
1090 2675 1128 2702 ita

160 2685 222 2739 edd.
233 2712 336 2749 prii'cae,
357 2713 393 2740 ita
403 2711 460 2739 mss.
472 2723 538 2749 quos
549 2712 659 2739 excuffit
674 2713 847 2740 Hotomanus
858 2731 867 2744 ,
886 2685 1049 2740 Gulielmius
1061 2731 1070 2744 ,
1091 2712 1130 2738 ita

162 2750 244 2775 Grut.
255 2750 310 2785 post
320 2748 371 2776 cusi
384 2768 392 2781 ,
402 2749 475 2782 causa
484 2749 536 2774 dat.
548 2758 593 2775 cur
603 2747 709 2775 obsecro
721 2750 731 2776 ?

198 2793 226 2817 4.
247 2789 276 2811 1η
294 2795 317 2811 το
330 2786 414 2819 sponsio
427 2787 499 2818 fasla
516 2785 576 2819 effi]
601 2785 745 2812 Lambinus
756 2788 770 2811 ὲ
782 2785 839 2811 mss.
851 2792 880 2812 ut
890 2784 947 2816 ait5
966 2786 992 2810 in
1001 2794 1028 2811 ea
1037 2786 1130 2817 verba,-

166 2820 207 2846 {ed
219 2829 315 2857 practer
325 2820 386 2847 cdd.
398 2830 489 2847 omues
499 2821 525 2846 Sc
541 2821 704 2847 membranas
717 2822 825 2848 nostras.

204 2866 229 2890 5.
252 2860 308 2883 Fuit
325 2860 351 2882 in
370 2859 450 2883 Gallia
469 2857 570 2892 tecum]
591 2859 618 2884 S.
630 2857 772 2885 Vitium&
784 2857 870 2886 Palat.
882 2857 1129 2884 secter-teanum.

167 2893 238 2929 qued
250 2893 348 2920 retinet
359 2892 532 2918 Gulielmius.

202 2930 230 2955 6.
251 2930 326 2955 Certis
337 2930 493 2963 nominibus]
519 2930 610 2965 Inepti-
621 2929 679 2955 heic
692 2929 834 2957 Lambinus
856 2928 981 2956 sollicitat
999 2936 1130 2965 receptam

168 2964 324 2995 lestionem,
335 2964 476 3000 laudatque
487 2965 564 2996 rcfs'is,
579 2973 671 2992 contra
683 2966 845 2993 edd.01nnes
857 2967 884 2992 St
896 2965 954 2992 mss.
966 2965 1076 2992 nostros.

202 3009 231 3035 7.
252 3003 294 3026 tlh:
302 3011 346 3027 nm
356 3001 418 3026 modo
428 3010 464 3027 res
475 3001 553 3036 crat]
574 3002 675 3028 Vocula
684 3009 748 3034 erae,
760 3012 811 3030 nou
823 3002 908 3029 exstat
919 3002 945 3029 iu
957 3001 1014 3029 Pal.
1025 3000 1130 3030 secund.

169 3044 212 3064 aut
225 3045 289 3064 tert.
631 3055 633 3057 -

205 3073 233 3100 8.
252 3075 300 3106 Qi
309 3082 360 3098 cum
369 3073 543 3106 contrciwffns}
555 3073 633 3099 Haud
646 3074 723 3100 aliter
741 3073 793 3101 cusi
803 3084 914 3102 avorum
923 3083 981 3100 oevo
991 3073 1130 3110 publicati,

170 3111 234 3136 item
246 3109 312 3136 liber
323 3111 350 3148 S.
360 3109 477 3135 Victoris
491 3129 498 3143 ,
509 3110 536 3136 ὃ(
548 3110 606 3138 Pal.
616 3118 706 3147 quart.
717 3111 762 3140 alii
773 3111 854 3141 nostri
861 3115 907 3148 qui
916 3111 1082 3146 eontraxg'ffetg
1101 3117 1130 3138 ut

168 3156 191 3175 νε
199 3147 218 3175 -i
231 3145 312 3174 medii
322 3145 463 3177 editiones.

1210 2503 1240 2530 9.
1260 2498 1300 2521 Ira
1309 2505 1336 2521 m·
1347 2499 1357 2522 ?
1367 2497 1428 2529 quosy
1434 2497 1488 2520 viri
1495 2498 1574 2527 optimi
1579 2497 1686 2527 faciunt,
1694 2497 1715 2521 ii
1722 2495 1822 2529 qteifhos
1833 2514 1841 2526 ‚
1850 2493 1918 2528 ότι]
1931 2494 2078 2522 Restitutio
2087 2493 2138 2521 de-

1151 2510 1155 2550 Ι
1175 2530 1230 2557 bita
1249 2530 1316 2557 libro
1328 2532 1426 2558 Mureti
1440 2550 1448 2562 ,
1467 2531 1638 2567 prodiditque
1655 2541 1713 2557 eam
1723 2529 1771 2557 lib.
1783 2541 1845 2558 Χνι.
1858 2533 1919 2557 Var.
1930 2531 1995 2558 least.
2006 2540 2063 2567 cap.
2076 2530 2137 2557 vul—

1174 2568 1229 2602 gati
1242 2578 1247 2594 ε
1270 2570 1338 2593 Itan:
1356 2572 1391 2593 cf?
1401 2571 1412 2594 ,2
1429 2568 1489 2601 quod
1496 2571 1548 2594 viri
1557 2570 1736 2602 optimifaciunt
1747 2585 1755 2598 ,
1767 2566 1792 2601 si
1800 2568 1898 2602 qm'suos
1910 2586 1918 2599 ‚
1928 2568 1980 2598 ὼε.
2000 2568 2136 2595 Hotoma—

1176 2613 1224 2629 nus
1235 2603 1291 2629 heit-
1302 2604 1368 2630 mire
1380 2603 1503 2630 ham-ebat.

1215 2649 1256 2666 10.
1277 2644 1351 2665 Caras
1361 2640 1390 2671 ἐν
1399 2642 1497 2672 honestos
1507 2639 1573 2673 effin]
1586 2638 1686 2666 Rec‘te.
1696 2649 1729 2667 ne
1750 2647 1782 2666 ue
1793 2638 1863 2666 secus
1875 2638 1932 2666 mff.
1943 2639 2035 2666 nostri.

1215 2685 1255 2706 11,
1277 2677 1490 2710 Howctfirtnrque
1499 2677 1638 2709 avaritia]
1660 2676 1716 2703 Pal.
1741 2685 1778 2702 ec.
1791 2685 1820 2702 ac
1831 2677 1988 2709 tei-nfemit.
2007 2675 2095 2711 quint.
2105 2674 2135 2701 8:

1176 2711 1243 2738 sext.
1253 2713 1419 2746 &fin-turque.
1431 2712 1483 2738 fuit
1495 2711 1593 2738 scilicet
1601 2713 1756 2746 efferturque.
1769 2712 1861 2747 itaquo
1870 2711 2065 2739 rescribendum
2076 2710 2136 2738 for-

1176 2747 1237 2775 tass‘c
1243 2750 1321 2782 fei-ait
1330 2749 1471 2783 effirturque
1480 2750 1602 2774 avaritia.

1214 2793 1257 2810 12.
1276 2786 1489 2818 Aliquampartem
1498 2785 1555 2809 nolit
1564 2783 1697 2818 amittere]
1711 2784 1739 2810 S.
1748 2783 1880 2816 ViStoris,
1888 2783 1955 2811 item
1965 2784 2022 2812 Pal.
2032 2792 2075 2820 pr.
2084 2782 2136 2811 sec.

1176 2827 1240 2847 tert.
1251 2823 1321 2846 velit.
1333 2820 1452 2849 &seteri
1465 2839 1474 2852 ,
1483 2822 1586 2846 amittere
1596 2839 1605 2851 ,
1617 2820 1656 2845 vel
1668 2823 1816 2846 committere.

1215 2865 1256 2892 13·
1275 2859 1311 2882 Ne
1319 2865 1390 2891 quam
1395 2864 1491 2889 partem
1499 2858 1553 2881 huic
1558 2856 1711 2890 propinqum]
1724 2855 1869 2883 Lambinus
1875 2863 1912 2888 ,ut
1920 2858 2074 2891 aliquam‚ex
2085 2853 2134 2883 ms.

1176 2899 1205 2919 ut
1215 2893 1263 2919 ait.
1285 2901 1375 2919 verum
1386 2892 1439 2919 tale
1450 2891 1515 2918 nihil
1525 2892 1553 2917 iu
1564 2891 1670 2919 nostris.

1215 2936 1256 2962 14.
1276 2932 1337 2954 Eum
1347 2936 1373 2954 tu
1378 2928 1520 2962 pudentem]
1534 2929 1574 2954 lta
1587 2927 1672 2959 major
1682 2936 1740 2968 pars
1750 2927 1808 2954 mss'.
1819 2926 1864 2954 alii
1874 2934 1924 2953 tum
1933 2939 1942 2960 ,-
1952 2926 2014 2954 edd.
2028 2927 2136 2955 vetustae

1175 2964 1269 2992 habent
1282 2984 1290 2997 ,
1299 2965 1455 2997 impudenter.
1473 2964 1515 2989 cui
1525 2964 1605 2990 ctiam
1615 2963 1659 2990 sua
1671 2973 1709 2990 vis
1721 2983 1729 2996 ,
1741 2964 1796 2990 imo
1808 2964 1837 2989 &
1846 2964 1943 2999 gratia.

1216 3011 1224 3028 1
1232 3011 1257 3035 5.
1276 3004 1310 3027 At
1319 3008 1392 3026 tecum
1397 3003 1454 3034 plm-
1463 3009 1552 3026 annum
1561 2999 1654 3034 vixit]
1675 3001 1715 3027 Ita
1764 2999 1860 3026 tissima
1868 3008 1927 3036 pars
1940 2999 2135 3031 Palatinornnr.

1175 3037 1212 3064 ita
1222 3038 1250 3064 S.
1259 3036 1333 3063 Vita.
1343 3037 1381 3063 ita
1391 3037 1473 3064 Grut.
1483 3038 1605 3070 annoplm
1613 3036 1686 3073 prius
1698 3009 1866 3073 vulgabatur.
1885 3035 1957 3072 quod
1967 3037 2033 3063 item
2042 3035 2135 3072 displi-

1176 3080 1266 3100 cuerat
1278 3074 1443 3100 Hotomano.
2122 3093 2127 3098 .

1215 3110 1247 3136 16
1250 3129 1257 3136 .
1277 3113 1438 3138 Verumtamen
1449 3107 1538 3144 patin]
1565 3109 1593 3137 Si
1604 3107 1725 3146 sequendi
1745 3107 1828 3137 iidem
1847 3107 1949 3137 codices
1961 3127 1972 3142 ‚
1990 3106 2136 3136 rescriben-

1153 3160 1157 3175 ι
1177 3145 1241 3174 dum
1256 3152 1335 3179 fetat.

2081 3187 2106 3208 ι.
2115 3180 2150 3210 19,

1400 2098 1513 2142 QidJfi
1524 2101 1583 2130 hoc
1591 2100 1689 2139 ipsum
1700 2119 1708 2133 ‚
1720 2097 1991 2140 quodnunefacit,
2003 2097 2130 2129 offendo
2149 2098 2197 2147 13¹
