2297 3389
494 137 765 186 OnArio
820 151 939 184 rito
996 138 1052 185 A.
1086 135 1432 185 CLUEi-irio
1475 132 1698 187 ‘Arsit-0.

1981 139 2075 203 369

107 222 280 260 pugnarunt
289 238 298 252 ,
310 215 382 249 cum
395 216 458 249 haec
469 217 652 249 recusarent,
670 216 704 246 &
713 206 809 256 palam
824 213 985 245 fortiffime
995 234 1002 247 ,
1027 223 1071 245 at-
1088 210 1094 236 ¹
1113 225 1204 264 quam
1217 215 1275 248 esse
1285 215 1446 248 confirmo.
1470 217 1518 248 scd
1531 218 1588 248 hoc
1597 217 1743 258 polliceor
1752 215 1907 248 omnibm,
1925 215 1942 246 si
1953 219 1999 247 cui
2011 215 2073 246 for-

107 269 168 300 que
178 258 383 290 honestiffime
393 259 526 290 dicerent
535 277 544 292 ,
557 258 585 288 se
594 256 722 298 potuisse
734 258 741 293 j
746 257 846 287 udicio
857 256 961 296 populi
971 258 1065 286 Rom.

108 301 144 330 in
161 299 376 341 ampliffimum
394 301 497 331 locum
512 300 671 338 pervenire,
697 297 778 328 sisua
787 297 882 328 studia
892 297 928 327 ad
938 298 1070 326 honores

106 342 254 381 petendos
263 341 399 373 conferre
410 340 591 372 voluiffent:
608 341 666 372 sese
677 338 783 371 vidiffe
793 360 802 372 ,
816 341 848 370 in
861 349 893 369 ea
902 340 962 369 vim
972 338 1069 379 qualis

105 384 247 423 splendor
256 382 361 413 inefl'et
370 403 379 416 ,
400 392 509 424 quanta
517 391 694 413 ornamenta
703 401 712 416 ,
725 392 790 423 qua:
800 381 928 422 dignitas
941 390 947 409 z
963 389 1029 421 quae
1041 380 1069 409 se

106 434 172 455 non
181 423 367 455 contemsisse
378 444 386 458 .
399 425 446 455 sed
456 424 563 455 ordine
574 425 626 455 suo
636 444 645 458 ,
656 433 833 465 patrumque
845 423 979 455 suorum,
990 431 1065 452 con-

106 464 319 496 tentosfuisse:
338 466 371 496 &
381 467 478 496 vitam
486 467 565 496 illam
579 467 765 508 tranquiuam
774 486 783 500 ‚
799 465 833 495 δε
845 466 978 505 quietam
989 483 998 497 ,
1018 473 1066 493 re-

107 515 224 537 motam
234 507 250 538 a
259 508 400 548 procellis
410 508 606 541 invidiarum,
619 509 651 539 &
661 507 871 547 hujuscemodi
880 505 1063 544 judiciorum

104 547 262 581 amfradhi,
275 550 356 590 sequi
368 548 512 581 maluisse.
532 559 582 580 aut
591 549 644 580 sibi
654 550 689 580 ad
700 551 830 580 honores
839 548 985 589 petendos
996 556 1063 577 aeta-

104 598 168 620 tem
178 592 324 632 integram
335 590 449 622 restitui
463 602 598 632 oportere
611 603 616 621 ε
634 601 684 623 aut
693 612 702 625 ,
723 593 868 632 quoniam
879 590 910 620 id
920 599 985 619 non
994 589 1064 629 pos-

103 632 164 665 set,
184 641 251 662 eam
261 632 470 663 conditionem
487 636 555 663 vitae
568 654 576 667 ,
594 644 685 675 quam
696 634 807 666 secuti,
826 633 1006 672 petitionem
1018 640 1063 660 re-

100 671 275 713 liquissent,
291 684 428 705 manere:
447 677 588 716 iniquum
599 674 677 708 effe,
694 685 745 705 eos
756 695 764 708 ‚
783 676 836 715 qui
846 675 1003 716 honorum
1012 681 1062 701 or-

100 723 256 748 namenta.
264 724 312 757 pro
332 723 372 745 ter
375 718 562 759 periculorum
571 716 794 748 multitudinem,
798 712 1061 760 praerermifissent,

100 756 206 796 popuii
220 757 294 787 bene
321 760 374 788 ciis
391 757 448 789 effe
458 761 587 799 privatos
598 780 607 792 ,
623 758 811 798 judiciorum
820 765 972 786 novorum
982 765 1061 795 peri-

99 798 178 829 culis
187 808 252 829 non
261 809 372 830 carere:
383 800 552 831 senatorem
562 801 621 830 hoc
629 801 713 841 queri
722 809 787 829 non
797 796 1056 839 poffc,propterea,

99 838 184 880 quod
193 846 226 870 ea
233 841 410 872 conditione
420 841 566 882 proposita
574 851 673 881 petere
681 839 829 881 coepiffet:
840 839 981 881 quodque
991 848 1057 879 per-

99 882 197 912 multa
204 881 297 914 essent
306 893 480 914 ornamenta
488 904 497 917 ,
519 885 630 924 quibus
645 892 712 913 eam
732 883 866 923 mitigare
884 880 1055 911 molestiam

98 922 212 963 posset:
229 924 311 955 locus
322 945 330 958 ,
342 924 499 955 ausim-itas
509 944 517 959 ‚
528 925 615 955 domi
624 924 781 965 splendor,
791 923 869 964 apud
878 932 992 954 exteras
1004 932 1057 953 na-

98 967 198 995 tiones
209 975 324 996 nomen
332 985 343 998 ‚
356 966 388 996 &
397 968 488 1006 gratia
499 987 507 1000 ‚
518 974 585 1008 toga
593 975 730 1007 praetexm
740 986 749 1000 ,
765 970 775 985 ¹
787 966 857 996 sella
866 965 990 997 curulis.
1005 966 1054 994 in-

98 1004 191 1047 fignia
202 1026 211 1040 ,
230 1006 340 1040 falces.
352 1010 519 1042 exercitus,
539 1010 684 1048 imperia,
701 1009 881 1048 provinciae:
900 1006 1011 1047 quibus
1023 1008 1056 1036 in

99 1048 187 1078 rebus
198 1047 270 1078 cum
281 1049 437 1079 summum
453 1049 533 1080 reste
542 1049 629 1081 factis
640 1051 767 1088 majores
777 1048 870 1079 nostri
882 1050 1053 1088 praemium,

96 1097 164 1119 tum
181 1089 267 1128 plura
282 1092 410 1130 peccatis
425 1092 554 1131 pericula
570 1090 719 1133 proposita
731 1089 976 1137 espvoluerunt.
1006 1090 1058 1119 Illi

95 1140 162 1161 non
179 1132 238 1161 hoc
254 1132 427 1163 recusabant
441 1153 450 1167 ‚
471 1144 504 1164 ea
522 1144 560 1164 ne
577 1134 640 1176 lege
656 1133 877 1167 accusarentur,
896 1142 954 1173 qua
972 1141 1055 1162 nunc

95 1175 204 1203 Avitus
219 1175 382 1208 accusatur,
400 1185 467 1216 quae
477 1184 550 1206 tunc
561 1185 621 1206 erat
627 1176 805 1216 Sempronia
814 1195 823 1209 ,
838 1185 921 1204 nunc
929 1173 972 1204 est
982 1176 1057 1204 Cor-

96 1214 192 1245 nelia:
212 1216 422 1257 intelligebant
430 1219 514 1247 enim
523 1237 532 1251 ,
547 1228 580 1248 ea
589 1218 652 1259 lege
662 1216 828 1258 equestrem
839 1215 979 1248 ordinem
991 1225 1055 1246 non

95 1258 207 1286 teneri:
226 1257 275 1287 sed
287 1268 325 1288 ne
336 1267 414 1288 nova
427 1259 490 1301 lege
507 1259 712 1300 alligarentur,
735 1258 918 1290 laborabant.
949 1259 1056 1288 Avitus

93 1307 132 1328 ne
147 1298 206 1328 hoc
220 1299 344 1339 quidem
357 1310 502 1340 umquam
519 1301 681 1335 recusavit,
705 1311 766 1342 quo
777 1299 882 1330 minus
891 1300 939 1330 vel
950 1310 983 1330 ea
993 1300 1056 1340 lege

94 1339 232 1368 rationem
242 1342 369 1381 viraesuae
381 1342 510 1375 redderet,
521 1353 578 1383 qua
591 1353 654 1373 non
668 1351 828 1373 teneretur.
851 1345 926 1383 Qae
936 1340 957 1371 si
966 1342 1054 1371 vobis

94 1381 233 1412 conditio
251 1382 362 1422 placet:
382 1393 490 1414 omnes
500 1384 530 1414 id
541 1393 679 1426 agamus,
702 1385 806 1414 uthaec
815 1384 907 1424 quam
918 1382 1052 1423 primum

32 1434 55 1465 5
63 1436 81 1468 7
96 1424 129 1453 in
140 1425 259 1453 omneis
268 1423 390 1454 ordines
399 1425 524 1466 quaestio
533 1425 704 1465 perferatur.
727 1428 843 1456 Interea
851 1425 987 1466 quidem,
1002 1434 1055 1465 per

96 1463 169 1495 deos
179 1466 378 1496 immortaleis
389 1487 397 1499 ,
408 1469 557 1508 quoniam
569 1469 674 1498 omnia
682 1467 845 1498 commoda
855 1467 963 1501 nostra,
975 1467 987 1507 j
993 1477 1051 1500 ura,

93 1506 259 1537 liber-tatem
270 1527 278 1541 ,
290 1508 413 1538 salutem
424 1509 555 1551 denique
565 1510 681 1551 legibus
690 1509 865 1540 obtinemus
878 1528 887 1543 ,
906 1508 922 1540 ὲ
935 1508 1052 1549 legibus

92 1557 159 1579 non
168 1548 339 1580 recedamus
352 1560 358 1578 2
371 1548 460 1581 fimul
470 1552 503 1582 δε
513 1551 590 1582 illud
600 1552 691 1593 quam
703 1550 736 1583 fit
744 1551 907 1593 indignum
918 1571 926 1585 ,
937 1552 1052 1592 cogite-

92 1599 164 1621 mus
173 1610 182 1623 ,
196 1592 346 1631 populum
356 1594 452 1623 Rom.
463 1594 544 1624 aliud
554 1604 637 1625 nunc
648 1604 748 1636 agere:
768 1595 856 1625 vobis
864 1593 1004 1634 rempub.
1016 1593 1050 1623 &

90 1631 226 1663 fortunas
238 1633 303 1665 suas
311 1634 510 1667 commisiffe:
527 1637 626 1677 ipsum
646 1635 706 1679 sine
723 1646 792 1667 cura
808 1634 865 1666 esse
879 1646 884 1665 :
903 1645 968 1666 non
983 1645 1050 1665 me-

91 1682 194 1708 tuere,
213 1685 252 1705 ne
262 1676 325 1716 lege
335 1686 384 1711 ea,
404 1688 496 1719 quam
507 1688 677 1720 numquam
696 1679 757 1718 ipse
774 1677 904 1716 jusserit,
926 1678 1050 1719 &quae-

89 1714 200 1750 stione,
211 1715 270 1758 qua
279 1719 307 1748 se
316 1719 462 1754 solutum,
475 1720 665 1762 liberumque
674 1720 733 1752 effe
742 1720 906 1754 arbitretur,
917 1730 968 1760 per
976 1729 1049 1760 pau-

87 1767 143 1788 cos
156 1758 274 1798 judices
290 1759 493 1804 adstringatur.
525 1764 596 1802 Agit
607 1765 692 1793 enim
704 1761 741 1793 fic
752 1763 867 1793 causam
879 1765 918 1792 T.
930 1763 1029 1792 Attius
1039 1781 1048 1796 ,

88 1798 264 1832 adolescens
281 1801 399 1839 bonus,
421 1804 606 1835 &disertusz
626 1806 725 1834 omneis
742 1805 825 1834 civeis
841 1802 947 1844 legibus
966 1804 1051 1833 teneri

89 1840 238 1872 omnibus:
256 1846 271 1863 ²
281 1854 335 1874 vos
344 1845 498 1878 attenditis
511 1846 544 1877 &
553 1846 661 1878 auditis
672 1846 799 1880 silentio,
812 1844 986 1876 sicutfacere
997 1846 1051 1876 de-

89 1882 181 1913 betis.
203 1886 240 1914 A.
250 1885 422 1921 Cluentius,
436 1898 526 1929 eques
535 1891 631 1919 Rom.
642 1889 757 1918 causam
769 1888 882 1918 dicitea
893 1888 955 1929 lege
966 1907 974 1922 ‚
992 1897 1051 1929 qua

88 1924 155 1966 lege
165 1925 323 1962 senatores,
335 1928 368 1959 &
377 1931 409 1963 ii,
419 1933 472 1970 qui
484 1930 686 1972 magistratum
697 1930 933 1963 habuerunt,soli
943 1939 1050 1959 tenen-

89 1974 156 1996 tur:
175 1968 254 1997 mihi
262 1978 315 2008 per
323 1980 393 2000 eum
404 1972 547 2005 recusare,
570 1972 645 2002 &in
655 1982 718 2002 arce
728 1973 802 2013 legis
812 1991 821 2005 ,
835 1969 966 2011 praesidia
975 1981 1052 2001 con-

91 2007 212 2038 stituere
223 2009 404 2041 defensionis
422 2023 498 2043 meae
508 2023 573 2043 non
588 2014 668 2043 licet.
699 2015 730 2043 Si
747 2014 914 2042 obtinuerit
929 2013 1048 2043 causam

90 2050 264 2081 Cluentius:
284 2050 384 2090 (ficuti
396 2053 490 2084 vestra
499 2056 635 2095 aequitate
645 2056 713 2084 nixi
722 2052 929 2094 confidimus)
945 2053 1049 2084 existi-

89 2091 235 2126 mabunt,
258 2093 289 2123 id
305 2095 385 2135 quod
399 2097 474 2129 erit,
499 2094 662 2126 obtinuifl'e
677 2105 797 2136 propter
814 2097 1022 2126 innocentiam
1039 2114 1049 2130 ,

87 2135 234 2175 quoniam
254 2136 295 2165 ita
312 2135 450 2167 defensus
472 2136 523 2167 sit:
543 2139 576 2167 in
591 2138 653 2178 lege
662 2147 761 2168 autem
776 2157 785 2170 ‚
802 2147 893 2178 quam
905 2139 1050 2178 attingere

87 2175 231 2209 noluerit,
244 2176 368 2216 praesidii
379 2179 457 2208 nihil
465 2177 562 2209 fuiffe.
587 2182 648 2209 Hic
657 2189 739 2209 nunc
747 2178 790 2209 est
798 2179 953 2220 quiddam,
965 2177 1048 2220 quod

85 2216 122 2247 ad
133 2227 184 2247 me
191 2220 338 2257 pertineat
346 2239 354 2253 ,
373 2219 410 2250 de
420 2230 481 2261 quo
490 2221 557 2251 ante
568 2220 632 2250 dixi
644 2241 652 2254 ,
671 2221 752 2261 quod
762 2231 818 2262 ego
827 2221 941 2260 populo
952 2223 1046 2251 Rom.

86 2257 222 2300 praestare
232 2259 358 2291 debeam
368 2282 375 2295 ‚
387 2264 530 2302 quoniam
541 2264 567 2291 is
576 2272 652 2292 meae
660 2265 729 2292 vita:
739 2261 827 2292 status
837 2262 889 2295 est,
901 2271 934 2292 ut
943 2264 1048 2292 omnis

86 2302 167 2331 mihi
178 2311 246 2332 cura
255 2321 264 2336 ,
283 2311 370 2343 atque
384 2313 471 2343 opera
481 2324 490 2338 ,
502 2303 594 2344 posita
604 2304 680 2334 sitin
690 2306 833 2334 omnium
845 2304 986 2343 periculis
996 2304 1049 2334 de-

85 2340 257 2373 fendendis.
283 2345 380 2375 Video
389 2365 398 2378 ‚
419 2355 524 2386 quanta
534 2366 543 2379 ,
564 2346 596 2376 &
605 2356 696 2387 quam
707 2346 871 2386 periculosa
881 2365 891 2379 ‚
911 2346 945 2378 &
954 2345 1046 2387 quam

86 2383 207 2415 infinita
215 2385 341 2426 quaestio
353 2396 499 2421 tentetur,
519 2388 556 2418 ab
574 2388 792 2418 accusatoribus
801 2408 809 2421 ,
828 2387 900 2418 cum
919 2397 985 2418 eam
1004 2388 1047 2417 le-

85 2436 155 2467 gem
165 2447 174 2461 ,
195 2430 303 2468 quaein
313 2427 449 2458 nostrum
461 2430 601 2460 ordinem
612 2430 716 2470 scripta
725 2428 758 2460 sit
768 2450 778 2463 ‚
799 2431 832 2459 in
845 2430 993 2469 populum
1004 2431 1043 2459 R.

85 2467 242 2498 transferre
252 2479 409 2500 conentur.
433 2481 491 2512 qua
499 2473 532 2502 in
542 2472 606 2513 lege
616 2470 658 2501 est
667 2491 675 2505 ‚
699 2480 761 2511 ορ)
784 2481 926 2501 cori-:nn-
938 2482 944 2500 2
963 2471 1046 2512 quod

85 2509 243 2550 qu‘amlate
254 2520 366 2550 pateat,
379 2512 499 2544 videtis.
524 2522 755 2544 couveufinir.
777 2511 862 2562 aeque
873 2511 1043 2546 infinitum,

86 2553 120 2581 &
133 2553 282 2582 incertum
294 2552 346 2583 est.
373 2564 611 2585 consmsnnir.
639 2555 699 2585 hoc
711 2553 784 2585 vero
794 2564 866 2585 cum
877 2556 1023 2585 incertum
1035 2573 1044 2588 ,

86 2593 122 2623 &
131 2591 290 2624 infinitum
302 2606 307 2623 2
320 2603 384 2625 tum
395 2596 566 2630 obscurum,
580 2597 613 2626 δε
621 2597 776 2627 occultum
786 2596 840 2627 est.
863 2605 1047 2627 FALsUMVE

82 2644 330 2666 τεςτιΜοΝωΜ
347 2647 504 2668 Dixznir.
529 2640 605 2680 Qis
618 2638 654 2668 de
664 2638 751 2679 plebe
761 2640 901 2668 Romana
910 2637 1044 2668 testimo·

82 2678 172 2707 nium
184 2677 262 2707 dixit
276 2688 421 2719 umquam
431 2699 440 2713 ,
451 2682 500 2710 cui
510 2689 575 2710 non
584 2681 645 2710 hoc
652 2680 831 2720 periculum,
845 2682 884 2710 T.
896 2682 981 2710 Attio
991 2690 1045 2710 au-

83 2717 166 2748 &ore
176 2738 184 2752 ‚
195 2729 326 2759 paratum
337 2719 395 2750 effe
406 2721 549 2752 Videatis?
564 2731 635 2751 nam
646 2721 799 2752 didiurum
807 2721 932 2762 quidem
943 2722 1022 2752 certe
1033 2741 1042 2756 ,

81 2758 326 2802 fihocjudicium
335 2762 418 2804 plebi
427 2765 523 2795 Rom.
533 2762 718 2806 propositum
729 2762 764 2799 sit
773 2783 782 2798 ‚
799 2765 958 2795 neminem
974 2773 1042 2795 um-

1114 266 1141 286 te
1153 259 1206 287 hac
1215 258 1241 287 le
1264 270 1278 288 e
1292 261 1451 298 negotium
1460 258 1614 290 faceffetur
1623 280 1631 293 ,
1642 261 1694 301 qui
1704 261 1766 301 lege
1778 269 1841 289 non
1851 268 2001 292 teneatur,
2017 257 2035 287 fi
2048 261 2072 287 is

1112 299 1155 327 uti
1173 309 1223 328 me
1240 269 1392 330 defensore
1412 302 1543 332 voluerit
1554 321 1561 334 ‚
1583 312 1633 331 me
1643 311 1706 341 ejus
1717 301 1833 332 causam
1853 301 1924 341 legis
1936 299 2071 344 praesidnio

1110 338 1304 371 defensurum
1316 352 1322 370 :
1334 342 1367 372 δε
1377 343 1424 373 vel
1434 343 1643 383 hisjudicibus
1655 363 1663 377 ,
1675 343 1723 373 vel
1733 353 1839 373 eorum
1851 341 2010 375 similibus,
2025 344 2069 371 ta-

1108 380 1165 409 cile
1176 382 1369 419 probaturum
1379 403 1388 417 ,
1400 385 1432 414 ὃς
1442 386 1528 415 omni
1541 395 1590 414 me
1599 383 1773 416 defenfione
1783 385 1905 415 usurum
1917 383 1973 414 esse
1983 385 2068 425 legis:

1108 431 1166 461 qua
1176 432 1258 452 nunc
1270 433 1303 452 ut
1314 433 1376 454 utar
1385 445 1393 458 ‚
1409 426 1444 455 ab
1455 436 1503 459 eo,
1512 428 1598 462 cuius
1609 428 1758 457 voluntati
1769 428 1846 456 milii
1857 427 2067 467 obtemperan-

1108 463 1182 492 dum
1194 462 1254 496 est,
1266 474 1332 494 non
1341 466 1523 497 conceditur.
1543 471 1618 498 Non
1628 471 1711 498 enim
1723 469 1819 499 debeo
1829 469 1974 502 dubitare,
1983 468 2066 508 judi·
2083 473 2098 502 5
2110 465 2125 496 ‘3

1106 514 1154 534 ces
1165 524 1174 538 ‚
1189 506 1276 546 quin,
1292 504 1312 535 fi
1322 516 1379 546 qua
1387 507 1422 536 ad
1434 517 1488 536 vos
1498 509 1581 538 caiisa
1592 510 1767 548 hujusmodi
1778 511 1872 541 delata
1882 509 1914 541 sit
1926 512 1998 549 ejus,
2011 512 2066 551 qui

1106 546 1169 587 lege
1179 557 1244 576 non
1255 556 1390 577 teneatur
1399 568 1406 582 ‚
1427 550 1516 578 etiam
1528 548 1546 578 si
1558 552 1582 579 is
1593 551 1759 582 invidiosus
1772 572 1779 585 ‚
1791 561 1841 582 aut
1851 553 1956 582 multis
1967 551 2066 582 offen-

1106 587 1152 617 sus
1162 587 1220 618 esse
1229 588 1372 622 videatur,
1385 591 1476 619 etiam
1489 589 1510 619 si
1523 600 1594 621 eum
1605 592 1737 626 oderitis,
1751 596 1841 623 etiam
1853 593 1873 624 si
1885 595 1974 623 inviti
1984 593 2064 633 abso-

1103 629 1284 670 lutus-isim,
1308 639 1410 660 tamen
1426 631 1600 661 absolvatis:
1623 633 1807 674 &religioni
1824 638 1923 674 potius
1939 635 2042 666 vestr-23
2055 657 2063 667 ‚

1102 670 1193 711 quam
1212 671 1285 702 odio
1298 674 1432 712 pareatis.
1469 676 1481 700 3
1494 674 1588 703 EST
1607 676 1748 704 ENIM
1767 677 2063 708 SAPIENTIS

1103 712 1209 745 iudicis
1220 733 1229 747 ‚
1239 716 1368 755 cogitare
1377 734 1386 748 ‚
1407 723 1525 744 tantum
1539 713 1592 745 sibi
1605 715 1621 745 ὲ
1636 718 1750 755 populo
1762 720 1855 748 Rom.
1867 717 1925 748 effe
1935 720 2062 760 permis·

1100 754 1166 784 sum
1178 775 1186 788 ,
1198 765 1344 796 quantum
1354 754 1562 790 commissum,
1575 757 1608 787 δε
1618 758 1767 788 creditum
1779 758 1810 788 sit
1822 770 1827 788 t
1840 760 1872 789 δε
1884 771 1946 790 non
1959 761 2059 791 solum

1098 794 1150 826 sibi
1164 796 1436 838 potestatemdatam
1447 818 1455 832 ‚
1475 797 1584 828 verum
1594 801 1684 829 etiam
1692 799 1779 838 fidem
1789 800 1917 830 habitam
1928 801 1983 832 effe
1996 813 2060 832 me-

1100 837 1220 869 miniss’e
1232 849 1237 868 :
1248 838 1329 879 pofi'e
1340 860 1348 873 ,
1359 850 1452 881 quem
1464 840 1578 874 oderit,
1590 841 1742 871 absolvere
1754 852 1759 870 :
1771 852 1862 883 quem
1875 853 1937 873 non
1948 844 2056 878 oderit,

1095 879 1317 911 condemnare:
1337 882 1371 912 δε
1381 882 1496 923 semper
1504 892 1568 912 non
1581 883 1654 923 quid
1668 884 1730 923 ipse
1738 885 1813 913 velit
1824 905 1832 917 .
1845 885 1893 914 sed
1903 886 1973 925 quid
1986 886 2035 916 lex
2046 906 2055 919 ,

1098 922 1131 951 &
1143 922 1249 963 religio
1259 932 1359 964 cogat,
1372 925 1516 964 cogitare:
1533 925 1780 959 animadvertere,
1791 936 1849 966 qua
1859 926 1923 967 lege
1934 937 2000 956 reus
2013 930 2057 957 ci-

1095 972 1173 993 tetur
1182 984 1190 997 ,
1203 964 1239 994 de
1249 975 1310 1005 quo
1320 975 1371 995 reo
1381 967 1547 1007 cognoscat,
1560 977 1625 1007 quae
1635 976 1680 997 res
1693 969 1725 997 in
1737 967 1903 1008 qutestione
1914 969 2054 998 versetur,

1095 1004 1174 1035 Cum
1185 1006 1248 1036 haec
1256 1007 1325 1037 sunt
1333 1007 1464 1038 videnda
1472 1028 1480 1041 ‚
1492 1016 1558 1037 tum
1569 1007 1640 1038 vero
1652 1009 1729 1039 illud
1738 1009 1781 1039 est
1792 1010 1930 1039 hominis
1941 1019 2054 1051 magni,

1092 1047 1208 1086 judiees
1218 1068 1227 1080 ,
1245 1056 1332 1089 atque
1342 1049 1498 1088 sapientis,
1517 1049 1589 1080 cum
1601 1050 1685 1081 illam
1697 1071 1704 1083 ‚
1723 1051 1876 1089 judicandi
1889 1062 1940 1081 cau
1947 1052 1970 1081 sa
1983 1072 1990 1083 ‚
2013 1061 2054 1081 tav-

1095 1089 1204 1119 bellam
1216 1089 1372 1122 sumserit,
1387 1093 1520 1120 4NON
1541 1092 1595 1121 SE
1617 1093 1824 1123 PUTARE
1846 1094 1962 1123 ESSE
1984 1094 2056 1123 SO-

1093 1133 1120 1160 L
1130 1134 1159 1160 U
1169 1133 1209 1162 M
1217 1151 1225 1165 ‚
1249 1141 1346 1172 neque
1356 1131 1411 1162 sibi
1421 1152 1429 1166 ‚
1441 1133 1656 1175 quodcumque
1666 1137 1852 1175 concupierit
1864 1155 1872 1167 .
1885 1136 1990 1165 licere:
2006 1136 2053 1165 sed

1093 1173 1241 1203 haberein
1250 1172 1484 1215 consiliolegem
1495 1195 1503 1209 ,
1515 1176 1695 1217 religionem
1705 1196 1712 1210 ,
1728 1179 1898 1217 aequitatem
1911 1197 1918 1210 ,
1940 1176 2032 1207 fidem
2047 1188 2053 1207 ;

1094 1215 1256 1245 libidinem
1266 1224 1365 1246 autem
1376 1237 1383 1250 ‚
1396 1217 1503 1246 odium
1515 1237 1524 1250 ,
1538 1219 1685 1248 invidiam
1696 1239 1705 1251 ‚
1718 1228 1835 1248 metum
1846 1238 1854 1251 ,
1869 1219 2055 1259 cupiditates-

1094 1267 1152 1298 que
1166 1260 1287 1288 omneis
1297 1267 1452 1288 amovere:
1468 1262 1481 1286 ἲ
1492 1259 1687 1300 maximeque
1698 1259 1843 1291 aestimare
1861 1261 2056 1301 confidentiam

1094 1300 1191 1328 mentis
1203 1299 1276 1338 fica,
1296 1309 1386 1340 quarn
1397 1300 1433 1331 ab
1445 1300 1504 1331 diis
1515 1302 1739 1331 immortalibus
1756 1304 1924 1342 accepimus
1934 1323 1941 1336 ‚
1962 1313 2028 1344 quac
2040 1303 2055 1334 ‘a

1093 1340 1183 1371 nobis
1194 1342 1297 1371 divelli
1314 1352 1379 1371 non
1396 1342 1508 1381 potest:
1527 1353 1593 1384 quae
1603 1342 1623 1373 si
1632 1346 1821 1383 optimorum
1832 1343 2029 1374 consiliorum
2043 1366 2053 1379 ,

1092 1391 1178 1423 atque
1188 1382 1336 1413 fastorum
1348 1383 1429 1414 testis
1440 1386 1473 1414 in
1484 1387 1573 1415 omni
1583 1388 1641 1415 vita
1651 1386 1740 1416 nobis
1750 1388 1806 1416 erit
1814 1406 1822 1419 ,
1841 1384 1900 1415 sine
1912 1387 1976 1416 ullo
1988 1397 2054 1417 rne-

1094 1433 1125 1455 tu
1136 1445 1144 1458 ,
1171 1425 1203 1454 &
1214 1425 1333 1455 summa
1347 1436 1418 1456 cum
1435 1426 1589 1457 honestate
1607 1429 1758 1458 vivemus.
1790 1427 1893 1458 Haecsi
1903 1431 1941 1458 T.
1953 1431 2056 1458 Attius

1090 1466 1345 1508 autcognoviss'et,
1356 1477 1405 1497 aut
1414 1467 1566 1509 cogitasset
1578 1481 1582 1498 :
1598 1469 1735 1509 profetfhb
1745 1480 1784 1500 ne
1793 1479 1917 1501 conatus
1927 1470 2053 1510 quidem

1090 1507 1266 1539 ess'etdicere
1275 1508 1324 1543 id,
1344 1509 1427 1549 quod
1440 1510 1547 1541 multis
1559 1511 1656 1541 verbis
1669 1514 1741 1553 egit:
1763 1512 1898 1551 judicem
1909 1531 1917 1545 ‚
1937 1513 2012 1553 quod
2027 1514 2055 1540 eL

1091 1550 1235 1583 videatur,
1250 1550 1386 1584 statuere,
1399 1551 1432 1582 δε
1440 1561 1505 1582 non
1515 1552 1693 1584 devinstum
1704 1553 1820 1595 legibus
1834 1551 1891 1583 ess'e
1901 1563 2051 1593 oportere.

1087 1592 1196 1634 quibus
1209 1592 1246 1623 de
1261 1593 1350 1623 rebus
1360 1594 1437 1623 mihi
1448 1603 1502 1634 pro
1511 1595 1644 1625 Cluentii
1654 1596 1818 1629 voluntate,
1829 1595 1964 1625 nimium
1975 1608 1982 1629 3
1995 1606 2051 1635 pro

1086 1637 1160 1674 reip.
1171 1634 1316 1676 dignitate
1325 1655 1333 1669 ,
1354 1645 1460 1675 parum
1470 1648 1478 1670 ;
1497 1647 1552 1677 pro
1565 1636 1658 1668 vestra
1665 1637 1823 1678 prudentia
1831 1658 1839 1670 .
1861 1638 1879 1668 s
1874 1639 1926 1667 atis
1944 1637 2054 1668 dixiffe

1087 1677 1201 1707 videor.
1227 1678 1357 1718 Reliqua
1367 1688 1509 1718 perpauca
1518 1679 1585 1709 sunt
1594 1699 1602 1713 ‚
1618 1690 1683 1720 quae
1695 1700 1704 1713 ,
1716 1681 1786 1720 quia
1796 1679 1899 1710 vestrae
1909 1679 2053 1721 quaestio-

1086 1720 1135 1749 nis
1145 1727 1227 1749 erant
1235 1739 1244 1754 ‚
1265 1719 1378 1750 ideirco
1388 1720 1435 1750 illi
1445 1719 1608 1751 statuerunt
1618 1721 1672 1751 sibi
1683 1720 1820 1763 fingenda
1837 1720 1894 1752 efl'e
1905 1741 1913 1755 ,
1934 1722 1967 1751 ὃς
1976 1732 2050 1762 pro-

1085 1760 1208 1791 ferenda
1226 1781 1235 1795 ,
1263 1771 1302 1791 ne
1318 1763 1462 1792 omniurn
1481 1762 1640 1803 turpiffimi
1657 1766 1856 1803 reperirentur
1864 1783 1873 1798 ,
1891 1762 1913 1793 si
1925 1765 1958 1794 in
1968 1764 2050 1803 judi-

1087 1805 1171 1833 cium
1182 1803 1279 1837 nihil,
1290 1804 1552 1844 praeterinvidiam
1562 1825 1571 1839 ‚
1582 1804 1753 1836 attuliss'ent.
1777 1808 1885 1846 Atque,
1900 1815 1933 1836 ut
1943 1805 2047 1836 existi-
2065 1819 2085 1850 5
2088 1819 2112 1851 9

1087 1847 1195 1878 metis,
1217 1844 1379 1875 necessario
1399 1855 1451 1876 me
1466 1846 1503 1876 de
1513 1847 1559 1877 his
1571 1847 1678 1881 rebus,
1698 1847 1735 1878 de
1751 1848 1863 1888 quibus
1878 1849 1942 1888 jam
1961 1848 2048 1878 dixe-

1087 1887 1146 1917 rim
1163 1907 1172 1921 ,
1191 1887 1326 1927 pluribus
1342 1887 1433 1929 egiffe
1447 1888 1546 1918 verbis
1564 1909 1573 1923 ‚
1593 1889 1736 1920 attendite
1756 1889 1880 1930 reliqua.
1909 1889 2048 1929 profeSto

1085 1929 1278 1970 intelligetis,
1300 1939 1352 1964 ea,
1374 1940 1440 1970 quae
1452 1932 1552 1969 paucis
1569 1930 1767 1961 demonstrari
1776 1940 1958 1971 potuerunt,
1981 1931 2050 1962 bre-

1086 1969 1204 2001 viffime
1215 1969 1273 2000 effe
1283 1970 1410 2002 defensa.
1447 1974 1502 2002 Cn.
1514 1974 1612 2003 Decio
1622 1974 1770 2006 Samniti,
1790 1974 1835 2006 ei,
1855 1975 2046 2013 quiproscri-

1085 2021 1152 2052 ptus
1162 2011 1216 2046 est,
1228 2013 1365 2051 injuriam
1374 2013 1402 2041 in
1413 2012 1579 2043 calamitate
1589 2015 1652 2051 ejus
1662 2014 1697 2045 ab
1708 2015 1797 2051 hujus
1808 2013 1924 2045 familia
1933 2014 2044 2046 faustam

1086 2052 1144 2083 esse
1155 2053 1286 2083 dixistis.
1310 2054 1358 2083 Ab
1368 2054 1455 2084 nullo
1464 2055 1516 2084 ille
1527 2055 1678 2085 liberalius
1687 2076 1695 2089 ‚
1708 2056 1800 2096 quam
1812 2055 1828 2086 a
1837 2057 1978 2087 Cluentio
1990 2066 2048 2087 tra-

1086 2093 1179 2124 &atus
1188 2094 1240 2126 cst.
1257 2096 1347 2134 hujus
1356 2096 1444 2125 illum
1457 2106 1528 2136 opes
1539 2098 1573 2126 in
1582 2097 1669 2127 rebus
1682 2099 1745 2137 ejus
1758 2098 1966 2128 incommodis
1977 2098 2047 2129 sub-

1082 2136 1232 2167 levarunt.
1253 2146 1340 2178 atque
1349 2138 1407 2167 hoc
1416 2148 1486 2168 cum
1503 2139 1564 2178 ipse
1574 2159 1582 2172 ,
1594 2148 1659 2169 tum
1670 2149 1778 2169 omnes
1793 2141 1856 2179 ejus
1868 2142 1975 2174 amici,
1991 2151 2046 2170 ne-

1085 2175 1256 2220 cess‘arii'que
1267 2189 1483 2219 cognoverunt.
1508 2183 1628 2211 Ancarii
1638 2201 1647 2214 ,
1662 2182 1694 2211 δε
1705 2183 1810 2212 Paceni
1828 2179 1843 2202 ⁶
1853 2181 2019 2222 pastoribus
2031 2202 2041 2216 ,

1084 2220 1174 2257 hujus
1192 2220 1313 2250 villicos
1328 2222 1393 2251 vim
1404 2241 1413 2254 ,
1434 2221 1467 2250 &
1480 2231 1587 2251 manus
1597 2222 1734 2253 attuliss'e.
1766 2222 1845 2253 Cum
1860 2223 1997 2265 quaedam
2011 2227 2045 2255 in

1083 2262 1214 2292 collibus
1232 2262 1282 2301 (ut
1292 2263 1385 2302 solet)
1402 2262 1602 2294 controversia
1611 2264 1762 2304 pastorum
1773 2264 1843 2296 ess'et
1853 2275 1916 2296 orta
1931 2275 1937 2294 ε
1960 2268 2045 2297 Aviti

1083 2303 1180 2333 villici
1209 2313 1266 2332 rem
1291 2304 1397 2336 domini
1414 2323 1422 2338 ,
1455 2305 1488 2334 &
1505 2307 1650 2345 privatam
1670 2305 1880 2347 poffeffionem
1899 2307 2046 2339 defende-

1083 2354 1163 2375 runt.
1187 2345 1259 2376 cum
1274 2344 1346 2376 esset
1356 2345 1558 2386 expostulatio
1570 2346 1661 2378 fasta:
1682 2349 1767 2379 causa
1781 2349 1842 2379 illis
1854 2349 2045 2380 demonstra-

1083 2396 1130 2421 ta3
1148 2386 1208 2417 fine
1228 2388 1363 2427 judicio,
1387 2387 1642 2430 controversiaque
1664 2388 1820 2420 discessum
1841 2390 1891 2421 est.
1918 2395 1948 2422 Ρ.
1968 2392 2044 2422 AElii

1083 2428 1261 2460 testamento
1280 2432 1468 2471 propinquus
1485 2432 1682 2461 exheredatus
1700 2443 1770 2462 cum
1784 2431 1854 2463 efl'et
1865 2453 1873 2467 ‚
1891 2434 1976 2463 heres
1993 2435 2044 2465 hic

1080 2471 1373 2502 alieniorinstitutus
1386 2472 1439 2502 est.
1463 2475 1496 2502 P.
1509 2473 1607 2503 AElius
1619 2476 1701 2504 Aviti
1721 2482 1819 2504 merito
1834 2474 1923 2505 fecit:
1944 2485 2043 2516 neque

1084 2514 1135 2543 hic
1153 2515 1185 2543 in
1200 2512 1378 2544 testamento
1387 2513 1526 2544 faciendo
1541 2515 1694 2545 interfuit:
1712 2516 1802 2556 idque
1816 2515 2042 2551 testamentum,

1085 2555 1122 2585 ab
1139 2556 1229 2593 hujus
1240 2557 1369 2586 inimico
1387 2558 1555 2596 Oppianico
1567 2555 1610 2586 est
1623 2556 1819 2598 obsignatum.
1844 2558 1947 2588 Florio
1962 2559 2042 2600 lega-

1082 2605 1147 2627 tum
1165 2607 1203 2626 ex
1226 2596 1415 2632 testamento,
1427 2596 1590 2628 infitiatum
1601 2597 1669 2627 elle.
1687 2609 1750 2628 non
1768 2598 1811 2628 est
1828 2601 1877 2630 ita.
1900 2599 1949 2630 sed
1965 2601 2038 2632 cum

1083 2647 1136 2668 11-s
1146 2648 1213 2668 xxx
1233 2639 1336 2679 scripta
1345 2638 1448 2672 essent,
1462 2649 1514 2679 pro
1526 2649 1578 2668 11=s
1590 2649 1673 2673 0003
1693 2649 1789 2680 neque
1801 2649 1828 2670 ei
1842 2641 1908 2671 satis
1917 2651 2039 2674 cautum

1080 2680 1249 2711 videretur?
1267 2681 1387 2714 voluit,
1406 2691 1475 2711 eum
1489 2680 1602 2720 aliquid
1620 2691 1774 2721 acceptum
1792 2682 2042 2715 referreliberali—

1080 2724 1129 2753 tati
1140 2723 1208 2754 suae.
1232 2722 1333 2762 primo
1345 2723 1450 2753 debere
1467 2725 1601 2763 negavit:
1621 2722 1689 2762 post
1699 2721 1758 2755 fine
1770 2723 1970 2759 controversia
1981 2727 2040 2757 sol-

1081 2765 1133 2795 vit.
1157 2764 1247 2799 Coelii
1259 2765 1306 2806 cuj
1312 2763 1413 2795 usdam
1423 2766 1565 2800 Samnitis
1583 2774 1711 2798 uxorem
1731 2764 1797 2806 post
1807 2766 1921 2799 bellum
1933 2768 1971 2798 ab
1982 2769 2041 2800 hoc

1982 2809 2041 2841 ess'e

120 2919 145 2936 ι.
163 2911 222 2936 Silla
231 2911 320 2936 curusae
331 2929 338 2941 ‚
348 2912 446 2944 infigam
457 2929 463 2941 ,
469 2910 582 2946 fasciis]
597 2909 738 2938 InveEhim
749 2910 807 2937 heic
817 2913 917 2941 temere
927 2911 1042 2939 arbitra-

81 2944 159 2972 batur
169 2945 235 2972 illud
246 2947 345 2979 insignia
353 2945 527 2972 Gulielmius.

117 2989 146 3006 2.
165 2985 208 3009 ms
226 2982 347 3011 attenditis
355 2983 384 3012 ῤ’
391 2982 480 3011 audin!
492 2982 611 3018 filemi0.]
630 2982 778 3011 Lambinus
797 2982 875 3019 ejecit
893 2985 923 3020 ᾧ·
931 2984 1020 3013 auditi-5
1032 3003 1041 3017 ,

82 3023 176 3043 contra
186 3016 242 3043 mss.
252 3018 278 3042 8<
290 3016 352 3044 edd.
362 3017 436 3044 alias.

118 3061 145 3087 3.
164 3054 211 3077 135?
218 3053 483 3088 enimsapiemisjudicts
494 3073 502 3087 ‚
513 3056 611 3088 cogitare
620 3061 726 3089 tamum,
740 3055 808 3091 ξφα]
827 3056 870 3083 Sic
880 3063 937 3083 tota
946 3056 1041 3084 cohors

81 3088 140 3116 mss.
151 3087 220 3114 Pall.
238 3097 322 3127 neque
331 3089 410 3115 aliter
418 3089 503 3117 edidit
512 3091 577 3117 olim
589 3091 743 3124 Vhstorius5
765 3102 798 3119 ne
817 3093 875 3129 quis
894 3100 971 3129 putet
985 3093 1041 3129 pti-

80 3133 153 3151 mum
165 3124 179 3149 :i
191 3123 321 3149 Lambiuo
329 3124 476 3160 proditum.
486 3126 569 3162 vulgo
580 3126 682 3162 legitur
693 3139 700 3157 :
711 3130 749 3158 eff
757 3129 1041 3165 mimsapiemisjudicis,

78 3159 230 3195 aemlmffese
239 3160 348 3186 hominem
358 3171 364 3186 ι
375 3163 473 3195 cogitare
481 3163 640 3197 tantum,&·c.

1115 2919 1143 2945 4,
1164 2914 1246 2947 Nonft
1253 2919 1339 2946 putare
1348 2910 1490 2945 effbfhlum]
1503 2910 1646 2939 Lambinus
1657 2911 1793 2940 contendit
1802 2912 1957 2948 legendum,
1969 2920 2041 2946 repu-

1079 2956 1131 2974 tare
1142 2959 1186 2974 non
1198 2950 1225 2982 se
1242 2950 1282 2981 esse
1300 2949 1379 2977 solum.
1400 2946 1442 2972 sud
1452 2957 1498 2973 cur
1508 2946 1614 2983 quaeso?
1632 2949 1659 2974 δε
1672 2948 1766 2984 quibus
1777 2948 1852 2975 libris
1863 2948 2016 2975 :rudioribus
2027 2949 2040 2975 ἓ

1081 2985 1188 3021 vulgata
1197 2985 1283 3011 omnis
1296 3004 1303 3015 ,
1315 2984 1362 3010 stat
1373 2983 1404 3009 ab
1413 2983 1498 3010 altera
1510 3002 1518 3016 ,
1527 2982 1687 3020 firmantque
1698 2985 1765 3012 Pall.
1776 2984 1875 3021 (eptem
1887 3004 1896 3017 ‚
1907 2985 1953 3012 nisi
1965 2984 2037 3022 quoi

1079 3020 1128 3047 sec.
1139 3023 1315 3054 nonficputart·
1325 3020 1452 3053 qfflfialnm.

1119 3066 1145 3090 ς’.
1165 3057 1335 3090 ύῖίακίιηὲιῑιιε
1343 3055 1477 3090 estimare]
1491 3055 1587 3082 Mallet
1598 3055 1743 3084 Lambinus
1757 3076 1764 3088 ‚
1776 3060 1929 3090 maximique,
1942 3064 2041 3092 proetez·

1081 3092 1287 3127 mssleditosque.
1298 3100 1383 3126 neque
1394 3091 1429 3118 cst
1440 3098 1526 3118 tamen
1539 3092 1688 3124 nostro,aut
1700 3093 1830 3120 robustius
1841 3101 1885 3119 aut
1896 3093 2026 3119 venustius
2034 3114 2039 3119 .

1116 3129 1144 3154 6.
1164 3130 1301 3161 Pasini-ibus
1313 3146 1320 3159 ‚
1337 3128 1409 3161 hnjm
1426 3129 1531 3154 villicum
1541 3131 1592 3153 vim
1604 3148 1611 3160 ,
1622 3129 1689 3163 &c.]
1710 3131 1752 3157 Sic
1764 3129 1845 3158 malui
1860 3139 1919 3156 cuin
1931 3127 1993 3155 edd.
2012 3129 2041 3156 S:

1056 3160 1061 3193 Ι
1080 3163 1139 3195 iuss.
1145 3172 1209 3195 vett.
1220 3165 1300 3201 quim
1312 3171 1342 3192 ut
1351 3163 1429 3193 hodie
1440 3163 1596 3196 excuditur,
1606 3167 1707 3194 villicos.

1504 3200 1529 3229 A
1541 3209 1555 3228 a
1566 3210 1581 3229 a
1923 3210 1933 3230 ι
1941 3219 1947 3226 .
1958 3200 2049 3228 Mum-v
