<?xml version="1.0" encoding="UTF-8"?>
<!DOCTYPE html PUBLIC "-//W3C//DTD XHTML 1.0 Transitional//EN"
    "http://www.w3.org/TR/xhtml1/DTD/xhtml1-transitional.dtd">
<html xmlns="http://www.w3.org/1999/xhtml" xml:lang="en" lang="en">
 <head>
  <title>
</title>
<meta http-equiv="Content-Type" content="text/html;charset=utf-8" />
  <meta name='ocr-system' content='tesseract 3.04.00' />
  <meta name='ocr-capabilities' content='ocr_page ocr_carea ocr_par ocr_line ocrx_word'/>
</head>
<body>
  <div class='ocr_page' id='page_1' title='image "./mtuliiciceroniso00cice/mtuliiciceroniso00cice_0248.png"; bbox 0 0 2347 3385; ppageno 0'>
   <div class='ocr_carea' id='block_1_1' title="bbox 164 431 185 457">
    <p class='ocr_par' dir='ltr' id='par_1_1' title="bbox 164 431 185 457">
     <span class='ocr_line' id='line_1_1' title="bbox 164 431 185 457; textangle 90"><span class='ocrx_word' id='word_1_1' title='bbox 164 431 185 457; x_wconf 60' lang='lat' dir='ltr'>t.)</span> 
     </span>
    </p>
   </div>
   <div class='ocr_carea' id='block_1_2' title="bbox 199 120 1170 191">
    <p class='ocr_par' dir='ltr' id='par_1_2' title="bbox 199 120 1170 191">
     <span class='ocr_line' id='line_1_2' title="bbox 199 120 1170 191; baseline -0.012 -15"><span class='ocrx_word' id='word_1_2' title='bbox 199 123 289 191; x_wconf 73' lang='lat'>178</span> <span class='ocrx_word' id='word_1_3' title='bbox 613 124 684 171; x_wconf 85' lang='lat' dir='ltr'>M.</span> <span class='ocrx_word' id='word_1_4' title='bbox 753 120 1170 169; x_wconf 56' lang='lat' dir='ltr'>T&#39;ULL11&#39;</span> 
     </span>
    </p>
   </div>
   <div class='ocr_carea' id='block_1_3' title="bbox 197 200 1172 585">
    <p class='ocr_par' dir='ltr' id='par_1_3' title="bbox 197 200 1172 585">
     <span class='ocr_line' id='line_1_3' title="bbox 200 200 1167 243; baseline -0.01 -3"><span class='ocrx_word' id='word_1_5' title='bbox 200 206 348 241; x_wconf 84' lang='lat' dir='ltr'>omnium</span> <span class='ocrx_word' id='word_1_6' title='bbox 358 204 458 238; x_wconf 88' lang='lat' dir='ltr'>custos</span> <span class='ocrx_word' id='word_1_7' title='bbox 467 203 511 236; x_wconf 84' lang='lat' dir='ltr'>est</span> <span class='ocrx_word' id='word_1_8' title='bbox 521 206 680 235; x_wconf 85' lang='lat' dir='ltr'>memoria.</span> <span class='ocrx_word' id='word_1_9' title='bbox 712 206 745 234; x_wconf 92' lang='lat' dir='ltr'>C.</span> <span class='ocrx_word' id='word_1_10' title='bbox 757 200 791 233; x_wconf 79' lang='lat' dir='ltr'>F.</span> <span class='ocrx_word' id='word_1_11' title='bbox 801 201 894 243; x_wconf 68' lang='lat' dir='ltr'>&#39;Qid</span> <span class='ocrx_word' id='word_1_12' title='bbox 907 204 917 232; x_wconf 93' lang='lat'>?</span> <span class='ocrx_word' id='word_1_13' title='bbox 937 202 1082 232; x_wconf 81' lang='lat' dir='ltr'>orationis</span> <span class='ocrx_word' id='word_1_14' title='bbox 1092 205 1167 242; x_wconf 87' lang='lat' dir='ltr'>quot</span> 
     </span>
     <span class='ocr_line' id='line_1_4' title="bbox 197 242 1167 291; baseline -0.011 -8"><span class='ocrx_word' id='word_1_15' title='bbox 197 253 371 291; x_wconf 66' lang='lat' dir='ltr'>suntpartes</span> <span class='ocrx_word' id='word_1_16' title='bbox 380 252 393 278; x_wconf 85' lang='lat'>?</span> <span class='ocrx_word' id='word_1_17' title='bbox 415 252 447 279; x_wconf 90' lang='lat' dir='ltr'>C.</span> <span class='ocrx_word' id='word_1_18' title='bbox 461 251 493 280; x_wconf 88' lang='lat' dir='ltr'>P.</span> <span class='ocrx_word' id='word_1_19' title='bbox 505 250 663 290; x_wconf 82' lang='lat' dir='ltr'>Qattuor.</span> <span class='ocrx_word' id='word_1_20' title='bbox 686 253 790 276; x_wconf 82' lang='lat' dir='ltr'>earum</span> <span class='ocrx_word' id='word_1_21' title='bbox 801 244 871 275; x_wconf 73' lang='lat' dir='ltr'>duae</span> <span class='ocrx_word' id='word_1_22' title='bbox 878 245 980 275; x_wconf 81' lang='lat' dir='ltr'>valent</span> <span class='ocrx_word' id='word_1_23' title='bbox 988 244 1023 274; x_wconf 88' lang='lat' dir='ltr'>ad</span> <span class='ocrx_word' id='word_1_24' title='bbox 1034 248 1099 273; x_wconf 71' lang='lat' dir='ltr'>rein</span> <span class='ocrx_word' id='word_1_25' title='bbox 1110 242 1167 273; x_wconf 80' lang='lat' dir='ltr'>do-</span> 
     </span>
     <span class='ocr_line' id='line_1_5' title="bbox 199 286 1167 328; baseline -0.01 -3"><span class='ocrx_word' id='word_1_26' title='bbox 199 293 346 326; x_wconf 78' lang='lat' dir='ltr'>cendam:</span> <span class='ocrx_word' id='word_1_27' title='bbox 368 292 496 322; x_wconf 68' lang='lat' dir='ltr'>narratio</span> <span class='ocrx_word' id='word_1_28' title='bbox 513 290 547 320; x_wconf 87' lang='lat'>&amp;</span> <span class='ocrx_word' id='word_1_29' title='bbox 560 287 763 320; x_wconf 76' lang='lat' dir='ltr'>confirmatio.</span> <span class='ocrx_word' id='word_1_30' title='bbox 787 286 823 317; x_wconf 89' lang='lat' dir='ltr'>ad</span> <span class='ocrx_word' id='word_1_31' title='bbox 832 286 1039 328; x_wconf 74' lang='lat' dir='ltr'>impellendos·</span> <span class='ocrx_word' id='word_1_32' title='bbox 1046 287 1167 316; x_wconf 79' lang='lat' dir='ltr'>animos</span> 
     </span>
     <span class='ocr_line' id='line_1_6' title="bbox 201 327 1170 375; baseline -0.01 -8"><span class='ocrx_word' id='word_1_33' title='bbox 201 336 289 370; x_wconf 75' lang='lat' dir='ltr'>duae3</span> <span class='ocrx_word' id='word_1_34' title='bbox 306 335 493 375; x_wconf 80' lang='lat' dir='ltr'>principium</span> <span class='ocrx_word' id='word_1_35' title='bbox 503 332 537 361; x_wconf 88' lang='lat'>&amp;</span> <span class='ocrx_word' id='word_1_36' title='bbox 545 332 707 371; x_wconf 71' lang='lat' dir='ltr'>peroratio.</span> <span class='ocrx_word' id='word_1_37' title='bbox 730 332 763 359; x_wconf 76' lang='lat' dir='ltr'>C.</span> <span class='ocrx_word' id='word_1_38' title='bbox 775 332 807 360; x_wconf 77' lang='lat' dir='ltr'>F.</span> <span class='ocrx_word' id='word_1_39' title='bbox 822 329 926 371; x_wconf 61' lang='lat' dir='ltr'>Qid?</span> <span class='ocrx_word' id='word_1_40' title='bbox 937 327 1073 370; x_wconf 75' lang='lat' dir='ltr'>Qaestio</span> <span class='ocrx_word' id='word_1_41' title='bbox 1083 327 1170 369; x_wconf 78' lang='lat' dir='ltr'>quas—</span> 
     </span>
     <span class='ocr_line' id='line_1_7' title="bbox 202 371 1169 416; baseline -0.009 -8"><span class='ocrx_word' id='word_1_42' title='bbox 202 387 274 409; x_wconf 83' lang='lat' dir='ltr'>nam</span> <span class='ocrx_word' id='word_1_43' title='bbox 284 377 372 407; x_wconf 85' lang='lat' dir='ltr'>habet</span> <span class='ocrx_word' id='word_1_44' title='bbox 381 376 511 416; x_wconf 86' lang='lat' dir='ltr'>parteis?</span> <span class='ocrx_word' id='word_1_45' title='bbox 533 376 566 403; x_wconf 91' lang='lat' dir='ltr'>C.</span> <span class='ocrx_word' id='word_1_46' title='bbox 580 375 610 404; x_wconf 82' lang='lat' dir='ltr'>P.</span> <span class='ocrx_word' id='word_1_47' title='bbox 622 371 779 403; x_wconf 72' lang='lat' dir='ltr'>Infinitum</span> <span class='ocrx_word' id='word_1_48' title='bbox 792 391 800 405; x_wconf 92' lang='lat'>,</span> <span class='ocrx_word' id='word_1_49' title='bbox 813 380 903 413; x_wconf 79' lang='lat' dir='ltr'>quam</span> <span class='ocrx_word' id='word_1_50' title='bbox 914 371 1169 401; x_wconf 68' lang='lat' dir='ltr'>consultationem</span> 
     </span>
     <span class='ocr_line' id='line_1_8' title="bbox 202 414 1171 461; baseline -0.009 -10"><span class='ocrx_word' id='word_1_51' title='bbox 202 419 338 461; x_wconf 84' lang='lat' dir='ltr'>appello:</span> <span class='ocrx_word' id='word_1_52' title='bbox 352 416 551 449; x_wconf 76' lang='lat' dir='ltr'>&amp;definitam</span> <span class='ocrx_word' id='word_1_53' title='bbox 564 434 572 449; x_wconf 89' lang='lat'>,</span> <span class='ocrx_word' id='word_1_54' title='bbox 584 424 676 456; x_wconf 72' lang='lat' dir='ltr'>quam</span> <span class='ocrx_word' id='word_1_55' title='bbox 685 414 802 445; x_wconf 78' lang='lat' dir='ltr'>causam</span> <span class='ocrx_word' id='word_1_56' title='bbox 813 415 955 444; x_wconf 82' lang='lat' dir='ltr'>nomino.</span> <span class='ocrx_word' id='word_1_57' title='bbox 987 416 1019 443; x_wconf 90' lang='lat' dir='ltr'>C.</span> <span class='ocrx_word' id='word_1_58' title='bbox 1031 415 1064 443; x_wconf 89' lang='lat' dir='ltr'>F.</span> <span class='ocrx_word' id='word_1_59' title='bbox 1080 415 1171 453; x_wconf 84' lang='lat' dir='ltr'>Qo-</span> 
     </span>
     <span class='ocr_line' id='line_1_9' title="bbox 205 454 1169 497; baseline -0.009 -5"><span class='ocrx_word' id='word_1_60' title='bbox 205 469 302 492; x_wconf 74' lang='lat' dir='ltr'>NIAM</span> <span class='ocrx_word' id='word_1_61' title='bbox 317 469 443 490; x_wconf 69' lang='lat' dir='ltr'>rori-viz</span> <span class='ocrx_word' id='word_1_62' title='bbox 460 459 598 488; x_wconf 85' lang='lat' dir='ltr'>invenire</span> <span class='ocrx_word' id='word_1_63' title='bbox 608 454 878 497; x_wconf 71' lang='lat' dir='ltr'>oratorisprimsim</span> <span class='ocrx_word' id='word_1_64' title='bbox 889 455 942 489; x_wconf 80' lang='lat' dir='ltr'>est,</span> <span class='ocrx_word' id='word_1_65' title='bbox 953 455 1026 497; x_wconf 83' lang='lat' dir='ltr'>quid</span> <span class='ocrx_word' id='word_1_66' title='bbox 1037 456 1169 496; x_wconf 80' lang='lat' dir='ltr'>quaeret?</span> 
     </span>
     <span class='ocr_line' id='line_1_10' title="bbox 205 496 1170 541; baseline -0.008 -7"><span class='ocrx_word' id='word_1_67' title='bbox 205 507 234 534; x_wconf 90' lang='lat' dir='ltr'>C.</span> <span class='ocrx_word' id='word_1_68' title='bbox 250 506 282 534; x_wconf 84' lang='lat' dir='ltr'>P.</span> <span class='ocrx_word' id='word_1_69' title='bbox 299 503 341 533; x_wconf 87' lang='lat' dir='ltr'>Ut</span> <span class='ocrx_word' id='word_1_70' title='bbox 351 503 487 532; x_wconf 80' lang='lat' dir='ltr'>inveniat</span> <span class='ocrx_word' id='word_1_71' title='bbox 495 520 504 535; x_wconf 90' lang='lat'><em>‚</em></span> <span class='ocrx_word' id='word_1_72' title='bbox 514 498 776 541; x_wconf 81' lang='lat' dir='ltr'>quemadmodum</span> <span class='ocrx_word' id='word_1_73' title='bbox 789 496 882 528; x_wconf 83' lang='lat' dir='ltr'>fidem</span> <span class='ocrx_word' id='word_1_74' title='bbox 892 497 980 528; x_wconf 80' lang='lat' dir='ltr'>faciat</span> <span class='ocrx_word' id='word_1_75' title='bbox 988 499 1049 531; x_wconf 72' lang='lat' dir='ltr'>eis,</span> <span class='ocrx_word' id='word_1_76' title='bbox 1060 496 1170 538; x_wconf 88' lang='lat' dir='ltr'>quibus</span> 
     </span>
     <span class='ocr_line' id='line_1_11' title="bbox 204 540 1172 585; baseline -0.007 -10"><span class='ocrx_word' id='word_1_77' title='bbox 204 545 289 576; x_wconf 83' lang='lat' dir='ltr'>volet</span> <span class='ocrx_word' id='word_1_78' title='bbox 297 542 481 585; x_wconf 71' lang='lat' dir='ltr'>persuadere,</span> <span class='ocrx_word' id='word_1_79' title='bbox 493 542 526 572; x_wconf 85' lang='lat'>&amp;</span> <span class='ocrx_word' id='word_1_80' title='bbox 535 540 797 583; x_wconf 80' lang='lat' dir='ltr'>quemadmodum</span> <span class='ocrx_word' id='word_1_81' title='bbox 808 545 930 570; x_wconf 84' lang='lat' dir='ltr'>motum</span> <span class='ocrx_word' id='word_1_82' title='bbox 941 546 1049 570; x_wconf 79' lang='lat' dir='ltr'>eorum</span> <span class='ocrx_word' id='word_1_83' title='bbox 1060 540 1172 569; x_wconf 81' lang='lat' dir='ltr'>animis</span> 
     </span>
    </p>
   </div>
   <div class='ocr_carea' id='block_1_4' title="bbox 167 580 1171 626">
    <p class='ocr_par' dir='ltr' id='par_1_4' title="bbox 167 580 1171 626">
     <span class='ocr_line' id='line_1_12' title="bbox 167 580 1171 626; baseline -0.01 -7"><span class='ocrx_word' id='word_1_84' title='bbox 167 584 171 589; x_wconf 71' lang='grc'><strong>“</strong></span> <span class='ocrx_word' id='word_1_85' title='bbox 205 584 316 619; x_wconf 78' lang='lat' dir='ltr'>afferat.</span> <span class='ocrx_word' id='word_1_86' title='bbox 349 588 381 616; x_wconf 85' lang='lat' dir='ltr'>C.</span> <span class='ocrx_word' id='word_1_87' title='bbox 396 588 427 615; x_wconf 83' lang='lat' dir='ltr'>F.</span> <span class='ocrx_word' id='word_1_88' title='bbox 449 584 568 626; x_wconf 75' lang='lat' dir='ltr'>Qibus</span> <span class='ocrx_word' id='word_1_89' title='bbox 585 582 675 614; x_wconf 74' lang='lat' dir='ltr'>rebus</span> <span class='ocrx_word' id='word_1_90' title='bbox 692 581 839 613; x_wconf 66' lang='lat' dir='ltr'>fidesfit?</span> <span class='ocrx_word' id='word_1_91' title='bbox 870 585 902 613; x_wconf 91' lang='lat' dir='ltr'>C.</span> <span class='ocrx_word' id='word_1_92' title='bbox 915 585 946 613; x_wconf 91' lang='lat' dir='ltr'>P.</span> <span class='ocrx_word' id='word_1_93' title='bbox 965 580 1171 624; x_wconf 75' lang='lat' dir='ltr'>Argumentis,</span> 
     </span>
    </p>
   </div>
   <div class='ocr_carea' id='block_1_5' title="bbox 187 2025 201 2059">
    <p class='ocr_par' dir='ltr' id='par_1_5' title="bbox 187 2025 201 2059">
     <span class='ocr_line' id='line_1_13' title="bbox 187 2025 201 2059; textangle 90"><span class='ocrx_word' id='word_1_94' title='bbox 187 2025 201 2059; x_wconf 65' lang='lat' dir='ltr'>u,</span> 
     </span>
    </p>
   </div>
   <div class='ocr_carea' id='block_1_6' title="bbox 206 622 1183 1552">
    <p class='ocr_par' dir='ltr' id='par_1_6' title="bbox 206 622 1183 1552">
     <span class='ocr_line' id='line_1_14' title="bbox 206 622 1172 670; baseline -0.008 -11"><span class='ocrx_word' id='word_1_95' title='bbox 206 639 273 670; x_wconf 83' lang='lat' dir='ltr'>quae</span> <span class='ocrx_word' id='word_1_96' title='bbox 290 628 442 659; x_wconf 82' lang='lat' dir='ltr'>ducuntur</span> <span class='ocrx_word' id='word_1_97' title='bbox 459 637 497 656; x_wconf 79' lang='lat' dir='ltr'>ex</span> <span class='ocrx_word' id='word_1_98' title='bbox 508 626 600 659; x_wconf 74' lang='lat' dir='ltr'>locis,</span> <span class='ocrx_word' id='word_1_99' title='bbox 619 627 711 656; x_wconf 86' lang='lat' dir='ltr'>autin</span> <span class='ocrx_word' id='word_1_100' title='bbox 721 623 945 665; x_wconf 66' lang='lat' dir='ltr'>reipsa&#39;insitis,</span> <span class='ocrx_word' id='word_1_101' title='bbox 967 634 1017 655; x_wconf 81' lang='lat' dir='ltr'>aut</span> <span class='ocrx_word' id='word_1_102' title='bbox 1027 622 1172 654; x_wconf 68' lang='lat' dir='ltr'>affiimtis.</span> 
     </span>
     <span class='ocr_line' id='line_1_15' title="bbox 208 667 1175 711; baseline -0.007 -11"><span class='ocrx_word' id='word_1_103' title='bbox 208 669 242 702; x_wconf 85' lang='lat' dir='ltr'>C.</span> <span class='ocrx_word' id='word_1_104' title='bbox 254 674 286 702; x_wconf 86' lang='lat' dir='ltr'>F.</span> <span class='ocrx_word' id='word_1_105' title='bbox 308 673 392 711; x_wconf 86' lang='lat' dir='ltr'>Qos</span> <span class='ocrx_word' id='word_1_106' title='bbox 401 678 490 700; x_wconf 85' lang='lat' dir='ltr'>vocas</span> <span class='ocrx_word' id='word_1_107' title='bbox 500 668 592 698; x_wconf 69' lang='lat' dir='ltr'><em>locos?</em></span> <span class='ocrx_word' id='word_1_108' title='bbox 624 670 655 698; x_wconf 89' lang='lat' dir='ltr'>C.</span> <span class='ocrx_word' id='word_1_109' title='bbox 670 670 702 698; x_wconf 91' lang='grc' dir='ltr'>Ρ.</span> <span class='ocrx_word' id='word_1_110' title='bbox 727 670 789 698; x_wconf 87' lang='lat' dir='ltr'>Eos</span> <span class='ocrx_word' id='word_1_111' title='bbox 800 684 811 701; x_wconf 80' lang='lat'>,</span> <span class='ocrx_word' id='word_1_112' title='bbox 827 669 860 697; x_wconf 88' lang='lat' dir='ltr'>iii</span> <span class='ocrx_word' id='word_1_113' title='bbox 869 667 980 708; x_wconf 79' lang='lat' dir='ltr'>quibus</span> <span class='ocrx_word' id='word_1_114' title='bbox 988 667 1081 696; x_wconf 74' lang='lat' dir='ltr'>latent</span> <span class='ocrx_word' id='word_1_115' title='bbox 1091 674 1175 706; x_wconf 79' lang='lat' dir='ltr'>argu—</span> 
     </span>
     <span class='ocr_line' id='line_1_16' title="bbox 210 714 437 744; baseline -0.022 1"><span class='ocrx_word' id='word_1_116' title='bbox 210 722 322 744; x_wconf 84' lang='lat' dir='ltr'>menta.</span> <span class='ocrx_word' id='word_1_117' title='bbox 360 714 392 742; x_wconf 91' lang='lat' dir='ltr'>C.</span> <span class='ocrx_word' id='word_1_118' title='bbox 405 714 437 742; x_wconf 83' lang='lat' dir='ltr'>F.</span> 
     </span>
     <span class='ocr_line' id='line_1_17' title="bbox 208 748 1176 792; baseline -0.01 -6"><span class='ocrx_word' id='word_1_119' title='bbox 208 764 338 787; x_wconf 84' lang='lat' dir='ltr'>ventum</span> <span class='ocrx_word' id='word_1_120' title='bbox 357 753 393 784; x_wconf 90' lang='lat' dir='ltr'>ad</span> <span class='ocrx_word' id='word_1_121' title='bbox 411 752 580 783; x_wconf 75' lang='lat' dir='ltr'>faciean</span> <span class='ocrx_word' id='word_1_122' title='bbox 601 750 707 783; x_wconf 86' lang='lat' dir='ltr'>fidem.</span> <span class='ocrx_word' id='word_1_123' title='bbox 741 755 773 783; x_wconf 90' lang='lat' dir='ltr'>C.</span> <span class='ocrx_word' id='word_1_124' title='bbox 785 755 817 782; x_wconf 83' lang='lat' dir='ltr'>F.</span> <span class='ocrx_word' id='word_1_125' title='bbox 837 749 1004 792; x_wconf 72' lang='lat' dir='ltr'>Qornodo</span> <span class='ocrx_word' id='word_1_126' title='bbox 1016 752 1106 792; x_wconf 80' lang='lat' dir='ltr'>igitui-</span> <span class='ocrx_word' id='word_1_127' title='bbox 1116 748 1176 777; x_wconf 87' lang='lat' dir='ltr'>duo</span> 
     </span>
     <span class='ocr_line' id='line_1_18' title="bbox 211 792 1177 838; baseline -0.009 -11"><span class='ocrx_word' id='word_1_128' title='bbox 211 807 321 838; x_wconf 85' lang='lat' dir='ltr'>genera</span> <span class='ocrx_word' id='word_1_129' title='bbox 329 795 384 827; x_wconf 78' lang='lat' dir='ltr'>ista</span> <span class='ocrx_word' id='word_1_130' title='bbox 393 794 504 826; x_wconf 84' lang='lat' dir='ltr'>dividis</span> <span class='ocrx_word' id='word_1_131' title='bbox 516 797 527 824; x_wconf 91' lang='lat'>?</span> <span class='ocrx_word' id='word_1_132' title='bbox 549 797 582 825; x_wconf 89' lang='lat' dir='ltr'>C.</span> <span class='ocrx_word' id='word_1_133' title='bbox 593 797 623 825; x_wconf 82' lang='lat' dir='ltr'>P.</span> <span class='ocrx_word' id='word_1_134' title='bbox 636 797 709 835; x_wconf 83' lang='lat' dir='ltr'>Qae</span> <span class='ocrx_word' id='word_1_135' title='bbox 721 792 780 824; x_wconf 88' lang='lat' dir='ltr'>sine</span> <span class='ocrx_word' id='word_1_136' title='bbox 789 801 848 824; x_wconf 79' lang='lat' dir='ltr'>arte</span> <span class='ocrx_word' id='word_1_137' title='bbox 859 801 999 833; x_wconf 78' lang='lat' dir='ltr'>putantur</span> <span class='ocrx_word' id='word_1_138' title='bbox 1008 812 1016 826; x_wconf 83' lang='grc'>,</span> <span class='ocrx_word' id='word_1_139' title='bbox 1029 802 1061 821; x_wconf 84' lang='lat' dir='ltr'>ea</span> <span class='ocrx_word' id='word_1_140' title='bbox 1071 797 1177 819; x_wconf 80' lang='lat' dir='ltr'>remota</span> 
     </span>
     <span class='ocr_line' id='line_1_19' title="bbox 209 833 1177 880; baseline -0.008 -10"><span class='ocrx_word' id='word_1_141' title='bbox 209 838 340 880; x_wconf 83' lang='lat' dir='ltr'>appello,</span> <span class='ocrx_word' id='word_1_142' title='bbox 350 846 383 869; x_wconf 87' lang='lat' dir='ltr'>ut</span> <span class='ocrx_word' id='word_1_143' title='bbox 394 836 580 868; x_wconf 86' lang='lat' dir='ltr'>testimonia.</span> <span class='ocrx_word' id='word_1_144' title='bbox 604 839 637 866; x_wconf 91' lang='lat' dir='ltr'>C.</span> <span class='ocrx_word' id='word_1_145' title='bbox 650 839 680 866; x_wconf 86' lang='lat' dir='ltr'>F.</span> <span class='ocrx_word' id='word_1_146' title='bbox 692 836 775 876; x_wconf 78' lang='lat' dir='ltr'>Qd</span> <span class='ocrx_word' id='word_1_147' title='bbox 786 835 892 876; x_wconf 73' lang='lat' dir='ltr'>insita?</span> <span class='ocrx_word' id='word_1_148' title='bbox 909 837 940 864; x_wconf 89' lang='lat' dir='ltr'>C.</span> <span class='ocrx_word' id='word_1_149' title='bbox 953 837 983 864; x_wconf 61' lang='lat' dir='ltr'>P⁴</span> <span class='ocrx_word' id='word_1_150' title='bbox 996 837 1069 874; x_wconf 81' lang='lat' dir='ltr'>Qae</span> <span class='ocrx_word' id='word_1_151' title='bbox 1081 833 1177 862; x_wconf 80' lang='lat' dir='ltr'>inliae-</span> 
     </span>
     <span class='ocr_line' id='line_1_20' title="bbox 209 876 1177 921; baseline -0.009 -9"><span class='ocrx_word' id='word_1_152' title='bbox 209 890 277 912; x_wconf 88' lang='lat' dir='ltr'>rent</span> <span class='ocrx_word' id='word_1_153' title='bbox 296 882 329 911; x_wconf 84' lang='lat' dir='ltr'>in</span> <span class='ocrx_word' id='word_1_154' title='bbox 346 880 408 921; x_wconf 84' lang='lat' dir='ltr'>ipsa</span> <span class='ocrx_word' id='word_1_155' title='bbox 424 888 467 910; x_wconf 84' lang='lat' dir='ltr'>re.</span> <span class='ocrx_word' id='word_1_156' title='bbox 500 882 536 909; x_wconf 91' lang='lat' dir='ltr'>C.</span> <span class='ocrx_word' id='word_1_157' title='bbox 549 882 580 909; x_wconf 90' lang='lat' dir='ltr'>F.</span> <span class='ocrx_word' id='word_1_158' title='bbox 599 877 868 909; x_wconf 84' lang='lat' dir='ltr'>Testimoniorum</span> <span class='ocrx_word' id='word_1_159' title='bbox 889 886 955 917; x_wconf 78' lang='lat' dir='ltr'>quae</span> <span class='ocrx_word' id='word_1_160' title='bbox 971 876 1177 917; x_wconf 82' lang='lat' dir='ltr'>suntgenera?</span> 
     </span>
     <span class='ocr_line' id='line_1_21' title="bbox 212 918 1179 956; baseline -0.009 -1"><span class='ocrx_word' id='word_1_161' title='bbox 212 927 244 955; x_wconf 87' lang='lat' dir='ltr'>C.</span> <span class='ocrx_word' id='word_1_162' title='bbox 256 927 288 954; x_wconf 94' lang='lat' dir='ltr'>P.</span> <span class='ocrx_word' id='word_1_163' title='bbox 300 925 466 956; x_wconf 85' lang='lat' dir='ltr'>Divinum,</span> <span class='ocrx_word' id='word_1_164' title='bbox 480 921 513 952; x_wconf 77' lang='grc' dir='ltr'>δε</span> <span class='ocrx_word' id='word_1_165' title='bbox 522 923 702 951; x_wconf 76' lang='lat' dir='ltr'>humanum.</span> <span class='ocrx_word' id='word_1_166' title='bbox 727 921 891 952; x_wconf 80' lang='lat' dir='ltr'>Divinum,</span> <span class='ocrx_word' id='word_1_167' title='bbox 903 927 936 948; x_wconf 87' lang='lat' dir='ltr'>ut</span> <span class='ocrx_word' id='word_1_168' title='bbox 945 918 1073 951; x_wconf 74' lang='lat' dir='ltr'>oracula,</span> <span class='ocrx_word' id='word_1_169' title='bbox 1085 925 1116 947; x_wconf 87' lang='lat' dir='ltr'>ut</span> <span class='ocrx_word' id='word_1_170' title='bbox 1126 926 1179 946; x_wconf 85' lang='lat' dir='ltr'>au·</span> 
     </span>
     <span class='ocr_line' id='line_1_22' title="bbox 212 959 1179 1007; baseline -0.009 -10"><span class='ocrx_word' id='word_1_171' title='bbox 212 967 316 1007; x_wconf 82' lang='lat' dir='ltr'>spicia,</span> <span class='ocrx_word' id='word_1_172' title='bbox 325 974 359 996; x_wconf 84' lang='lat' dir='ltr'>ut</span> <span class='ocrx_word' id='word_1_173' title='bbox 366 966 596 995; x_wconf 70' lang='lat' dir='ltr'>vaticinationes</span> <span class='ocrx_word' id='word_1_174' title='bbox 608 983 616 996; x_wconf 92' lang='lat'>,</span> <span class='ocrx_word' id='word_1_175' title='bbox 629 963 661 992; x_wconf 73' lang='lat'>&amp;3</span> <span class='ocrx_word' id='word_1_176' title='bbox 671 962 808 1002; x_wconf 79' lang='lat' dir='ltr'>responsa</span> <span class='ocrx_word' id='word_1_177' title='bbox 818 961 1004 991; x_wconf 71' lang='lat' dir='ltr'>sacci-dotum</span> <span class='ocrx_word' id='word_1_178' title='bbox 1014 980 1022 994; x_wconf 85' lang='lat'>,</span> <span class='ocrx_word' id='word_1_179' title='bbox 1044 959 1179 999; x_wconf 79' lang='lat' dir='ltr'>hai-uspi-</span> 
     </span>
     <span class='ocr_line' id='line_1_23' title="bbox 211 1000 1178 1046; baseline -0.008 -7"><span class='ocrx_word' id='word_1_180' title='bbox 211 1017 284 1039; x_wconf 88' lang='lat' dir='ltr'>cum</span> <span class='ocrx_word' id='word_1_181' title='bbox 295 1028 304 1042; x_wconf 87' lang='lat'>,</span> <span class='ocrx_word' id='word_1_182' title='bbox 315 1005 540 1046; x_wconf 67' lang='lat' dir='ltr'>conje&amp;orum.</span> <span class='ocrx_word' id='word_1_183' title='bbox 566 1007 747 1035; x_wconf 76' lang='lat' dir='ltr'>Humanum</span> <span class='ocrx_word' id='word_1_184' title='bbox 759 1023 767 1037; x_wconf 90' lang='lat'>,</span> <span class='ocrx_word' id='word_1_185' title='bbox 779 1003 859 1044; x_wconf 89' lang='lat' dir='ltr'>quod</span> <span class='ocrx_word' id='word_1_186' title='bbox 870 1002 1015 1043; x_wconf 60' lang='lat' dir='ltr'>speciatur</span> <span class='ocrx_word' id='word_1_187' title='bbox 1026 1012 1064 1032; x_wconf 78' lang='lat' dir='ltr'>ex</span> <span class='ocrx_word' id='word_1_188' title='bbox 1074 1000 1178 1032; x_wconf 70' lang='lat' dir='ltr'>au&amp;o-</span> 
     </span>
     <span class='ocr_line' id='line_1_24' title="bbox 211 1045 1180 1083; baseline -0.008 -3"><span class='ocrx_word' id='word_1_189' title='bbox 211 1052 296 1082; x_wconf 73' lang='lat' dir='ltr'>ritate</span> <span class='ocrx_word' id='word_1_190' title='bbox 309 1069 317 1083; x_wconf 89' lang='lat'>,</span> <span class='ocrx_word' id='word_1_191' title='bbox 331 1049 363 1079; x_wconf 85' lang='lat'>&amp;</span> <span class='ocrx_word' id='word_1_192' title='bbox 372 1058 410 1079; x_wconf 86' lang='lat' dir='ltr'>ex</span> <span class='ocrx_word' id='word_1_193' title='bbox 417 1048 570 1079; x_wconf 73' lang='lat' dir='ltr'>voluntate</span> <span class='ocrx_word' id='word_1_194' title='bbox 581 1067 589 1080; x_wconf 91' lang='lat'>‚</span> <span class='ocrx_word' id='word_1_195' title='bbox 610 1047 642 1077; x_wconf 77' lang='grc' dir='ltr'>δε</span> <span class='ocrx_word' id='word_1_196' title='bbox 652 1056 691 1076; x_wconf 86' lang='lat' dir='ltr'>ex</span> <span class='ocrx_word' id='word_1_197' title='bbox 702 1048 838 1076; x_wconf 63' lang='lat' dir='ltr'>oizttione</span> <span class='ocrx_word' id='word_1_198' title='bbox 850 1066 858 1079; x_wconf 94' lang='lat'>,</span> <span class='ocrx_word' id='word_1_199' title='bbox 878 1054 928 1075; x_wconf 87' lang='lat' dir='ltr'>aut</span> <span class='ocrx_word' id='word_1_200' title='bbox 937 1045 1029 1075; x_wconf 82' lang='lat' dir='ltr'>libera</span> <span class='ocrx_word' id='word_1_201' title='bbox 1039 1065 1048 1078; x_wconf 87' lang='lat'>,</span> <span class='ocrx_word' id='word_1_202' title='bbox 1068 1052 1118 1074; x_wconf 84' lang='lat' dir='ltr'>aut</span> <span class='ocrx_word' id='word_1_203' title='bbox 1127 1053 1180 1073; x_wconf 83' lang='lat' dir='ltr'>ex-</span> 
     </span>
     <span class='ocr_line' id='line_1_25' title="bbox 212 1085 1180 1134; baseline -0.007 -12"><span class='ocrx_word' id='word_1_204' title='bbox 212 1091 323 1134; x_wconf 84' lang='lat' dir='ltr'>prefl&#39;a:</span> <span class='ocrx_word' id='word_1_205' title='bbox 344 1086 378 1121; x_wconf 85' lang='lat' dir='ltr'>in</span> <span class='ocrx_word' id='word_1_206' title='bbox 389 1100 449 1132; x_wconf 88' lang='lat' dir='ltr'>quo</span> <span class='ocrx_word' id='word_1_207' title='bbox 458 1090 561 1119; x_wconf 80' lang='lat' dir='ltr'>insunt</span> <span class='ocrx_word' id='word_1_208' title='bbox 571 1089 675 1129; x_wconf 69' lang='lat' dir='ltr'>scripta</span> <span class='ocrx_word' id='word_1_209' title='bbox 686 1109 694 1121; x_wconf 94' lang='lat'>,</span> <span class='ocrx_word' id='word_1_210' title='bbox 707 1087 789 1128; x_wconf 51' lang='lat' dir='ltr'>pidia*</span> <span class='ocrx_word' id='word_1_211' title='bbox 801 1109 809 1121; x_wconf 90' lang='lat'>,</span> <span class='ocrx_word' id='word_1_212' title='bbox 820 1085 972 1128; x_wconf 74' lang='lat' dir='ltr'>promissa,</span> <span class='ocrx_word' id='word_1_213' title='bbox 981 1088 1086 1127; x_wconf 79' lang='lat' dir='ltr'>jurata,</span> <span class='ocrx_word' id='word_1_214' title='bbox 1098 1095 1180 1126; x_wconf 79' lang='lat' dir='ltr'>quae-</span> 
     </span>
     <span class='ocr_line' id='line_1_26' title="bbox 214 1127 1181 1172; baseline -0.009 -7"><span class='ocrx_word' id='word_1_215' title='bbox 214 1133 274 1165; x_wconf 78' lang='lat' dir='ltr'>sita.</span> <span class='ocrx_word' id='word_1_216' title='bbox 299 1136 331 1165; x_wconf 92' lang='lat' dir='ltr'>C.</span> <span class='ocrx_word' id='word_1_217' title='bbox 344 1136 375 1163; x_wconf 89' lang='lat' dir='ltr'>F.</span> <span class='ocrx_word' id='word_1_218' title='bbox 388 1136 462 1172; x_wconf 70' lang='lat' dir='ltr'>Qiae</span> <span class='ocrx_word' id='word_1_219' title='bbox 472 1132 540 1162; x_wconf 83' lang='lat' dir='ltr'>funt</span> <span class='ocrx_word' id='word_1_220' title='bbox 549 1131 698 1172; x_wconf 73' lang='lat' dir='ltr'>quaed‘icis</span> <span class='ocrx_word' id='word_1_221' title='bbox 709 1129 814 1160; x_wconf 87' lang='lat' dir='ltr'>insita?</span> <span class='ocrx_word' id='word_1_222' title='bbox 832 1132 864 1159; x_wconf 91' lang='lat' dir='ltr'>C.</span> <span class='ocrx_word' id='word_1_223' title='bbox 877 1132 907 1160; x_wconf 93' lang='lat' dir='ltr'>P.</span> <span class='ocrx_word' id='word_1_224' title='bbox 922 1131 996 1170; x_wconf 79' lang='lat' dir='ltr'>Qae</span> <span class='ocrx_word' id='word_1_225' title='bbox 1007 1127 1101 1158; x_wconf 80' lang='lat' dir='ltr'>infixa</span> <span class='ocrx_word' id='word_1_226' title='bbox 1112 1128 1181 1158; x_wconf 85' lang='lat' dir='ltr'>sunt</span> 
     </span>
     <span class='ocr_line' id='line_1_27' title="bbox 213 1171 1179 1216; baseline -0.008 -9"><span class='ocrx_word' id='word_1_227' title='bbox 213 1176 302 1208; x_wconf 85' lang='lat' dir='ltr'>rebus</span> <span class='ocrx_word' id='word_1_228' title='bbox 312 1174 380 1216; x_wconf 85' lang='lat' dir='ltr'>ipsis</span> <span class='ocrx_word' id='word_1_229' title='bbox 390 1195 398 1208; x_wconf 94' lang='lat'>‚</span> <span class='ocrx_word' id='word_1_230' title='bbox 415 1182 425 1213; x_wconf 52' lang='lat' dir='ltr'>r</span> <span class='ocrx_word' id='word_1_231' title='bbox 438 1178 447 1193; x_wconf 90' lang='lat'><em>¹</em></span> <span class='ocrx_word' id='word_1_232' title='bbox 461 1183 528 1204; x_wconf 87' lang='lat' dir='ltr'>tum</span> <span class='ocrx_word' id='word_1_233' title='bbox 539 1182 577 1203; x_wconf 78' lang='lat' dir='ltr'>ex</span> <span class='ocrx_word' id='word_1_234' title='bbox 587 1181 662 1206; x_wconf 75' lang='lat' dir='ltr'>toto,</span> <span class='ocrx_word' id='word_1_235' title='bbox 675 1181 740 1203; x_wconf 86' lang='lat' dir='ltr'>tum</span> <span class='ocrx_word' id='word_1_236' title='bbox 751 1182 789 1202; x_wconf 86' lang='lat' dir='ltr'>ex</span> <span class='ocrx_word' id='word_1_237' title='bbox 798 1171 929 1212; x_wconf 85' lang='lat' dir='ltr'>partibus</span> <span class='ocrx_word' id='word_1_238' title='bbox 939 1191 947 1205; x_wconf 90' lang='lat'>,</span> <span class='ocrx_word' id='word_1_239' title='bbox 969 1181 1034 1202; x_wconf 87' lang='lat' dir='ltr'>turri</span> <span class='ocrx_word' id='word_1_240' title='bbox 1045 1181 1083 1201; x_wconf 77' lang='lat' dir='ltr'>cx</span> <span class='ocrx_word' id='word_1_241' title='bbox 1095 1178 1179 1200; x_wconf 82' lang='lat' dir='ltr'>nota-</span> 
     </span>
     <span class='ocr_line' id='line_1_28' title="bbox 215 1211 1178 1256; baseline -0.006 -8"><span class='ocrx_word' id='word_1_242' title='bbox 215 1220 300 1249; x_wconf 81' lang='lat' dir='ltr'>tione</span> <span class='ocrx_word' id='word_1_243' title='bbox 312 1238 321 1251; x_wconf 89' lang='lat'>,</span> <span class='ocrx_word' id='word_1_244' title='bbox 334 1226 399 1247; x_wconf 80' lang='lat' dir='ltr'>tum</span> <span class='ocrx_word' id='word_1_245' title='bbox 408 1226 446 1246; x_wconf 83' lang='lat' dir='ltr'>ex</span> <span class='ocrx_word' id='word_1_246' title='bbox 456 1217 493 1246; x_wconf 90' lang='lat' dir='ltr'>iis</span> <span class='ocrx_word' id='word_1_247' title='bbox 504 1215 591 1246; x_wconf 87' lang='lat' dir='ltr'>rebus</span> <span class='ocrx_word' id='word_1_248' title='bbox 600 1235 608 1249; x_wconf 88' lang='lat'>,</span> <span class='ocrx_word' id='word_1_249' title='bbox 625 1224 691 1256; x_wconf 77' lang='lat' dir='ltr'>quae</span> <span class='ocrx_word' id='word_1_250' title='bbox 701 1213 931 1256; x_wconf 83' lang='lat' dir='ltr'>quodammodo</span> <span class='ocrx_word' id='word_1_251' title='bbox 943 1212 1055 1244; x_wconf 57' lang='lat' dir='ltr'>afficite</span> <span class='ocrx_word' id='word_1_252' title='bbox 1066 1213 1133 1243; x_wconf 89' lang='lat' dir='ltr'>sunt</span> <span class='ocrx_word' id='word_1_253' title='bbox 1145 1211 1178 1242; x_wconf 83' lang='lat' dir='ltr'>ad</span> 
     </span>
     <span class='ocr_line' id='line_1_29' title="bbox 214 1254 1179 1300; baseline -0.006 -10"><span class='ocrx_word' id='word_1_254' title='bbox 214 1260 258 1294; x_wconf 85' lang='lat' dir='ltr'>id,</span> <span class='ocrx_word' id='word_1_255' title='bbox 275 1259 383 1300; x_wconf 84' lang='lat' dir='ltr'>dequo</span> <span class='ocrx_word' id='word_1_256' title='bbox 391 1260 532 1299; x_wconf 83' lang='lat' dir='ltr'>quaeritur</span> <span class='ocrx_word' id='word_1_257' title='bbox 544 1268 553 1292; x_wconf 78' lang='lat'>3</span> <span class='ocrx_word' id='word_1_258' title='bbox 565 1257 598 1287; x_wconf 77' lang='grc' dir='ltr'>δε</span> <span class='ocrx_word' id='word_1_259' title='bbox 608 1260 644 1288; x_wconf 84' lang='lat' dir='ltr'>ad</span> <span class='ocrx_word' id='word_1_260' title='bbox 657 1257 686 1287; x_wconf 86' lang='lat' dir='ltr'>id</span> <span class='ocrx_word' id='word_1_261' title='bbox 698 1263 809 1290; x_wconf 83' lang='lat' dir='ltr'>totum,</span> <span class='ocrx_word' id='word_1_262' title='bbox 822 1257 858 1287; x_wconf 86' lang='lat' dir='ltr'>de</span> <span class='ocrx_word' id='word_1_263' title='bbox 868 1266 930 1297; x_wconf 90' lang='lat' dir='ltr'>quo</span> <span class='ocrx_word' id='word_1_264' title='bbox 941 1254 1098 1286; x_wconf 79' lang='lat' dir='ltr'>differitur.</span> <span class='ocrx_word' id='word_1_265' title='bbox 1114 1264 1179 1284; x_wconf 88' lang='lat' dir='ltr'>tum</span> 
     </span>
     <span class='ocr_line' id='line_1_30' title="bbox 216 1298 1182 1340; baseline -0.007 -8"><span class='ocrx_word' id='word_1_266' title='bbox 216 1300 357 1333; x_wconf 82' lang='lat' dir='ltr'>definitio</span> <span class='ocrx_word' id='word_1_267' title='bbox 367 1301 541 1334; x_wconf 77' lang='lat' dir='ltr'>adhibetur,</span> <span class='ocrx_word' id='word_1_268' title='bbox 554 1309 619 1329; x_wconf 88' lang='lat' dir='ltr'>tum</span> <span class='ocrx_word' id='word_1_269' title='bbox 630 1301 759 1340; x_wconf 80' lang='lat' dir='ltr'>partium</span> <span class='ocrx_word' id='word_1_270' title='bbox 770 1300 958 1329; x_wconf 69' lang='lat' dir='ltr'>enumeratio</span> <span class='ocrx_word' id='word_1_271' title='bbox 969 1318 976 1331; x_wconf 87' lang='lat'>,</span> <span class='ocrx_word' id='word_1_272' title='bbox 989 1306 1054 1328; x_wconf 88' lang='lat' dir='ltr'>tum</span> <span class='ocrx_word' id='word_1_273' title='bbox 1065 1298 1182 1327; x_wconf 61' lang='lat' dir='ltr'>nouitio</span> 
     </span>
     <span class='ocr_line' id='line_1_31' title="bbox 215 1338 1182 1382; baseline -0.006 -7"><span class='ocrx_word' id='word_1_274' title='bbox 215 1344 315 1375; x_wconf 75' lang='lat' dir='ltr'>verbi.</span> <span class='ocrx_word' id='word_1_275' title='bbox 337 1345 424 1374; x_wconf 81' lang='lat' dir='ltr'>exiis</span> <span class='ocrx_word' id='word_1_276' title='bbox 435 1351 535 1373; x_wconf 72' lang='lat' dir='ltr'>autern</span> <span class='ocrx_word' id='word_1_277' title='bbox 547 1342 636 1372; x_wconf 86' lang='lat' dir='ltr'>rebus</span> <span class='ocrx_word' id='word_1_278' title='bbox 645 1361 653 1375; x_wconf 87' lang='lat'>,</span> <span class='ocrx_word' id='word_1_279' title='bbox 674 1352 741 1382; x_wconf 82' lang='lat' dir='ltr'>quae</span> <span class='ocrx_word' id='word_1_280' title='bbox 750 1340 981 1381; x_wconf 76' lang='lat' dir='ltr'>quodammodo</span> <span class='ocrx_word' id='word_1_281' title='bbox 991 1338 1103 1370; x_wconf 61' lang='lat' dir='ltr'>affectae</span> <span class='ocrx_word' id='word_1_282' title='bbox 1113 1339 1182 1370; x_wconf 80' lang='lat' dir='ltr'>suut</span> 
     </span>
     <span class='ocr_line' id='line_1_32' title="bbox 216 1382 1182 1426; baseline -0.006 -9"><span class='ocrx_word' id='word_1_283' title='bbox 216 1386 253 1417; x_wconf 74' lang='lat' dir='ltr'>:id</span> <span class='ocrx_word' id='word_1_284' title='bbox 265 1385 296 1416; x_wconf 83' lang='lat' dir='ltr'>id</span> <span class='ocrx_word' id='word_1_285' title='bbox 308 1406 316 1419; x_wconf 88' lang='lat'>‚</span> <span class='ocrx_word' id='word_1_286' title='bbox 338 1385 374 1416; x_wconf 86' lang='lat' dir='ltr'>de</span> <span class='ocrx_word' id='word_1_287' title='bbox 385 1395 446 1426; x_wconf 90' lang='lat' dir='ltr'>quo</span> <span class='ocrx_word' id='word_1_288' title='bbox 457 1386 600 1426; x_wconf 84' lang='lat' dir='ltr'>quaeritui·</span> <span class='ocrx_word' id='word_1_289' title='bbox 609 1404 617 1418; x_wconf 89' lang='lat'>,</span> <span class='ocrx_word' id='word_1_290' title='bbox 637 1384 694 1414; x_wconf 76' lang='lat' dir='ltr'>alia</span> <span class='ocrx_word' id='word_1_291' title='bbox 702 1385 854 1424; x_wconf 66' lang='lat' dir='ltr'>conjugata</span> <span class='ocrx_word' id='word_1_292' title='bbox 864 1383 1048 1423; x_wconf 72' lang='lat' dir='ltr'>appellantur</span> <span class='ocrx_word' id='word_1_293' title='bbox 1058 1403 1067 1415; x_wconf 90' lang='lat'>,</span> <span class='ocrx_word' id='word_1_294' title='bbox 1078 1382 1135 1412; x_wconf 71' lang='lat' dir='ltr'>alia</span> <span class='ocrx_word' id='word_1_295' title='bbox 1145 1391 1182 1411; x_wconf 73' lang='lat' dir='ltr'>cx</span> 
     </span>
     <span class='ocr_line' id='line_1_33' title="bbox 215 1422 1183 1470; baseline -0.005 -12"><span class='ocrx_word' id='word_1_296' title='bbox 215 1438 335 1470; x_wconf 79' lang='lat' dir='ltr'>genere,</span> <span class='ocrx_word' id='word_1_297' title='bbox 346 1428 403 1458; x_wconf 79' lang='lat' dir='ltr'>alia</span> <span class='ocrx_word' id='word_1_298' title='bbox 411 1437 449 1457; x_wconf 83' lang='lat' dir='ltr'>ex</span> <span class='ocrx_word' id='word_1_299' title='bbox 457 1428 557 1457; x_wconf 79' lang='lat' dir='ltr'>forma</span> <span class='ocrx_word' id='word_1_300' title='bbox 567 1447 575 1460; x_wconf 93' lang='lat'>,</span> <span class='ocrx_word' id='word_1_301' title='bbox 585 1427 642 1456; x_wconf 82' lang='lat' dir='ltr'>alia</span> <span class='ocrx_word' id='word_1_302' title='bbox 651 1436 689 1456; x_wconf 84' lang='lat' dir='ltr'>ex</span> <span class='ocrx_word' id='word_1_303' title='bbox 700 1424 898 1455; x_wconf 75' lang='lat' dir='ltr'>similitudine</span> <span class='ocrx_word' id='word_1_304' title='bbox 911 1445 918 1458; x_wconf 96' lang='lat'>,</span> <span class='ocrx_word' id='word_1_305' title='bbox 930 1425 986 1454; x_wconf 80' lang='lat' dir='ltr'>alia</span> <span class='ocrx_word' id='word_1_306' title='bbox 995 1434 1032 1454; x_wconf 75' lang='lat' dir='ltr'>ex</span> <span class='ocrx_word' id='word_1_307' title='bbox 1042 1422 1183 1454; x_wconf 61' lang='lat' dir='ltr'>differem&lt;</span> 
     </span>
     <span class='ocr_line' id='line_1_34' title="bbox 217 1465 1183 1507; baseline -0.005 -7"><span class='ocrx_word' id='word_1_308' title='bbox 217 1481 267 1504; x_wconf 79' lang='lat' dir='ltr'>tia,</span> <span class='ocrx_word' id='word_1_309' title='bbox 279 1470 335 1500; x_wconf 82' lang='lat' dir='ltr'>alia</span> <span class='ocrx_word' id='word_1_310' title='bbox 344 1480 383 1500; x_wconf 83' lang='lat' dir='ltr'>ex</span> <span class='ocrx_word' id='word_1_311' title='bbox 393 1471 544 1500; x_wconf 85' lang='lat' dir='ltr'>contrario</span> <span class='ocrx_word' id='word_1_312' title='bbox 555 1489 564 1503; x_wconf 92' lang='lat'>,</span> <span class='ocrx_word' id='word_1_313' title='bbox 574 1468 630 1499; x_wconf 69' lang='lat' dir='ltr'>alia</span> <span class='ocrx_word' id='word_1_314' title='bbox 640 1478 678 1498; x_wconf 80' lang='lat' dir='ltr'>ex</span> <span class='ocrx_word' id='word_1_315' title='bbox 686 1467 859 1507; x_wconf 73' lang='lat' dir='ltr'>conjunffis</span> <span class='ocrx_word' id='word_1_316' title='bbox 871 1488 879 1500; x_wconf 93' lang='lat'>,</span> <span class='ocrx_word' id='word_1_317' title='bbox 893 1468 949 1496; x_wconf 84' lang='lat' dir='ltr'>alia</span> <span class='ocrx_word' id='word_1_318' title='bbox 957 1477 995 1497; x_wconf 85' lang='lat' dir='ltr'>ex</span> <span class='ocrx_word' id='word_1_319' title='bbox 1004 1465 1183 1496; x_wconf 77' lang='lat' dir='ltr'>anteced-eii-</span> 
     </span>
     <span class='ocr_line' id='line_1_35' title="bbox 218 1508 1183 1552; baseline -0.005 -9"><span class='ocrx_word' id='word_1_320' title='bbox 218 1512 312 1546; x_wconf 82' lang='lat' dir='ltr'>tibus,</span> <span class='ocrx_word' id='word_1_321' title='bbox 322 1511 380 1543; x_wconf 86' lang='lat' dir='ltr'>alia</span> <span class='ocrx_word' id='word_1_322' title='bbox 389 1522 428 1542; x_wconf 82' lang='lat' dir='ltr'>ex</span> <span class='ocrx_word' id='word_1_323' title='bbox 437 1511 700 1552; x_wconf 76' lang='lat' dir='ltr'>consequentibuS,</span> <span class='ocrx_word' id='word_1_324' title='bbox 711 1510 767 1540; x_wconf 83' lang='lat' dir='ltr'>alia</span> <span class='ocrx_word' id='word_1_325' title='bbox 778 1520 816 1540; x_wconf 83' lang='lat' dir='ltr'>ex</span> <span class='ocrx_word' id='word_1_326' title='bbox 826 1508 1069 1549; x_wconf 79' lang='lat' dir='ltr'>repugnantibus,</span> <span class='ocrx_word' id='word_1_327' title='bbox 1081 1509 1137 1539; x_wconf 84' lang='lat' dir='ltr'>alia</span> <span class='ocrx_word' id='word_1_328' title='bbox 1146 1519 1183 1538; x_wconf 84' lang='lat' dir='ltr'>ex</span> 
     </span>
    </p>
   </div>
   <div class='ocr_carea' id='block_1_7' title="bbox 216 1592 1186 1766">
    <p class='ocr_par' dir='ltr' id='par_1_7' title="bbox 216 1592 1186 1766">
     <span class='ocr_line' id='line_1_36' title="bbox 219 1592 1183 1638; baseline -0.005 -11"><span class='ocrx_word' id='word_1_329' title='bbox 219 1597 341 1638; x_wconf 80' lang='lat' dir='ltr'>parium</span> <span class='ocrx_word' id='word_1_330' title='bbox 351 1616 359 1630; x_wconf 93' lang='lat'>‚</span> <span class='ocrx_word' id='word_1_331' title='bbox 372 1605 421 1626; x_wconf 88' lang='lat' dir='ltr'>aut</span> <span class='ocrx_word' id='word_1_332' title='bbox 431 1595 612 1636; x_wconf 79' lang='lat' dir='ltr'>minorumz)</span> <span class='ocrx_word' id='word_1_333' title='bbox 625 1603 656 1625; x_wconf 90' lang='lat' dir='ltr'>ut</span> <span class='ocrx_word' id='word_1_334' title='bbox 665 1592 806 1625; x_wconf 81' lang='lat' dir='ltr'>definitio</span> <span class='ocrx_word' id='word_1_335' title='bbox 817 1614 825 1627; x_wconf 94' lang='lat'>,</span> <span class='ocrx_word' id='word_1_336' title='bbox 838 1602 871 1623; x_wconf 90' lang='lat' dir='ltr'>ut</span> <span class='ocrx_word' id='word_1_337' title='bbox 879 1595 1061 1624; x_wconf 80' lang='lat' dir='ltr'>contrarium</span> <span class='ocrx_word' id='word_1_338' title='bbox 1076 1614 1083 1626; x_wconf 88' lang='lat'>,</span> <span class='ocrx_word' id='word_1_339' title='bbox 1096 1601 1129 1623; x_wconf 88' lang='lat' dir='ltr'>ut</span> <span class='ocrx_word' id='word_1_340' title='bbox 1138 1603 1183 1626; x_wconf 82' lang='lat' dir='ltr'>ea,</span> 
     </span>
     <span class='ocr_line' id='line_1_37' title="bbox 221 1633 1184 1680; baseline -0.005 -11"><span class='ocrx_word' id='word_1_341' title='bbox 221 1649 288 1680; x_wconf 86' lang='lat' dir='ltr'>quae</span> <span class='ocrx_word' id='word_1_342' title='bbox 300 1639 368 1669; x_wconf 86' lang='lat' dir='ltr'>sunt</span> <span class='ocrx_word' id='word_1_343' title='bbox 378 1637 431 1679; x_wconf 88' lang='lat' dir='ltr'>ipsi</span> <span class='ocrx_word' id='word_1_344' title='bbox 443 1659 452 1672; x_wconf 93' lang='lat'>‚</span> <span class='ocrx_word' id='word_1_345' title='bbox 472 1639 660 1669; x_wconf 85' lang='lat' dir='ltr'>contrariove</span> <span class='ocrx_word' id='word_1_346' title='bbox 671 1638 734 1677; x_wconf 87' lang='lat' dir='ltr'>ejus</span> <span class='ocrx_word' id='word_1_347' title='bbox 744 1646 793 1666; x_wconf 87' lang='lat' dir='ltr'>aut</span> <span class='ocrx_word' id='word_1_348' title='bbox 803 1634 912 1666; x_wconf 86' lang='lat' dir='ltr'>similia</span> <span class='ocrx_word' id='word_1_349' title='bbox 923 1656 931 1669; x_wconf 94' lang='lat'>,</span> <span class='ocrx_word' id='word_1_350' title='bbox 954 1643 1003 1666; x_wconf 80' lang='lat' dir='ltr'>aut</span> <span class='ocrx_word' id='word_1_351' title='bbox 1020 1633 1184 1668; x_wconf 65' lang='lat' dir='ltr'>dissimilia,</span> 
     </span>
     <span class='ocr_line' id='line_1_38' title="bbox 219 1675 1186 1719; baseline -0.005 -7"><span class='ocrx_word' id='word_1_352' title='bbox 219 1689 272 1713; x_wconf 84' lang='lat' dir='ltr'>aut</span> <span class='ocrx_word' id='word_1_353' title='bbox 279 1681 489 1714; x_wconf 87' lang='lat' dir='ltr'>consentanea,</span> <span class='ocrx_word' id='word_1_354' title='bbox 500 1689 550 1711; x_wconf 86' lang='lat' dir='ltr'>aut</span> <span class='ocrx_word' id='word_1_355' title='bbox 559 1679 758 1710; x_wconf 81' lang='lat' dir='ltr'>disi&#39;entanea:</span> <span class='ocrx_word' id='word_1_356' title='bbox 775 1688 808 1709; x_wconf 78' lang='lat' dir='ltr'>Ut</span> <span class='ocrx_word' id='word_1_357' title='bbox 817 1688 859 1712; x_wconf 75' lang='lat' dir='ltr'>ea,</span> <span class='ocrx_word' id='word_1_358' title='bbox 871 1688 936 1719; x_wconf 82' lang='lat' dir='ltr'>quae</span> <span class='ocrx_word' id='word_1_359' title='bbox 947 1678 1015 1708; x_wconf 81' lang='lat' dir='ltr'>sunt</span> <span class='ocrx_word' id='word_1_360' title='bbox 1022 1675 1101 1718; x_wconf 79' lang='lat' dir='ltr'>quasi</span> <span class='ocrx_word' id='word_1_361' title='bbox 1111 1688 1186 1708; x_wconf 88' lang='lat' dir='ltr'>con-</span> 
     </span>
     <span class='ocr_line' id='line_1_39' title="bbox 216 1720 1185 1766; baseline -0.006 -11"><span class='ocrx_word' id='word_1_362' title='bbox 216 1722 338 1766; x_wconf 55' lang='lat' dir='ltr'>juncta,</span> <span class='ocrx_word' id='word_1_363' title='bbox 347 1731 398 1754; x_wconf 89' lang='lat' dir='ltr'>aut</span> <span class='ocrx_word' id='word_1_364' title='bbox 407 1733 452 1756; x_wconf 88' lang='lat' dir='ltr'>ea,</span> <span class='ocrx_word' id='word_1_365' title='bbox 463 1733 532 1764; x_wconf 85' lang='lat' dir='ltr'>quae</span> <span class='ocrx_word' id='word_1_366' title='bbox 543 1723 612 1753; x_wconf 88' lang='lat' dir='ltr'>sunt</span> <span class='ocrx_word' id='word_1_367' title='bbox 621 1720 701 1763; x_wconf 77' lang='lat' dir='ltr'>quasi</span> <span class='ocrx_word' id='word_1_368' title='bbox 709 1722 872 1762; x_wconf 78' lang='lat' dir='ltr'>pugnantia</span> <span class='ocrx_word' id='word_1_369' title='bbox 880 1723 959 1750; x_wconf 82' lang='lat' dir='ltr'>inter</span> <span class='ocrx_word' id='word_1_370' title='bbox 967 1720 995 1750; x_wconf 83' lang='lat' dir='ltr'>se</span> <span class='ocrx_word' id='word_1_371' title='bbox 1008 1729 1074 1750; x_wconf 80' lang='lat' dir='ltr'>:aut</span> <span class='ocrx_word' id='word_1_372' title='bbox 1083 1729 1185 1750; x_wconf 83' lang='lat' dir='ltr'>earum</span> 
     </span>
    </p>
   </div>
   <div class='ocr_carea' id='block_1_8' title="bbox 221 1762 1209 1807">
    <p class='ocr_par' dir='ltr' id='par_1_8' title="bbox 221 1762 1209 1807">
     <span class='ocr_line' id='line_1_40' title="bbox 221 1762 1209 1807; baseline -0.006 -10"><span class='ocrx_word' id='word_1_373' title='bbox 221 1776 322 1797; x_wconf 84' lang='lat' dir='ltr'>rerum</span> <span class='ocrx_word' id='word_1_374' title='bbox 333 1786 342 1801; x_wconf 91' lang='lat'>,</span> <span class='ocrx_word' id='word_1_375' title='bbox 355 1765 391 1796; x_wconf 90' lang='lat' dir='ltr'>de</span> <span class='ocrx_word' id='word_1_376' title='bbox 400 1765 510 1807; x_wconf 86' lang='lat' dir='ltr'>quibus</span> <span class='ocrx_word' id='word_1_377' title='bbox 520 1766 615 1805; x_wconf 86' lang='lat' dir='ltr'>agitur</span> <span class='ocrx_word' id='word_1_378' title='bbox 624 1785 632 1798; x_wconf 92' lang='lat'>,</span> <span class='ocrx_word' id='word_1_379' title='bbox 644 1764 734 1794; x_wconf 82' lang='lat' dir='ltr'>causae</span> <span class='ocrx_word' id='word_1_380' title='bbox 747 1774 752 1792; x_wconf 91' lang='lat'>:</span> <span class='ocrx_word' id='word_1_381' title='bbox 775 1772 825 1793; x_wconf 85' lang='lat' dir='ltr'>aut</span> <span class='ocrx_word' id='word_1_382' title='bbox 835 1763 986 1793; x_wconf 76' lang='lat' dir='ltr'>causarum</span> <span class='ocrx_word' id='word_1_383' title='bbox 997 1771 1122 1792; x_wconf 70' lang='lat' dir='ltr'>eventus</span> <span class='ocrx_word' id='word_1_384' title='bbox 1133 1783 1141 1795; x_wconf 95' lang='lat'>,</span> <span class='ocrx_word' id='word_1_385' title='bbox 1155 1762 1186 1793; x_wconf 90' lang='lat' dir='ltr'>id</span> <span class='ocrx_word' id='word_1_386' title='bbox 1208 1778 1209 1789; x_wconf 62' lang='lat' dir='ltr'>i</span> 
     </span>
    </p>
   </div>
   <div class='ocr_carea' id='block_1_9' title="bbox 221 1800 2197 1850">
    <p class='ocr_par' dir='ltr' id='par_1_9' title="bbox 221 1800 2197 1850">
     <span class='ocr_line' id='line_1_41' title="bbox 221 1800 2197 1850; baseline -0.005 -11"><span class='ocrx_word' id='word_1_387' title='bbox 221 1808 265 1839; x_wconf 88' lang='lat' dir='ltr'>est</span> <span class='ocrx_word' id='word_1_388' title='bbox 275 1829 284 1843; x_wconf 85' lang='lat'>,</span> <span class='ocrx_word' id='word_1_389' title='bbox 296 1805 362 1850; x_wconf 86' lang='lat' dir='ltr'>quae</span> <span class='ocrx_word' id='word_1_390' title='bbox 371 1808 440 1838; x_wconf 89' lang='lat' dir='ltr'>sunt</span> <span class='ocrx_word' id='word_1_391' title='bbox 449 1805 555 1837; x_wconf 66' lang='lat' dir='ltr'>effeSta</span> <span class='ocrx_word' id='word_1_392' title='bbox 565 1809 601 1837; x_wconf 84' lang='lat' dir='ltr'>de</span> <span class='ocrx_word' id='word_1_393' title='bbox 611 1804 700 1836; x_wconf 85' lang='lat' dir='ltr'>causis</span> <span class='ocrx_word' id='word_1_394' title='bbox 711 1826 719 1840; x_wconf 90' lang='lat'>,</span> <span class='ocrx_word' id='word_1_395' title='bbox 733 1804 1002 1836; x_wconf 79' lang='lat' dir='ltr'>utdistributioncs</span> <span class='ocrx_word' id='word_1_396' title='bbox 1013 1825 1021 1838; x_wconf 92' lang='lat'>,</span> <span class='ocrx_word' id='word_1_397' title='bbox 1040 1814 1074 1834; x_wconf 87' lang='lat' dir='ltr'>ut</span> <span class='ocrx_word' id='word_1_398' title='bbox 1081 1815 1189 1846; x_wconf 75' lang='lat' dir='ltr'>genera</span> <span class='ocrx_word' id='word_1_399' title='bbox 1234 1807 1268 1835; x_wconf 90' lang='lat' dir='ltr'>C.</span> <span class='ocrx_word' id='word_1_400' title='bbox 1281 1807 1313 1834; x_wconf 89' lang='lat' dir='ltr'>F.</span> <span class='ocrx_word' id='word_1_401' title='bbox 1325 1806 1487 1843; x_wconf 75' lang='lat' dir='ltr'>Semperne</span> <span class='ocrx_word' id='word_1_402' title='bbox 1497 1804 1587 1843; x_wconf 87' lang='lat' dir='ltr'>igitur</span> <span class='ocrx_word' id='word_1_403' title='bbox 1597 1802 1738 1832; x_wconf 81' lang='lat' dir='ltr'>ordinem</span> <span class='ocrx_word' id='word_1_404' title='bbox 1749 1801 1930 1834; x_wconf 86' lang='lat' dir='ltr'>collocandi,</span> <span class='ocrx_word' id='word_1_405' title='bbox 1939 1811 2032 1842; x_wconf 90' lang='lat' dir='ltr'>quem</span> <span class='ocrx_word' id='word_1_406' title='bbox 2039 1800 2197 1836; x_wconf 85' lang='lat' dir='ltr'>volumus,</span> 
     </span>
    </p>
   </div>
   <div class='ocr_carea' id='block_1_10' title="bbox 219 1841 1189 1975">
    <p class='ocr_par' dir='ltr' id='par_1_10' title="bbox 219 1841 1189 1975">
     <span class='ocr_line' id='line_1_42' title="bbox 219 1841 1189 1892; baseline -0.006 -10"><span class='ocrx_word' id='word_1_407' title='bbox 219 1853 349 1892; x_wconf 77' lang='lat' dir='ltr'>partium</span> <span class='ocrx_word' id='word_1_408' title='bbox 361 1870 369 1884; x_wconf 92' lang='lat'>,</span> <span class='ocrx_word' id='word_1_409' title='bbox 382 1859 565 1892; x_wconf 82' lang='lat' dir='ltr'>generumve</span> <span class='ocrx_word' id='word_1_410' title='bbox 575 1858 669 1888; x_wconf 81' lang='lat' dir='ltr'>partes</span> <span class='ocrx_word' id='word_1_411' title='bbox 681 1868 689 1881; x_wconf 93' lang='lat'>,</span> <span class='ocrx_word' id='word_1_412' title='bbox 709 1857 740 1878; x_wconf 86' lang='lat' dir='ltr'>ut</span> <span class='ocrx_word' id='word_1_413' title='bbox 749 1847 915 1888; x_wconf 83' lang='lat' dir='ltr'>primordia</span> <span class='ocrx_word' id='word_1_414' title='bbox 923 1857 1021 1877; x_wconf 85' lang='lat' dir='ltr'>rerum</span> <span class='ocrx_word' id='word_1_415' title='bbox 1035 1867 1043 1881; x_wconf 90' lang='lat'>,</span> <span class='ocrx_word' id='word_1_416' title='bbox 1068 1847 1100 1877; x_wconf 74' lang='grc' dir='ltr'>δε</span> <span class='ocrx_word' id='word_1_417' title='bbox 1110 1841 1189 1888; x_wconf 73' lang='lat' dir='ltr'>quasi</span> 
     </span>
     <span class='ocr_line' id='line_1_43' title="bbox 221 1889 1187 1934; baseline -0.004 -11"><span class='ocrx_word' id='word_1_418' title='bbox 221 1894 430 1934; x_wconf 78' lang='lat' dir='ltr'>praecurrentia</span> <span class='ocrx_word' id='word_1_419' title='bbox 441 1913 449 1925; x_wconf 92' lang='lat'>,</span> <span class='ocrx_word' id='word_1_420' title='bbox 470 1894 502 1921; x_wconf 91' lang='lat' dir='ltr'>in</span> <span class='ocrx_word' id='word_1_421' title='bbox 512 1891 622 1932; x_wconf 85' lang='lat' dir='ltr'>quibus</span> <span class='ocrx_word' id='word_1_422' title='bbox 631 1889 708 1920; x_wconf 88' lang='lat' dir='ltr'>inest</span> <span class='ocrx_word' id='word_1_423' title='bbox 717 1889 830 1930; x_wconf 82' lang='lat' dir='ltr'>aliquid</span> <span class='ocrx_word' id='word_1_424' title='bbox 838 1891 1007 1930; x_wconf 81' lang='lat' dir='ltr'>argumenti</span> <span class='ocrx_word' id='word_1_425' title='bbox 1019 1899 1024 1917; x_wconf 79' lang='lat' dir='ltr'>t</span> <span class='ocrx_word' id='word_1_426' title='bbox 1044 1898 1077 1919; x_wconf 91' lang='lat' dir='ltr'>ut</span> <span class='ocrx_word' id='word_1_427' title='bbox 1087 1899 1187 1919; x_wconf 83' lang='lat' dir='ltr'>rerum</span> 
     </span>
     <span class='ocr_line' id='line_1_44' title="bbox 223 1930 1188 1975; baseline -0.006 -9"><span class='ocrx_word' id='word_1_428' title='bbox 223 1937 447 1968; x_wconf 85' lang='lat' dir='ltr'>contentiones,</span> <span class='ocrx_word' id='word_1_429' title='bbox 458 1935 531 1975; x_wconf 90' lang='lat' dir='ltr'>quid</span> <span class='ocrx_word' id='word_1_430' title='bbox 542 1934 649 1973; x_wconf 79' lang='lat' dir='ltr'>majus,</span> <span class='ocrx_word' id='word_1_431' title='bbox 661 1932 734 1974; x_wconf 88' lang='lat' dir='ltr'>quid</span> <span class='ocrx_word' id='word_1_432' title='bbox 743 1943 804 1972; x_wconf 80' lang='lat' dir='ltr'>par,</span> <span class='ocrx_word' id='word_1_433' title='bbox 815 1933 886 1972; x_wconf 86' lang='lat' dir='ltr'>quid</span> <span class='ocrx_word' id='word_1_434' title='bbox 899 1933 1001 1961; x_wconf 79' lang='lat' dir='ltr'>minus</span> <span class='ocrx_word' id='word_1_435' title='bbox 1013 1930 1046 1961; x_wconf 84' lang='lat' dir='ltr'>sit</span> <span class='ocrx_word' id='word_1_436' title='bbox 1056 1951 1063 1965; x_wconf 94' lang='lat'>,</span> <span class='ocrx_word' id='word_1_437' title='bbox 1077 1933 1109 1961; x_wconf 90' lang='lat' dir='ltr'>in</span> <span class='ocrx_word' id='word_1_438' title='bbox 1120 1933 1188 1972; x_wconf 84' lang='lat' dir='ltr'>qui—</span> 
     </span>
    </p>
   </div>
   <div class='ocr_carea' id='block_1_11' title="bbox 224 1970 2199 2060">
    <p class='ocr_par' dir='ltr' id='par_1_11' title="bbox 224 1970 2199 2060">
     <span class='ocr_line' id='line_1_45' title="bbox 224 1970 2199 2014; baseline -0.005 -6"><span class='ocrx_word' id='word_1_439' title='bbox 224 1978 281 2008; x_wconf 85' lang='lat' dir='ltr'>bus</span> <span class='ocrx_word' id='word_1_440' title='bbox 291 1986 341 2007; x_wconf 90' lang='lat' dir='ltr'>aut</span> <span class='ocrx_word' id='word_1_441' title='bbox 350 1986 461 2007; x_wconf 84' lang='lat' dir='ltr'>naturae</span> <span class='ocrx_word' id='word_1_442' title='bbox 470 1986 582 2008; x_wconf 86' lang='lat' dir='ltr'>rerum,</span> <span class='ocrx_word' id='word_1_443' title='bbox 595 1982 646 2005; x_wconf 82' lang='lat' dir='ltr'>&#39;aut</span> <span class='ocrx_word' id='word_1_444' title='bbox 655 1974 809 2005; x_wconf 80' lang='lat' dir='ltr'>facultates</span> <span class='ocrx_word' id='word_1_445' title='bbox 818 1983 1039 2014; x_wconf 76' lang='lat' dir='ltr'>comparantur.</span> <span class='ocrx_word' id='word_1_446' title='bbox 1063 1976 1131 2003; x_wconf 62' lang='lat' dir='ltr'>CF.</span> <span class='ocrx_word' id='word_1_447' title='bbox 1145 1976 1188 2003; x_wconf 94' lang='lat' dir='ltr'>O—</span> <span class='ocrx_word' id='word_1_448' title='bbox 1210 1994 1212 2013; x_wconf 77' lang='lat'><strong>;</strong></span> <span class='ocrx_word' id='word_1_449' title='bbox 1236 1975 1340 2009; x_wconf 74' lang='lat' dir='ltr'>tioniS,</span> <span class='ocrx_word' id='word_1_450' title='bbox 1352 1972 1576 2012; x_wconf 87' lang='lat' dir='ltr'>verborumque</span> <span class='ocrx_word' id='word_1_451' title='bbox 1583 1979 1725 2011; x_wconf 77' lang='lat' dir='ltr'>praecepta</span> <span class='ocrx_word' id='word_1_452' title='bbox 1734 1970 1751 2000; x_wconf 94' lang='lat' dir='ltr'>s</span> <span class='ocrx_word' id='word_1_453' title='bbox 1749 1978 1810 2001; x_wconf 85' lang='lat' dir='ltr'>unt.</span> <span class='ocrx_word' id='word_1_454' title='bbox 1839 1972 1875 2008; x_wconf 75' lang='lat' dir='ltr'>C.</span> <span class='ocrx_word' id='word_1_455' title='bbox 1886 1972 1917 2000; x_wconf 89' lang='grc' dir='ltr'>Ρ.</span> <span class='ocrx_word' id='word_1_456' title='bbox 1930 1972 2037 2000; x_wconf 90' lang='lat' dir='ltr'>Unurn</span> <span class='ocrx_word' id='word_1_457' title='bbox 2048 1972 2137 2010; x_wconf 83' lang='lat' dir='ltr'>igitur</span> <span class='ocrx_word' id='word_1_458' title='bbox 2145 1979 2199 2010; x_wconf 90' lang='lat' dir='ltr'>ge-</span> 
     </span>
     <span class='ocr_line' id='line_1_46' title="bbox 226 2016 1212 2060; baseline -0.005 -10"><span class='ocrx_word' id='word_1_459' title='bbox 226 2019 390 2050; x_wconf 88' lang='lat' dir='ltr'>mnibusne</span> <span class='ocrx_word' id='word_1_460' title='bbox 399 2021 535 2060; x_wconf 85' lang='lat' dir='ltr'>igiturex</span> <span class='ocrx_word' id='word_1_461' title='bbox 546 2019 591 2047; x_wconf 89' lang='lat' dir='ltr'>his</span> <span class='ocrx_word' id='word_1_462' title='bbox 602 2018 674 2048; x_wconf 82' lang='lat' dir='ltr'>locis</span> <span class='ocrx_word' id='word_1_463' title='bbox 684 2025 857 2059; x_wconf 82' lang='lat' dir='ltr'>argumenta</span> <span class='ocrx_word' id='word_1_464' title='bbox 869 2016 1035 2046; x_wconf 82' lang='lat' dir='ltr'>sumemus?</span> <span class='ocrx_word' id='word_1_465' title='bbox 1045 2018 1112 2046; x_wconf 73' lang='grc' dir='ltr'>ΟΡ.</span> <span class='ocrx_word' id='word_1_466' title='bbox 1126 2018 1190 2045; x_wconf 89' lang='lat' dir='ltr'>Im-</span> <span class='ocrx_word' id='word_1_467' title='bbox 1210 2027 1212 2030; x_wconf 95' lang='lat'>·</span> 
     </span>
    </p>
   </div>
   <div class='ocr_carea' id='block_1_12' title="bbox 226 2057 1212 2100">
    <p class='ocr_par' dir='ltr' id='par_1_12' title="bbox 226 2054 1212 2100">
     <span class='ocr_line' id='line_1_47' title="bbox 226 2057 1212 2100; baseline -0.005 -8"><span class='ocrx_word' id='word_1_468' title='bbox 226 2061 281 2092; x_wconf 73' lang='lat' dir='ltr'>mo</span> <span class='ocrx_word' id='word_1_469' title='bbox 291 2060 364 2092; x_wconf 79' lang='lat' dir='ltr'>vero</span> <span class='ocrx_word' id='word_1_470' title='bbox 373 2060 580 2094; x_wconf 85' lang='lat' dir='ltr'>scrutabimur,</span> <span class='ocrx_word' id='word_1_471' title='bbox 595 2060 627 2089; x_wconf 87' lang='lat'>&amp;</span> <span class='ocrx_word' id='word_1_472' title='bbox 637 2068 804 2100; x_wconf 82' lang='lat' dir='ltr'>quaeremus</span> <span class='ocrx_word' id='word_1_473' title='bbox 814 2068 852 2088; x_wconf 77' lang='lat' dir='ltr'>ex.</span> <span class='ocrx_word' id='word_1_474' title='bbox 862 2058 1007 2088; x_wconf 75' lang='lat' dir='ltr'>omnibus</span> <span class='ocrx_word' id='word_1_475' title='bbox 1019 2069 1024 2087; x_wconf 90' lang='lat'>:</span> <span class='ocrx_word' id='word_1_476' title='bbox 1045 2057 1093 2088; x_wconf 87' lang='lat' dir='ltr'>sed</span> <span class='ocrx_word' id='word_1_477' title='bbox 1103 2057 1190 2088; x_wconf 84' lang='lat' dir='ltr'>adhi-</span> <span class='ocrx_word' id='word_1_478' title='bbox 1211 2069 1212 2100; x_wconf 59' lang='grc'>;</span> 
     </span>
    </p>
   </div>
   <div class='ocr_carea' id='block_1_13' title="bbox 224 2100 1191 2269">
    <p class='ocr_par' dir='ltr' id='par_1_13' title="bbox 224 2100 1191 2269">
     <span class='ocr_line' id='line_1_48' title="bbox 226 2100 1190 2143; baseline -0.006 -8"><span class='ocrx_word' id='word_1_479' title='bbox 226 2102 531 2143; x_wconf 85' lang='lat' dir='ltr'>bebimusjudicium</span> <span class='ocrx_word' id='word_1_480' title='bbox 542 2122 550 2136; x_wconf 92' lang='lat'>,</span> <span class='ocrx_word' id='word_1_481' title='bbox 575 2111 606 2132; x_wconf 89' lang='lat' dir='ltr'>ut</span> <span class='ocrx_word' id='word_1_482' title='bbox 616 2103 693 2130; x_wconf 63' lang='lat' dir='ltr'>lewa</span> <span class='ocrx_word' id='word_1_483' title='bbox 704 2101 820 2140; x_wconf 84' lang='lat' dir='ltr'>semper</span> <span class='ocrx_word' id='word_1_484' title='bbox 829 2100 999 2140; x_wconf 73' lang='lat' dir='ltr'>rejiciamus</span> <span class='ocrx_word' id='word_1_485' title='bbox 1011 2120 1019 2134; x_wconf 93' lang='lat'>,</span> <span class='ocrx_word' id='word_1_486' title='bbox 1031 2110 1190 2130; x_wconf 86' lang='lat' dir='ltr'>nonnum-</span> 
     </span>
     <span class='ocr_line' id='line_1_49' title="bbox 224 2140 1188 2187; baseline -0.005 -11"><span class='ocrx_word' id='word_1_487' title='bbox 224 2156 315 2187; x_wconf 84' lang='lat' dir='ltr'>quam</span> <span class='ocrx_word' id='word_1_488' title='bbox 326 2147 418 2176; x_wconf 83' lang='lat' dir='ltr'>etiam</span> <span class='ocrx_word' id='word_1_489' title='bbox 428 2145 607 2174; x_wconf 86' lang='lat' dir='ltr'>communia</span> <span class='ocrx_word' id='word_1_490' title='bbox 614 2144 877 2183; x_wconf 61' lang='lat' dir='ltr'>praetermittamus</span> <span class='ocrx_word' id='word_1_491' title='bbox 887 2161 895 2174; x_wconf 91' lang='lat'>,</span> <span class='ocrx_word' id='word_1_492' title='bbox 908 2143 939 2171; x_wconf 87' lang='lat'>&amp;</span> <span class='ocrx_word' id='word_1_493' title='bbox 949 2152 1013 2171; x_wconf 80' lang='lat' dir='ltr'>non</span> <span class='ocrx_word' id='word_1_494' title='bbox 1023 2152 1094 2172; x_wconf 83' lang='lat' dir='ltr'>nece</span> <span class='ocrx_word' id='word_1_495' title='bbox 1100 2140 1188 2172; x_wconf 58' lang='lat' dir='ltr'>[iuria.</span> 
     </span>
     <span class='ocr_line' id='line_1_50' title="bbox 226 2183 1189 2229; baseline -0.006 -12"><span class='ocrx_word' id='word_1_496' title='bbox 226 2191 260 2218; x_wconf 94' lang='lat' dir='ltr'>C.</span> <span class='ocrx_word' id='word_1_497' title='bbox 275 2190 306 2229; x_wconf 78' lang='lat' dir='ltr'>F.</span> <span class='ocrx_word' id='word_1_498' title='bbox 326 2188 482 2228; x_wconf 79' lang='lat' dir='ltr'>Qoniam</span> <span class='ocrx_word' id='word_1_499' title='bbox 499 2186 536 2216; x_wconf 88' lang='lat' dir='ltr'>de</span> <span class='ocrx_word' id='word_1_500' title='bbox 556 2183 809 2224; x_wconf 77' lang='lat' dir='ltr'>fiderespondisti</span> <span class='ocrx_word' id='word_1_501' title='bbox 819 2199 841 2222; x_wconf 72' lang='lat'><strong>›.&#39;-</strong></span> <span class='ocrx_word' id='word_1_502' title='bbox 849 2184 922 2213; x_wconf 86' lang='lat' dir='ltr'>volo</span> <span class='ocrx_word' id='word_1_503' title='bbox 933 2184 1033 2214; x_wconf 76' lang='lat' dir='ltr'>audire</span> <span class='ocrx_word' id='word_1_504' title='bbox 1044 2183 1082 2213; x_wconf 82' lang='lat' dir='ltr'>de</span> <span class='ocrx_word' id='word_1_505' title='bbox 1090 2192 1189 2213; x_wconf 85' lang='lat' dir='ltr'>motu.</span> 
     </span>
     <span class='ocr_line' id='line_1_51' title="bbox 227 2225 1191 2269; baseline -0.006 -10"><span class='ocrx_word' id='word_1_506' title='bbox 227 2233 262 2269; x_wconf 70' lang='lat' dir='ltr'>q.</span> <span class='ocrx_word' id='word_1_507' title='bbox 274 2228 306 2261; x_wconf 59' lang='lat' dir='ltr'>P‘.</span> <span class='ocrx_word' id='word_1_508' title='bbox 314 2230 402 2265; x_wconf 74' lang='lat' dir='ltr'>Loco</span> <span class='ocrx_word' id='word_1_509' title='bbox 412 2237 444 2258; x_wconf 91' lang='lat' dir='ltr'>tu</span> <span class='ocrx_word' id='word_1_510' title='bbox 455 2227 581 2268; x_wconf 86' lang='lat' dir='ltr'>quidem</span> <span class='ocrx_word' id='word_1_511' title='bbox 591 2231 712 2268; x_wconf 78' lang='lat' dir='ltr'>quaeris,</span> <span class='ocrx_word' id='word_1_512' title='bbox 723 2225 772 2256; x_wconf 84' lang='lat' dir='ltr'>sed</span> <span class='ocrx_word' id='word_1_513' title='bbox 781 2225 898 2266; x_wconf 77' lang='lat' dir='ltr'>planius</span> <span class='ocrx_word' id='word_1_514' title='bbox 908 2226 989 2265; x_wconf 81' lang='lat' dir='ltr'>quod</span> <span class='ocrx_word' id='word_1_515' title='bbox 1001 2227 1046 2255; x_wconf 75' lang='lat' dir='ltr'>vis</span> <span class='ocrx_word' id='word_1_516' title='bbox 1057 2225 1191 2264; x_wconf 80' lang='lat' dir='ltr'>explica—</span> 
     </span>
    </p>
   </div>
   <div class='ocr_carea' id='block_1_14' title="bbox 226 2263 1215 2353">
    <p class='ocr_par' dir='ltr' id='par_1_14' title="bbox 226 2263 1215 2353">
     <span class='ocr_line' id='line_1_52' title="bbox 228 2263 1215 2309; baseline -0.006 -7"><span class='ocrx_word' id='word_1_517' title='bbox 228 2271 329 2304; x_wconf 83' lang='lat' dir='ltr'>bitur,</span> <span class='ocrx_word' id='word_1_518' title='bbox 349 2269 421 2301; x_wconf 73' lang='lat' dir='ltr'>cum</span> <span class='ocrx_word' id='word_1_519' title='bbox 431 2270 466 2300; x_wconf 84' lang='lat' dir='ltr'>ad</span> <span class='ocrx_word' id='word_1_520' title='bbox 477 2271 621 2300; x_wconf 78' lang='lat' dir='ltr'>orationis</span> <span class='ocrx_word' id='word_1_521' title='bbox 633 2267 738 2309; x_wconf 86' lang='lat' dir='ltr'>ipsius,</span> <span class='ocrx_word' id='word_1_522' title='bbox 759 2266 1024 2308; x_wconf 77' lang='lat' dir='ltr'>quaestionumque</span> <span class='ocrx_word' id='word_1_523' title='bbox 1040 2269 1191 2297; x_wconf 79' lang='lat' dir='ltr'>rationem</span> <span class='ocrx_word' id='word_1_524' title='bbox 1213 2263 1215 2273; x_wconf 66' lang='lat'><em>&#39;</em></span> 
     </span>
     <span class='ocr_line' id='line_1_53' title="bbox 226 2310 1215 2353; baseline -0.007 -8"><span class='ocrx_word' id='word_1_525' title='bbox 226 2323 350 2345; x_wconf 84' lang='lat' dir='ltr'>venero.</span> <span class='ocrx_word' id='word_1_526' title='bbox 383 2315 415 2342; x_wconf 86' lang='lat' dir='ltr'>C..</span> <span class='ocrx_word' id='word_1_527' title='bbox 428 2314 459 2342; x_wconf 92' lang='lat' dir='ltr'>F.</span> <span class='ocrx_word' id='word_1_528' title='bbox 479 2311 561 2353; x_wconf 84' lang='lat' dir='ltr'>Qid</span> <span class='ocrx_word' id='word_1_529' title='bbox 573 2312 821 2352; x_wconf 79' lang='lat' dir='ltr'>seqiiiturigitur?</span> <span class='ocrx_word' id='word_1_530' title='bbox 852 2312 884 2339; x_wconf 93' lang='lat' dir='ltr'><strong>C.</strong></span> <span class='ocrx_word' id='word_1_531' title='bbox 897 2312 926 2339; x_wconf 89' lang='lat' dir='ltr'><strong>P.</strong></span> <span class='ocrx_word' id='word_1_532' title='bbox 946 2312 1024 2339; x_wconf 73' lang='lat' dir='ltr'>(Iuni</span> <span class='ocrx_word' id='word_1_533' title='bbox 1040 2310 1193 2338; x_wconf 84' lang='lat' dir='ltr'>inveneris</span> <span class='ocrx_word' id='word_1_534' title='bbox 1214 2324 1215 2328; x_wconf 65' lang='lat'><em>=</em></span> 
     </span>
    </p>
   </div>
   <div class='ocr_carea' id='block_1_15' title="bbox 227 2349 1195 2563">
    <p class='ocr_par' dir='ltr' id='par_1_15' title="bbox 227 2349 1195 2563">
     <span class='ocr_line' id='line_1_54' title="bbox 227 2349 1190 2393; baseline -0.006 -7"><span class='ocrx_word' id='word_1_535' title='bbox 227 2357 364 2386; x_wconf 75' lang='lat' dir='ltr'>collocare.</span> <span class='ocrx_word' id='word_1_536' title='bbox 396 2356 488 2390; x_wconf 69' lang='lat' dir='ltr'>Cuius</span> <span class='ocrx_word' id='word_1_537' title='bbox 499 2364 532 2383; x_wconf 89' lang='lat' dir='ltr'>in</span> <span class='ocrx_word' id='word_1_538' title='bbox 543 2352 664 2384; x_wconf 81' lang='lat' dir='ltr'>infinita</span> <span class='ocrx_word' id='word_1_539' title='bbox 672 2351 836 2393; x_wconf 77' lang='lat' dir='ltr'>quaestione</span> <span class='ocrx_word' id='word_1_540' title='bbox 846 2371 855 2384; x_wconf 92' lang='lat'>,</span> <span class='ocrx_word' id='word_1_541' title='bbox 875 2350 951 2381; x_wconf 88' lang='lat' dir='ltr'>ordo</span> <span class='ocrx_word' id='word_1_542' title='bbox 961 2350 1003 2381; x_wconf 85' lang='lat' dir='ltr'>est</span> <span class='ocrx_word' id='word_1_543' title='bbox 1020 2350 1104 2380; x_wconf 89' lang='lat' dir='ltr'>idem</span> <span class='ocrx_word' id='word_1_544' title='bbox 1116 2349 1190 2384; x_wconf 73' lang='lat' dir='ltr'>fere,</span> 
     </span>
     <span class='ocr_line' id='line_1_55' title="bbox 229 2391 1194 2439; baseline -0.005 -12"><span class='ocrx_word' id='word_1_545' title='bbox 229 2407 322 2439; x_wconf 85' lang='lat' dir='ltr'>quem</span> <span class='ocrx_word' id='word_1_546' title='bbox 340 2396 487 2437; x_wconf 79' lang='lat' dir='ltr'>exposui,</span> <span class='ocrx_word' id='word_1_547' title='bbox 506 2396 656 2426; x_wconf 84' lang='lat' dir='ltr'>locorum.</span> <span class='ocrx_word' id='word_1_548' title='bbox 687 2396 724 2424; x_wconf 71' lang='lat' dir='ltr'>In</span> <span class='ocrx_word' id='word_1_549' title='bbox 743 2392 866 2423; x_wconf 63' lang='lat' dir='ltr'>definita</span> <span class='ocrx_word' id='word_1_550' title='bbox 885 2402 984 2423; x_wconf 81' lang='lat' dir='ltr'>autem</span> <span class='ocrx_word' id='word_1_551' title='bbox 997 2413 1005 2426; x_wconf 94' lang='lat'>‚</span> <span class='ocrx_word' id='word_1_552' title='bbox 1024 2391 1194 2423; x_wconf 78' lang='lat' dir='ltr'>adhibenda</span> 
     </span>
     <span class='ocr_line' id='line_1_56' title="bbox 230 2439 512 2471; baseline -0.014 0"><span class='ocrx_word' id='word_1_553' title='bbox 230 2441 300 2471; x_wconf 90' lang='lat' dir='ltr'>sunt</span> <span class='ocrx_word' id='word_1_554' title='bbox 318 2439 372 2469; x_wconf 87' lang='lat' dir='ltr'>illa</span> <span class='ocrx_word' id='word_1_555' title='bbox 390 2440 482 2468; x_wconf 72' lang='lat' dir='ltr'>etiam</span> <span class='ocrx_word' id='word_1_556' title='bbox 503 2458 512 2471; x_wconf 87' lang='lat'>,</span> 
     </span>
     <span class='ocr_line' id='line_1_57' title="bbox 231 2477 1194 2523; baseline -0.007 -10"><span class='ocrx_word' id='word_1_557' title='bbox 231 2485 264 2513; x_wconf 92' lang='lat' dir='ltr'><strong>C.</strong></span> <span class='ocrx_word' id='word_1_558' title='bbox 276 2485 311 2512; x_wconf 91' lang='lat' dir='ltr'>F.</span> <span class='ocrx_word' id='word_1_559' title='bbox 323 2480 492 2523; x_wconf 80' lang='lat' dir='ltr'>Qomodo</span> <span class='ocrx_word' id='word_1_560' title='bbox 501 2478 654 2522; x_wconf 76' lang='lat' dir='ltr'>igiturista</span> <span class='ocrx_word' id='word_1_561' title='bbox 663 2479 813 2519; x_wconf 71' lang='lat' dir='ltr'>explicas?</span> <span class='ocrx_word' id='word_1_562' title='bbox 845 2480 877 2507; x_wconf 83' lang='lat' dir='ltr'><strong>C.</strong></span> <span class='ocrx_word' id='word_1_563' title='bbox 889 2477 1041 2508; x_wconf 65' lang='lat' dir='ltr'>RHabeo</span> <span class='ocrx_word' id='word_1_564' title='bbox 1051 2487 1194 2507; x_wconf 88' lang='lat' dir='ltr'>commu·</span> 
     </span>
     <span class='ocr_line' id='line_1_58' title="bbox 230 2517 1195 2563; baseline -0.007 -8"><span class='ocrx_word' id='word_1_565' title='bbox 230 2526 283 2555; x_wconf 82' lang='lat' dir='ltr'>nia</span> <span class='ocrx_word' id='word_1_566' title='bbox 300 2517 448 2563; x_wconf 62' lang='lat' dir='ltr'>prees-’epta&#39;</span> <span class='ocrx_word' id='word_1_567' title='bbox 462 2519 555 2552; x_wconf 86' lang='lat' dir='ltr'>fidem</span> <span class='ocrx_word' id='word_1_568' title='bbox 572 2520 703 2551; x_wconf 72' lang='lat' dir='ltr'>faciendi</span> <span class='ocrx_word' id='word_1_569' title='bbox 715 2538 723 2554; x_wconf 93' lang='lat'>-,</span> <span class='ocrx_word' id='word_1_570' title='bbox 745 2517 1017 2550; x_wconf 65' lang='lat' dir='ltr'>&amp;commovendi</span> <span class='ocrx_word' id='word_1_571' title='bbox 1039 2521 1195 2561; x_wconf 80' lang='lat' dir='ltr'>Qoniam</span> 
     </span>
    </p>
   </div>
   <div class='ocr_carea' id='block_1_16' title="bbox 189 2561 1194 2606">
    <p class='ocr_par' dir='ltr' id='par_1_16' title="bbox 189 2561 1194 2606">
     <span class='ocr_line' id='line_1_59' title="bbox 189 2561 1194 2606; baseline -0.004 -11"><span class='ocrx_word' id='word_1_572' title='bbox 189 2573 193 2577; x_wconf 78' lang='grc'><em>·</em></span> <span class='ocrx_word' id='word_1_573' title='bbox 227 2565 298 2606; x_wconf 77' lang='lat' dir='ltr'>fides</span> <span class='ocrx_word' id='word_1_574' title='bbox 309 2586 317 2598; x_wconf 93' lang='lat'>,</span> <span class='ocrx_word' id='word_1_575' title='bbox 329 2564 372 2595; x_wconf 86' lang='lat' dir='ltr'>est</span> <span class='ocrx_word' id='word_1_576' title='bbox 380 2563 468 2594; x_wconf 73' lang='lat' dir='ltr'>firma</span> <span class='ocrx_word' id='word_1_577' title='bbox 476 2566 583 2604; x_wconf 86' lang='lat' dir='ltr'>opinio</span> <span class='ocrx_word' id='word_1_578' title='bbox 596 2574 602 2592; x_wconf 89' lang='grc'>;</span> <span class='ocrx_word' id='word_1_579' title='bbox 621 2571 714 2592; x_wconf 71' lang='lat' dir='ltr'>motus</span> <span class='ocrx_word' id='word_1_580' title='bbox 724 2571 836 2595; x_wconf 78' lang='lat' dir='ltr'>autem,</span> <span class='ocrx_word' id='word_1_581' title='bbox 849 2563 945 2593; x_wconf 76' lang='lat' dir='ltr'>animi</span> <span class='ocrx_word' id='word_1_582' title='bbox 956 2563 1092 2592; x_wconf 79' lang='lat' dir='ltr'>incitatio</span> <span class='ocrx_word' id='word_1_583' title='bbox 1102 2570 1151 2591; x_wconf 81' lang='lat' dir='ltr'>aut</span> <span class='ocrx_word' id='word_1_584' title='bbox 1159 2561 1194 2591; x_wconf 83' lang='lat' dir='ltr'>ad</span> 
     </span>
    </p>
   </div>
   <div class='ocr_carea' id='block_1_17' title="bbox 232 2602 1196 2647">
    <p class='ocr_par' dir='ltr' id='par_1_17' title="bbox 232 2602 1196 2647">
     <span class='ocr_line' id='line_1_60' title="bbox 232 2602 1196 2647; baseline -0.005 -10"><span class='ocrx_word' id='word_1_585' title='bbox 232 2608 421 2647; x_wconf 64' lang='lat' dir='ltr'>voluptutem</span> <span class='ocrx_word' id='word_1_586' title='bbox 433 2626 441 2640; x_wconf 68' lang='lat'>2</span> <span class='ocrx_word' id='word_1_587' title='bbox 450 2606 542 2637; x_wconf 76' lang='lat' dir='ltr'>autad</span> <span class='ocrx_word' id='word_1_588' title='bbox 554 2605 726 2636; x_wconf 69' lang='lat' dir='ltr'>molestiam</span> <span class='ocrx_word' id='word_1_589' title='bbox 738 2625 746 2639; x_wconf 98' lang='lat'>,</span> <span class='ocrx_word' id='word_1_590' title='bbox 756 2614 805 2635; x_wconf 86' lang='lat' dir='ltr'>aut</span> <span class='ocrx_word' id='word_1_591' title='bbox 815 2603 850 2635; x_wconf 87' lang='lat' dir='ltr'>ad</span> <span class='ocrx_word' id='word_1_592' title='bbox 862 2613 978 2634; x_wconf 81' lang='lat' dir='ltr'>metum</span> <span class='ocrx_word' id='word_1_593' title='bbox 989 2620 997 2638; x_wconf 65' lang='lat'><em>⁵</em></span> <span class='ocrx_word' id='word_1_594' title='bbox 1009 2602 1102 2634; x_wconf 80' lang='lat' dir='ltr'>autad</span> <span class='ocrx_word' id='word_1_595' title='bbox 1113 2605 1196 2643; x_wconf 85' lang='lat' dir='ltr'>cupi—</span> 
     </span>
    </p>
   </div>
   <div class='ocr_carea' id='block_1_18' title="bbox 233 2647 1220 2899">
    <p class='ocr_par' dir='ltr' id='par_1_18' title="bbox 233 2647 1220 2899">
     <span class='ocr_line' id='line_1_61' title="bbox 233 2647 1218 2688; baseline -0.004 -9"><span class='ocrx_word' id='word_1_596' title='bbox 233 2649 357 2683; x_wconf 82' lang='lat' dir='ltr'>ditatem</span> <span class='ocrx_word' id='word_1_597' title='bbox 370 2658 376 2677; x_wconf 79' lang='lat' dir='ltr'>t</span> <span class='ocrx_word' id='word_1_598' title='bbox 396 2650 453 2687; x_wconf 85' lang='lat' dir='ltr'>(tot</span> <span class='ocrx_word' id='word_1_599' title='bbox 463 2649 545 2678; x_wconf 88' lang='lat' dir='ltr'>enim</span> <span class='ocrx_word' id='word_1_600' title='bbox 556 2648 624 2678; x_wconf 84' lang='lat' dir='ltr'>sunt</span> <span class='ocrx_word' id='word_1_601' title='bbox 634 2655 737 2677; x_wconf 88' lang='lat' dir='ltr'>motus</span> <span class='ocrx_word' id='word_1_602' title='bbox 745 2656 853 2688; x_wconf 79' lang='lat' dir='ltr'>geneia</span> <span class='ocrx_word' id='word_1_603' title='bbox 865 2668 874 2680; x_wconf 89' lang='lat'>,</span> <span class='ocrx_word' id='word_1_604' title='bbox 892 2655 987 2686; x_wconf 77' lang='lat' dir='ltr'>partes</span> <span class='ocrx_word' id='word_1_605' title='bbox 997 2647 1095 2687; x_wconf 79' lang='lat' dir='ltr'>plui-es</span> <span class='ocrx_word' id='word_1_606' title='bbox 1106 2655 1196 2688; x_wconf 82' lang='lat' dir='ltr'>gene-</span> <span class='ocrx_word' id='word_1_607' title='bbox 1216 2649 1218 2686; x_wconf 72' lang='grc' dir='ltr'>ξ</span> 
     </span>
     <span class='ocr_line' id='line_1_62' title="bbox 233 2687 1218 2732; baseline -0.003 -11"><span class='ocrx_word' id='word_1_608' title='bbox 233 2701 303 2722; x_wconf 80' lang='lat' dir='ltr'>rum</span> <span class='ocrx_word' id='word_1_609' title='bbox 314 2689 513 2732; x_wconf 86' lang='lat' dir='ltr'>fingulorum:</span> <span class='ocrx_word' id='word_1_610' title='bbox 526 2690 674 2731; x_wconf 75' lang='lat' dir='ltr'>&gt;omnem</span> <span class='ocrx_word' id='word_1_611' title='bbox 683 2689 917 2719; x_wconf 77' lang='lat' dir='ltr'>collocationem</span> <span class='ocrx_word' id='word_1_612' title='bbox 927 2688 962 2719; x_wconf 82' lang='lat' dir='ltr'>ad</span> <span class='ocrx_word' id='word_1_613' title='bbox 973 2687 1068 2718; x_wconf 80' lang='lat' dir='ltr'>finem</span> <span class='ocrx_word' id='word_1_614' title='bbox 1078 2697 1198 2718; x_wconf 85' lang='lat' dir='ltr'>accom-</span> <span class='ocrx_word' id='word_1_615' title='bbox 1217 2687 1218 2711; x_wconf 60' lang='grc' dir='ltr'><strong>ἶ</strong></span> 
     </span>
     <span class='ocr_line' id='line_1_63' title="bbox 236 2728 1218 2773; baseline -0.005 -9"><span class='ocrx_word' id='word_1_616' title='bbox 236 2732 332 2764; x_wconf 86' lang='lat' dir='ltr'>modo</span> <span class='ocrx_word' id='word_1_617' title='bbox 343 2731 525 2773; x_wconf 63' lang='lat' dir='ltr'>quaestionis.</span> <span class='ocrx_word' id='word_1_618' title='bbox 538 2734 621 2763; x_wconf 81' lang='lat' dir='ltr'>Nam</span> <span class='ocrx_word' id='word_1_619' title='bbox 632 2731 717 2761; x_wconf 86' lang='lat' dir='ltr'>estin</span> <span class='ocrx_word' id='word_1_620' title='bbox 727 2729 879 2771; x_wconf 86' lang='lat' dir='ltr'>proposito</span> <span class='ocrx_word' id='word_1_621' title='bbox 890 2729 971 2764; x_wconf 77' lang='lat' dir='ltr'>finis,</span> <span class='ocrx_word' id='word_1_622' title='bbox 984 2728 1057 2760; x_wconf 84' lang='lat' dir='ltr'>fides</span> <span class='ocrx_word' id='word_1_623' title='bbox 1069 2732 1117 2760; x_wconf 86' lang='lat' dir='ltr'>:in</span> <span class='ocrx_word' id='word_1_624' title='bbox 1127 2740 1196 2760; x_wconf 70' lang='lat' dir='ltr'>cnu—</span> <span class='ocrx_word' id='word_1_625' title='bbox 1217 2749 1218 2754; x_wconf 63' lang='lat'>.</span> 
     </span>
     <span class='ocr_line' id='line_1_64' title="bbox 594 2771 1219 2815; baseline -0.005 -11"><span class='ocrx_word' id='word_1_626' title='bbox 594 2776 690 2815; x_wconf 79' lang='lat' dir='ltr'>Qare</span> <span class='ocrx_word' id='word_1_627' title='bbox 700 2772 772 2803; x_wconf 78' lang='lat' dir='ltr'>cum</span> <span class='ocrx_word' id='word_1_628' title='bbox 780 2774 816 2804; x_wconf 85' lang='lat' dir='ltr'>de</span> <span class='ocrx_word' id='word_1_629' title='bbox 825 2772 909 2804; x_wconf 70' lang='lat' dir='ltr'>causi</span> <span class='ocrx_word' id='word_1_630' title='bbox 919 2772 1034 2806; x_wconf 78' lang='lat' dir='ltr'>dixero,</span> <span class='ocrx_word' id='word_1_631' title='bbox 1046 2771 1080 2802; x_wconf 88' lang='lat' dir='ltr'>in</span> <span class='ocrx_word' id='word_1_632' title='bbox 1089 2782 1145 2813; x_wconf 78' lang='lat' dir='ltr'>qua</span> <span class='ocrx_word' id='word_1_633' title='bbox 1156 2771 1197 2801; x_wconf 82' lang='lat' dir='ltr'>est</span> <span class='ocrx_word' id='word_1_634' title='bbox 1218 2774 1219 2780; x_wconf 62' lang='lat'>¹</span> 
     </span>
     <span class='ocr_line' id='line_1_65' title="bbox 238 2813 1220 2858; baseline -0.003 -11"><span class='ocrx_word' id='word_1_635' title='bbox 238 2815 436 2858; x_wconf 79' lang='lat' dir='ltr'>propositum,</span> <span class='ocrx_word' id='word_1_636' title='bbox 447 2816 485 2846; x_wconf 88' lang='lat' dir='ltr'>de</span> <span class='ocrx_word' id='word_1_637' title='bbox 495 2824 622 2856; x_wconf 80' lang='lat' dir='ltr'>utroque</span> <span class='ocrx_word' id='word_1_638' title='bbox 631 2813 747 2846; x_wconf 78' lang='lat' dir='ltr'>dixero.</span> <span class='ocrx_word' id='word_1_639' title='bbox 778 2815 810 2845; x_wconf 89' lang='lat' dir='ltr'>C.</span> <span class='ocrx_word' id='word_1_640' title='bbox 825 2814 858 2845; x_wconf 73' lang='lat' dir='ltr'>F.</span> <span class='ocrx_word' id='word_1_641' title='bbox 872 2815 954 2856; x_wconf 80' lang='lat' dir='ltr'>Qiid</span> <span class='ocrx_word' id='word_1_642' title='bbox 965 2814 1053 2844; x_wconf 71' lang='lat' dir='ltr'>habes</span> <span class='ocrx_word' id='word_1_643' title='bbox 1062 2816 1152 2856; x_wconf 80' lang='lat' dir='ltr'>igitur</span> <span class='ocrx_word' id='word_1_644' title='bbox 1162 2813 1199 2844; x_wconf 82' lang='lat' dir='ltr'>de</span> <span class='ocrx_word' id='word_1_645' title='bbox 1218 2828 1220 2856; x_wconf 39' lang='grc' dir='ltr'>ξ</span> 
     </span>
     <span class='ocr_line' id='line_1_66' title="bbox 237 2855 1220 2899; baseline -0.002 -11"><span class='ocrx_word' id='word_1_646' title='bbox 237 2859 324 2898; x_wconf 70' lang='lat' dir='ltr'>causti</span> <span class='ocrx_word' id='word_1_647' title='bbox 332 2858 429 2888; x_wconf 82' lang='lat' dir='ltr'>dicere</span> <span class='ocrx_word' id='word_1_648' title='bbox 441 2860 452 2887; x_wconf 89' lang='lat'>?</span> <span class='ocrx_word' id='word_1_649' title='bbox 466 2860 501 2887; x_wconf 89' lang='lat' dir='ltr'>C.</span> <span class='ocrx_word' id='word_1_650' title='bbox 512 2860 543 2888; x_wconf 81' lang='lat' dir='ltr'>P.</span> <span class='ocrx_word' id='word_1_651' title='bbox 557 2857 739 2887; x_wconf 84' lang='lat' dir='ltr'>Auditorum</span> <span class='ocrx_word' id='word_1_652' title='bbox 748 2867 813 2888; x_wconf 80' lang='lat' dir='ltr'>eam</span> <span class='ocrx_word' id='word_1_653' title='bbox 824 2866 931 2899; x_wconf 76' lang='lat' dir='ltr'>genere</span> <span class='ocrx_word' id='word_1_654' title='bbox 942 2855 1096 2898; x_wconf 83' lang='lat' dir='ltr'>distingui.</span> <span class='ocrx_word' id='word_1_655' title='bbox 1117 2859 1198 2886; x_wconf 76' lang='lat' dir='ltr'>Nam</span> <span class='ocrx_word' id='word_1_656' title='bbox 1219 2867 1220 2872; x_wconf 58' lang='lat'>¹</span> 
     </span>
    </p>
   </div>
   <div class='ocr_carea' id='block_1_19' title="bbox 235 2772 570 2808">
    <p class='ocr_par' dir='ltr' id='par_1_19' title="bbox 235 2772 570 2808">
     <span class='ocr_line' id='line_1_67' title="bbox 235 2772 570 2808; baseline -0.012 -2"><span class='ocrx_word' id='word_1_657' title='bbox 235 2772 266 2807; x_wconf 73' lang='lat' dir='ltr'>sa</span> <span class='ocrx_word' id='word_1_658' title='bbox 276 2775 309 2804; x_wconf 89' lang='lat'><strong>&amp;</strong></span> <span class='ocrx_word' id='word_1_659' title='bbox 320 2773 404 2808; x_wconf 84' lang='lat' dir='ltr'>fides,</span> <span class='ocrx_word' id='word_1_660' title='bbox 416 2774 449 2804; x_wconf 66' lang='grc' dir='ltr'>ὅς</span> <span class='ocrx_word' id='word_1_661' title='bbox 458 2783 570 2804; x_wconf 80' lang='lat' dir='ltr'>motus.</span> 
     </span>
    </p>
   </div>
   <div class='ocr_carea' id='block_1_20' title="bbox 239 2897 1204 2982">
    <p class='ocr_par' dir='ltr' id='par_1_20' title="bbox 239 2897 1204 2982">
     <span class='ocr_line' id='line_1_68' title="bbox 239 2897 1201 2939; baseline -0.002 -9"><span class='ocrx_word' id='word_1_662' title='bbox 239 2909 290 2930; x_wconf 75' lang='lat' dir='ltr'>aut</span> <span class='ocrx_word' id='word_1_663' title='bbox 300 2901 478 2930; x_wconf 76' lang='lat' dir='ltr'>auscultator</span> <span class='ocrx_word' id='word_1_664' title='bbox 486 2898 632 2929; x_wconf 76' lang='lat' dir='ltr'>cstmodo</span> <span class='ocrx_word' id='word_1_665' title='bbox 642 2899 786 2939; x_wconf 74' lang='lat' dir='ltr'>quiaudit</span> <span class='ocrx_word' id='word_1_666' title='bbox 797 2921 805 2932; x_wconf 96' lang='lat'>‚</span> <span class='ocrx_word' id='word_1_667' title='bbox 828 2908 878 2929; x_wconf 69' lang='lat' dir='ltr'>aut</span> <span class='ocrx_word' id='word_1_668' title='bbox 893 2898 1086 2939; x_wconf 84' lang='lat' dir='ltr'>disceptator,</span> <span class='ocrx_word' id='word_1_669' title='bbox 1108 2898 1139 2928; x_wconf 78' lang='lat' dir='ltr'>id</span> <span class='ocrx_word' id='word_1_670' title='bbox 1158 2897 1201 2928; x_wconf 85' lang='lat' dir='ltr'>est</span> 
     </span>
     <span class='ocr_line' id='line_1_69' title="bbox 240 2939 1204 2982; baseline -0.001 -10"><span class='ocrx_word' id='word_1_671' title='bbox 240 2944 282 2972; x_wconf 70' lang='lat' dir='ltr'>tei</span> <span class='ocrx_word' id='word_1_672' title='bbox 294 2961 303 2976; x_wconf 92' lang='lat'><em>‚</em></span> <span class='ocrx_word' id='word_1_673' title='bbox 323 2942 534 2982; x_wconf 56' lang='lat' dir='ltr'>sententiaque</span> <span class='ocrx_word' id='word_1_674' title='bbox 545 2940 732 2972; x_wconf 70' lang='lat' dir='ltr'>moderator:</span> <span class='ocrx_word' id='word_1_675' title='bbox 750 2944 812 2976; x_wconf 81' lang='lat' dir='ltr'>ita,</span> <span class='ocrx_word' id='word_1_676' title='bbox 833 2951 865 2972; x_wconf 72' lang='lat' dir='ltr'>nt</span> <span class='ocrx_word' id='word_1_677' title='bbox 882 2950 932 2972; x_wconf 84' lang='lat' dir='ltr'>aut</span> <span class='ocrx_word' id='word_1_678' title='bbox 949 2939 1133 2975; x_wconf 58' lang='lat' dir='ltr'>delei-stetur,</span> <span class='ocrx_word' id='word_1_679' title='bbox 1154 2950 1204 2971; x_wconf 81' lang='lat' dir='ltr'>aut</span> 
     </span>
    </p>
   </div>
   <div class='ocr_carea' id='block_1_21' title="bbox 242 3042 292 3049">
    <p class='ocr_par' dir='ltr' id='par_1_21' title="bbox 242 3042 292 3049">
     <span class='ocr_line' id='line_1_70' title="bbox 242 3042 292 3049; baseline 0 -3"><span class='ocrx_word' id='word_1_680' title='bbox 242 3042 292 3049; x_wconf 64' lang='grc'>,-...</span> 
     </span>
    </p>
   </div>
   <div class='ocr_carea' id='block_1_22' title="bbox 457 706 1197 751">
    <p class='ocr_par' dir='ltr' id='par_1_22' title="bbox 457 706 1197 751">
     <span class='ocr_line' id='line_1_71' title="bbox 457 706 1197 751; baseline -0.011 -9"><span class='ocrx_word' id='word_1_681' title='bbox 457 710 539 751; x_wconf 78' lang='lat' dir='ltr'>Qd</span> <span class='ocrx_word' id='word_1_682' title='bbox 556 709 600 741; x_wconf 85' lang='lat' dir='ltr'>est</span> <span class='ocrx_word' id='word_1_683' title='bbox 616 713 839 750; x_wconf 70' lang='lat' dir='ltr'>argumentum?</span> <span class='ocrx_word' id='word_1_684' title='bbox 871 712 903 739; x_wconf 91' lang='lat' dir='ltr'>C.</span> <span class='ocrx_word' id='word_1_685' title='bbox 916 712 948 739; x_wconf 88' lang='lat' dir='ltr'>P.</span> <span class='ocrx_word' id='word_1_686' title='bbox 961 706 1117 738; x_wconf 64' lang='lat' dir='ltr'>Probabile</span> <span class='ocrx_word' id='word_1_687' title='bbox 1129 708 1176 735; x_wconf 85' lang='lat' dir='ltr'>in-</span> <span class='ocrx_word' id='word_1_688' title='bbox 1196 717 1197 726; x_wconf 58' lang='lat'>¹</span> 
     </span>
    </p>
   </div>
   <div class='ocr_carea' id='block_1_23' title="bbox 543 2436 1216 2478">
    <p class='ocr_par' dir='ltr' id='par_1_23' title="bbox 543 2436 1216 2478">
     <span class='ocr_line' id='line_1_72' title="bbox 543 2436 1216 2478; baseline -0.009 -10"><span class='ocrx_word' id='word_1_689' title='bbox 543 2447 610 2478; x_wconf 78' lang='lat' dir='ltr'>quae</span> <span class='ocrx_word' id='word_1_690' title='bbox 636 2436 672 2468; x_wconf 86' lang='lat' dir='ltr'>ad</span> <span class='ocrx_word' id='word_1_691' title='bbox 701 2445 801 2466; x_wconf 87' lang='lat' dir='ltr'>motus</span> <span class='ocrx_word' id='word_1_692' title='bbox 828 2437 1003 2466; x_wconf 76' lang='lat' dir='ltr'>animorum</span> <span class='ocrx_word' id='word_1_693' title='bbox 1031 2436 1192 2475; x_wconf 76' lang='lat' dir='ltr'>pertinent.</span> <span class='ocrx_word' id='word_1_694' title='bbox 1215 2452 1216 2457; x_wconf 63' lang='lat'>.</span> 
     </span>
    </p>
   </div>
   <div class='ocr_carea' id='block_1_24' title="bbox 1196 112 1731 166">
    <p class='ocr_par' dir='ltr' id='par_1_24' title="bbox 1196 112 1731 166">
     <span class='ocr_line' id='line_1_73' title="bbox 1196 112 1731 166; baseline 0.002 -2"><span class='ocrx_word' id='word_1_695' title='bbox 1196 120 1237 164; x_wconf 89' lang='lat' dir='ltr'><strong>C</strong></span> <span class='ocrx_word' id='word_1_696' title='bbox 1271 135 1292 165; x_wconf 72' lang='grc' dir='ltr'><strong>ι</strong></span> <span class='ocrx_word' id='word_1_697' title='bbox 1326 133 1354 166; x_wconf 91' lang='lat' dir='ltr'>c</span> <span class='ocrx_word' id='word_1_698' title='bbox 1389 134 1418 164; x_wconf 80' lang='lat' dir='ltr'><strong>E</strong></span> <span class='ocrx_word' id='word_1_699' title='bbox 1452 131 1487 163; x_wconf 80' lang='lat' dir='ltr'>R</span> <span class='ocrx_word' id='word_1_700' title='bbox 1521 112 1731 165; x_wconf 64' lang='lat' dir='ltr'>o&#39;u&#39;rs</span> 
     </span>
    </p>
   </div>
   <div class='ocr_carea' id='block_1_25' title="bbox 1211 198 2221 1084">
    <p class='ocr_par' dir='ltr' id='par_1_25' title="bbox 1211 198 2221 1084">
     <span class='ocr_line' id='line_1_74' title="bbox 1212 198 2189 244; baseline 0 -12"><span class='ocrx_word' id='word_1_701' title='bbox 1212 200 1316 232; x_wconf 87' lang='lat' dir='ltr'>statuat</span> <span class='ocrx_word' id='word_1_702' title='bbox 1322 201 1447 244; x_wconf 83' lang='lat' dir='ltr'>aliquid.</span> <span class='ocrx_word' id='word_1_703' title='bbox 1467 203 1572 232; x_wconf 83' lang='lat' dir='ltr'>Statuit</span> <span class='ocrx_word' id='word_1_704' title='bbox 1580 210 1680 232; x_wconf 82' lang='lat' dir='ltr'>autem</span> <span class='ocrx_word' id='word_1_705' title='bbox 1690 209 1739 231; x_wconf 84' lang='lat' dir='ltr'>aut</span> <span class='ocrx_word' id='word_1_706' title='bbox 1749 200 1786 232; x_wconf 91' lang='lat' dir='ltr'>de</span> <span class='ocrx_word' id='word_1_707' title='bbox 1795 200 1960 242; x_wconf 63' lang='lat' dir='ltr'>praeteritis,</span> <span class='ocrx_word' id='word_1_708' title='bbox 1972 199 2007 231; x_wconf 80' lang='lat' dir='ltr'>ut</span> <span class='ocrx_word' id='word_1_709' title='bbox 2016 198 2117 236; x_wconf 59' lang='lat' dir='ltr'>iudei&amp;</span> <span class='ocrx_word' id='word_1_710' title='bbox 2129 207 2189 232; x_wconf 74' lang='lat' dir='ltr'>aue&#39;</span> 
     </span>
     <span class='ocr_line' id='line_1_75' title="bbox 1211 242 2218 286; baseline -0.001 -12"><span class='ocrx_word' id='word_1_711' title='bbox 1211 243 1250 274; x_wconf 84' lang='lat' dir='ltr'>de</span> <span class='ocrx_word' id='word_1_712' title='bbox 1259 243 1381 278; x_wconf 77' lang='lat' dir='ltr'>futuris,</span> <span class='ocrx_word' id='word_1_713' title='bbox 1392 253 1424 274; x_wconf 82' lang='lat' dir='ltr'>ut</span> <span class='ocrx_word' id='word_1_714' title='bbox 1433 244 1562 274; x_wconf 89' lang='lat' dir='ltr'>senatus.</span> <span class='ocrx_word' id='word_1_715' title='bbox 1584 246 1632 273; x_wconf 90' lang='lat' dir='ltr'>Sic</span> <span class='ocrx_word' id='word_1_716' title='bbox 1643 245 1699 274; x_wconf 82' lang='lat' dir='ltr'>tria</span> <span class='ocrx_word' id='word_1_717' title='bbox 1706 244 1774 274; x_wconf 82' lang='lat' dir='ltr'>funt</span> <span class='ocrx_word' id='word_1_718' title='bbox 1783 254 1891 286; x_wconf 84' lang='lat' dir='ltr'>genera</span> <span class='ocrx_word' id='word_1_719' title='bbox 1900 263 1908 276; x_wconf 92' lang='lat'>,</span> <span class='ocrx_word' id='word_1_720' title='bbox 1918 243 2032 285; x_wconf 85' lang='lat' dir='ltr'>Judici&#39;i</span> <span class='ocrx_word' id='word_1_721' title='bbox 2043 263 2051 276; x_wconf 92' lang='lat'>‚</span> <span class='ocrx_word' id='word_1_722' title='bbox 2063 242 2193 273; x_wconf 58' lang='lat' dir='ltr'>&lt;inibe-‘³</span> <span class='ocrx_word' id='word_1_723' title='bbox 2211 272 2218 276; x_wconf 67' lang='grc'>,</span> 
     </span>
     <span class='ocr_line' id='line_1_76' title="bbox 1212 285 2190 327; baseline -0.003 -10"><span class='ocrx_word' id='word_1_724' title='bbox 1212 287 1357 320; x_wconf 72' lang='lat' dir='ltr'>rationis,</span> <span class='ocrx_word' id='word_1_725' title='bbox 1372 287 1597 317; x_wconf 81' lang='lat' dir='ltr'>exornationis:</span> <span class='ocrx_word' id='word_1_726' title='bbox 1614 296 1679 326; x_wconf 82' lang='lat' dir='ltr'>quae</span> <span class='ocrx_word' id='word_1_727' title='bbox 1694 306 1702 320; x_wconf 90' lang='lat'>,</span> <span class='ocrx_word' id='word_1_728' title='bbox 1724 287 1793 327; x_wconf 79' lang='lat' dir='ltr'>quia</span> <span class='ocrx_word' id='word_1_729' title='bbox 1803 289 1836 316; x_wconf 90' lang='lat' dir='ltr'>in</span> <span class='ocrx_word' id='word_1_730' title='bbox 1847 285 2032 316; x_wconf 79' lang='lat' dir='ltr'>laudationes</span> <span class='ocrx_word' id='word_1_731' title='bbox 2043 287 2190 315; x_wconf 69' lang='lat' dir='ltr'>maxime·</span> 
     </span>
     <span class='ocr_line' id='line_1_77' title="bbox 1215 327 2221 370; baseline -0.003 -11"><span class='ocrx_word' id='word_1_732' title='bbox 1215 328 1378 363; x_wconf 80' lang='lat' dir='ltr'>confertur,</span> <span class='ocrx_word' id='word_1_733' title='bbox 1389 329 1547 368; x_wconf 80' lang='lat' dir='ltr'>proprium</span> <span class='ocrx_word' id='word_1_734' title='bbox 1558 327 1647 358; x_wconf 83' lang='lat' dir='ltr'>habet</span> <span class='ocrx_word' id='word_1_735' title='bbox 1657 329 1720 367; x_wconf 34' lang='lat' dir='ltr'>jam*</span> <span class='ocrx_word' id='word_1_736' title='bbox 1729 338 1767 358; x_wconf 79' lang='lat' dir='ltr'>ex</span> <span class='ocrx_word' id='word_1_737' title='bbox 1778 338 1814 358; x_wconf 86' lang='lat' dir='ltr'>eo</span> <span class='ocrx_word' id='word_1_738' title='bbox 1825 338 1952 358; x_wconf 87' lang='lat' dir='ltr'>nomen.</span> <span class='ocrx_word' id='word_1_739' title='bbox 1998 330 2033 358; x_wconf 90' lang='lat' dir='ltr'>C.</span> <span class='ocrx_word' id='word_1_740' title='bbox 2043 330 2077 356; x_wconf 88' lang='lat' dir='ltr'>F.</span> <span class='ocrx_word' id='word_1_741' title='bbox 2097 329 2179 367; x_wconf 83' lang='lat' dir='ltr'>Qas</span> <span class='ocrx_word' id='word_1_742' title='bbox 2189 338 2221 370; x_wconf 60' lang='lat'>&gt;4</span> 
     </span>
     <span class='ocr_line' id='line_1_78' title="bbox 1214 369 2190 411; baseline -0.002 -10"><span class='ocrx_word' id='word_1_743' title='bbox 1214 381 1259 401; x_wconf 92' lang='lat' dir='ltr'>res</span> <span class='ocrx_word' id='word_1_744' title='bbox 1271 370 1324 401; x_wconf 86' lang='lat' dir='ltr'>fibi</span> <span class='ocrx_word' id='word_1_745' title='bbox 1333 378 1483 411; x_wconf 79' lang='lat' dir='ltr'>proponet</span> <span class='ocrx_word' id='word_1_746' title='bbox 1494 372 1526 399; x_wconf 91' lang='lat' dir='ltr'>in</span> <span class='ocrx_word' id='word_1_747' title='bbox 1538 369 1601 399; x_wconf 87' lang='lat' dir='ltr'>istis</span> <span class='ocrx_word' id='word_1_748' title='bbox 1612 371 1705 399; x_wconf 84' lang='lat' dir='ltr'>tri-bus</span> <span class='ocrx_word' id='word_1_749' title='bbox 1717 370 1876 411; x_wconf 79' lang='lat' dir='ltr'>generibus</span> <span class='ocrx_word' id='word_1_750' title='bbox 1887 372 2007 400; x_wconf 87' lang='lat' dir='ltr'>orator?</span> <span class='ocrx_word' id='word_1_751' title='bbox 2031 372 2063 399; x_wconf 89' lang='lat' dir='ltr'>C.</span> <span class='ocrx_word' id='word_1_752' title='bbox 2073 372 2103 399; x_wconf 87' lang='lat' dir='ltr'>P.</span> <span class='ocrx_word' id='word_1_753' title='bbox 2116 371 2190 399; x_wconf 84' lang='lat' dir='ltr'>De·-</span> 
     </span>
     <span class='ocr_line' id='line_1_79' title="bbox 1215 411 2190 451; baseline -0.003 -8"><span class='ocrx_word' id='word_1_754' title='bbox 1215 412 1456 444; x_wconf 48' lang='lat' dir='ltr'>lectationem&#39;in</span> <span class='ocrx_word' id='word_1_755' title='bbox 1468 414 1669 442; x_wconf 78' lang='lat' dir='ltr'>exornatione</span> <span class='ocrx_word' id='word_1_756' title='bbox 1680 422 1686 440; x_wconf 76' lang='lat' dir='ltr'>t</span> <span class='ocrx_word' id='word_1_757' title='bbox 1707 411 1864 451; x_wconf 83' lang='lat' dir='ltr'>injudicio</span> <span class='ocrx_word' id='word_1_758' title='bbox 1875 432 1883 445; x_wconf 89' lang='lat'>,</span> <span class='ocrx_word' id='word_1_759' title='bbox 1895 420 1945 442; x_wconf 82' lang='lat' dir='ltr'>aut</span> <span class='ocrx_word' id='word_1_760' title='bbox 1955 412 2099 443; x_wconf 72' lang='lat' dir='ltr'>saevitiam</span> <span class='ocrx_word' id='word_1_761' title='bbox 2112 430 2120 444; x_wconf 87' lang='lat'>‚</span> <span class='ocrx_word' id='word_1_762' title='bbox 2132 418 2190 441; x_wconf 76' lang='lat' dir='ltr'>aui:v</span> 
     </span>
     <span class='ocr_line' id='line_1_80' title="bbox 1216 452 2190 494; baseline -0.002 -9"><span class='ocrx_word' id='word_1_763' title='bbox 1216 455 1411 486; x_wconf 75' lang='lat' dir='ltr'>clementiam</span> <span class='ocrx_word' id='word_1_764' title='bbox 1417 454 1529 494; x_wconf 81' lang='lat' dir='ltr'>judicis</span> <span class='ocrx_word' id='word_1_765' title='bbox 1541 464 1547 483; x_wconf 83' lang='lat' dir='ltr'>z</span> <span class='ocrx_word' id='word_1_766' title='bbox 1568 455 1601 483; x_wconf 87' lang='lat' dir='ltr'>in</span> <span class='ocrx_word' id='word_1_767' title='bbox 1612 452 1743 484; x_wconf 83' lang='lat' dir='ltr'>fuafione</span> <span class='ocrx_word' id='word_1_768' title='bbox 1753 463 1852 484; x_wconf 78' lang='lat' dir='ltr'>autem</span> <span class='ocrx_word' id='word_1_769' title='bbox 1865 474 1872 487; x_wconf 94' lang='lat'>,</span> <span class='ocrx_word' id='word_1_770' title='bbox 1893 463 1942 484; x_wconf 89' lang='lat' dir='ltr'>aut</span> <span class='ocrx_word' id='word_1_771' title='bbox 1955 453 2037 493; x_wconf 86' lang='lat' dir='ltr'>spem</span> <span class='ocrx_word' id='word_1_772' title='bbox 2048 474 2056 487; x_wconf 92' lang='lat'>,</span> <span class='ocrx_word' id='word_1_773' title='bbox 2077 462 2190 483; x_wconf 55' lang='lat' dir='ltr'>autre-s</span> 
     </span>
     <span class='ocr_line' id='line_1_81' title="bbox 1216 495 2192 536; baseline -0.002 -9"><span class='ocrx_word' id='word_1_774' title='bbox 1216 496 1468 527; x_wconf 85' lang='lat' dir='ltr'>formidationem</span> <span class='ocrx_word' id='word_1_775' title='bbox 1478 495 1681 525; x_wconf 85' lang='lat' dir='ltr'>deliberantis.</span> <span class='ocrx_word' id='word_1_776' title='bbox 1713 496 1746 525; x_wconf 83' lang='lat' dir='ltr'>C.</span> <span class='ocrx_word' id='word_1_777' title='bbox 1760 498 1790 525; x_wconf 84' lang='lat' dir='ltr'>F.</span> <span class='ocrx_word' id='word_1_778' title='bbox 1812 497 1975 536; x_wconf 50' lang='lat' dir='ltr'>Cur‘igitur</span> <span class='ocrx_word' id='word_1_779' title='bbox 1984 497 2114 535; x_wconf 84' lang='lat' dir='ltr'>exponis</span> <span class='ocrx_word' id='word_1_780' title='bbox 2125 496 2192 525; x_wconf 68' lang='lat' dir='ltr'>hoc:</span> 
     </span>
     <span class='ocr_line' id='line_1_82' title="bbox 1217 534 2187 578; baseline -0.001 -10"><span class='ocrx_word' id='word_1_781' title='bbox 1217 539 1290 569; x_wconf 88' lang='lat' dir='ltr'>loco</span> <span class='ocrx_word' id='word_1_782' title='bbox 1296 549 1404 578; x_wconf 72' lang='lat' dir='ltr'>genem</span> <span class='ocrx_word' id='word_1_783' title='bbox 1411 535 1681 568; x_wconf 74' lang='lat' dir='ltr'>controversiarum</span> <span class='ocrx_word' id='word_1_784' title='bbox 1692 540 1703 567; x_wconf 90' lang='lat'>?</span> <span class='ocrx_word' id='word_1_785' title='bbox 1725 538 1758 567; x_wconf 86' lang='lat' dir='ltr'>C.</span> <span class='ocrx_word' id='word_1_786' title='bbox 1771 540 1798 568; x_wconf 89' lang='lat' dir='ltr'>P.</span> <span class='ocrx_word' id='word_1_787' title='bbox 1821 540 1864 568; x_wconf 89' lang='lat' dir='ltr'>Ut</span> <span class='ocrx_word' id='word_1_788' title='bbox 1872 534 2021 567; x_wconf 78' lang='lat' dir='ltr'>rationem</span> <span class='ocrx_word' id='word_1_789' title='bbox 2030 537 2187 568; x_wconf 53' lang='lat' dir='ltr'>collocati*</span> 
     </span>
     <span class='ocr_line' id='line_1_83' title="bbox 1219 578 2195 620; baseline -0.002 -9"><span class='ocrx_word' id='word_1_790' title='bbox 1219 581 1256 611; x_wconf 85' lang='lat' dir='ltr'>di·</span> <span class='ocrx_word' id='word_1_791' title='bbox 1269 581 1306 611; x_wconf 87' lang='lat' dir='ltr'>ad</span> <span class='ocrx_word' id='word_1_792' title='bbox 1327 579 1422 610; x_wconf 81' lang='lat' dir='ltr'>finem</span> <span class='ocrx_word' id='word_1_793' title='bbox 1434 580 1577 620; x_wconf 67' lang='lat' dir='ltr'>cujusque</span> <span class='ocrx_word' id='word_1_794' title='bbox 1585 578 1830 610; x_wconf 86' lang='lat' dir='ltr'>accommodem.</span> <span class='ocrx_word' id='word_1_795' title='bbox 1863 581 1887 609; x_wconf 95' lang='lat' dir='ltr'><strong>C</strong></span> <span class='ocrx_word' id='word_1_796' title='bbox 1908 581 1939 608; x_wconf 85' lang='lat' dir='ltr'>F.</span> <span class='ocrx_word' id='word_1_797' title='bbox 1963 582 2106 619; x_wconf 81' lang='lat' dir='ltr'>Qiomm</span> <span class='ocrx_word' id='word_1_798' title='bbox 2118 587 2195 609; x_wconf 59' lang='lat' dir='ltr'>tan-¹</span> 
     </span>
     <span class='ocr_line' id='line_1_84' title="bbox 1219 620 2195 663; baseline -0.002 -11"><span class='ocrx_word' id='word_1_799' title='bbox 1219 623 1290 653; x_wconf 85' lang='lat' dir='ltr'>dem</span> <span class='ocrx_word' id='word_1_800' title='bbox 1312 623 1408 653; x_wconf 86' lang='lat' dir='ltr'>modo</span> <span class='ocrx_word' id='word_1_801' title='bbox 1422 625 1432 651; x_wconf 86' lang='lat'>?</span> <span class='ocrx_word' id='word_1_802' title='bbox 1465 624 1496 652; x_wconf 94' lang='lat' dir='ltr'>C.</span> <span class='ocrx_word' id='word_1_803' title='bbox 1508 624 1538 652; x_wconf 91' lang='lat' dir='ltr'>P.</span> <span class='ocrx_word' id='word_1_804' title='bbox 1592 623 1639 652; x_wconf 88' lang='lat' dir='ltr'>uia</span> <span class='ocrx_word' id='word_1_805' title='bbox 1649 641 1658 655; x_wconf 84' lang='lat'>‚</span> <span class='ocrx_word' id='word_1_806' title='bbox 1677 622 1791 663; x_wconf 86' lang='lat' dir='ltr'>quibus</span> <span class='ocrx_word' id='word_1_807' title='bbox 1799 624 1833 651; x_wconf 88' lang='lat' dir='ltr'>in</span> <span class='ocrx_word' id='word_1_808' title='bbox 1843 622 2029 652; x_wconf 87' lang='lat' dir='ltr'>orationibus</span> <span class='ocrx_word' id='word_1_809' title='bbox 2039 620 2195 650; x_wconf 47' lang='lat' dir='ltr'>delectarit</span> 
     </span>
     <span class='ocr_line' id='line_1_85' title="bbox 1223 663 2194 703; baseline -0.001 -9"><span class='ocrx_word' id='word_1_810' title='bbox 1223 664 1293 694; x_wconf 88' lang='lat' dir='ltr'>finis</span> <span class='ocrx_word' id='word_1_811' title='bbox 1303 664 1346 695; x_wconf 89' lang='lat' dir='ltr'>est</span> <span class='ocrx_word' id='word_1_812' title='bbox 1357 685 1364 698; x_wconf 91' lang='lat'>,</span> <span class='ocrx_word' id='word_1_813' title='bbox 1389 666 1463 695; x_wconf 78' lang='lat' dir='ltr'>vari‘i</span> <span class='ocrx_word' id='word_1_814' title='bbox 1475 664 1543 694; x_wconf 84' lang='lat' dir='ltr'>sunt</span> <span class='ocrx_word' id='word_1_815' title='bbox 1553 674 1587 694; x_wconf 92' lang='lat' dir='ltr'>or</span> <span class='ocrx_word' id='word_1_816' title='bbox 1610 666 1674 694; x_wconf 86' lang='lat' dir='ltr'>ines</span> <span class='ocrx_word' id='word_1_817' title='bbox 1684 663 1865 694; x_wconf 85' lang='lat' dir='ltr'>collocandi.</span> <span class='ocrx_word' id='word_1_818' title='bbox 1898 665 1981 693; x_wconf 76' lang='lat' dir='ltr'>Nam</span> <span class='ocrx_word' id='word_1_819' title='bbox 1999 672 2048 694; x_wconf 79' lang='lat' dir='ltr'>aut</span> <span class='ocrx_word' id='word_1_820' title='bbox 2066 670 2194 703; x_wconf 75' lang='lat' dir='ltr'>tempo-2</span> 
     </span>
     <span class='ocr_line' id='line_1_86' title="bbox 1222 703 2195 749; baseline -0.001 -12"><span class='ocrx_word' id='word_1_821' title='bbox 1222 717 1290 737; x_wconf 87' lang='lat' dir='ltr'>rum</span> <span class='ocrx_word' id='word_1_822' title='bbox 1308 707 1462 737; x_wconf 82' lang='lat' dir='ltr'>servantur</span> <span class='ocrx_word' id='word_1_823' title='bbox 1478 705 1600 749; x_wconf 84' lang='lat' dir='ltr'>gradus:</span> <span class='ocrx_word' id='word_1_824' title='bbox 1620 714 1672 736; x_wconf 88' lang='lat' dir='ltr'>aut</span> <span class='ocrx_word' id='word_1_825' title='bbox 1689 716 1834 747; x_wconf 77' lang='lat' dir='ltr'>gencium</span> <span class='ocrx_word' id='word_1_826' title='bbox 1847 703 2074 736; x_wconf 84' lang='lat' dir='ltr'>distributiones</span> <span class='ocrx_word' id='word_1_827' title='bbox 2086 726 2094 740; x_wconf 93' lang='lat'>,</span> <span class='ocrx_word' id='word_1_828' title='bbox 2113 703 2195 736; x_wconf 53' lang='lat' dir='ltr'>aut&#39;i·</span> 
     </span>
     <span class='ocr_line' id='line_1_87' title="bbox 1224 747 2190 788; baseline -0.001 -10"><span class='ocrx_word' id='word_1_829' title='bbox 1224 749 1396 779; x_wconf 83' lang='lat' dir='ltr'>minoribus</span> <span class='ocrx_word' id='word_1_830' title='bbox 1407 749 1442 779; x_wconf 88' lang='lat' dir='ltr'>ad</span> <span class='ocrx_word' id='word_1_831' title='bbox 1454 749 1568 788; x_wconf 78' lang='lat' dir='ltr'>majora</span> <span class='ocrx_word' id='word_1_832' title='bbox 1577 748 1788 778; x_wconf 84' lang='lat' dir='ltr'>adscendimus</span> <span class='ocrx_word' id='word_1_833' title='bbox 1799 768 1807 781; x_wconf 88' lang='lat'>,</span> <span class='ocrx_word' id='word_1_834' title='bbox 1819 757 1868 778; x_wconf 84' lang='lat' dir='ltr'>aut</span> <span class='ocrx_word' id='word_1_835' title='bbox 1878 747 1893 777; x_wconf 78' lang='grc' dir='ltr'>Ξι</span> <span class='ocrx_word' id='word_1_836' title='bbox 1905 747 2070 788; x_wconf 82' lang='lat' dir='ltr'>majoribus</span> <span class='ocrx_word' id='word_1_837' title='bbox 2080 748 2115 778; x_wconf 89' lang='lat' dir='ltr'>ad</span> <span class='ocrx_word' id='word_1_838' title='bbox 2127 747 2190 778; x_wconf 79' lang='lat' dir='ltr'>rni-</span> 
     </span>
     <span class='ocr_line' id='line_1_88' title="bbox 1223 789 2195 831; baseline -0.002 -10"><span class='ocrx_word' id='word_1_839' title='bbox 1223 801 1297 821; x_wconf 90' lang='lat' dir='ltr'>nora</span> <span class='ocrx_word' id='word_1_840' title='bbox 1307 790 1486 824; x_wconf 87' lang='lat' dir='ltr'>delabimur,</span> <span class='ocrx_word' id='word_1_841' title='bbox 1498 800 1548 821; x_wconf 85' lang='lat' dir='ltr'>aut</span> <span class='ocrx_word' id='word_1_842' title='bbox 1557 792 1619 821; x_wconf 78' lang='lat' dir='ltr'>haec</span> <span class='ocrx_word' id='word_1_843' title='bbox 1630 790 1803 831; x_wconf 74' lang='lat' dir='ltr'>inaequabili</span> <span class='ocrx_word' id='word_1_844' title='bbox 1812 791 1950 820; x_wconf 84' lang='lat' dir='ltr'>varietate</span> <span class='ocrx_word' id='word_1_845' title='bbox 1959 789 2195 831; x_wconf 64' lang='lat' dir='ltr'>distinguimus,</span> 
     </span>
     <span class='ocr_line' id='line_1_89' title="bbox 1222 831 2188 874; baseline 0 -12"><span class='ocrx_word' id='word_1_846' title='bbox 1222 832 1295 863; x_wconf 63' lang='lat' dir='ltr'>ci‘im</span> <span class='ocrx_word' id='word_1_847' title='bbox 1306 843 1393 873; x_wconf 80' lang='lat' dir='ltr'>parva</span> <span class='ocrx_word' id='word_1_848' title='bbox 1404 835 1531 874; x_wconf 84' lang='lat' dir='ltr'>magnis,</span> <span class='ocrx_word' id='word_1_849' title='bbox 1542 831 1687 872; x_wconf 89' lang='lat' dir='ltr'>simplicia</span> <span class='ocrx_word' id='word_1_850' title='bbox 1697 831 1870 870; x_wconf 57' lang='lat' dir='ltr'>conjunctis</span> <span class='ocrx_word' id='word_1_851' title='bbox 1883 853 1890 866; x_wconf 96' lang='lat'>‚</span> <span class='ocrx_word' id='word_1_852' title='bbox 1902 832 2025 862; x_wconf 87' lang='lat' dir='ltr'>obscura</span> <span class='ocrx_word' id='word_1_853' title='bbox 2034 831 2188 866; x_wconf 85' lang='lat' dir='ltr'>dilucidis,</span> 
     </span>
     <span class='ocr_line' id='line_1_90' title="bbox 1225 874 2188 916; baseline -0.001 -11"><span class='ocrx_word' id='word_1_854' title='bbox 1225 875 1289 905; x_wconf 77' lang='lat' dir='ltr'>laeta</span> <span class='ocrx_word' id='word_1_855' title='bbox 1298 874 1431 905; x_wconf 88' lang='lat' dir='ltr'>tristibus</span> <span class='ocrx_word' id='word_1_856' title='bbox 1442 895 1449 909; x_wconf 95' lang='lat'>,</span> <span class='ocrx_word' id='word_1_857' title='bbox 1463 874 1650 905; x_wconf 81' lang='lat' dir='ltr'>incredibilia</span> <span class='ocrx_word' id='word_1_858' title='bbox 1660 874 1866 914; x_wconf 85' lang='lat' dir='ltr'>probabilibus</span> <span class='ocrx_word' id='word_1_859' title='bbox 1877 876 2044 904; x_wconf 82' lang='lat' dir='ltr'>inteximus</span> <span class='ocrx_word' id='word_1_860' title='bbox 2057 895 2065 908; x_wconf 96' lang='lat'>,</span> <span class='ocrx_word' id='word_1_861' title='bbox 2078 884 2144 916; x_wconf 80' lang='lat' dir='ltr'>quae</span> <span class='ocrx_word' id='word_1_862' title='bbox 2154 875 2188 904; x_wconf 89' lang='lat' dir='ltr'>in</span> 
     </span>
     <span class='ocr_line' id='line_1_91' title="bbox 1225 915 2192 958; baseline -0.002 -11"><span class='ocrx_word' id='word_1_863' title='bbox 1225 919 1456 947; x_wconf 84' lang='lat' dir='ltr'>exornationem</span> <span class='ocrx_word' id='word_1_864' title='bbox 1467 916 1578 947; x_wconf 82' lang='lat' dir='ltr'>cadunt</span> <span class='ocrx_word' id='word_1_865' title='bbox 1587 918 1700 947; x_wconf 88' lang='lat' dir='ltr'>omnia.</span> <span class='ocrx_word' id='word_1_866' title='bbox 1731 919 1762 946; x_wconf 93' lang='lat' dir='ltr'>C.</span> <span class='ocrx_word' id='word_1_867' title='bbox 1778 919 1809 946; x_wconf 91' lang='lat' dir='ltr'>F.</span> <span class='ocrx_word' id='word_1_868' title='bbox 1831 915 1934 958; x_wconf 82' lang='lat' dir='ltr'>Qid?</span> <span class='ocrx_word' id='word_1_869' title='bbox 1954 918 1986 946; x_wconf 92' lang='lat' dir='ltr'>in</span> <span class='ocrx_word' id='word_1_870' title='bbox 1995 915 2192 946; x_wconf 78' lang='lat' dir='ltr'>deliberatione</span> 
     </span>
     <span class='ocr_line' id='line_1_92' title="bbox 1225 958 2191 1001; baseline -0.002 -12"><span class='ocrx_word' id='word_1_871' title='bbox 1225 959 1300 1001; x_wconf 87' lang='lat' dir='ltr'>quid</span> <span class='ocrx_word' id='word_1_872' title='bbox 1312 958 1424 998; x_wconf 58' lang='lat' dir='ltr'>spffiis?</span> <span class='ocrx_word' id='word_1_873' title='bbox 1447 961 1477 990; x_wconf 89' lang='lat' dir='ltr'>C.</span> <span class='ocrx_word' id='word_1_874' title='bbox 1492 962 1523 989; x_wconf 93' lang='lat' dir='ltr'>P.</span> <span class='ocrx_word' id='word_1_875' title='bbox 1538 960 1696 999; x_wconf 87' lang='lat' dir='ltr'>Principia,</span> <span class='ocrx_word' id='word_1_876' title='bbox 1707 959 1755 989; x_wconf 86' lang='lat' dir='ltr'>vel</span> <span class='ocrx_word' id='word_1_877' title='bbox 1766 969 1830 988; x_wconf 91' lang='lat' dir='ltr'>non</span> <span class='ocrx_word' id='word_1_878' title='bbox 1842 959 1939 1001; x_wconf 88' lang='lat' dir='ltr'>longa,</span> <span class='ocrx_word' id='word_1_879' title='bbox 1952 959 2001 988; x_wconf 89' lang='lat' dir='ltr'>vel</span> <span class='ocrx_word' id='word_1_880' title='bbox 2011 959 2085 999; x_wconf 82' lang='lat' dir='ltr'>saepe</span> <span class='ocrx_word' id='word_1_881' title='bbox 2095 958 2191 990; x_wconf 83' lang='lat' dir='ltr'>nulla.</span> 
     </span>
     <span class='ocr_line' id='line_1_93' title="bbox 1226 1000 2191 1042; baseline -0.002 -10"><span class='ocrx_word' id='word_1_882' title='bbox 1226 1005 1302 1032; x_wconf 87' lang='lat' dir='ltr'>Sunt</span> <span class='ocrx_word' id='word_1_883' title='bbox 1317 1003 1402 1032; x_wconf 89' lang='lat' dir='ltr'>enim</span> <span class='ocrx_word' id='word_1_884' title='bbox 1422 1002 1457 1032; x_wconf 87' lang='lat' dir='ltr'>ad</span> <span class='ocrx_word' id='word_1_885' title='bbox 1476 1001 1662 1032; x_wconf 85' lang='lat' dir='ltr'>audiendum</span> <span class='ocrx_word' id='word_1_886' title='bbox 1674 1003 1725 1042; x_wconf 89' lang='lat' dir='ltr'>qui</span> <span class='ocrx_word' id='word_1_887' title='bbox 1737 1000 1902 1031; x_wconf 87' lang='lat' dir='ltr'>deliberant</span> <span class='ocrx_word' id='word_1_888' title='bbox 1913 1021 1921 1034; x_wconf 91' lang='lat'>‚</span> <span class='ocrx_word' id='word_1_889' title='bbox 1941 1001 1989 1031; x_wconf 82' lang='lat' dir='ltr'>sua</span> <span class='ocrx_word' id='word_1_890' title='bbox 1998 1002 2081 1032; x_wconf 83' lang='lat' dir='ltr'>causa</span> <span class='ocrx_word' id='word_1_891' title='bbox 2089 1000 2191 1041; x_wconf 69' lang='lat' dir='ltr'>parati.</span> 
     </span>
     <span class='ocr_line' id='line_1_94' title="bbox 1227 1042 2194 1084; baseline -0.002 -10"><span class='ocrx_word' id='word_1_892' title='bbox 1227 1047 1293 1074; x_wconf 94' lang='lat' dir='ltr'>Nec</span> <span class='ocrx_word' id='word_1_893' title='bbox 1303 1043 1440 1074; x_wconf 76' lang='lat' dir='ltr'>multum</span> <span class='ocrx_word' id='word_1_894' title='bbox 1452 1044 1519 1074; x_wconf 74' lang='lat' dir='ltr'>sarie</span> <span class='ocrx_word' id='word_1_895' title='bbox 1531 1043 1605 1084; x_wconf 77' lang='lat' dir='ltr'>saepe</span> <span class='ocrx_word' id='word_1_896' title='bbox 1616 1043 1799 1074; x_wconf 84' lang='lat' dir='ltr'>narrandum</span> <span class='ocrx_word' id='word_1_897' title='bbox 1809 1042 1862 1073; x_wconf 92' lang='lat' dir='ltr'>est.</span> <span class='ocrx_word' id='word_1_898' title='bbox 1897 1042 1948 1074; x_wconf 85' lang='lat' dir='ltr'>Est</span> <span class='ocrx_word' id='word_1_899' title='bbox 1959 1045 2042 1073; x_wconf 89' lang='lat' dir='ltr'>enim</span> <span class='ocrx_word' id='word_1_900' title='bbox 2052 1042 2194 1077; x_wconf 73' lang='lat' dir='ltr'>narratio,</span> 
     </span>
    </p>
   </div>
   <div class='ocr_carea' id='block_1_26' title="bbox 1200 1084 2194 1127">
    <p class='ocr_par' dir='ltr' id='par_1_26' title="bbox 1200 1084 2194 1127">
     <span class='ocr_line' id='line_1_95' title="bbox 1200 1084 2194 1127; baseline -0.001 -12"><span class='ocrx_word' id='word_1_901' title='bbox 1200 1112 1201 1119; x_wconf 68' lang='grc'>,</span> <span class='ocrx_word' id='word_1_902' title='bbox 1226 1088 1441 1127; x_wconf 55' lang='lat' dir='ltr'>praeteritarum</span> <span class='ocrx_word' id='word_1_903' title='bbox 1453 1096 1564 1119; x_wconf 84' lang='lat' dir='ltr'>rerum,</span> <span class='ocrx_word' id='word_1_904' title='bbox 1576 1094 1627 1115; x_wconf 87' lang='lat' dir='ltr'>aut</span> <span class='ocrx_word' id='word_1_905' title='bbox 1636 1086 1829 1126; x_wconf 65' lang='lat' dir='ltr'>praesentium</span> <span class='ocrx_word' id='word_1_906' title='bbox 1841 1096 1846 1114; x_wconf 87' lang='lat'>:</span> <span class='ocrx_word' id='word_1_907' title='bbox 1854 1085 1946 1125; x_wconf 82' lang='lat' dir='ltr'>fuafio</span> <span class='ocrx_word' id='word_1_908' title='bbox 1956 1094 2069 1118; x_wconf 84' lang='lat' dir='ltr'>autem,</span> <span class='ocrx_word' id='word_1_909' title='bbox 2078 1084 2194 1116; x_wconf 83' lang='lat' dir='ltr'>futura-</span> 
     </span>
    </p>
   </div>
   <div class='ocr_carea' id='block_1_27' title="bbox 1226 1126 2241 1463">
    <p class='ocr_par' dir='ltr' id='par_1_27' title="bbox 1226 1126 2241 1463">
     <span class='ocr_line' id='line_1_96' title="bbox 1227 1126 2194 1170; baseline -0.001 -12"><span class='ocrx_word' id='word_1_910' title='bbox 1227 1139 1306 1158; x_wconf 88' lang='lat' dir='ltr'>rum.</span> <span class='ocrx_word' id='word_1_911' title='bbox 1331 1131 1429 1170; x_wconf 84' lang='lat' dir='ltr'>Qare</span> <span class='ocrx_word' id='word_1_912' title='bbox 1439 1128 1473 1158; x_wconf 89' lang='lat' dir='ltr'>ad</span> <span class='ocrx_word' id='word_1_913' title='bbox 1485 1126 1577 1157; x_wconf 85' lang='lat' dir='ltr'>fidem</span> <span class='ocrx_word' id='word_1_914' title='bbox 1588 1147 1596 1161; x_wconf 87' lang='lat'>‚</span> <span class='ocrx_word' id='word_1_915' title='bbox 1618 1128 1650 1157; x_wconf 91' lang='lat'>&amp;</span> <span class='ocrx_word' id='word_1_916' title='bbox 1660 1127 1696 1157; x_wconf 81' lang='lat' dir='ltr'>ad</span> <span class='ocrx_word' id='word_1_917' title='bbox 1708 1136 1831 1157; x_wconf 91' lang='lat' dir='ltr'>motum</span> <span class='ocrx_word' id='word_1_918' title='bbox 1842 1126 2012 1158; x_wconf 85' lang='lat' dir='ltr'>adhibenda</span> <span class='ocrx_word' id='word_1_919' title='bbox 2027 1126 2070 1157; x_wconf 89' lang='lat' dir='ltr'>est</span> <span class='ocrx_word' id='word_1_920' title='bbox 2088 1128 2194 1157; x_wconf 78' lang='lat' dir='ltr'>omnis</span> 
     </span>
     <span class='ocr_line' id='line_1_97' title="bbox 1227 1168 2192 1211; baseline -0.001 -10"><span class='ocrx_word' id='word_1_921' title='bbox 1227 1173 1333 1201; x_wconf 87' lang='lat' dir='ltr'>oratio.</span> <span class='ocrx_word' id='word_1_922' title='bbox 1353 1172 1421 1200; x_wconf 89' lang='lat' dir='ltr'><strong>C.F.</strong></span> <span class='ocrx_word' id='word_1_923' title='bbox 1431 1169 1526 1211; x_wconf 84' lang='lat' dir='ltr'>Qid?</span> <span class='ocrx_word' id='word_1_924' title='bbox 1536 1171 1569 1199; x_wconf 91' lang='lat' dir='ltr'>in</span> <span class='ocrx_word' id='word_1_925' title='bbox 1577 1169 1700 1208; x_wconf 76' lang='lat' dir='ltr'>judiciis</span> <span class='ocrx_word' id='word_1_926' title='bbox 1711 1179 1775 1209; x_wconf 82' lang='lat' dir='ltr'>quae</span> <span class='ocrx_word' id='word_1_927' title='bbox 1787 1168 1828 1198; x_wconf 87' lang='lat' dir='ltr'>est</span> <span class='ocrx_word' id='word_1_928' title='bbox 1838 1169 2016 1199; x_wconf 84' lang='lat' dir='ltr'>collocatio?</span> <span class='ocrx_word' id='word_1_929' title='bbox 2037 1172 2103 1199; x_wconf 73' lang='grc' dir='ltr'>ΟΡ.</span> <span class='ocrx_word' id='word_1_930' title='bbox 2116 1170 2192 1200; x_wconf 89' lang='lat' dir='ltr'>Non</span> 
     </span>
     <span class='ocr_line' id='line_1_98' title="bbox 1227 1210 2193 1252; baseline 0 -9"><span class='ocrx_word' id='word_1_931' title='bbox 1227 1212 1332 1243; x_wconf 86' lang='lat' dir='ltr'>eadem</span> <span class='ocrx_word' id='word_1_932' title='bbox 1341 1212 1516 1242; x_wconf 85' lang='lat' dir='ltr'>accusatoris</span> <span class='ocrx_word' id='word_1_933' title='bbox 1526 1231 1534 1244; x_wconf 84' lang='lat'>‚</span> <span class='ocrx_word' id='word_1_934' title='bbox 1556 1211 1589 1241; x_wconf 68' lang='grc' dir='ltr'>ὃς</span> <span class='ocrx_word' id='word_1_935' title='bbox 1610 1212 1652 1241; x_wconf 89' lang='lat' dir='ltr'>rei</span> <span class='ocrx_word' id='word_1_936' title='bbox 1664 1222 1668 1240; x_wconf 81' lang='lat' dir='ltr'>z</span> <span class='ocrx_word' id='word_1_937' title='bbox 1687 1210 1771 1252; x_wconf 75' lang='lat' dir='ltr'>quod</span> <span class='ocrx_word' id='word_1_938' title='bbox 1781 1211 1928 1241; x_wconf 86' lang='lat' dir='ltr'>accusator</span> <span class='ocrx_word' id='word_1_939' title='bbox 1938 1219 2038 1241; x_wconf 85' lang='lat' dir='ltr'>rerum</span> <span class='ocrx_word' id='word_1_940' title='bbox 2049 1210 2193 1243; x_wconf 86' lang='lat' dir='ltr'>ordinem</span> 
     </span>
     <span class='ocr_line' id='line_1_99' title="bbox 1226 1249 2241 1296; baseline -0.002 -11"><span class='ocrx_word' id='word_1_941' title='bbox 1226 1255 1424 1296; x_wconf 87' lang='lat' dir='ltr'>prosequitur,</span> <span class='ocrx_word' id='word_1_942' title='bbox 1438 1254 1471 1284; x_wconf 90' lang='lat'>&amp;</span> <span class='ocrx_word' id='word_1_943' title='bbox 1481 1252 1593 1294; x_wconf 85' lang='lat' dir='ltr'>singula</span> <span class='ocrx_word' id='word_1_944' title='bbox 1601 1262 1775 1294; x_wconf 83' lang='lat' dir='ltr'>argumenta</span> <span class='ocrx_word' id='word_1_945' title='bbox 1787 1273 1796 1287; x_wconf 93' lang='lat'>,</span> <span class='ocrx_word' id='word_1_946' title='bbox 1806 1251 1887 1294; x_wconf 87' lang='lat' dir='ltr'>quafi</span> <span class='ocrx_word' id='word_1_947' title='bbox 1897 1252 1973 1290; x_wconf 78' lang='lat' dir='ltr'>hasta</span> <span class='ocrx_word' id='word_1_948' title='bbox 1984 1253 2017 1283; x_wconf 90' lang='lat' dir='ltr'>in</span> <span class='ocrx_word' id='word_1_949' title='bbox 2029 1263 2121 1283; x_wconf 87' lang='lat' dir='ltr'>manu</span> <span class='ocrx_word' id='word_1_950' title='bbox 2132 1253 2197 1283; x_wconf 86' lang='lat' dir='ltr'>col·</span> <span class='ocrx_word' id='word_1_951' title='bbox 2237 1249 2241 1251; x_wconf 59' lang='grc'><em>”</em></span> 
     </span>
     <span class='ocr_line' id='line_1_100' title="bbox 1227 1293 2196 1336; baseline -0.001 -9"><span class='ocrx_word' id='word_1_952' title='bbox 1227 1298 1323 1327; x_wconf 79' lang='lat' dir='ltr'>locata</span> <span class='ocrx_word' id='word_1_953' title='bbox 1333 1317 1342 1331; x_wconf 92' lang='lat'>,</span> <span class='ocrx_word' id='word_1_954' title='bbox 1354 1297 1550 1327; x_wconf 86' lang='lat' dir='ltr'>vehementer</span> <span class='ocrx_word' id='word_1_955' title='bbox 1558 1297 1703 1336; x_wconf 85' lang='lat' dir='ltr'>proponit</span> <span class='ocrx_word' id='word_1_956' title='bbox 1712 1315 1720 1329; x_wconf 92' lang='lat'>,</span> <span class='ocrx_word' id='word_1_957' title='bbox 1733 1295 1889 1326; x_wconf 89' lang='lat' dir='ltr'>concludit</span> <span class='ocrx_word' id='word_1_958' title='bbox 1898 1297 2003 1326; x_wconf 87' lang='lat' dir='ltr'>acriter</span> <span class='ocrx_word' id='word_1_959' title='bbox 2012 1316 2020 1329; x_wconf 92' lang='lat'>,</span> <span class='ocrx_word' id='word_1_960' title='bbox 2034 1293 2196 1326; x_wconf 81' lang='lat' dir='ltr'>confirmat</span> 
     </span>
     <span class='ocr_line' id='line_1_101' title="bbox 1229 1336 2197 1379; baseline -0.003 -9"><span class='ocrx_word' id='word_1_961' title='bbox 1229 1340 1348 1372; x_wconf 85' lang='lat' dir='ltr'>tabulis,</span> <span class='ocrx_word' id='word_1_962' title='bbox 1361 1336 1920 1379; x_wconf 80' lang='lat' dir='ltr'>decretis,testimoniis‚acctiratiusque</span> <span class='ocrx_word' id='word_1_963' title='bbox 1930 1339 1963 1368; x_wconf 93' lang='lat' dir='ltr'>in</span> <span class='ocrx_word' id='word_1_964' title='bbox 1974 1336 2097 1378; x_wconf 76' lang='lat' dir='ltr'>singulis</span> <span class='ocrx_word' id='word_1_965' title='bbox 2109 1347 2197 1368; x_wconf 80' lang='lat' dir='ltr'>corn-</span> 
     </span>
     <span class='ocr_line' id='line_1_102' title="bbox 1230 1378 2196 1421; baseline -0.003 -9"><span class='ocrx_word' id='word_1_966' title='bbox 1230 1390 1365 1412; x_wconf 80' lang='lat' dir='ltr'>moratui·</span> <span class='ocrx_word' id='word_1_967' title='bbox 1376 1391 1382 1410; x_wconf 76' lang='lat' dir='ltr'><strong><em>z</em></strong></span> <span class='ocrx_word' id='word_1_968' title='bbox 1392 1380 1645 1421; x_wconf 81' lang='lat' dir='ltr'>pei-orationisque</span> <span class='ocrx_word' id='word_1_969' title='bbox 1654 1381 1818 1420; x_wconf 79' lang='lat' dir='ltr'>praeceptis,</span> <span class='ocrx_word' id='word_1_970' title='bbox 1828 1389 1893 1421; x_wconf 86' lang='lat' dir='ltr'>quae</span> <span class='ocrx_word' id='word_1_971' title='bbox 1904 1379 1939 1410; x_wconf 81' lang='lat' dir='ltr'>ad</span> <span class='ocrx_word' id='word_1_972' title='bbox 1950 1378 2120 1410; x_wconf 86' lang='lat' dir='ltr'>incitandos</span> <span class='ocrx_word' id='word_1_973' title='bbox 2129 1381 2196 1410; x_wconf 77' lang='lat' dir='ltr'>ani-</span> 
     </span>
     <span class='ocr_line' id='line_1_103' title="bbox 1230 1420 2196 1463; baseline -0.003 -9"><span class='ocrx_word' id='word_1_974' title='bbox 1230 1434 1299 1454; x_wconf 89' lang='lat' dir='ltr'>mos</span> <span class='ocrx_word' id='word_1_975' title='bbox 1308 1424 1411 1454; x_wconf 82' lang='lat' dir='ltr'>valent</span> <span class='ocrx_word' id='word_1_976' title='bbox 1419 1444 1427 1457; x_wconf 87' lang='lat'>,</span> <span class='ocrx_word' id='word_1_977' title='bbox 1442 1423 1475 1453; x_wconf 75' lang='grc' dir='ltr'>δε</span> <span class='ocrx_word' id='word_1_978' title='bbox 1486 1424 1518 1452; x_wconf 91' lang='lat' dir='ltr'>in</span> <span class='ocrx_word' id='word_1_979' title='bbox 1529 1423 1642 1463; x_wconf 90' lang='lat' dir='ltr'>reliqua</span> <span class='ocrx_word' id='word_1_980' title='bbox 1650 1423 1786 1453; x_wconf 85' lang='lat' dir='ltr'>oratione</span> <span class='ocrx_word' id='word_1_981' title='bbox 1794 1421 1965 1462; x_wconf 86' lang='lat' dir='ltr'>paullulum</span> <span class='ocrx_word' id='word_1_982' title='bbox 1974 1421 2147 1463; x_wconf 83' lang='lat' dir='ltr'>digrediens</span> <span class='ocrx_word' id='word_1_983' title='bbox 2156 1420 2196 1452; x_wconf 85' lang='lat' dir='ltr'>de</span> 
     </span>
    </p>
   </div>
   <div class='ocr_carea' id='block_1_28' title="bbox 1204 1462 2198 1504">
    <p class='ocr_par' dir='ltr' id='par_1_28' title="bbox 1204 1462 2198 1504">
     <span class='ocr_line' id='line_1_104' title="bbox 1204 1462 2198 1504; baseline -0.003 -7"><span class='ocrx_word' id='word_1_984' title='bbox 1204 1494 1206 1502; x_wconf 53' lang='lat'>.</span> <span class='ocrx_word' id='word_1_985' title='bbox 1229 1466 1316 1497; x_wconf 79' lang='lat' dir='ltr'>cursu</span> <span class='ocrx_word' id='word_1_986' title='bbox 1328 1465 1469 1499; x_wconf 87' lang='lat' dir='ltr'>dicendi,</span> <span class='ocrx_word' id='word_1_987' title='bbox 1490 1467 1600 1498; x_wconf 88' lang='lat' dir='ltr'>utitur,</span> <span class='ocrx_word' id='word_1_988' title='bbox 1626 1464 2109 1504; x_wconf 81' lang='lat' dir='ltr'>&amp;vehementiusinperorando.</span> <span class='ocrx_word' id='word_1_989' title='bbox 2141 1462 2198 1494; x_wconf 74' lang='lat' dir='ltr'>Est·</span> 
     </span>
    </p>
   </div>
   <div class='ocr_carea' id='block_1_29' title="bbox 219 1504 2090 1592">
    <p class='ocr_par' dir='ltr' id='par_1_29' title="bbox 219 1504 2090 1592">
     <span class='ocr_line' id='line_1_105' title="bbox 1205 1504 2090 1548; baseline -0.006 -9"><span class='ocrx_word' id='word_1_990' title='bbox 1205 1541 1207 1544; x_wconf 57' lang='grc'>,</span> <span class='ocrx_word' id='word_1_991' title='bbox 1230 1510 1315 1539; x_wconf 90' lang='lat' dir='ltr'>enim</span> <span class='ocrx_word' id='word_1_992' title='bbox 1325 1506 1511 1548; x_wconf 80' lang='lat' dir='ltr'>propositum</span> <span class='ocrx_word' id='word_1_993' title='bbox 1523 1527 1531 1541; x_wconf 89' lang='lat'>‚</span> <span class='ocrx_word' id='word_1_994' title='bbox 1551 1515 1584 1536; x_wconf 87' lang='lat' dir='ltr'>ut</span> <span class='ocrx_word' id='word_1_995' title='bbox 1594 1508 1702 1536; x_wconf 79' lang='lat' dir='ltr'>iratum</span> <span class='ocrx_word' id='word_1_996' title='bbox 1713 1504 1823 1536; x_wconf 80' lang='lat' dir='ltr'>efficiat</span> <span class='ocrx_word' id='word_1_997' title='bbox 1828 1507 1838 1546; x_wconf 86' lang='lat' dir='ltr'>j</span> <span class='ocrx_word' id='word_1_998' title='bbox 1843 1505 1973 1537; x_wconf 88' lang='lat' dir='ltr'>udicem.</span> <span class='ocrx_word' id='word_1_999' title='bbox 2014 1508 2046 1536; x_wconf 94' lang='lat' dir='ltr'>C.</span> <span class='ocrx_word' id='word_1_1000' title='bbox 2059 1509 2090 1536; x_wconf 88' lang='lat' dir='ltr'>F.</span> 
     </span>
     <span class='ocr_line' id='line_1_106' title="bbox 219 1552 1207 1592; baseline -0.005 -7"><span class='ocrx_word' id='word_1_1001' title='bbox 219 1552 310 1586; x_wconf 75' lang='lat' dir='ltr'>causis</span> <span class='ocrx_word' id='word_1_1002' title='bbox 321 1573 330 1588; x_wconf 91' lang='lat'>,</span> <span class='ocrx_word' id='word_1_1003' title='bbox 340 1554 398 1584; x_wconf 87' lang='lat' dir='ltr'>alia</span> <span class='ocrx_word' id='word_1_1004' title='bbox 405 1564 443 1584; x_wconf 81' lang='lat' dir='ltr'>ex</span> <span class='ocrx_word' id='word_1_1005' title='bbox 454 1552 569 1584; x_wconf 63' lang='lat' dir='ltr'>effeCnS</span> <span class='ocrx_word' id='word_1_1006' title='bbox 577 1572 586 1587; x_wconf 83' lang='lat'>,</span> <span class='ocrx_word' id='word_1_1007' title='bbox 597 1553 655 1583; x_wconf 84' lang='lat' dir='ltr'>alia</span> <span class='ocrx_word' id='word_1_1008' title='bbox 663 1561 702 1582; x_wconf 82' lang='lat' dir='ltr'>ex</span> <span class='ocrx_word' id='word_1_1009' title='bbox 711 1554 934 1592; x_wconf 84' lang='lat' dir='ltr'>comparatione</span> <span class='ocrx_word' id='word_1_1010' title='bbox 946 1553 1097 1589; x_wconf 70' lang='lat' dir='ltr'>majorum</span> <span class='ocrx_word' id='word_1_1011' title='bbox 1109 1571 1117 1585; x_wconf 95' lang='lat'>,</span> <span class='ocrx_word' id='word_1_1012' title='bbox 1136 1560 1186 1581; x_wconf 83' lang='lat' dir='ltr'>aut</span> <span class='ocrx_word' id='word_1_1013' title='bbox 1206 1554 1207 1560; x_wconf 65' lang='lat'>¹</span> 
     </span>
    </p>
   </div>
   <div class='ocr_carea' id='block_1_30' title="bbox 1229 1505 2236 1794">
    <p class='ocr_par' dir='ltr' id='par_1_30' title="bbox 1229 1505 2236 1794">
     <span class='ocr_line' id='line_1_107' title="bbox 2141 1505 2195 1536; baseline 0 0"><span class='ocrx_word' id='word_1_1014' title='bbox 2141 1505 2195 1536; x_wconf 86' lang='lat' dir='ltr'>uid</span> 
     </span>
     <span class='ocr_line' id='line_1_108' title="bbox 1229 1508 2236 1590; baseline -0.003 -9"><span class='ocrx_word' id='word_1_1015' title='bbox 1229 1550 1404 1581; x_wconf 83' lang='lat' dir='ltr'>faciendum</span> <span class='ocrx_word' id='word_1_1016' title='bbox 1415 1549 1458 1580; x_wconf 88' lang='lat' dir='ltr'>est</span> <span class='ocrx_word' id='word_1_1017' title='bbox 1467 1548 1569 1579; x_wconf 61' lang='lat' dir='ltr'>contr-{i</span> <span class='ocrx_word' id='word_1_1018' title='bbox 1580 1551 1653 1578; x_wconf 86' lang='lat' dir='ltr'>reo?</span> <span class='ocrx_word' id='word_1_1019' title='bbox 1683 1550 1715 1578; x_wconf 92' lang='lat' dir='ltr'>C.</span> <span class='ocrx_word' id='word_1_1020' title='bbox 1727 1551 1760 1579; x_wconf 91' lang='lat' dir='ltr'>P.</span> <span class='ocrx_word' id='word_1_1021' title='bbox 1781 1550 1894 1578; x_wconf 87' lang='lat' dir='ltr'>Omnia</span> <span class='ocrx_word' id='word_1_1022' title='bbox 1912 1547 2004 1590; x_wconf 69' lang='lat' dir='ltr'>longe</span> <span class='ocrx_word' id='word_1_1023' title='bbox 2023 1508 2196 1579; x_wconf 40' lang='lat' dir='ltr'>secusgslu-</span> <span class='ocrx_word' id='word_1_1024' title='bbox 2213 1517 2236 1548; x_wconf 76' lang='lat'><em>5</em></span> 
     </span>
     <span class='ocr_line' id='line_1_109' title="bbox 1232 1589 2197 1633; baseline -0.001 -10"><span class='ocrx_word' id='word_1_1025' title='bbox 1232 1592 1344 1623; x_wconf 85' lang='lat' dir='ltr'>menda</span> <span class='ocrx_word' id='word_1_1026' title='bbox 1358 1592 1505 1633; x_wconf 86' lang='lat' dir='ltr'>principia</span> <span class='ocrx_word' id='word_1_1027' title='bbox 1521 1591 1557 1621; x_wconf 91' lang='lat' dir='ltr'>ad</span> <span class='ocrx_word' id='word_1_1028' title='bbox 1574 1591 1815 1621; x_wconf 82' lang='lat' dir='ltr'>benivolentiam</span> <span class='ocrx_word' id='word_1_1029' title='bbox 1829 1589 2061 1621; x_wconf 87' lang='lat' dir='ltr'>conciliandam.</span> <span class='ocrx_word' id='word_1_1030' title='bbox 2086 1592 2197 1622; x_wconf 70' lang='lat' dir='ltr'>Nana-</span> 
     </span>
     <span class='ocr_line' id='line_1_110' title="bbox 1231 1631 2198 1674; baseline -0.003 -9"><span class='ocrx_word' id='word_1_1031' title='bbox 1231 1637 1331 1666; x_wconf 90' lang='lat' dir='ltr'>tiones</span> <span class='ocrx_word' id='word_1_1032' title='bbox 1349 1643 1399 1664; x_wconf 86' lang='lat' dir='ltr'>aut</span> <span class='ocrx_word' id='word_1_1033' title='bbox 1417 1632 1626 1674; x_wconf 67' lang='lat' dir='ltr'>amputandae,</span> <span class='ocrx_word' id='word_1_1034' title='bbox 1646 1632 1852 1674; x_wconf 82' lang='lat' dir='ltr'>quaelaedunt:</span> <span class='ocrx_word' id='word_1_1035' title='bbox 1870 1632 2154 1674; x_wconf 71' lang='lat' dir='ltr'>autrelinquendae,</span> <span class='ocrx_word' id='word_1_1036' title='bbox 2174 1631 2198 1662; x_wconf 79' lang='lat' dir='ltr'>si</span> 
     </span>
     <span class='ocr_line' id='line_1_111' title="bbox 1233 1672 2200 1715; baseline -0.004 -7"><span class='ocrx_word' id='word_1_1037' title='bbox 1233 1686 1302 1708; x_wconf 83' lang='lat' dir='ltr'>rotae</span> <span class='ocrx_word' id='word_1_1038' title='bbox 1312 1677 1381 1708; x_wconf 88' lang='lat' dir='ltr'>sunt</span> <span class='ocrx_word' id='word_1_1039' title='bbox 1389 1675 1535 1707; x_wconf 87' lang='lat' dir='ltr'>molestae.</span> <span class='ocrx_word' id='word_1_1040' title='bbox 1565 1677 1757 1704; x_wconf 69' lang='lat' dir='ltr'>firmamenta</span> <span class='ocrx_word' id='word_1_1041' title='bbox 1767 1674 1802 1705; x_wconf 85' lang='lat' dir='ltr'>ad</span> <span class='ocrx_word' id='word_1_1042' title='bbox 1814 1673 1907 1705; x_wconf 86' lang='lat' dir='ltr'>fidem</span> <span class='ocrx_word' id='word_1_1043' title='bbox 1916 1672 2009 1715; x_wconf 89' lang='lat' dir='ltr'>posita</span> <span class='ocrx_word' id='word_1_1044' title='bbox 2019 1694 2027 1709; x_wconf 90' lang='lat'>,</span> <span class='ocrx_word' id='word_1_1045' title='bbox 2046 1683 2096 1705; x_wconf 88' lang='lat' dir='ltr'>aut</span> <span class='ocrx_word' id='word_1_1046' title='bbox 2105 1684 2155 1715; x_wconf 89' lang='lat' dir='ltr'>per</span> <span class='ocrx_word' id='word_1_1047' title='bbox 2165 1674 2200 1705; x_wconf 82' lang='lat' dir='ltr'>se</span> 
     </span>
     <span class='ocr_line' id='line_1_112' title="bbox 1233 1715 2198 1758; baseline -0.004 -8"><span class='ocrx_word' id='word_1_1048' title='bbox 1233 1719 1395 1754; x_wconf 88' lang='lat' dir='ltr'>diluenda,</span> <span class='ocrx_word' id='word_1_1049' title='bbox 1424 1728 1474 1749; x_wconf 82' lang='lat' dir='ltr'>aut</span> <span class='ocrx_word' id='word_1_1050' title='bbox 1500 1717 1684 1748; x_wconf 86' lang='lat' dir='ltr'>obscuranda</span> <span class='ocrx_word' id='word_1_1051' title='bbox 1702 1737 1711 1751; x_wconf 90' lang='lat'>,</span> <span class='ocrx_word' id='word_1_1052' title='bbox 1738 1726 1790 1747; x_wconf 87' lang='lat' dir='ltr'>aut</span> <span class='ocrx_word' id='word_1_1053' title='bbox 1807 1715 2035 1758; x_wconf 84' lang='lat' dir='ltr'>digreffionibus</span> <span class='ocrx_word' id='word_1_1054' title='bbox 2064 1716 2198 1747; x_wconf 77' lang='lat' dir='ltr'>obi-uen-</span> 
     </span>
     <span class='ocr_line' id='line_1_113' title="bbox 1233 1757 2197 1794; baseline -0.002 -2"><span class='ocrx_word' id='word_1_1055' title='bbox 1233 1763 1278 1793; x_wconf 80' lang='lat' dir='ltr'>da.</span> <span class='ocrx_word' id='word_1_1056' title='bbox 1309 1763 1515 1792; x_wconf 79' lang='lat' dir='ltr'>Perorationes</span> <span class='ocrx_word' id='word_1_1057' title='bbox 1533 1769 1632 1790; x_wconf 88' lang='lat' dir='ltr'>autem</span> <span class='ocrx_word' id='word_1_1058' title='bbox 1645 1781 1654 1793; x_wconf 87' lang='lat'>,</span> <span class='ocrx_word' id='word_1_1059' title='bbox 1681 1759 1717 1789; x_wconf 90' lang='lat' dir='ltr'>ad</span> <span class='ocrx_word' id='word_1_1060' title='bbox 1739 1759 1979 1790; x_wconf 85' lang='lat' dir='ltr'>misericordiam</span> <span class='ocrx_word' id='word_1_1061' title='bbox 1995 1757 2197 1794; x_wconf 74' lang='lat' dir='ltr'>conferendae‚</span> 
     </span>
    </p>
   </div>
   <div class='ocr_carea' id='block_1_31' title="bbox 1235 1842 2201 1887">
    <p class='ocr_par' dir='ltr' id='par_1_31' title="bbox 1235 1842 2201 1887">
     <span class='ocr_line' id='line_1_114' title="bbox 1235 1842 2201 1887; baseline -0.005 -10"><span class='ocrx_word' id='word_1_1062' title='bbox 1235 1856 1335 1877; x_wconf 88' lang='lat' dir='ltr'>tenere</span> <span class='ocrx_word' id='word_1_1063' title='bbox 1347 1845 1524 1887; x_wconf 83' lang='lat' dir='ltr'>poss&#39;umus?</span> <span class='ocrx_word' id='word_1_1064' title='bbox 1556 1847 1587 1874; x_wconf 92' lang='lat' dir='ltr'>C.</span> <span class='ocrx_word' id='word_1_1065' title='bbox 1600 1847 1630 1874; x_wconf 93' lang='lat' dir='ltr'>P.</span> <span class='ocrx_word' id='word_1_1066' title='bbox 1653 1846 1728 1874; x_wconf 89' lang='lat' dir='ltr'>Non</span> <span class='ocrx_word' id='word_1_1067' title='bbox 1739 1842 1817 1873; x_wconf 68' lang='lat' dir='ltr'>sane.</span> <span class='ocrx_word' id='word_1_1068' title='bbox 1842 1846 1924 1873; x_wconf 82' lang='lat' dir='ltr'>Nam</span> <span class='ocrx_word' id='word_1_1069' title='bbox 1935 1843 2201 1873; x_wconf 74' lang='lat' dir='ltr'>auditorumaures</span> 
     </span>
    </p>
   </div>
   <div class='ocr_carea' id='block_1_32' title="bbox 1209 1885 2199 1926">
    <p class='ocr_par' dir='ltr' id='par_1_32' title="bbox 1209 1885 2199 1926">
     <span class='ocr_line' id='line_1_115' title="bbox 1209 1885 2199 1926; baseline -0.004 -7"><span class='ocrx_word' id='word_1_1070' title='bbox 1209 1910 1211 1920; x_wconf 30' lang='grc' dir='ltr'><em>ι</em></span> <span class='ocrx_word' id='word_1_1071' title='bbox 1236 1889 1431 1919; x_wconf 85' lang='lat' dir='ltr'>moderantur</span> <span class='ocrx_word' id='word_1_1072' title='bbox 1440 1888 1549 1918; x_wconf 83' lang='lat' dir='ltr'>oratori</span> <span class='ocrx_word' id='word_1_1073' title='bbox 1559 1885 1748 1926; x_wconf 86' lang='lat' dir='ltr'>pi·udenti‚&amp;</span> <span class='ocrx_word' id='word_1_1074' title='bbox 1758 1885 1900 1925; x_wconf 86' lang='lat' dir='ltr'>provido,</span> <span class='ocrx_word' id='word_1_1075' title='bbox 1913 1886 1945 1915; x_wconf 91' lang='lat'>&amp;</span> <span class='ocrx_word' id='word_1_1076' title='bbox 1954 1885 2036 1926; x_wconf 91' lang='lat' dir='ltr'>quod</span> <span class='ocrx_word' id='word_1_1077' title='bbox 2046 1885 2199 1925; x_wconf 85' lang='lat' dir='ltr'>respuunt,</span> 
     </span>
    </p>
   </div>
   <div class='ocr_carea' id='block_1_33' title="bbox 1235 1926 2199 1968">
    <p class='ocr_par' dir='ltr' id='par_1_33' title="bbox 1235 1926 2199 1968">
     <span class='ocr_line' id='line_1_116' title="bbox 1235 1926 2199 1968; baseline -0.003 -7"><span class='ocrx_word' id='word_1_1078' title='bbox 1235 1929 1465 1961; x_wconf 78' lang='lat' dir='ltr'>immutandum</span> <span class='ocrx_word' id='word_1_1079' title='bbox 1477 1928 1527 1959; x_wconf 90' lang='lat' dir='ltr'>est.</span> <span class='ocrx_word' id='word_1_1080' title='bbox 1551 1932 1586 1959; x_wconf 93' lang='lat' dir='ltr'>C.</span> <span class='ocrx_word' id='word_1_1081' title='bbox 1598 1930 1629 1958; x_wconf 90' lang='lat' dir='ltr'>F.</span> <span class='ocrx_word' id='word_1_1082' title='bbox 1641 1930 1768 1968; x_wconf 81' lang='lat' dir='ltr'>Expone</span> <span class='ocrx_word' id='word_1_1083' title='bbox 1778 1927 1918 1967; x_wconf 78' lang='lat' dir='ltr'>deinceps</span> <span class='ocrx_word' id='word_1_1084' title='bbox 1930 1947 1937 1961; x_wconf 91' lang='lat'>,</span> <span class='ocrx_word' id='word_1_1085' title='bbox 1957 1926 2120 1968; x_wconf 82' lang='lat' dir='ltr'>quaeipsius</span> <span class='ocrx_word' id='word_1_1086' title='bbox 2132 1937 2199 1958; x_wconf 88' lang='lat' dir='ltr'>ora-</span> 
     </span>
    </p>
   </div>
   <div class='ocr_carea' id='block_1_34' title="bbox 1236 2011 2200 2136">
    <p class='ocr_par' dir='ltr' id='par_1_34' title="bbox 1236 2011 2200 2136">
     <span class='ocr_line' id='line_1_117' title="bbox 1236 2011 2200 2055; baseline -0.004 -10"><span class='ocrx_word' id='word_1_1087' title='bbox 1236 2026 1293 2045; x_wconf 84' lang='lat' dir='ltr'>nus</span> <span class='ocrx_word' id='word_1_1088' title='bbox 1303 2015 1345 2045; x_wconf 90' lang='lat' dir='ltr'>est</span> <span class='ocrx_word' id='word_1_1089' title='bbox 1354 2013 1517 2055; x_wconf 87' lang='lat' dir='ltr'>eloquendi</span> <span class='ocrx_word' id='word_1_1090' title='bbox 1527 2014 1576 2043; x_wconf 75' lang='lat' dir='ltr'>sua</span> <span class='ocrx_word' id='word_1_1091' title='bbox 1585 2014 1690 2053; x_wconf 83' lang='lat' dir='ltr'>sponte</span> <span class='ocrx_word' id='word_1_1092' title='bbox 1698 2011 1801 2042; x_wconf 83' lang='lat' dir='ltr'>fusum</span> <span class='ocrx_word' id='word_1_1093' title='bbox 1815 2012 1957 2042; x_wconf 86' lang='lat' dir='ltr'>:alterum</span> <span class='ocrx_word' id='word_1_1094' title='bbox 1968 2012 2100 2045; x_wconf 86' lang='lat' dir='ltr'>versum,</span> <span class='ocrx_word' id='word_1_1095' title='bbox 2111 2020 2200 2052; x_wconf 81' lang='lat' dir='ltr'>atque</span> 
     </span>
     <span class='ocr_line' id='line_1_118' title="bbox 1237 2052 2198 2093; baseline -0.006 -5"><span class='ocrx_word' id='word_1_1096' title='bbox 1237 2067 1398 2088; x_wconf 83' lang='lat' dir='ltr'>mutatum.</span> <span class='ocrx_word' id='word_1_1097' title='bbox 1430 2058 1531 2087; x_wconf 83' lang='lat' dir='ltr'>Prima</span> <span class='ocrx_word' id='word_1_1098' title='bbox 1541 2057 1588 2085; x_wconf 81' lang='lat' dir='ltr'>vis</span> <span class='ocrx_word' id='word_1_1099' title='bbox 1598 2054 1683 2085; x_wconf 87' lang='lat' dir='ltr'>estin</span> <span class='ocrx_word' id='word_1_1100' title='bbox 1693 2052 1878 2093; x_wconf 87' lang='lat' dir='ltr'>simplicibus</span> <span class='ocrx_word' id='word_1_1101' title='bbox 1888 2054 1986 2083; x_wconf 87' lang='lat' dir='ltr'>verbis</span> <span class='ocrx_word' id='word_1_1102' title='bbox 1998 2064 2002 2082; x_wconf 95' lang='lat'>:</span> <span class='ocrx_word' id='word_1_1103' title='bbox 2023 2055 2056 2082; x_wconf 87' lang='lat' dir='ltr'>in</span> <span class='ocrx_word' id='word_1_1104' title='bbox 2066 2054 2198 2093; x_wconf 82' lang='lat' dir='ltr'>conjun-</span> 
     </span>
     <span class='ocr_line' id='line_1_119' title="bbox 1237 2093 2198 2136; baseline -0.007 -6"><span class='ocrx_word' id='word_1_1105' title='bbox 1237 2100 1292 2130; x_wconf 61' lang='grc' dir='ltr'>θεῖε</span> <span class='ocrx_word' id='word_1_1106' title='bbox 1304 2097 1442 2130; x_wconf 82' lang='lat' dir='ltr'>secunda.</span> <span class='ocrx_word' id='word_1_1107' title='bbox 1465 2097 1629 2136; x_wconf 84' lang='lat' dir='ltr'>Simplicia,</span> <span class='ocrx_word' id='word_1_1108' title='bbox 1640 2094 1824 2125; x_wconf 86' lang='lat' dir='ltr'>invenienda</span> <span class='ocrx_word' id='word_1_1109' title='bbox 1830 2095 1898 2124; x_wconf 89' lang='lat' dir='ltr'>sunt</span> <span class='ocrx_word' id='word_1_1110' title='bbox 1909 2105 1914 2123; x_wconf 88' lang='grc'>;</span> <span class='ocrx_word' id='word_1_1111' title='bbox 1937 2093 2101 2131; x_wconf 66' lang='grc' dir='ltr'>εοῃῑιιῃὸὶᾶ</span> <span class='ocrx_word' id='word_1_1112' title='bbox 2111 2114 2120 2128; x_wconf 88' lang='grc'>,</span> <span class='ocrx_word' id='word_1_1113' title='bbox 2131 2094 2198 2124; x_wconf 88' lang='lat' dir='ltr'>col-</span> 
     </span>
    </p>
   </div>
   <div class='ocr_carea' id='block_1_35' title="bbox 1212 2137 2198 2222">
    <p class='ocr_par' dir='ltr' id='par_1_35' title="bbox 1212 2137 2198 2222">
     <span class='ocr_line' id='line_1_120' title="bbox 1212 2137 2196 2177; baseline -0.005 -5"><span class='ocrx_word' id='word_1_1114' title='bbox 1212 2170 1213 2175; x_wconf 67' lang='lat'>,</span> <span class='ocrx_word' id='word_1_1115' title='bbox 1238 2141 1363 2172; x_wconf 84' lang='lat' dir='ltr'>locanda</span> <span class='ocrx_word' id='word_1_1116' title='bbox 1372 2141 1451 2170; x_wconf 89' lang='lat' dir='ltr'>sunt.</span> <span class='ocrx_word' id='word_1_1117' title='bbox 1472 2142 1510 2169; x_wconf 89' lang='lat' dir='ltr'>Et</span> <span class='ocrx_word' id='word_1_1118' title='bbox 1518 2137 1664 2177; x_wconf 82' lang='lat' dir='ltr'>simplicia</span> <span class='ocrx_word' id='word_1_1119' title='bbox 1672 2137 1760 2166; x_wconf 75' lang='lat' dir='ltr'>verba</span> <span class='ocrx_word' id='word_1_1120' title='bbox 1769 2138 1877 2175; x_wconf 81' lang='lat' dir='ltr'>pai-tim</span> <span class='ocrx_word' id='word_1_1121' title='bbox 1889 2137 1986 2166; x_wconf 83' lang='lat' dir='ltr'>nativa</span> <span class='ocrx_word' id='word_1_1122' title='bbox 1995 2137 2074 2169; x_wconf 84' lang='lat' dir='ltr'>sunt,</span> <span class='ocrx_word' id='word_1_1123' title='bbox 2086 2138 2196 2176; x_wconf 79' lang='lat' dir='ltr'>pai-tim</span> 
     </span>
     <span class='ocr_line' id='line_1_121' title="bbox 1212 2176 2198 2222; baseline -0.006 -9"><span class='ocrx_word' id='word_1_1124' title='bbox 1212 2209 1213 2220; x_wconf 60' lang='grc'>,</span> <span class='ocrx_word' id='word_1_1125' title='bbox 1237 2189 1359 2222; x_wconf 77' lang='lat' dir='ltr'>reperta.</span> <span class='ocrx_word' id='word_1_1126' title='bbox 1392 2183 1502 2211; x_wconf 71' lang='lat' dir='ltr'>Nativa</span> <span class='ocrx_word' id='word_1_1127' title='bbox 1520 2190 1552 2210; x_wconf 85' lang='lat' dir='ltr'>ea</span> <span class='ocrx_word' id='word_1_1128' title='bbox 1562 2200 1571 2213; x_wconf 93' lang='lat'>‚</span> <span class='ocrx_word' id='word_1_1129' title='bbox 1591 2183 1606 2198; x_wconf 85' lang='lat'>2</span> <span class='ocrx_word' id='word_1_1130' title='bbox 1615 2189 1680 2219; x_wconf 86' lang='lat' dir='ltr'>quae</span> <span class='ocrx_word' id='word_1_1131' title='bbox 1688 2176 1847 2219; x_wconf 81' lang='lat' dir='ltr'>fignificata</span> <span class='ocrx_word' id='word_1_1132' title='bbox 1855 2178 1922 2208; x_wconf 87' lang='lat' dir='ltr'>sunt</span> <span class='ocrx_word' id='word_1_1133' title='bbox 1930 2178 2015 2208; x_wconf 80' lang='lat' dir='ltr'>sensu</span> <span class='ocrx_word' id='word_1_1134' title='bbox 2027 2189 2032 2207; x_wconf 79' lang='lat' dir='ltr'><em>z</em></span> <span class='ocrx_word' id='word_1_1135' title='bbox 2056 2180 2198 2219; x_wconf 85' lang='lat' dir='ltr'>Reperta,</span> 
     </span>
    </p>
   </div>
   <div class='ocr_carea' id='block_1_36' title="bbox 1239 2216 2201 2339">
    <p class='ocr_par' dir='ltr' id='par_1_36' title="bbox 1239 2216 2201 2339">
     <span class='ocr_line' id='line_1_122' title="bbox 1239 2216 2200 2266; baseline -0.004 -12"><span class='ocrx_word' id='word_1_1136' title='bbox 1239 2234 1305 2266; x_wconf 83' lang='lat' dir='ltr'>quae</span> <span class='ocrx_word' id='word_1_1137' title='bbox 1316 2233 1354 2253; x_wconf 88' lang='lat' dir='ltr'>ex</span> <span class='ocrx_word' id='word_1_1138' title='bbox 1365 2224 1410 2252; x_wconf 87' lang='lat' dir='ltr'>his</span> <span class='ocrx_word' id='word_1_1139' title='bbox 1420 2221 1497 2253; x_wconf 66' lang='lat' dir='ltr'>faeta</span> <span class='ocrx_word' id='word_1_1140' title='bbox 1508 2222 1593 2254; x_wconf 84' lang='lat' dir='ltr'>sunt,</span> <span class='ocrx_word' id='word_1_1141' title='bbox 1605 2222 1636 2251; x_wconf 72' lang='grc' dir='ltr'>δε</span> <span class='ocrx_word' id='word_1_1142' title='bbox 1647 2229 1758 2250; x_wconf 78' lang='lat' dir='ltr'>novata</span> <span class='ocrx_word' id='word_1_1143' title='bbox 1767 2229 1817 2250; x_wconf 83' lang='lat' dir='ltr'>aut</span> <span class='ocrx_word' id='word_1_1144' title='bbox 1825 2216 2025 2250; x_wconf 85' lang='lat' dir='ltr'>similitudine</span> <span class='ocrx_word' id='word_1_1145' title='bbox 2037 2241 2046 2254; x_wconf 91' lang='lat'>‚</span> <span class='ocrx_word' id='word_1_1146' title='bbox 2066 2230 2116 2252; x_wconf 85' lang='lat' dir='ltr'>aut</span> <span class='ocrx_word' id='word_1_1147' title='bbox 2125 2221 2200 2251; x_wconf 86' lang='lat' dir='ltr'>imi-</span> 
     </span>
     <span class='ocr_line' id='line_1_123' title="bbox 1240 2261 2200 2303; baseline -0.003 -7"><span class='ocrx_word' id='word_1_1148' title='bbox 1240 2268 1352 2297; x_wconf 71' lang='lat' dir='ltr'>titione</span> <span class='ocrx_word' id='word_1_1149' title='bbox 1363 2285 1371 2298; x_wconf 90' lang='lat'>,</span> <span class='ocrx_word' id='word_1_1150' title='bbox 1382 2274 1431 2294; x_wconf 85' lang='lat' dir='ltr'>aut</span> <span class='ocrx_word' id='word_1_1151' title='bbox 1442 2263 1609 2294; x_wconf 73' lang='lat' dir='ltr'>inflexione</span> <span class='ocrx_word' id='word_1_1152' title='bbox 1621 2283 1629 2297; x_wconf 89' lang='lat'>‚</span> <span class='ocrx_word' id='word_1_1153' title='bbox 1641 2272 1691 2292; x_wconf 78' lang='lat' dir='ltr'>aut</span> <span class='ocrx_word' id='word_1_1154' title='bbox 1699 2261 1743 2299; x_wconf 72' lang='lat' dir='ltr'>adi</span> <span class='ocrx_word' id='word_1_1155' title='bbox 1749 2261 1892 2291; x_wconf 66' lang='lat' dir='ltr'>mistione</span> <span class='ocrx_word' id='word_1_1156' title='bbox 1903 2262 2078 2292; x_wconf 87' lang='lat' dir='ltr'>verborum.</span> <span class='ocrx_word' id='word_1_1157' title='bbox 2101 2265 2200 2303; x_wconf 87' lang='lat' dir='ltr'>Atque</span> 
     </span>
     <span class='ocr_line' id='line_1_124' title="bbox 1239 2303 2201 2339; baseline -0.005 0"><span class='ocrx_word' id='word_1_1158' title='bbox 1239 2310 1330 2339; x_wconf 80' lang='lat' dir='ltr'>etiam</span> <span class='ocrx_word' id='word_1_1159' title='bbox 1339 2306 1384 2337; x_wconf 86' lang='lat' dir='ltr'>est</span> <span class='ocrx_word' id='word_1_1160' title='bbox 1393 2308 1456 2337; x_wconf 82' lang='lat' dir='ltr'>haec</span> <span class='ocrx_word' id='word_1_1161' title='bbox 1467 2304 1622 2336; x_wconf 59' lang='lat' dir='ltr'>diffinistio</span> <span class='ocrx_word' id='word_1_1162' title='bbox 1631 2306 1664 2334; x_wconf 86' lang='lat' dir='ltr'>in</span> <span class='ocrx_word' id='word_1_1163' title='bbox 1673 2304 1772 2334; x_wconf 77' lang='lat' dir='ltr'>verbis</span> <span class='ocrx_word' id='word_1_1164' title='bbox 1785 2315 1790 2332; x_wconf 87' lang='lat'>:</span> <span class='ocrx_word' id='word_1_1165' title='bbox 1802 2304 1902 2337; x_wconf 81' lang='lat' dir='ltr'>altera,</span> <span class='ocrx_word' id='word_1_1166' title='bbox 1914 2311 2018 2333; x_wconf 75' lang='lat' dir='ltr'>natura</span> <span class='ocrx_word' id='word_1_1167' title='bbox 2026 2316 2037 2332; x_wconf 91' lang='grc'>.·</span> <span class='ocrx_word' id='word_1_1168' title='bbox 2047 2303 2201 2334; x_wconf 55' lang='lat' dir='ltr'>transtatio-</span> 
     </span>
    </p>
   </div>
   <div class='ocr_carea' id='block_1_37' title="bbox 1214 2345 2201 2390">
    <p class='ocr_par' dir='ltr' id='par_1_37' title="bbox 1214 2345 2201 2390">
     <span class='ocr_line' id='line_1_125' title="bbox 1214 2345 2201 2390; baseline -0.003 -11"><span class='ocrx_word' id='word_1_1169' title='bbox 1214 2366 1216 2386; x_wconf 37' lang='grc' dir='ltr'>ε</span> <span class='ocrx_word' id='word_1_1170' title='bbox 1240 2350 1397 2390; x_wconf 48' lang='lat' dir='ltr'>nefiltera.</span> <span class='ocrx_word' id='word_1_1171' title='bbox 1430 2351 1604 2380; x_wconf 53' lang='lat' dir='ltr'>Naturbut</span> <span class='ocrx_word' id='word_1_1172' title='bbox 1614 2345 1670 2376; x_wconf 86' lang='lat' dir='ltr'>sint</span> <span class='ocrx_word' id='word_1_1173' title='bbox 1679 2345 2142 2388; x_wconf 81' lang='lat' dir='ltr'>aliaconsonantioia,gravioi-a‚</span> <span class='ocrx_word' id='word_1_1174' title='bbox 2156 2346 2201 2376; x_wconf 87' lang='lat' dir='ltr'>le-</span> 
     </span>
    </p>
   </div>
   <div class='ocr_carea' id='block_1_38' title="bbox 1239 2388 2248 2895">
    <p class='ocr_par' dir='ltr' id='par_1_38' title="bbox 1239 2388 2248 2895">
     <span class='ocr_line' id='line_1_126' title="bbox 1239 2388 2200 2431; baseline -0.004 -9"><span class='ocrx_word' id='word_1_1175' title='bbox 1239 2391 1334 2425; x_wconf 64' lang='lat' dir='ltr'>Vidm,</span> <span class='ocrx_word' id='word_1_1176' title='bbox 1346 2392 1378 2420; x_wconf 72' lang='grc' dir='ltr'>δε</span> <span class='ocrx_word' id='word_1_1177' title='bbox 1389 2389 1619 2431; x_wconf 69' lang='lat' dir='ltr'>quodammodo</span> <span class='ocrx_word' id='word_1_1178' title='bbox 1630 2388 1786 2418; x_wconf 82' lang='lat' dir='ltr'>nitidiora:</span> <span class='ocrx_word' id='word_1_1179' title='bbox 1808 2388 1863 2418; x_wconf 89' lang='lat' dir='ltr'>alia</span> <span class='ocrx_word' id='word_1_1180' title='bbox 1872 2397 1983 2418; x_wconf 86' lang='lat' dir='ltr'>contra.</span> <span class='ocrx_word' id='word_1_1181' title='bbox 2007 2388 2200 2419; x_wconf 68' lang='lat' dir='ltr'>Tra&amp;atione</span> 
     </span>
     <span class='ocr_line' id='line_1_127' title="bbox 1240 2430 2202 2472; baseline -0.004 -8"><span class='ocrx_word' id='word_1_1182' title='bbox 1240 2444 1339 2465; x_wconf 79' lang='lat' dir='ltr'>autem</span> <span class='ocrx_word' id='word_1_1183' title='bbox 1350 2453 1358 2467; x_wconf 89' lang='lat'>,</span> <span class='ocrx_word' id='word_1_1184' title='bbox 1371 2431 1442 2463; x_wconf 74' lang='lat' dir='ltr'>cum</span> <span class='ocrx_word' id='word_1_1185' title='bbox 1453 2440 1501 2462; x_wconf 88' lang='lat' dir='ltr'>aut</span> <span class='ocrx_word' id='word_1_1186' title='bbox 1510 2433 1628 2472; x_wconf 76' lang='lat' dir='ltr'>propria</span> <span class='ocrx_word' id='word_1_1187' title='bbox 1637 2431 1797 2460; x_wconf 89' lang='lat' dir='ltr'>sumuntur</span> <span class='ocrx_word' id='word_1_1188' title='bbox 1804 2440 1905 2460; x_wconf 89' lang='lat' dir='ltr'>rerum</span> <span class='ocrx_word' id='word_1_1189' title='bbox 1914 2431 2060 2461; x_wconf 86' lang='lat' dir='ltr'>vocabula</span> <span class='ocrx_word' id='word_1_1190' title='bbox 2070 2451 2078 2465; x_wconf 93' lang='lat'>,</span> <span class='ocrx_word' id='word_1_1191' title='bbox 2089 2438 2140 2461; x_wconf 88' lang='lat' dir='ltr'>aut</span> <span class='ocrx_word' id='word_1_1192' title='bbox 2148 2430 2202 2461; x_wconf 87' lang='lat' dir='ltr'>ad-</span> 
     </span>
     <span class='ocr_line' id='line_1_128' title="bbox 1241 2472 2201 2513; baseline -0.004 -7"><span class='ocrx_word' id='word_1_1193' title='bbox 1241 2477 1300 2507; x_wconf 85' lang='lat' dir='ltr'>dita</span> <span class='ocrx_word' id='word_1_1194' title='bbox 1310 2475 1344 2511; x_wconf 63' lang='lat' dir='ltr'>ad</span> <span class='ocrx_word' id='word_1_1195' title='bbox 1355 2485 1470 2505; x_wconf 89' lang='lat' dir='ltr'>nomen</span> <span class='ocrx_word' id='word_1_1196' title='bbox 1482 2494 1492 2508; x_wconf 86' lang='lat'>,</span> <span class='ocrx_word' id='word_1_1197' title='bbox 1513 2483 1562 2505; x_wconf 78' lang='lat' dir='ltr'>aut</span> <span class='ocrx_word' id='word_1_1198' title='bbox 1572 2483 1651 2503; x_wconf 79' lang='lat' dir='ltr'>nova</span> <span class='ocrx_word' id='word_1_1199' title='bbox 1661 2493 1669 2507; x_wconf 95' lang='lat'>,</span> <span class='ocrx_word' id='word_1_1200' title='bbox 1681 2472 1832 2513; x_wconf 85' lang='lat' dir='ltr'>autprisca</span> <span class='ocrx_word' id='word_1_1201' title='bbox 1840 2492 1849 2506; x_wconf 84' lang='lat'>‚</span> <span class='ocrx_word' id='word_1_1202' title='bbox 1868 2480 1919 2503; x_wconf 89' lang='lat' dir='ltr'>aut</span> <span class='ocrx_word' id='word_1_1203' title='bbox 1927 2473 1963 2503; x_wconf 85' lang='lat' dir='ltr'>ab</span> <span class='ocrx_word' id='word_1_1204' title='bbox 1972 2482 2086 2503; x_wconf 86' lang='lat' dir='ltr'>oratore</span> <span class='ocrx_word' id='word_1_1205' title='bbox 2098 2472 2201 2503; x_wconf 85' lang='lat' dir='ltr'>modi—</span> 
     </span>
     <span class='ocr_line' id='line_1_129' title="bbox 1242 2515 2202 2557; baseline -0.003 -9"><span class='ocrx_word' id='word_1_1206' title='bbox 1242 2518 1335 2552; x_wconf 82' lang='lat' dir='ltr'>ficata,</span> <span class='ocrx_word' id='word_1_1207' title='bbox 1348 2515 1502 2548; x_wconf 58' lang='lat' dir='ltr'>&amp;inflexa</span> <span class='ocrx_word' id='word_1_1208' title='bbox 1510 2515 1759 2557; x_wconf 85' lang='lat' dir='ltr'>quodammodo:</span> <span class='ocrx_word' id='word_1_1209' title='bbox 1777 2515 1875 2555; x_wconf 88' lang='lat' dir='ltr'>qualia</span> <span class='ocrx_word' id='word_1_1210' title='bbox 1884 2515 1953 2545; x_wconf 90' lang='lat' dir='ltr'>sunt</span> <span class='ocrx_word' id='word_1_1211' title='bbox 1961 2525 2013 2548; x_wconf 84' lang='lat' dir='ltr'>ea,</span> <span class='ocrx_word' id='word_1_1212' title='bbox 2032 2525 2098 2556; x_wconf 85' lang='lat' dir='ltr'>quae</span> <span class='ocrx_word' id='word_1_1213' title='bbox 2108 2515 2202 2545; x_wconf 86' lang='lat' dir='ltr'>trans-</span> 
     </span>
     <span class='ocr_line' id='line_1_130' title="bbox 1240 2556 2204 2598; baseline -0.005 -7"><span class='ocrx_word' id='word_1_1214' title='bbox 1240 2561 1378 2591; x_wconf 83' lang='lat' dir='ltr'>feruntur</span> <span class='ocrx_word' id='word_1_1215' title='bbox 1389 2580 1397 2593; x_wconf 95' lang='lat'>,</span> <span class='ocrx_word' id='word_1_1216' title='bbox 1408 2568 1457 2590; x_wconf 75' lang='lat' dir='ltr'>aut</span> <span class='ocrx_word' id='word_1_1217' title='bbox 1467 2561 1669 2589; x_wconf 83' lang='lat' dir='ltr'>immutantur</span> <span class='ocrx_word' id='word_1_1218' title='bbox 1680 2577 1688 2591; x_wconf 88' lang='lat'>,</span> <span class='ocrx_word' id='word_1_1219' title='bbox 1705 2564 1755 2587; x_wconf 87' lang='lat' dir='ltr'>aut</span> <span class='ocrx_word' id='word_1_1220' title='bbox 1764 2567 1796 2587; x_wconf 88' lang='lat' dir='ltr'>ea</span> <span class='ocrx_word' id='word_1_1221' title='bbox 1807 2577 1815 2590; x_wconf 89' lang='lat'>,</span> <span class='ocrx_word' id='word_1_1222' title='bbox 1837 2557 1946 2598; x_wconf 84' lang='lat' dir='ltr'>quibus</span> <span class='ocrx_word' id='word_1_1223' title='bbox 1954 2565 2096 2598; x_wconf 86' lang='lat' dir='ltr'>tanquam</span> <span class='ocrx_word' id='word_1_1224' title='bbox 2106 2556 2204 2587; x_wconf 87' lang='lat' dir='ltr'>abuti-</span> 
     </span>
     <span class='ocr_line' id='line_1_131' title="bbox 1242 2599 2204 2642; baseline -0.004 -10"><span class='ocrx_word' id='word_1_1225' title='bbox 1242 2613 1320 2636; x_wconf 83' lang='lat' dir='ltr'>mur,</span> <span class='ocrx_word' id='word_1_1226' title='bbox 1333 2611 1382 2632; x_wconf 85' lang='lat' dir='ltr'>aut</span> <span class='ocrx_word' id='word_1_1227' title='bbox 1393 2612 1424 2631; x_wconf 79' lang='lat' dir='ltr'>ea</span> <span class='ocrx_word' id='word_1_1228' title='bbox 1435 2621 1443 2635; x_wconf 92' lang='lat'>,</span> <span class='ocrx_word' id='word_1_1229' title='bbox 1455 2600 1722 2642; x_wconf 74' lang='lat' dir='ltr'>quaeobscuramus</span> <span class='ocrx_word' id='word_1_1230' title='bbox 1731 2619 1740 2633; x_wconf 86' lang='lat'>‚</span> <span class='ocrx_word' id='word_1_1231' title='bbox 1752 2609 1818 2640; x_wconf 86' lang='lat' dir='ltr'>quae</span> <span class='ocrx_word' id='word_1_1232' title='bbox 1826 2599 2046 2629; x_wconf 84' lang='lat' dir='ltr'>incredibiliter</span> <span class='ocrx_word' id='word_1_1233' title='bbox 2053 2599 2204 2633; x_wconf 84' lang='lat' dir='ltr'>tollimus,</span> 
     </span>
     <span class='ocr_line' id='line_1_132' title="bbox 1241 2641 2204 2686; baseline -0.003 -12"><span class='ocrx_word' id='word_1_1234' title='bbox 1241 2655 1366 2686; x_wconf 70' lang='lat' dir='ltr'>quaeque</span> <span class='ocrx_word' id='word_1_1235' title='bbox 1375 2642 1537 2673; x_wconf 71' lang='lat' dir='ltr'>mirabilius</span> <span class='ocrx_word' id='word_1_1236' title='bbox 1548 2663 1555 2675; x_wconf 91' lang='lat'><strong><em>‚</em></strong></span> <span class='ocrx_word' id='word_1_1237' title='bbox 1567 2641 1657 2683; x_wconf 64' lang='lat' dir='ltr'>quiim</span> <span class='ocrx_word' id='word_1_1238' title='bbox 1670 2642 1816 2671; x_wconf 86' lang='lat' dir='ltr'>sermonis</span> <span class='ocrx_word' id='word_1_1239' title='bbox 1825 2641 2141 2681; x_wconf 78' lang='lat' dir='ltr'>consuetudopatitur,</span> <span class='ocrx_word' id='word_1_1240' title='bbox 2152 2650 2204 2682; x_wconf 64' lang='lat' dir='ltr'>or,-</span> 
     </span>
     <span class='ocr_line' id='line_1_133' title="bbox 1242 2681 2203 2723; baseline -0.004 -6"><span class='ocrx_word' id='word_1_1241' title='bbox 1242 2697 1361 2717; x_wconf 84' lang='lat' dir='ltr'>namus.</span> <span class='ocrx_word' id='word_1_1242' title='bbox 1401 2688 1433 2716; x_wconf 91' lang='lat' dir='ltr'>C.</span> <span class='ocrx_word' id='word_1_1243' title='bbox 1446 2688 1477 2716; x_wconf 88' lang='lat' dir='ltr'>F.</span> <span class='ocrx_word' id='word_1_1244' title='bbox 1497 2685 1605 2715; x_wconf 83' lang='lat' dir='ltr'>Habeo</span> <span class='ocrx_word' id='word_1_1245' title='bbox 1615 2684 1651 2714; x_wconf 89' lang='lat' dir='ltr'>de</span> <span class='ocrx_word' id='word_1_1246' title='bbox 1659 2682 1844 2723; x_wconf 85' lang='lat' dir='ltr'>simplicibus</span> <span class='ocrx_word' id='word_1_1247' title='bbox 1852 2683 1951 2713; x_wconf 86' lang='lat' dir='ltr'>verbis</span> <span class='ocrx_word' id='word_1_1248' title='bbox 1962 2694 1968 2712; x_wconf 70' lang='grc' dir='ltr'><em>τ</em></span> <span class='ocrx_word' id='word_1_1249' title='bbox 1985 2693 2068 2714; x_wconf 89' lang='lat' dir='ltr'>nunc</span> <span class='ocrx_word' id='word_1_1250' title='bbox 2077 2681 2203 2713; x_wconf 71' lang='lat' dir='ltr'>decon-</span> 
     </span>
     <span class='ocr_line' id='line_1_134' title="bbox 1239 2724 2248 2770; baseline -0.005 -11"><span class='ocrx_word' id='word_1_1251' title='bbox 1239 2731 1250 2770; x_wconf 82' lang='lat' dir='ltr'>j</span> <span class='ocrx_word' id='word_1_1252' title='bbox 1255 2729 1401 2760; x_wconf 65' lang='lat' dir='ltr'>unclione</span> <span class='ocrx_word' id='word_1_1253' title='bbox 1420 2737 1530 2769; x_wconf 83' lang='lat' dir='ltr'>quaero.</span> <span class='ocrx_word' id='word_1_1254' title='bbox 1564 2728 1596 2756; x_wconf 90' lang='lat' dir='ltr'>C.</span> <span class='ocrx_word' id='word_1_1255' title='bbox 1609 2729 1639 2756; x_wconf 90' lang='lat' dir='ltr'>P.</span> <span class='ocrx_word' id='word_1_1256' title='bbox 1660 2727 1791 2755; x_wconf 87' lang='lat' dir='ltr'>Numeri</span> <span class='ocrx_word' id='word_1_1257' title='bbox 1809 2724 1934 2766; x_wconf 87' lang='lat' dir='ltr'>quidam</span> <span class='ocrx_word' id='word_1_1258' title='bbox 1953 2725 2063 2756; x_wconf 86' lang='lat' dir='ltr'>suntin</span> <span class='ocrx_word' id='word_1_1259' title='bbox 2072 2725 2142 2765; x_wconf 88' lang='lat' dir='ltr'>conj</span> <span class='ocrx_word' id='word_1_1260' title='bbox 2146 2734 2204 2755; x_wconf 88' lang='lat' dir='ltr'>un·</span> <span class='ocrx_word' id='word_1_1261' title='bbox 2245 2730 2248 2734; x_wconf 77' lang='grc'>’</span> 
     </span>
     <span class='ocr_line' id='line_1_135' title="bbox 1244 2768 2207 2808; baseline -0.006 -6"><span class='ocrx_word' id='word_1_1262' title='bbox 1244 2770 1347 2802; x_wconf 66' lang='lat' dir='ltr'>&amp;ione</span> <span class='ocrx_word' id='word_1_1263' title='bbox 1357 2770 1504 2804; x_wconf 80' lang='lat' dir='ltr'>servandi,</span> <span class='ocrx_word' id='word_1_1264' title='bbox 1516 2768 1748 2808; x_wconf 84' lang='lat' dir='ltr'>consecutioque</span> <span class='ocrx_word' id='word_1_1265' title='bbox 1758 2768 1932 2797; x_wconf 86' lang='lat' dir='ltr'>verborum.</span> <span class='ocrx_word' id='word_1_1266' title='bbox 1957 2769 2112 2798; x_wconf 85' lang='lat' dir='ltr'>Numeros</span> <span class='ocrx_word' id='word_1_1267' title='bbox 2121 2775 2207 2806; x_wconf 77' lang='lat' dir='ltr'>aures</span> 
     </span>
     <span class='ocr_line' id='line_1_136' title="bbox 1242 2808 2210 2854; baseline -0.005 -10"><span class='ocrx_word' id='word_1_1268' title='bbox 1242 2814 1310 2854; x_wconf 67' lang='lat' dir='ltr'>ipse:</span> <span class='ocrx_word' id='word_1_1269' title='bbox 1324 2815 1490 2843; x_wconf 86' lang='lat' dir='ltr'>metiuntur</span> <span class='ocrx_word' id='word_1_1270' title='bbox 1500 2832 1508 2844; x_wconf 90' lang='lat'>,</span> <span class='ocrx_word' id='word_1_1271' title='bbox 1528 2821 1567 2841; x_wconf 90' lang='lat' dir='ltr'>ne</span> <span class='ocrx_word' id='word_1_1272' title='bbox 1584 2818 1634 2840; x_wconf 83' lang='lat' dir='ltr'>aut</span> <span class='ocrx_word' id='word_1_1273' title='bbox 1652 2819 1715 2840; x_wconf 91' lang='lat' dir='ltr'>non</span> <span class='ocrx_word' id='word_1_1274' title='bbox 1733 2810 1885 2850; x_wconf 80' lang='lat' dir='ltr'>compleas</span> <span class='ocrx_word' id='word_1_1275' title='bbox 1896 2809 1996 2840; x_wconf 77' lang='lat' dir='ltr'>verbis</span> <span class='ocrx_word' id='word_1_1276' title='bbox 2004 2808 2086 2851; x_wconf 89' lang='lat' dir='ltr'>quod</span> <span class='ocrx_word' id='word_1_1277' title='bbox 2095 2818 2210 2849; x_wconf 85' lang='lat' dir='ltr'>propo·-</span> 
     </span>
     <span class='ocr_line' id='line_1_137' title="bbox 1245 2851 2207 2895; baseline -0.004 -9"><span class='ocrx_word' id='word_1_1278' title='bbox 1245 2857 1349 2889; x_wconf 62' lang='grc' dir='ltr'><strong>ωσι-15,</strong></span> <span class='ocrx_word' id='word_1_1279' title='bbox 1361 2864 1410 2885; x_wconf 87' lang='lat' dir='ltr'>aut</span> <span class='ocrx_word' id='word_1_1280' title='bbox 1418 2852 1576 2884; x_wconf 80' lang='lat' dir='ltr'>redundes.</span> <span class='ocrx_word' id='word_1_1281' title='bbox 1600 2852 1784 2883; x_wconf 84' lang='lat' dir='ltr'>Consecutio</span> <span class='ocrx_word' id='word_1_1282' title='bbox 1792 2861 1903 2886; x_wconf 81' lang='lat' dir='ltr'>autem,</span> <span class='ocrx_word' id='word_1_1283' title='bbox 1915 2862 1953 2881; x_wconf 90' lang='lat' dir='ltr'>ne</span> <span class='ocrx_word' id='word_1_1284' title='bbox 1963 2851 2136 2895; x_wconf 77' lang='lat' dir='ltr'>generibus,</span> <span class='ocrx_word' id='word_1_1285' title='bbox 2147 2861 2207 2882; x_wconf 88' lang='lat' dir='ltr'>nu-</span> 
     </span>
    </p>
   </div>
   <div class='ocr_carea' id='block_1_39' title="bbox 1194 501 1225 2965">
    <p class='ocr_par' dir='ltr' id='par_1_39' title="bbox 1194 501 1225 2965">
     <span class='ocr_line' id='line_1_138' title="bbox 1194 501 1225 2965; baseline 0 0"><span class='ocrx_word' id='word_1_1286' title='bbox 1194 501 1225 2965; x_wconf 95' lang='lat' dir='ltr'> </span> 
     </span>
    </p>
   </div>
   <div class='ocr_carea' id='block_1_40' title="bbox 1247 2892 2209 2978">
    <p class='ocr_par' dir='ltr' id='par_1_40' title="bbox 1247 2892 2209 2978">
     <span class='ocr_line' id='line_1_139' title="bbox 1247 2892 2207 2935; baseline -0.006 -7"><span class='ocrx_word' id='word_1_1287' title='bbox 1247 2899 1336 2928; x_wconf 77' lang='lat' dir='ltr'>meris</span> <span class='ocrx_word' id='word_1_1288' title='bbox 1353 2917 1362 2932; x_wconf 84' lang='lat'>‚</span> <span class='ocrx_word' id='word_1_1289' title='bbox 1378 2905 1441 2926; x_wconf 89' lang='lat' dir='ltr'>tem</span> <span class='ocrx_word' id='word_1_1290' title='bbox 1464 2895 1566 2926; x_wconf 88' lang='lat' dir='ltr'>oribus</span> <span class='ocrx_word' id='word_1_1291' title='bbox 1578 2914 1586 2928; x_wconf 91' lang='lat'>,</span> <span class='ocrx_word' id='word_1_1292' title='bbox 1606 2893 1740 2935; x_wconf 87' lang='lat' dir='ltr'>personis</span> <span class='ocrx_word' id='word_1_1293' title='bbox 1751 2914 1760 2930; x_wconf 84' lang='lat'><em>‚</em></span> <span class='ocrx_word' id='word_1_1294' title='bbox 1778 2892 1890 2924; x_wconf 79' lang='lat' dir='ltr'>casibus</span> <span class='ocrx_word' id='word_1_1295' title='bbox 1898 2893 2087 2934; x_wconf 86' lang='lat' dir='ltr'>perturbetur</span> <span class='ocrx_word' id='word_1_1296' title='bbox 2096 2895 2207 2924; x_wconf 87' lang='lat' dir='ltr'>oratio.</span> 
     </span>
     <span class='ocr_line' id='line_1_140' title="bbox 1247 2932 2209 2978; baseline -0.006 -6"><span class='ocrx_word' id='word_1_1297' title='bbox 1247 2943 1341 2975; x_wconf 84' lang='lat' dir='ltr'>Nam,</span> <span class='ocrx_word' id='word_1_1298' title='bbox 1352 2941 1426 2970; x_wconf 83' lang='lat' dir='ltr'>utin</span> <span class='ocrx_word' id='word_1_1299' title='bbox 1446 2937 1622 2978; x_wconf 85' lang='lat' dir='ltr'>implicibus</span> <span class='ocrx_word' id='word_1_1300' title='bbox 1632 2936 1731 2967; x_wconf 85' lang='lat' dir='ltr'>verbis</span> <span class='ocrx_word' id='word_1_1301' title='bbox 1740 2956 1751 2974; x_wconf 86' lang='lat'>,</span> <span class='ocrx_word' id='word_1_1302' title='bbox 1765 2934 1848 2977; x_wconf 91' lang='lat' dir='ltr'>quod</span> <span class='ocrx_word' id='word_1_1303' title='bbox 1858 2945 1924 2966; x_wconf 89' lang='lat' dir='ltr'>non</span> <span class='ocrx_word' id='word_1_1304' title='bbox 1933 2933 1975 2966; x_wconf 88' lang='lat' dir='ltr'>est</span> <span class='ocrx_word' id='word_1_1305' title='bbox 1984 2936 2130 2965; x_wconf 85' lang='lat' dir='ltr'>Latinum</span> <span class='ocrx_word' id='word_1_1306' title='bbox 2142 2944 2148 2964; x_wconf 91' lang='lat'>:</span> <span class='ocrx_word' id='word_1_1307' title='bbox 2169 2932 2209 2966; x_wconf 86' lang='lat' dir='ltr'>fic</span> 
     </span>
    </p>
   </div>
   <div class='ocr_carea' id='block_1_41' title="bbox 2088 2971 2288 3007">
    <p class='ocr_par' dir='ltr' id='par_1_41' title="bbox 2088 2971 2288 3007">
     <span class='ocr_line' id='line_1_141' title="bbox 2088 2971 2288 3007; baseline 0.005 -1"><span class='ocrx_word' id='word_1_1308' title='bbox 2088 2978 2123 3007; x_wconf 90' lang='lat' dir='ltr'>in</span> <span class='ocrx_word' id='word_1_1309' title='bbox 2134 2986 2212 3007; x_wconf 87' lang='lat' dir='ltr'>con-</span> <span class='ocrx_word' id='word_1_1310' title='bbox 2255 2972 2259 2975; x_wconf 52' lang='grc'><strong>’</strong></span> <span class='ocrx_word' id='word_1_1311' title='bbox 2279 2971 2288 2975; x_wconf 65' lang='grc'><strong>’</strong></span> 
     </span>
    </p>
   </div>
   <div class='ocr_carea' id='block_1_42' title="bbox 885 3036 2213 3052">
    <p class='ocr_par' dir='ltr' id='par_1_42' title="bbox 885 3036 2213 3052">
     <span class='ocr_line' id='line_1_142' title="bbox 885 3036 2213 3052; baseline 0 333"><span class='ocrx_word' id='word_1_1312' title='bbox 885 3036 2213 3052; x_wconf 95' lang='lat' dir='ltr'> </span> 
     </span>
    </p>
   </div>
   <div class='ocr_carea' id='block_1_43' title="bbox 527 3070 1211 3105">
    <p class='ocr_par' dir='ltr' id='par_1_43' title="bbox 527 3070 1211 3105">
     <span class='ocr_line' id='line_1_143' title="bbox 527 3070 1211 3105; baseline 0.003 -10"><span class='ocrx_word' id='word_1_1313' title='bbox 527 3090 534 3102; x_wconf 78' lang='lat'>‚</span> <span class='ocrx_word' id='word_1_1314' title='bbox 546 3078 594 3096; x_wconf 74' lang='lat' dir='ltr'>mm</span> <span class='ocrx_word' id='word_1_1315' title='bbox 604 3081 633 3097; x_wconf 73' lang='lat' dir='ltr'>tx</span> <span class='ocrx_word' id='word_1_1316' title='bbox 640 3073 762 3104; x_wconf 62' lang='lat' dir='ltr'>partibus,</span> <span class='ocrx_word' id='word_1_1317' title='bbox 773 3072 841 3105; x_wconf 51' lang='lat' dir='ltr'>dm]</span> <span class='ocrx_word' id='word_1_1318' title='bbox 855 3072 1001 3099; x_wconf 70' lang='lat' dir='ltr'>Lambinus</span> <span class='ocrx_word' id='word_1_1319' title='bbox 1011 3070 1079 3099; x_wconf 83' lang='lat' dir='ltr'>istud</span> <span class='ocrx_word' id='word_1_1320' title='bbox 1091 3081 1150 3098; x_wconf 88' lang='lat' dir='ltr'>cum</span> <span class='ocrx_word' id='word_1_1321' title='bbox 1161 3071 1211 3097; x_wconf 77' lang='lat' dir='ltr'>ali-</span> 
     </span>
    </p>
   </div>
   <div class='ocr_carea' id='block_1_44' title="bbox 335 3143 1211 3218">
    <p class='ocr_par' dir='ltr' id='par_1_44' title="bbox 335 3143 1211 3218">
     <span class='ocr_line' id='line_1_144' title="bbox 386 3143 1069 3182; baseline 0.004 -14"><span class='ocrx_word' id='word_1_1322' title='bbox 386 3143 506 3179; x_wconf 79' lang='lat' dir='ltr'>Topicis.</span> <span class='ocrx_word' id='word_1_1323' title='bbox 525 3144 553 3169; x_wconf 70' lang='grc' dir='ltr'>ὃ(</span> <span class='ocrx_word' id='word_1_1324' title='bbox 566 3151 637 3170; x_wconf 74' lang='lat' dir='ltr'>certe</span> <span class='ocrx_word' id='word_1_1325' title='bbox 651 3143 735 3170; x_wconf 69' lang='lat' dir='ltr'>videri</span> <span class='ocrx_word' id='word_1_1326' title='bbox 747 3152 827 3180; x_wconf 74' lang='lat' dir='ltr'>que-,it</span> <span class='ocrx_word' id='word_1_1327' title='bbox 838 3144 1069 3182; x_wconf 70' lang='lat' dir='ltr'>supervacaneum.</span> 
     </span>
     <span class='ocr_line' id='line_1_145' title="bbox 335 3179 1211 3218; baseline 0.007 -13"><span class='ocrx_word' id='word_1_1328' title='bbox 335 3179 693 3216; x_wconf 51' lang='lat' dir='ltr'>Qafigmificatafimtseqsu.]</span> <span class='ocrx_word' id='word_1_1329' title='bbox 706 3180 799 3210; x_wconf 68' lang='lat' dir='ltr'>Haeret</span> <span class='ocrx_word' id='word_1_1330' title='bbox 810 3181 867 3210; x_wconf 69' lang='lat' dir='ltr'>hei:</span> <span class='ocrx_word' id='word_1_1331' title='bbox 877 3182 1022 3211; x_wconf 63' lang='lat' dir='ltr'>Lambinus</span> <span class='ocrx_word' id='word_1_1332' title='bbox 1035 3193 1041 3211; x_wconf 77' lang='lat'>2</span> <span class='ocrx_word' id='word_1_1333' title='bbox 1053 3182 1143 3218; x_wconf 61' lang='lat' dir='ltr'>imque</span> <span class='ocrx_word' id='word_1_1334' title='bbox 1154 3181 1211 3211; x_wconf 82' lang='lat' dir='ltr'>Gu-</span> 
     </span>
    </p>
   </div>
   <div class='ocr_carea' id='block_1_45' title="bbox 281 3185 314 3208">
    <p class='ocr_par' dir='ltr' id='par_1_45' title="bbox 281 3185 314 3208">
     <span class='ocr_line' id='line_1_146' title="bbox 281 3185 314 3208; baseline -0.03 0"><span class='ocrx_word' id='word_1_1335' title='bbox 281 3185 314 3208; x_wconf 72' lang='lat'>2.</span> 
     </span>
    </p>
   </div>
   <div class='ocr_carea' id='block_1_46' title="bbox 247 3069 1229 3157">
    <p class='ocr_par' dir='ltr' id='par_1_46' title="bbox 247 3069 1229 3157">
     <span class='ocr_line' id='line_1_147' title="bbox 247 3069 514 3097; baseline -0.007 -1"><span class='ocrx_word' id='word_1_1336' title='bbox 247 3079 256 3097; x_wconf 61' lang='lat'>1</span> <span class='ocrx_word' id='word_1_1337' title='bbox 266 3090 270 3095; x_wconf 89' lang='lat'>.</span> <span class='ocrx_word' id='word_1_1338' title='bbox 334 3071 338 3075; x_wconf 60' lang='grc'>’</span> <span class='ocrx_word' id='word_1_1339' title='bbox 384 3069 426 3096; x_wconf 71' lang='lat' dir='ltr'>Um</span> <span class='ocrx_word' id='word_1_1340' title='bbox 435 3080 464 3096; x_wconf 67' lang='lat' dir='ltr'>ex</span> <span class='ocrx_word' id='word_1_1341' title='bbox 472 3077 514 3094; x_wconf 68' lang='lat' dir='ltr'>toto</span> 
     </span>
     <span class='ocr_line' id='line_1_148' title="bbox 288 3073 1229 3157; baseline 0.004 -26"><span class='ocrx_word' id='word_1_1342' title='bbox 288 3073 369 3157; x_wconf 79' lang='lat' dir='ltr'>T</span> <span class='ocrx_word' id='word_1_1343' title='bbox 385 3115 450 3143; x_wconf 83' lang='lat' dir='ltr'>quot</span> <span class='ocrx_word' id='word_1_1344' title='bbox 462 3106 537 3133; x_wconf 78' lang='lat' dir='ltr'>lineis</span> <span class='ocrx_word' id='word_1_1345' title='bbox 550 3107 716 3142; x_wconf 69' lang='lat' dir='ltr'>(equentibus</span> <span class='ocrx_word' id='word_1_1346' title='bbox 727 3115 815 3135; x_wconf 75' lang='lat' dir='ltr'>totuin</span> <span class='ocrx_word' id='word_1_1347' title='bbox 827 3109 913 3141; x_wconf 77' lang='lat' dir='ltr'>tollit,</span> <span class='ocrx_word' id='word_1_1348' title='bbox 928 3117 957 3135; x_wconf 82' lang='lat' dir='ltr'>ut</span> <span class='ocrx_word' id='word_1_1349' title='bbox 968 3108 1106 3135; x_wconf 54' lang='lat' dir='ltr'>invectum</span> <span class='ocrx_word' id='word_1_1350' title='bbox 1116 3108 1167 3135; x_wconf 81' lang='lat' dir='ltr'>huc</span> <span class='ocrx_word' id='word_1_1351' title='bbox 1176 3117 1209 3135; x_wconf 77' lang='lat' dir='ltr'>cx</span> <span class='ocrx_word' id='word_1_1352' title='bbox 1227 3122 1229 3130; x_wconf 89' lang='lat'>·</span> 
     </span>
    </p>
   </div>
   <div class='ocr_carea' id='block_1_47' title="bbox 1227 3061 2212 3216">
    <p class='ocr_par' dir='ltr' id='par_1_47' title="bbox 1227 3061 2212 3216">
     <span class='ocr_line' id='line_1_149' title="bbox 1250 3061 2212 3102; baseline -0.009 -5"><span class='ocrx_word' id='word_1_1353' title='bbox 1250 3071 1366 3097; x_wconf 69' lang='lat' dir='ltr'>lielni&#39;iiis</span> <span class='ocrx_word' id='word_1_1354' title='bbox 1376 3068 1531 3096; x_wconf 58' lang='lat' dir='ltr'>annotavit:</span> <span class='ocrx_word' id='word_1_1355' title='bbox 1556 3068 1618 3093; x_wconf 80' lang='lat' dir='ltr'>Hoc</span> <span class='ocrx_word' id='word_1_1356' title='bbox 1627 3065 1662 3092; x_wconf 85' lang='lat' dir='ltr'>est</span> <span class='ocrx_word' id='word_1_1357' title='bbox 1669 3087 1676 3097; x_wconf 84' lang='lat'>,</span> <span class='ocrx_word' id='word_1_1358' title='bbox 1685 3074 1801 3102; x_wconf 81' lang='lat' dir='ltr'>quorum</span> <span class='ocrx_word' id='word_1_1359' title='bbox 1811 3062 1941 3091; x_wconf 84' lang='lat' dir='ltr'>admoniti</span> <span class='ocrx_word' id='word_1_1360' title='bbox 1953 3061 2012 3089; x_wconf 82' lang='lat' dir='ltr'>sunt</span> <span class='ocrx_word' id='word_1_1361' title='bbox 2021 3061 2099 3098; x_wconf 81' lang='lat' dir='ltr'>primi</span> <span class='ocrx_word' id='word_1_1362' title='bbox 2111 3061 2212 3088; x_wconf 73' lang='grc'><strong>1111110-</strong></span> 
     </span>
     <span class='ocr_line' id='line_1_150' title="bbox 1227 3087 2211 3142; baseline -0.009 -9"><span class='ocrx_word' id='word_1_1363' title='bbox 1227 3087 1230 3119; x_wconf 45' lang='grc'><strong>1</strong></span> <span class='ocrx_word' id='word_1_1364' title='bbox 1250 3107 1347 3139; x_wconf 77' lang='lat' dir='ltr'>mines,</span> <span class='ocrx_word' id='word_1_1365' title='bbox 1359 3106 1405 3142; x_wconf 83' lang='lat' dir='ltr'>qui</span> <span class='ocrx_word' id='word_1_1366' title='bbox 1415 3104 1491 3132; x_wconf 84' lang='lat' dir='ltr'>rebus</span> <span class='ocrx_word' id='word_1_1367' title='bbox 1503 3102 1593 3135; x_wconf 79' lang='lat' dir='ltr'>verba,</span> <span class='ocrx_word' id='word_1_1368' title='bbox 1604 3101 1785 3138; x_wconf 80' lang='lat' dir='ltr'>imposuerunt</span> <span class='ocrx_word' id='word_1_1369' title='bbox 1797 3121 1804 3133; x_wconf 91' lang='lat'>‚</span> <span class='ocrx_word' id='word_1_1370' title='bbox 1816 3100 1870 3137; x_wconf 81' lang='lat' dir='ltr'>ipso</span> <span class='ocrx_word' id='word_1_1371' title='bbox 1880 3099 1962 3126; x_wconf 86' lang='lat' dir='ltr'>sensu.</span> <span class='ocrx_word' id='word_1_1372' title='bbox 1975 3100 2108 3132; x_wconf 78' lang='lat' dir='ltr'>fignificare</span> <span class='ocrx_word' id='word_1_1373' title='bbox 2117 3098 2187 3124; x_wconf 85' lang='lat' dir='ltr'>enim</span> <span class='ocrx_word' id='word_1_1374' title='bbox 2199 3116 2211 3131; x_wconf 91' lang='lat'>,</span> 
     </span>
     <span class='ocr_line' id='line_1_151' title="bbox 1251 3133 2211 3179; baseline -0.011 -8"><span class='ocrx_word' id='word_1_1375' title='bbox 1251 3144 1323 3179; x_wconf 83' lang='lat' dir='ltr'>signo</span> <span class='ocrx_word' id='word_1_1376' title='bbox 1333 3144 1361 3170; x_wconf 75' lang='lat'>8&lt;</span> <span class='ocrx_word' id='word_1_1377' title='bbox 1373 3150 1497 3178; x_wconf 76' lang='lat' dir='ltr'>tanquam</span> <span class='ocrx_word' id='word_1_1378' title='bbox 1509 3147 1575 3168; x_wconf 75' lang='lat' dir='ltr'>nutu</span> <span class='ocrx_word' id='word_1_1379' title='bbox 1586 3140 1620 3166; x_wconf 83' lang='lat' dir='ltr'>est</span> <span class='ocrx_word' id='word_1_1380' title='bbox 1633 3138 1758 3166; x_wconf 72' lang='lat' dir='ltr'>indicare.</span> <span class='ocrx_word' id='word_1_1381' title='bbox 1774 3139 1809 3164; x_wconf 81' lang='lat' dir='ltr'>Et</span> <span class='ocrx_word' id='word_1_1382' title='bbox 1819 3144 1848 3164; x_wconf 86' lang='lat' dir='ltr'>ut</span> <span class='ocrx_word' id='word_1_1383' title='bbox 1859 3145 1927 3164; x_wconf 84' lang='lat' dir='ltr'>nunc</span> <span class='ocrx_word' id='word_1_1384' title='bbox 1937 3145 1977 3162; x_wconf 77' lang='lat' dir='ltr'>res</span> <span class='ocrx_word' id='word_1_1385' title='bbox 1987 3134 2051 3171; x_wconf 80' lang='lat' dir='ltr'>ipsas</span> <span class='ocrx_word' id='word_1_1386' title='bbox 2062 3133 2211 3170; x_wconf 54' lang='lat' dir='ltr'>significant</span> 
     </span>
     <span class='ocr_line' id='line_1_152' title="bbox 1252 3171 2102 3216; baseline -0.013 -7"><span class='ocrx_word' id='word_1_1387' title='bbox 1252 3189 1263 3204; x_wconf 49' lang='grc' dir='ltr'>κ</span> <span class='ocrx_word' id='word_1_1388' title='bbox 1271 3180 1343 3216; x_wconf 64' lang='lat' dir='ltr'>erin,</span> <span class='ocrx_word' id='word_1_1389' title='bbox 1353 3180 1391 3210; x_wconf 71' lang='lat' dir='ltr'>ita</span> <span class='ocrx_word' id='word_1_1390' title='bbox 1400 3177 1493 3208; x_wconf 73' lang='lat' dir='ltr'>eadem</span> <span class='ocrx_word' id='word_1_1391' title='bbox 1503 3187 1518 3207; x_wconf 73' lang='lat' dir='ltr'><strong>a</strong></span> <span class='ocrx_word' id='word_1_1392' title='bbox 1529 3175 1605 3206; x_wconf 71' lang='lat' dir='ltr'>rebus</span> <span class='ocrx_word' id='word_1_1393' title='bbox 1616 3176 1733 3213; x_wconf 77' lang='lat' dir='ltr'>primurn</span> <span class='ocrx_word' id='word_1_1394' title='bbox 1744 3173 1845 3204; x_wconf 69' lang='lat' dir='ltr'>intensa</span> <span class='ocrx_word' id='word_1_1395' title='bbox 1854 3174 1881 3202; x_wconf 64' lang='grc' dir='ltr'>δε</span> <span class='ocrx_word' id='word_1_1396' title='bbox 1893 3172 2023 3202; x_wconf 73' lang='lat' dir='ltr'>inculcata</span> <span class='ocrx_word' id='word_1_1397' title='bbox 2032 3171 2102 3202; x_wconf 85' lang='lat' dir='ltr'>suut.</span> 
     </span>
    </p>
   </div>
   <div class='ocr_carea' id='block_1_48' title="bbox 2123 3206 2216 3242">
    <p class='ocr_par' dir='ltr' id='par_1_48' title="bbox 2123 3206 2216 3242">
     <span class='ocr_line' id='line_1_153' title="bbox 2123 3206 2216 3242; baseline 0 0"><span class='ocrx_word' id='word_1_1398' title='bbox 2123 3206 2216 3242; x_wconf 65' lang='lat' dir='ltr'>bQ</span> 
     </span>
    </p>
   </div>
   <div class='ocr_carea' id='block_1_49' title="bbox 2274 0 2347 3385">
    <p class='ocr_par' dir='ltr' id='par_1_49' title="bbox 2274 0 2347 3385">
     <span class='ocr_line' id='line_1_154' title="bbox 2274 0 2347 3385; baseline 0 0"><span class='ocrx_word' id='word_1_1399' title='bbox 2274 0 2347 3385; x_wconf 95' lang='lat' dir='ltr'> </span> 
     </span>
    </p>
   </div>
  </div>
 </body>
</html>
