2295 3400
185 138 281 189 372
608 115 1109 167 M.Tur„1,11

181 204 299 235 audacia
310 222 317 235 .
339 208 423 243 atque
434 199 565 242 projcCta
577 199 619 229 est
630 219 639 231 ,
650 199 665 229 a
675 198 806 229 consiliis
816 198 938 228 malitia:
950 196 1133 228 deseruntur.

184 245 268 287 quod
279 244 308 310 {f
323 253 377 272 aut
394 242 525 281 confidens
535 239 640 277 asturia
651 261 659 273 ,
678 248 732 269 aut
742 239 842 269 callida
851 239 914 277 effer
921 239 1045 269 audacia
1055 259 1063 272 ,
1085 238 1139 268 vix

187 289 241 317 ullo
260 284 346 325 offisti
360 285 435 313 modo
450 283 553 324 poffir:
575 282 685 313 Utrum
696 281 811 313 furtum
821 280 934 311 factum
947 291 1010 310 non
1020 279 1083 310 est?
1102 282 1140 310 At

186 329 264 360 nihil
282 324 388 357 elarius
402 328 504 355 Larini
524 323 594 354 fuit.
625 327 675 354 An
692 323 727 353 ad
747 327 916 354 Stratonem
935 323 1060 362 suspicio
1076 331 1140 352 non

186 370 356 410 pertinuit?
374 370 413 397 At
424 369 447 396 is
457 367 489 397 &
500 376 536 396 ex
549 366 655 396 serrula
664 363 852 395 insimulatus
862 385 870 398 ‚
893 365 926 394 &
940 365 955 394 11
963 374 1056 405 puero
1066 373 1141 394 con-

188 413 250 442 scio
264 409 305 439 cst
317 409 471 439 indicatus.
494 412 542 438 An
551 407 580 438 id
592 406 691 437 auum
704 406 818 437 nonest
831 408 861 437 in
871 406 1050 447 quaerendo?
1067 408 1142 447 Qae

188 452 247 483 suit
256 452 310 481 alia
319 453 408 491 igitur
416 450 498 480 causa
507 448 680 491 quaeiendi?
696 458 732 478 an
742 469 751 482 ,
773 448 803 478 id
822 448 904 497 quod
914 447 1077 478 dicendum
1088 457 1143 477 vo-

190 495 237 524 bis
248 493 289 523 cst
298 513 306 526 ,
320 489 351 523 δὲ
362 492 443 533 quod
456 501 520 521 turn
534 489 618 521 Sassia
628 489 796 524 diffitabat,
811 500 883 520 cum
894 489 930 519 de
939 489 1018 520 furto
1029 498 1142 530 qurere-

189 545 279 568 xetur,
290 544 353 564 tum
364 538 458 564 Strato
469 533 576 563 iisdem
587 534 620 562 in
628 534 787 562 tormentis
798 531 874 562 dixit
885 531 922 561 de
933 532 1073 561 veneno?
1096 533 1142 560 En

190 578 248 607 hoe
259 575 333 605 illud
343 575 394 609 est,
405 575 486 615 quod
497 574 565 604 ante
575 573 639 605 dixi
651 584 656 603 ε
680 574 781 603 mulier
789 572 916 602 abundat
922 573 1042 602 audacia
1053 583 1063 598 .·
1082 582 1144 600 con-

184 618 250 659 fiz'm
260 618 295 650 ς’)
304 618 410 646 ratione
419 616 557 654 deficitur.
582 625 650 645 nam
661 615 776 645 tabellae
786 614 957 655 quaestionis
967 615 1065 654 plures
1075 622 1144 653 pro-

189 660 337 692 feruntur,
348 669 413 699 quae
421 659 558 690 tecuam,
570 657 714 697 vobisque
726 657 810 687 edita:
822 657 898 690 sunt,
911 657 968 686 illae
982 656 1059 695 ips-az,
1072 664 1143 694 quas

192 711 259 732 tum
279 700 440 742 obsignatas
451 698 509 730 effe
519 699 600 730 dixi:
622 701 653 728 in
663 699 772 740 quibus
782 698 897 728 tabellis
913 697 1038 728 desorto
1050 697 1144 725 littera

193 743 278 773 1111113
287 744 450 772 invenitur.
461 743 534 771 Non
544 742 628 771 venit
637 743 669 770 in
680 749 827 773 mentem,
838 743 965 780 primam
973 741 1144 768 orationem

191 786 333 816 Stratonis
350 783 534 814 conscribere
556 783 592 813 de
607 781 688 812 furto
700 803 708 815 .
728 781 793 822 post
806 782 917 822 aliquid
932 781 1089 821 adjungere
1101 778 1147 808 di-

193 827 279 856 ctum
298 826 334 856 de
344 835 462 855 veneno
472 845 481 859 ‚-
502 824 583 866 quod
595 834 658 854 non
669 825 894 863 percontatione
904 821 1056 863 quaesitum
1070 841 1077 853 ,
1100 820 1147 850 sed
1168 828 1170 839 ⁴

190 869 278 898 dolore
288 867 439 909 exprqffum
449 866 606 897 videretur.
623 865 755 906 Qaestio
765 865 801 895 de
811 865 892 895 furto
904 864 955 896 est,
968 864 1077 893 veneni
1089 863 1146 897 jam

193 911 361 950 suspicione
374 929 381 943 ,
396 909 542 948 superiore
552 907 728 948 quaestione,
741 907 864 936 sublata:
883 906 965 946 quod
977 905 1075 945 ipsum
1089 905 1149 933 baec

193 952 300 982 eadem
317 950 578 980 mulierindicarat
592 960 596 977 :
615 958 680 989 quae
692 957 723 978 ut
734 950 842 978 Romae
852 948 888 977 de
898 949 1066 977 amicorum
1082 945 1148 975 scn-

193 995 288 1024 tentia
307 992 441 1023 statuerat
464 992 529 1021 satis
545 989 602 1020 0111ι
619 988 772 1030 quaesitum
785 1009 793 1023 ‚
815 989 913 1029 postea
923 988 1150 1032 per-triennium

195 1034 332 1065 maxime
343 1044 381 1064 ex
391 1033 536 1063 omnibus
546 1033 634 1062 servis
643 1035 810 1061 Stratonem
825 1031 912 1060 illum
931 1030 1095 1061 dilexerat,
1118 1030 1150 1057 in

194 1077 313 1107 honore
323 1076 461 1106 habuerat
472 1094 481 1108 ,
501 1073 674 1104 commodis
686 1072 831 1103 omnibus
841 1071 983 1103 affecerat.
1006 1070 1084 1101 Cum
1096 1071 1151 1110 igi-

197 1127 246 1149 tur
265 1118 297 1146 de
307 1118 390 1156 sur-to
400 1123 564 1158 quareretur
575 1135 583 1149 ,
603 1115 635 1144 &
646 1125 682 1144 00
692 1114 772 1144 furto
783 1135 792 1148 ‚
811 1114 891 1155 quod
901 1114 952 1143 ille
962 1112 1021 1142 fine
1030 1121 1152 1142 contro-

195 1159 288 1190 versia
306 1159 411 1189 {ecerat
425 1169 430 1187 :
452 1167 516 1188 turn
529 1157 578 1187 ille
593 1157 629 1187 de
640 1167 675 1186 eo
687 1176 695 1189 ‚
714 1157 795 1197 quod
805 1156 1004 1196 quaerebatun
1024 1153 1151 1183 verbum

198 1202 319 1232 nullum
331 1200 424 1230 fecit?
444 1200 479 1230 dc
492 1208 611 1229 veneno
621 1198 718 1228 statim
728 1199 829 1228 dixit?
849 1198 885 1227 de
895 1196 976 1226 furto
987 1217 995 1229 ‚
1010 1194 1030 1225 si
1042 1205 1105 1225 non
1116 1203 1153 1224 eo

202 1244 270 1273 loco
281 1263 289 1276 ‚
309 1252 370 1283 quo
381 1242 485 1272 debuit
494 1260 502 1274 ,
526 1251 563 1270 ne
574 1242 607 1270 in
618 1249 751 1269 extrema
759 1239 882 1279 quidem
893 1259 901 1272 ,
913 1247 963 1268 aut
974 1237 1073 1267 media
1083 1256 1091 1269 ‚
1103 1245 1153 1266 aut

201 1286 232 1315 in
243 1285 340 1325 aliqua
349 1283 478 1324 denique
489 1290 568 1322 parte
581 1281 754 1322 quaestionis
765 1301 774 1314 ‚
798 1281 924 1310 verbum
944 1279 1014 1309 fecit
1032 1278 1152 1308 ullum?

133 1326 154 1358 6
162 1326 180 1358 6
197 1328 265 1369 Jarn
279 1325 397 1358 vidctis,
409 1326 493 1354 illam
505 1327 647 1353 netarium
658 1323 830 1356 mulierem,
839 1321 966 1361 judices,
977 1320 1080 1350 eadem
1091 1329 1154 1349 ma-

201 1379 242 1398 nu
255 1388 265 1402 ‚
279 1377 338 1409 qua
347 1387 355 1400 ,
369 1365 388 1396 si
400 1367 485 1396 detur
493 1364 619 1405 potestas
631 1385 639 1398 .
656 1363 819 1394 interficere
831 1363 928 1393 filium
943 1364 1057 1402 cupiat,
1079 1362 1154 1390 hanc

197 1410 299 1440 fichm
311 1407 508 1449 quaestioncm
518 1404 727 1446 conscripsisse.
766 1409 863 1446 Atque
875 1404 960 1434 istam
970 1403 1063 1444 ipsam
1074 1413 1156 1443 quae-

197 1451 341 1483 stioncm,
353 1450 442 1480 dicite
451 1470 459 1483 ‚
477 1451 544 1490 quis
553 1446 737 1489 obsignavit?
754 1450 861 1477 Unum
871 1447 1001 1487 aliquem
1013 1447 1155 1475 nomina-

196 1503 225 1525 te
238 1505 243 1523 z
267 1494 423 1523 neminem
446 1492 597 1531 reperietis
608 1509 617 1523 ‚
642 1487 697 1519 nisl
714 1488 792 1519 forte
811 1488 962 1529 ejusmodi
982 1488 1154 1519 hominem,

196 1545 290 1577 quem
300 1545 355 1576 ego
366 1532 491 1574 proferri
503 1533 618 1566 malim,
630 1531 719 1572 quam
733 1532 889 1560 neminem
900 1530 1062 1560 nominari.
1073 1528 1154 1569 Qid

198 1580 241 1608 ais
251 1598 258 1611 ‚
271 1580 309 1607 Τ.
323 1578 405 1607 Atti?
425 1584 456 1605 tu
466 1574 633 1615 periculum
643 1574 756 1613 capiriS,
768 1581 798 1602 tu
810 1572 957 1602 indicium
971 1571 1085 1601 sceleris
1098 1590 1106 1603 ‚
1118 1579 1150 1599 tu

198 1619 334 1650 fortunas
353 1618 474 1647 alterius
492 1617 595 1646 litteris
615 1615 794 1653 conscriptas
814 1616 846 1644 in
860 1613 1011 1653 judicium
1029 1610 1131 1641 afferas
1149 1622 1154 1640 2

197 1671 297 1702 neque
307 1669 409 1689 earum
418 1656 616 1687 austoriratem
626 1656 799 1688 litterarum,
816 1665 911 1696 neque
923 1653 1152 1694 obsignatorem,

197 1712 298 1743 neque
311 1700 415 1732 testem
429 1700 526 1729 ullum
536 1698 732 1728 nominabis?
746 1698 788 1731 &,
800 1707 888 1737 quam
900 1706 931 1726 tu
939 1696 1053 1736 pestem
1064 1697 1155 1724 inno-

199 1741 370 1774 centiffimo
388 1741 452 1771 filio
471 1750 508 1770 ex
528 1742 631 1770 matris
644 1738 707 1768 sinu
719 1739 915 1778 depromseris
931 1758 940 1771 ,
961 1739 1034 1767 hanc
1044 1736 1156 1766 hitales

198 1787 257 1816 viri
266 1783 507 1824 comprobabunt
519 1785 529 1810 3
555 1786 564 1800 ¹
579 1780 649 1812 Esto
661 1791 666 1809 2
686 1783 718 1810 in
728 1780 844 1810 tabellis
855 1780 930 1809 nihil
943 1779 985 1809 est
994 1778 1153 1809 auetorita-

197 1829 252 1857 tis:
273 1828 345 1867 quid
357 1829 368 1855 ?
379 1825 438 1865 ipsa
448 1822 573 1865 quaestio
583 1843 592 1856 ‚
606 1822 771 1859 judicibus:
789 1821 885 1862 quid?
899 1822 1014 1853 amicis,
1030 1820 1156 1859 hospiti-

201 1869 315 1909 busque
325 1868 480 1907 Oppianici
493 1885 501 1899 ,
514 1874 589 1905 quos
599 1864 771 1894 adhibuerat
780 1873 863 1895 antea
877 1874 883 1892 1
905 1862 977 1903 quid
990 1866 1000 1891 ?
1012 1863 1080 1891 huic
1091 1870 1155 1891 tan-

201 1911 272 1941 dem
285 1908 336 1949 ipsi
347 1909 487 1947 tempori.
503 1917 554 1937 cur
562 1916 625 1936 non
635 1906 776 1935 reservata
784 1904 847 1936 est?
865 1904 937 1946 quid
948 1903 1008 1934 istis
1019 1905 1156 1933 homini-

198 1952 256 1983 bus
266 1951 380 1982 facium
390 1948 627 1983 est‚stratone‚&
638 1946 825 1977 Nicostrato?
837 1957 936 1988 quaero
945 1946 995 1976 abs
1006 1947 1157 1986 te,0ppia-

199 1996 286 2027 nice,
309 1993 395 2023 servo
416 2002 468 2022 tuo
483 1989 653 2020 Nicostrato
674 1989 747 2030 quid
762 1988 874 2019 1116111111
884 1987 942 2019 efl'e
951 1988 1038 2018 dicas.
1063 1997 1154 2029 quem

201 2046 244 2069 tu,
256 2034 327 2065 cum
340 2035 419 2064 hunc
430 2033 512 2063 brevi
523 2041 656 2071 tempore
666 2031 848 2061 accusaturus
859 2030 932 2061 effes
943 2050 951 2064 ‚
962 2033 1094 2061 Romam
1104 2029 1156 2059 de—

201 2078 328 2109 ducere,
350 2076 417 2106 dare
433 2073 607 2115 potestatem
628 2073 801 2106 indicandi,
824 2073 1013 2103 incolumem
1027 2072 1157 2112 denique

195 2120 310 2159 firvare
319 2115 456 2159 quaesttom
470 2137 479 2149 ‚
500 2116 611 2145 servare
622 2116 667 2144 his
681 2114 830 2154 judicibus
842 2135 850 2148 ‚
872 2114 983 2144 servare
997 2115 1066 2143 huic
1079 2122 1156 2143 tem-

200 2162 268 2200 pori
279 2159 416 2189 debuisti.
442 2160 521 2187 Nam
533 2160 699 2187 Stratonem
711 2156 843 2196 quidem,
857 2155 982 2192 judices,
996 2158 1026 2184 in
1037 2165 1156 2185 crucem

199 2201 303 2232 astum
324 2197 381 2230 ess‘c
400 2198 515 2229 exst-Sta
533 2199 635 2228 scitote
654 2199 771 2238 lingua:
792 2197 873 2237 quod
884 2207 975 2227 nemo
986 2197 1027 2227 est
1039 2198 1160 2226 Larina-

199 2246 278 2273 tium
293 2263 301 2275 ,
323 2244 374 2283 qui
394 2241 510 2270 nesciat.
543 2241 664 2270 Timuit
678 2239 787 2268 mulier
801 2248 904 2268 amens
916 2249 979 2268 non
991 2239 1074 2268 suam
1084 2248 1157 2267 con-

201 2286 357 2316 scientiam
370 2294 379 2317 3
394 2293 458 2312 non
469 2282 576 2312 odium
586 2283 788 2320 municipum,
801 2290 864 2310 non
876 2279 987 2309 famam
998 2282 1156 2310 omnium:

202 2326 251 2357 scd
264 2346 272 2359 ‚
288 2323 366 2366 quasi
377 2334 440 2354 non
451 2333 576 2357 omnes,
597 2325 660 2360 ejus
671 2321 880 2352 sceleristestes
889 2320 1083 2351 ess'cntfuturi
1093 2341 1101 2353 ,
1121 2318 1159 2349 sic

202 2370 332 2401 metuit,
355 2377 393 2396 ne
410 2365 657 2396 condemnaretur
676 2373 807 2394 extrema
813 2363 922 2402 servuli
937 2373 998 2392 voce
1007 2363 1155 2391 morientis.

203 2409 295 2442 Quod
306 2410 363 2438 hoc
372 2416 556 2447 portentum,
573 2406 614 2436 dii
624 2405 832 2436 immortales?
850 2404 931 2446 quod
941 2414 1057 2434 tantum
1070 2413 1158 2433 mon-

205 2443 300 2482 sffum
311 2452 343 2480 in
355 2450 424 2479 uilis
434 2450 530 2478 locis?
552 2448 635 2488 quod
649 2457 708 2478 tam
720 2446 865 2477 infestum
877 2446 968 2476 scelus
980 2467 988 2479 ,
1002 2447 1033 2476 &
1048 2448 1159 2475 imma-

204 2504 243 2522 ne
255 2514 263 2525 ‚
285 2501 334 2522 aut
355 2491 433 2521 unde
445 2499 548 2520 natum
558 2488 614 2519 esse
627 2489 786 2519 dicamus?
805 2490 873 2530 Jam
883 2489 965 2518 enim
976 2487 1083 2518 videtis
1093 2496 1162 2526 pro-

205 2533 235 2563 fe
241 2533 289 2563 ξὶὸ
303 2554 310 2565 ,
325 2533 436 2566 iudices
447 2552 454 2565 ‚
468 2541 531 2561 non
541 2529 601 2561 fine
611 2529 777 2560 necessariis
787 2540 848 2564 me,
863 2540 895 2560 ac
905 2531 1047 2560 maximis
1057 2526 1157 2562 causis,

205 2577 355 2615 principio
373 2575 518 2604 orationis
536 2583 610 2602 meae
633 2572 669 2602 de
687 2581 778 2602 matre
792 2570 911 2602 dixisse.
935 2572 1013 2601 nihil
1025 2569 1066 2600 est
1077 2571 1161 2599 enim

206 2616 299 2648 mali,
311 2616 386 2645 1111111
406 2616 522 2646 sceleris
536 2634 544 2648 ‚
567 2614 646 2655 quod
659 2614 710 2644 illa
721 2624 782 2644 non
796 2613 832 2644 ab
847 2614 937 2643 initio
947 2611 1012 2642 filio
1022 2612 1161 2645 voluerit,

206 2659 352 2698 optaverit
361 2677 370 2691 ,
381 2658 571 2697 cogitaverit,
583 2655 725 2687 effecerit.
756 2657 848 2686 Mitto
857 2655 941 2686 illam
950 2656 1080 2695 primam
1092 2653 1162 2684 libi-

251 2778 273 2795 1.
294 2772 378 2802 Εχῗολη
389 2772 477 2795 tabella
487 2772 589 2796 niel-,itta
600 2772 773 2805 maantam]
786 2771 896 2806 Frigida
905 2769 1047 2797 admodum
1059 2770 1094 2797 est
1104 2779 1168 2797 coii-

206 2803 324 2839 308013,
336 2808 492 2831 ηωιηὶΙηΙιῑΙ.
513 2806 566 2833 'imo
577 2808 656 2841 quarn
670 2808 753 2842 magis
765 2807 850 2834 elevat
861 2807 1047 2834 :infirmitatem
1060 2806 1169 2832 tabell-,i-

212 2849 271 2867 rum
284 2860 292 2872 ‚
308 2849 382 2867 tanto
393 2840 450 2876 plus
463 2842 578 2868 serviunt
587 2843 823 2877 argumentationi.
842 2844 870 2871 8<
883 2843 946 2870 vero
968 2843 1074 2878 vulgata
1091 2842 1170 2869 restat

213 2877 240 2903 111
251 2877 373 2903 omnibus
386 2877 452 2903 l’all.
464 2878 491 2902 8:
503 2877 563 2903 01111,
576 2886 642 2905 vett.

250 2927 264 2943 2
272 2938 278 2944 .
299 2919 367 2944 Dum}
377 2921 527 2944 muliebribm
540 2939 547 2950 ,
560 2921 783 2956 collosatianefiliae]
796 2922 911 2958 Legitur
922 2921 976 2948 fert·
988 2920 1066 2947 hodie
1077 2940 1084 2952 ‚
1095 2921 1169 2952 donis,

214 2956 351 2994 mrim-ubres
362 2973 369 2985 ,
390 2957 437 2980 cua.
456 2954 525 2990 quod
537 2957 605 2982 eruit
616 2959 629 2982 G:
642 2956 690 2983 suis
703 2958 836 2984 Visiorius
846 2978 853 2990 ,
875 2957 962 2984 sii-max
971 2958 1045 2993 itque
1063 2956 1110 2983 lib.
1122 2966 1138 2983 x
1147 2966 1153 2982 1
1163 2975 1168 2982 .

214 2990 278 3015 Var.
290 2990 352 3015 lect.
364 2999 419 3026 cap.
431 2999 477 3016 ²⁴1..
503 2991 654 3027 offendique
665 2993 728 3019 item
739 2994 763 3020 111
776 2993 859 3020 Palat.
870 2993 919 3020 stc.
939 2992 980 3019 sud
990 2993 1060 3020 0111111
1072 3002 1131 3018 cnm
1143 2993 1169 3019 111

213 3026 308 3051 ceteris
319 3024 383 3052 0610
396 3045 403 3056 ,
422 3025 521 3052 iteruin
536 3028 632 3053 vetuste
644 3028 708 3055 culis
720 3048 728 3060 ‚
740 3031 817 3056 restet
828 3029 894 3056 illud
906 3030 977 3071 prins
990 3049 998 3062 ,
1008 3028 1171 3056 1101111ὶά10-

217 3065 289 3087 mere
308 3061 462 3101 eliminare5
484 3063 611 3102 pra-cipue
630 3073 688 3090 cum
708 3066 843 3092 annotarit
853 3066 1012 3093 Gulielmius
1024 3065 1056 3092 sic
1066 3074 1172 3101 quoque

215 3097 335 3123 locutum
347 3096 416 3124 libro
430 3107 452 3124 1.
464 3098 582 3124 Livium.

250 3141 264 3169 3
272 3153 279 3159 .
296 3135 378 3169 Itngm
389 3134 454 3169 apud
460 3141 543 3162 ceteros
548 3135 625 3172 ‚0'·c.]
636 3135 793 3171 Lambinus,
803 3140 887 3174 Itaque
896 3138 964 3174 quod.
977 3137 997 3167 fi
1006 3140 1021 3167 ὲ
1031 3135 1175 3172 111111ιμιοη
1190 3159 1191 3165 ,
1208 3140 1261 3168 lim.

1187 110 1729 164 thnnours

1183 196 1263 228 dinis
1274 198 1415 237 injuriam
1428 207 1434 227 z
1460 200 1550 228 mitto
1560 197 1684 228 nefarias
1692 198 1792 241 generi
1804 196 1938 238 nuptias:
1956 197 2046 229 mitto
2055 196 2144 239 cupiJ

1183 239 1273 269 ditate
1293 248 1395 269 matris
1414 240 1568 279 expulsam
1586 249 1624 270 ex
1643 241 1840 270 matrimonio
1855 238 1965 270 filiam:
1985 250 2051 280 quae
2061 250 2143 270 non·

1184 281 1258 310 dum
1270 281 1305 311 ad
1317 281 1439 315 huiusce
1449 282 1517 311 vitae
1528 281 1761 321 periculum,sed
1772 281 1809 310 ad
1817 292 1958 311 commune
1964 281 2084 320 famii'iae
2093 281 2144 310 dc·

1186 322 1265 351 detur
1275 323 1469 363 pertinebant.
1494 323 1571 353 nihil
1589 322 1624 353 de
1642 323 1740 353 alteris
1756 325 1913 363 Oppianici
1936 324 2049 362 nuptiis
2067 332 2143 363 que-

1186 374 1248 394 ror:
1266 374 1392 405 quarum
1408 365 1458 394 illa
1474 363 1546 394 cum
1556 363 1671 394 obfides
1690 362 1769 394 filios
1779 365 1814 394 ab
1823 374 1860 394 eo
1872 374 2006 394 mortuos
2015 365 2145 404 accepis·

1188 407 1226 436 set
1239 426 1247 439 ,
1261 414 1326 436 tum
1337 405 1466 447 denique
1478 407 1510 435 in
1518 405 1642 436 familia:
1653 405 1782 439 1116111111,
1791 415 1878 446 atque
1891 408 1921 436 in
1934 407 2143 447 privignorum

1187 447 1278 477 funus
1290 446 1394 487 nupfit.
1418 451 1571 480 Praetereo,
1585 446 1668 487 quod
1680 449 1806 477 Aurium
1818 448 1982 481 Melinum,
1997 447 2082 485 cujus
2093 447 2144 478 1113

1188 489 1343 530 quondam
1355 489 1451 519 socrus
1462 508 1471 522 ‚
1490 487 1591 528 paullo
1601 489 1668 518 anti:
1681 499 1756 518 uxor
1766 487 1866 518 suiss'et
1877 510 1885 522 ‚
1904 488 1974 519 cum
1985 489 2145 528 Oppianici

1189 529 1245 560 esse
1257 540 1343 570 opera
1353 530 1550 570 proscriptum
1561 550 1570 563 ,
1590 530 1782 570 occisumque
1790 530 1979 571 cognosceret
1989 550 1998 564 ,
2013 539 2076 559 eam
2089 528 2144 559 fibi

1188 571 1330 605 domum,
1346 571 1504 611 sedemque
1512 572 1645 613 conjugii
1657 571 1784 612 delegit,
1805 575 1836 601 in
1846 582 1903 612 qua
1912 571 2048 612 quotidie
2059 572 2145 611 supe—

1188 615 1274 643 rioris
1286 615 1342 642 viri
1357 615 1463 642 mortis
1474 612 1583 642 indicia
1595 633 1603 645 ,
1618 613 1650 642 &
1662 614 1755 652 spolia
1763 613 1948 643 fortunarum
1957 613 2081 643 videret.
2103 612 2148 642 Il-

1189 654 1239 684 lud
1251 654 1384 694 primum
1395 664 1512 695 queror,
1524 653 1560 684 de
1571 654 1626 684 illo
1636 654 1742 684 scelere
1754 674 1762 689 ‚
1774 654 1855 696 quod
1864 665 1945 685 nunc
1955 654 2084 695 denique
2093 663 2145 694 pa-

1190 695 1333 726 tefaEmm
1354 695 1395 726 est
1406 716 1413 729 ,
1439 697 1605 726 Fabriciani
1625 698 1750 726 veneni:
1769 696 1849 737 quod
1866 696 1928 736 jam
1947 705 2011 726 tum
2030 705 2144 730 recem,

1191 738 1382 778 suspiciosum
1392 739 1496 768 ceteris
1507 758 1514 771 ,
1537 739 1607 767 huic
1615 738 1792 768 incredibile
1803 758 1812 771 ,
1834 748 1916 768 nunc
1926 737 1998 768 vero
2007 746 2144 778 apertum

1192 780 1251 813 iam
1262 779 1417 812 omnibus,
1429 789 1462 809 ac
1471 778 1664 809 manifestum
1674 779 1801 810 videtur.
1826 782 1900 810 Non
1909 779 1952 809 est
1961 778 2097 819 Ρῐοὶεὸὶὸ
2107 779 2146 810 de

1191 821 1245 850 illo
1256 830 1376 852 veneno
1393 820 1482 849 celata
1493 829 1581 850 mater
1589 832 1600 848 .·
1619 822 1696 851 1111111
1706 821 1748 851 est
1756 821 1791 851 ab
1801 823 1966 861 Oppianico
1979 819 2038 850 fine
2047 819 2146 851 consi-

1192 862 1234 891 lio
1244 863 1377 892 mulieris
1386 866 1549 904 cogitatum
1560 873 1566 891 :
1577 862 1658 903 quod
1670 861 1725 892 nisi
1734 862 1805 893 esset
1815 875 1820 892 ;
1830 863 1909 893 certe
1919 862 2028 903 postea,
2039 862 2146 902 depre-

1193 904 1282 934 hensa
1294 914 1322 933 re
1335 923 1344 936 ‚
1365 913 1429 933 non
1443 904 1493 933 illa
1501 913 1533 934 ut
1549 904 1585 934 ab
1596 904 1736 944 improbo
1746 907 1811 934 viro
1821 903 2002 935 discessiss'ct:
2029 904 2077 934 sed
2088 912 2120 934 ut
2129 903 2145 935 ὲ

1191 944 1395 975 crudelissimo
1405 944 1488 975 hoste
1498 943 1615 986 fugisset
1628 966 1636 979 ,
1660 946 1849 987 domumque
1862 946 1945 976 illam
1957 966 1965 980 ‚
1989 947 2021 975 in
2040 954 2146 985 perpe-

1194 995 1279 1016 tuum
1291 1007 1300 1020 ,
1321 987 1427 1017 scelere
1436 989 1525 1016 omni
1534 986 1708 1017 affluentem
1719 1007 1728 1021 ‚
1740 986 1911 1028 reliquisset.
1933 997 1997 1017 non
2008 986 2102 1017 modo
2113 986 2144 1016 id

1194 1038 1257 1058 non
1277 1028 1346 1058 fecit
1356 1047 1365 1062 ,
1385 1027 1433 1058 sed
1448 1028 1484 1058 ab
1498 1029 1553 1058 illo
1563 1037 1698 1069 tempore
1707 1030 1827 1059 nullum
1838 1030 1938 1059 locum
1950 1027 2144 1069 praetermifit,

1194 1072 1227 1099 in
1240 1079 1302 1140 guo
1319 1079 1383 1099 non
1396 1069 1680 1100 instrueretinfidias
1690 1071 1801 1111 aliquas
1812 1091 1820 1105 ,
1837 1081 1869 1101 ac
1879 1071 1941 1101 dies
1951 1073 2072 1101 omneis
2085 1089 2094 1104 ‚
2112 1079 2147 1100 ac

1195 1121 1236 1141 no

1256 1113 1312 1141 reis
1323 1120 1383 1141 tota
1394 1120 1495 1141 mente
1504 1121 1598 1142 mater
1605 1112 1637 1140 de
1639 1113 1760 1153 pernicie
1762 1112 1823 1151 filii
1832 1114 1984 1153 cogitaret.
2006 1122 2072 1153 quae
2085 1113 2147 1156 pri·
2177 1125 2179 1127 ·

1196 1152 1284 1183 mum
1296 1173 1304 1185 ,
1323 1162 1355 1182 ut
1365 1152 1456 1183 istum
1467 1151 1656 1183 confirmaiet
1665 1156 1865 1194 Oppianicum
1875 1154 2071 1184 accusatorem
2083 1154 2149 1183 11110

1197 1196 1260 1228 suc,
1273 1198 1288 1214 2
1298 1194 1386 1224 donis
1396 1194 1595 1224 muliebribus
1606 1215 1615 1227 ,
1624 1195 1824 1226 collocatione
1834 1195 1902 1225 filiae
1914 1215 1922 1228 ,
1943 1195 1991 1235 spe
2002 1195 2149 1225 heredita-

1196 1239 1235 1267 tis
1253 1235 1424 1266 obstrinxit.
1469 1239 1481 1263 3
1493 1238 1595 1277 Itaque
1603 1236 1679 1276 apud
1689 1245 1800 1267 ceteros
1811 1256 1819 1270 ,
1839 1239 1929 1267 novis
1938 1240 2015 1266 inter
2023 1238 2147 1277 propin·
2163 1242 2209 1284 67

1197 1288 1274 1319 quos
1284 1278 1422 1317 susceptis
1432 1279 1604 1308 inimicitiis
1614 1298 1623 1312 ‚
1639 1278 1713 1318 saepe
1724 1277 1786 1308 fieri
1796 1278 1922 1308 divortia
1932 1298 1940 1312 ,
1959 1283 2071 1319 4atque
2080 1277 2148 1317 affi-

1198 1321 1325 1350 nitatum
1345 1318 1468 1349 discidia
1485 1319 1634 1349 vidimus:
1652 1321 1716 1350 haec
1729 1320 1840 1350 mulier
1852 1321 1917 1350 satis
1929 1318 2051 1350 firmum
2061 1329 2147 1350 accu-

1197 1362 1325 1392 satorem
1344 1359 1409 1390 filio
1419 1361 1471 1390 suo
1479 1359 1544 1390 fore
1553 1362 1711 1391 nerninem
1721 1364 1853 1401 putavit,
1874 1359 1929 1391 nisi
1940 1363 1992 1402 qui
2002 1363 2034 1391 in
2045 1362 2150 1392 matri-

1199 1404 1340 1433 monium
1350 1402 1482 1432 sororem
1492 1402 1556 1439 eius
1571 1402 1642 1433 311ῑέ
1659 1402 1796 1434 duxisset.
1827 1404 1915 1434 ceteri
1936 1413 2035 1433 novrs
2053 1412 2151 1433 111-Ῥι-

1198 1454 1383 1474 ΝιτΑτιΒυε
1401 1443 1540 1477 adduffi,
1563 1453 1676 1475 veteres
1689 1447 1866 1475 inimicitias
1882 1446 1957 1485 saepe
1972 1444 2149 1484 deponunt:

1197 1487 1249 1516 illa
1259 1485 1311 1516 fibi
1321 1486 1355 1516 ad
1366 1484 1587 1516 confirmandas
1602 1487 1787 1520 inimicitias,
1796 1485 1947 1517 affinitatis
1956 1488 2024 1527 conj
2029 1486 2151 1516 11118110-

1198 1538 1271 1558 nem
1280 1529 1398 1569 pignori
1406 1525 1470 1557 fore
1468 1529 1604 1598 fputavit.
1627 1530 1734 1569 Neque
1743 1530 1776 1558 in
1786 1539 1823 1559 eo
1832 1529 1930 1558 solum
1941 1528 2068 1570 diligens
2077 1528 2147 1562 fuit,

1198 1579 1231 1600 ut
1249 1569 1448 1600 accusatorem
1490 1569 1532 1598 lio
1548 1569 1602 1599 suo
1615 1579 1817 1610 compararet:
1838 1569 1984 1600 sedetiam
1996 1571 2147 1611 cogitavit,

1197 1611 1307 1652 quibus
1325 1621 1397 1640 eum
1415 1610 1502 1640 rebus
1518 1619 1653 1641 armaret.
1677 1613 1748 1642 hinc
1761 1611 1913 1642 enimillae
1925 1612 2152 1642 sollicitationes

1198 1655 1351 1684 servorum
1362 1652 1394 1682 &
1408 1653 1511 1686 minis,
1523 1653 1555 1682 &
1564 1652 1729 1692 promiffis:
1749 1654 1888 1684 hincillae
1899 1652 2037 1686 infinitae,
2046 1652 2156 1683 crude-

1198 1693 1371 1734 liffimaeque
1388 1694 1425 1724 de
1444 1702 1541 1723 morte
1556 1697 1711 1734 Oppianici
1720 1694 1897 1737 quaestiones
1913 1705 1918 1724 :
1937 1694 2046 1736 quibus
2057 1693 2154 1725 finem

1198 1736 1358 1776 aliquando
1367 1745 1432 1765 non
1443 1735 1599 1766 muliebris
1610 1736 1719 1766 modus
1729 1757 1737 1770 ,
1753 1736 1801 1767 sed
1812 1738 1978 1767 amicorum
1993 1735 2156 1766 auetoritas

1199 1777 1278 1807 fecit.
1302 1777 1336 1806 ab
1355 1776 1463 1807 eodem
1483 1777 1588 1807 scelere
1604 1778 1663 1808 illae
1682 1780 1816 1809 triennio
1832 1777 1899 1818 post
1921 1777 2028 1808 habitae
2049 1778 2155 1808 Larini

1199 1818 1396 1892 qtuaestiones:
1421 1818 1557 1858 ejusdem
1575 1822 1713 1850 amentiae
1731 1819 1810 1850 salsae
1824 1820 2059 1860 conscriptiones
2072 1829 2171 1859 quae--

1228 1864 1336 1891 ionum
1348 1871 1354 1889 τ
1375 1870 1411 1890 cx
1420 1860 1528 1891 eodem
1540 1859 1639 1891 furore
1649 1863 1737 1892 etiarn
1751 1862 1805 1892 illa
1819 1862 2016 1892 conscelerata
2034 1860 2155 1901 exseH-io

1200 1904 1299 1943 lingua
1308 1913 1318 1930 .·
1337 1904 1429 1932 totius
1450 1901 1581 1944 denique
1594 1904 1684 1943 hujus
1694 1904 1729 1934 ab
1738 1904 1790 1934 illa
1798 1903 1841 1933 est
1852 1904 2015 1934 &inventa
2025 1923 2039 1936 ‚.
2056 1904 2087 1933 &
2101 1902 2156 1933 ad-

1201 1954 1302 1976 ornata
1311 1946 1492 1984 comparatio
1500 1946 1651 1975 criminis.
1685 1949 1781 1987 Atque
1797 1947 1844 1975 his
1861 1945 1947 1975 rebus
1961 1942 2032 1975 cum
2043 1943 2157 1974 instru-

1201 1987 1284 2017 6111111
1294 1987 1492 2017 accusatorem
1507 1985 1571 2017 filio
1589 1987 1645 2017 suo
1661 1990 1793 2018 Romam
1805 1987 1867 2028 ipsa
1880 1985 2015 2017 mifiss‘et:
2033 1986 2157 2027 paullis-

1201 2040 1269 2070 per,
1281 2028 1559 2068 conquirendorum
1574 2050 1582 2062 ,
1602 2029 1634 2059 &
1644 2029 1911 2059 conducendorum
1923 2028 2044 2059 testium
2059 2028 2158 2062 causa,

1203 2073 1306 2102 Larini
1318 2070 1360 2100 est
1369 2079 1572 2100 commorata:
1590 2070 1691 2112 postca
1701 2080 1799 2101 autem
1812 2091 1821 2104 ,
1841 2070 1910 2101 cum
1922 2071 2158 2110 appropinquare

1204 2114 1293 2150 hujus
1306 2112 1454 2152 judicium
1466 2131 1477 2145 ‚
1492 2114 1521 2141 ei
1533 2114 1704 2142 nuntiatum
1716 2112 1759 2142 est
1768 2132 1776 2145 ,
1797 2112 1957 2142 confestim
1968 2113 2026 2142 huc
2035 2111 2158 2142 advola-

1202 2157 1265 2188 vit,
1285 2164 1323 2183 ne
1342 2163 1391 2184 aut
1407 2154 1622 2184 accusatoribus
1640 2154 1812 2195 diligentia,
1832 2163 1881 2184 ant
1898 2155 2022 2193 pecunia
2031 2152 2160 2183 testibus

1204 2194 1328 2226 deesset:
1347 2204 1396 2225 aut
1413 2205 1452 2224 ne
1460 2194 1536 2225 forte
1547 2204 1640 2226 mater
1649 2196 1707 2224 hoc
1718 2194 1771 2224 fibi
1781 2194 1994 2235 optatiffimum
2005 2193 2158 2234 spechen-

1203 2238 1269 2267 lum
1283 2237 1372 2276 hujus
1381 2236 1526 2269 sordium,
1539 2246 1624 2276 atque
1634 2235 1743 2269 luctus,
1760 2236 1873 2266 &tanti
1886 2237 2026 2276 squaloris
2036 2238 2157 2266 amitte-

1203 2288 1255 2309 ret.
1297 2279 1364 2320 Jarn
1381 2276 1453 2307 vero
1471 2277 1552 2317 quod
1566 2280 1761 2307 iterRomam
1772 2278 1836 2316 ejus
1847 2279 1982 2306 mulieris
1992 2275 2077 2307 suiss'e
2089 2279 2156 2306 exi·
2173 2279 2219 2314 68

1204 2320 1351 2350 stimatis?
1371 2318 1451 2359 quod
1462 2328 1517 2359 ego
1526 2328 1645 2358 propter
1653 2320 1837 2349 vicinitatem
1859 2320 2056 2359 Aquinatium
2067 2339 2075 2352 ,
2098 2322 2112 2346 5
2122 2319 2154 2349 &

1204 2360 1441 2391 Venafranorum
1453 2379 1461 2393 ,
1477 2370 1514 2389 ex
1525 2362 1629 2390 multis
1638 2360 1760 2394 audivi,
1781 2361 1813 2390 δε
1823 2363 1957 2400 comperi
1969 2371 1974 2389 :
1998 2370 2073 2401 quos
2081 2370 2162 2391 con—

1204 2403 1304 2433 cursus
1324 2404 1357 2431 in
1376 2402 1422 2431 his
1433 2402 1550 2441 oppidis
1562 2405 1573 2431 ἓ
1591 2411 1718 2442 quantos
1730 2402 1763 2432 &
1773 2404 1908 2432 virorum
1919 2422 1927 2435 ,
1950 2402 1983 2432 δε
1993 2402 2161 2433 mulierum

1201 2443 1327 2484 gemitus
1346 2441 1403 2473 ess'e
1418 2443 1512 2473 facios
1524 2447 1535 2472 ?
1554 2445 1715 2473 mulierem
1734 2444 1883 2484 quandam
1903 2445 2014 2474 Larino
2023 2463 2032 2477 ‚
2049 2441 2064 2463 ⁶
2074 2452 2161 2484 atque

1206 2486 1290 2516 illam
1309 2485 1400 2525 usque
1417 2484 1432 2514 a
1446 2487 1520 2515 mari
1531 2485 1633 2525 supero
1643 2487 1776 2515 Romam
1787 2484 1951 2525 proficisci,
1968 2495 2038 2515 cum
2049 2495 2164 2527 magno

1208 2529 1366 2559 comitatu,
1377 2526 1409 2556 &
1417 2528 1554 2566 pecunia,
1563 2537 1625 2567 quo
1634 2525 1752 2556 facilius
1761 2529 1979 2557 circumvenire
1986 2527 2102 2566 judicio
2112 2536 2161 2556 ca-

1209 2571 1291 2609 pitiS,
1306 2577 1391 2608 atque
1401 2569 1547 2609 opprimere
1549 2568 1649 2607 filium
1657 2566 1758 2608 posset.
1778 2571 1882 2598 Nemo
1892 2577 1951 2598 erat
1960 2569 2094 2601 illorum,
2099 2578 2160 2609 pae-

1210 2611 1249 2640 ne
1259 2611 1356 2640 dicam
1368 2629 1376 2643 ,
1397 2611 1470 2650 quin
1480 2610 1665 2650 expiandum
1676 2610 1765 2640 illurn
1776 2610 1880 2640 locum
1890 2609 1948 2640 ess'e
1964 2610 2161 2646 arbitraretur,

1210 2661 1398 2693 quaciunque
1406 2651 1458 2682 illa
1468 2653 1522 2682 iter
1530 2650 1645 2683 fecisset
1656 2662 1663 2681 :
1676 2661 1781 2687 nemo,
1790 2654 1865 2694 quin
1873 2661 1980 2683 terram
1989 2652 2082 2692 ipsam
2092 2654 2164 2682 vio-

2087 2693 2139 2723 lari
2149 2713 2161 2727 ,

1204 2779 1292 2806 carpo.
1314 2769 1419 2796 mallem
1432 2776 1532 2802 tamen,
1543 2777 1572 2796 ut
1583 2769 1617 2796 est
1629 2769 1655 2795 111
1668 2769 1710 2795 Pal
1718 2789 1725 2795 .
1734 2769 1783 2796 sec.
1792 2774 1833 2796 Ita
1841 2771 1902 2804 quod
1909 2770 1974 2803 apud
1981 2775 2024 2795 cet.

1241 2814 1269 2839 4.
1288 2809 1366 2840 Atque
1376 2805 1529 2841 adfinitatum
1538 2805 1634 2838 dzfi-J'dia
1644 2805 1778 2840 wideman]
1790 2806 1833 2831 Sic
1842 2805 1970 2832 editiones
1981 2807 1996 2830 a
2007 2804 2091 2840 prima
2099 2813 2164 2840 pro·-

1207 2842 1294 2869 xiniae.
1317 2851 1375 2868 nam
1386 2842 1505 2877 princeps
1518 2860 1526 2874 ‚
1536 2849 1606 2876 arque
1615 2842 1768 2873 diffinicatum
1777 2841 1833 2874 dift.
1853 2840 1997 2867 Lambinus
2007 2839 2091 2866 edidit
2103 2860 2111 2872 ,
2122 2848 2165 2866 at-

1206 2888 1250 2912 quc
1260 2878 1374 2912 adfinium
1384 2878 1407 2903 A)
1420 2887 1440 2903 c.
1460 2877 1500 2903 scd
1513 2886 1544 2904 ne
1557 2877 1589 2903 sic
1599 2875 1705 2912 quidem
1726 2885 1780 2902 rem
1798 2883 1843 2902 aut
1861 2877 1960 2911 tetigit.
1981 2885 2039 2902 nam
2052 2876 2164 2905 Palatini

1188 2921 1189 2947 1
1207 2914 1326 2950 plerique
1337 2921 1407 2948 atque
1416 2915 1524 2946 infimum
1532 2913 1588 2946 disc.
1607 2921 1672 2939 unus
1684 2911 1762 2939 etiam
1773 2914 1892 2939 intimari.
1909 2911 2018 2939 111-10110
2030 2911 2112 2940 fuerit
2122 2913 2165 2940 in-

1188 2954 1189 2961 *
1209 2955 1304 2981 timum
1316 2973 1325 2986 ‚
1339 2949 1404 2983 ἀντὶ
1416 2949 1455 2981 τέ
1466 2955 1610 2979 intimorum.

1248 3003 1273 3026 5.
1293 2997 1326 3019 Et
1335 2992 1545 3028 ls'enafranorum]
1556 2991 1624 3018 Pall.
1634 2993 1661 3018 8<
1672 2991 1736 3019 olim
1747 2991 1811 3024 cusi,
1820 2992 2000 3025 Afraternorum
2007 3004 2017 3025 ‚·
2030 2993 2070 3020 vel
2082 2993 2166 3020 simile

1209 3028 1284 3065 quid,
1295 3037 1324 3056 ut
1334 3029 1443 3056 dubium
1454 3027 1518 3055 milii
1527 3037 1578 3054 non
1589 3027 1634 3054 fiat
1644 3027 1784 3064 legendum
1793 3030 2097 3064 Afflxtcrnorumffluorum
2108 3039 2167 3057 me-

1210 3066 1289 3092 minit
1299 3066 1402 3092 Plinius
1410 3065 1460 3091 lib.
1471 3072 1522 3091 111.
1532 3073 1587 3100 cap.
1601 3073 1626 3097 ς.

1246 3101 1274 3129 6.
1301 3106 1392 3139 csttque
1409 3100 1508 3138 issam]
1528 3099 1688 3129 Gulielmius
1706 3099 1843 3130 adnotavit
1861 3098 1933 3129 forte
1950 3099 2114 3138 legendum,
2130 3104 2168 3129 u-

2054 3181 2081 3202 ι.
2090 3174 2165 3210 (ἔφα
