2337 3400
92 289 142 321 52

102 696 146 727 53

121 1414 170 1444 54

134 1962 179 1993 55

543 101 612 150 M.
696 95 1061 144 TULLtt

962 173 1100 212 mihique

150 126 244 175 752

149 202 224 224 num
237 211 244 223 ‚
265 197 370 227 tuaque
388 183 522 215 amicitia
540 180 668 222 dignum
680 178 735 209 tibi
746 176 936 218 adjunxeris,

154 231 348 275 gratillimum
361 226 475 256 feceris.

400 266 588 297 CICERO
609 265 757 295 REGI.
781 263 861 291 S.D.

270 313 315 343 Lr
323 320 357 340 cx
365 319 384 338 N
393 318 447 338 ms
458 305 631 337 Aristoteles
642 300 818 336 Melitensis,
834 297 1055 340 antiquissimus
1065 294 1114 326 est*

205 375 208 378 -
253 357 259 364 '
268 352 373 392 hospes
384 359 485 382 meus,
500 348 532 378 ὃς
542 346 677 387 praeterea
688 342 871 385 conjunktus
882 350 992 382 magno
1003 339 1056 369 usu
1065 338 1109 368 fa-

159 395 348 428 miliaritatis.
372 394 444 422 Haec
452 399 521 421 cum
535 392 573 419 ita
586 387 640 418 sint
655 409 663 421 ,
680 397 743 418 non
757 386 864 416 dubito
875 404 882 417 ‚
895 386 969 424 quin
979 381 1035 412 tibi
1045 380 1111 411 satis

157 435 388 470 commendatus
405 432 447 463 fit.
491 432 614 461 Etenim
633 439 671 459 cx
695 429 799 458 multis
816 425 985 467 cognosco,
1011 431 1110 452 meam

157 477 459 517 commendationem
480 471 648 514 plurimum
671 470 746 510 apud
759 479 785 500 te
800 469 904 498 valere.
929 467 1020 496 Hunc
1029 462 1111 504 egoa

160 522 271 552 Caesare
290 517 431 548 liberavi.
455 518 604 555 Frequens
623 516 708 542 enim
727 511 822 541 fuerat
837 508 998 540 nobiscum
1012 517 1016 534 z
1028 514 1116 546 atque

161 565 251 594 etiam
269 561 380 591 diutius
393 561 424 588 {n
433 555 565 587 causaest
581 576 589 588 ,
614 555 705 596 quim
714 563 770 583 nos
782 573 790 586 ,
813 558 1034 583 commoratus:
1055 545 1116 588 quo

164 603 277 636 melius
296 613 323 633 te
340 601 376 631 de
395 610 431 630 eo
458 597 686 628 exstimaturum
706 596 840 626 arbitror.
864 595 921 623 Fac
941 593 1030 632 igitur
1040 609 1048 622 ‚
1069 589 1114 618 mi

163 649 244 679 Rex,
256 654 287 674 ur
298 642 453 683 intelligat,
465 641 514 670 his
527 638 580 668 fibi
591 640 699 668 litteras
709 635 875 677 plurimum
887 629 1039 673 proluisse.

279 685 466 716 CICERO
488 682 734 712 THERMO,
757 678 936 709 PROPR.
960 676 987 703 S.

285 729 486 757 Gi-:Ntrcxmo
515 725 615 754 Curvo
632 721 814 762 Jampridem
843 722 910 755 utor
932 711 1122 746 familiariffi-

244 773 266 782 ·'
277 769 327 799 me
339 789 347 802 ‚
364 768 483 807 optimo
496 767 561 795 viro
571 785 578 798 ‚
593 763 624 794 &
636 758 948 801 hominegratiflimo.
973 760 1052 787 Eum
1068 755 1124 785 tibi

168 811 287 855 penitus
297 809 484 841 commendo
496 828 503 840 ,
518 816 603 847 atque
615 805 708 835 trado.
732 801 883 836 Primum,
897 810 928 830 ut
937 798 1082 829 omnibus
1092 798 1125 826 in

170 855 259 886 rebus
269 855 295 883 ei
308 862 334 882 te
343 849 522 882 commodes
533 868 541 881 ‚
564 846 662 888 quoad
674 845 746 876 fides
758 854 805 874 rua
817 864 824 877 ,
838 842 1023 884 dignitasque
1033 840 1125 880 patie-

175 898 365 936 turzpatietur
376 902 474 923 autem
486 893 518 921 in
528 887 764 920 omnibusnihil
775 888 857 916 enim
870 886 919 915 abs
930 891 957 913 te
969 889 1126 922 umquam,

172 938 257 979 quod
267 936 301 967 fit
310 937 445 966 alienum.
454 936 512 963 tuis
525 953 534 965 ‚
554 932 701 961 autetiam
712 930 771 960 suis
783 927 919 957 moribus
930 945 938 958 ‚
957 922 1125 965 postulabit.

173 978 325 1019 Praecipue
335 986 434 1008 autem
445 975 499 1005 tibi
510 971 697 1004 commendo
708 971 828 1011 nego-tia
838 970 902 1005 eius
914 988 922 1002 ,
942 976 1008 1008 quae
1018 965 1127 995 suntin

173 1021 395 1060 Hellesponto,
415 1015 550 1056 primum
562 1034 570 1048 ‚
590 1023 622 1044 ut
641 1013 778 1043 obtineat
796 1011 910 1051 idjuris
922 1012 955 1040 in
964 1003 1128 1049 agrisquod

175 1066 204 1094 ei
214 1065 333 1093 Pariana
343 1062 448 1090 civitas
461 1058 594 1088 decrevit
603 1076 611 1089 ‚
633 1056 665 1085 δε
676 1055 758 1085 dedit
769 1074 776 1082 2
790 1053 822 1084 Sc
834 1053 915 1093 quod
928 1052 1041 1089 semper
1050 1047 1130 1077 obti-

177 1115 245 1135 nuit
264 1103 323 1133 sine
342 1102 401 1131 ulia
421 1096 619 1130 controversia
632 1107 637 1126 :
661 1096 787 1130 deinde,
809 1094 828 1125 fi
849 1094 922 1135 quid
932 1091 1053 1122 habebit
1061 1097 1131 1119 cum

174 1148 278 1186 aliquo
298 1143 510 1182 Hellespontio
532 1137 740 1170 controverfiae
753 1159 762 1171 ,
781 1147 813 1167 ut
838 1140 870 1166 in
888 1136 971 1165 illam
983 1129 1132 1166 ὣοίκηστν

178 1195 305 1233 rejicias.
329 1190 384 1221 Sed
405 1199 468 1219 non
480 1188 556 1217 mihi
567 1186 672 1216 videor
682 1206 690 1219 ‚
710 1184 783 1216 cum
796 1185 850 1214 tibi
862 1193 960 1214 totum
972 1181 1134 1211 hominem

181 1231 412 1276 diligentissime
429 1228 670 1261 commendarim
684 1248 692 1261 ‚
713 1226 838 1267 singulas
855 1226 891 1256 ad
907 1235 933 1255 te
957 1224 1020 1260 ejus
1040 1220 1138 1251 causas

181 1276 362 1318 perscribere
371 1273 486 1304 debere.
510 1271 695 1313 Summailla
708 1268 740 1299 sit
753 1266 915 1309 :quidquid
926 1264 1034 1296 officii,
1047 1263 1138 1292 bene-

186 1319 247 1349 ficii
263 1339 270 1351 ,
285 1317 411 1347 honoris
423 1335 431 1348 ‚
444 1317 475 1344 in
487 1313 684 1344 Genucilium
697 1311 860 1341 contuleris
873 1329 880 1343 ‚
893 1308 923 1338 id
934 1317 961 1338 te
970 1304 1139 1337 exstimabo

186 1364 218 1391 in
230 1359 402 1399 meipsum,
414 1366 501 1398 atque
512 1358 543 1385 in
555 1365 618 1385 rem
632 1363 729 1384 meam
739 1349 907 1382 contulisse.

311 1401 448 1430 M.T.C.
473 1398 698 1428 THERMO
713 1415 720 1429 a
741 1398 761 1425 P
776 1395 919 1424 ROPR.
942 1393 1022 1422 S.D.

182 1442 271 1519 C
287 1446 317 1472 U
329 1452 356 1472 M
379 1441 475 1470 multa
492 1440 570 1469 mihi
588 1447 666 1480 grata
689 1437 756 1468 sunt
767 1456 775 1469 ,
791 1446 857 1476 quae
876 1444 909 1464 tu
919 1431 1063 1464 adduc'tus
1077 1438 1144 1459 mea

279 1482 545 1514 commendatione
560 1480 657 1510 fecisti
677 1490 683 1509 2
707 1488 774 1508 tum
793 1479 826 1507 in
845 1478 951 1517 primis
971 1495 980 1508 ‚
997 1472 1078 1514 quod
1098 1474 1142 1500 M.

187 1526 362 1557 Marcilium
374 1544 382 1555 ‚
395 1525 495 1556 amici,
504 1532 591 1563 atque
601 1521 770 1560 interpretis
780 1521 840 1549 mei
859 1517 968 1550 filiurn,
980 1511 1147 1545 liberalissi-

189 1568 242 1599 me
261 1565 434 1598 tra&avisti.
457 1566 550 1594 Venit
567 1564 652 1593 enirn
665 1562 843 1592 Laodiceam
856 1580 864 1594 ‚
887 1559 919 1589 δε
930 1558 986 1588 tibi
995 1556 1072 1596 apud
1083 1565 1144 1587 me,

189 1610 328 1649 mihique
340 1615 496 1648 propterte
507 1607 608 1647 gratias
620 1606 767 1634 maximas
777 1603 845 1643 egit.
869 1604 966 1642 Qare
976 1619 985 1633 ,
1007 1597 1090 1639 quod
1100 1606 1147 1626 re-

188 1652 308 1692 liquum
327 1649 370 1679 est
379 1669 388 1683 ,
413 1650 427 1678 a
439 1657 465 1678 te
473 1657 543 1688 peto
556 1668 564 1680 ,
582 1656 678 1687 quum
688 1645 763 1685 apud
773 1653 870 1684 gratos
881 1644 1022 1672 homines
1033 1636 1148 1669 benefi-

192 1696 274 1724 cium
286 1693 421 1732 ponis‚ut
430 1700 466 1720 eo
476 1688 622 1720 libentius
632 1689 678 1717 his
687 1685 866 1717 commodes
879 1691 1073 1723 :operamque
1083 1680 1148 1713 des,

188 1733 285 1777 quoad
306 1732 378 1762 fides
390 1741 438 1762 tua
451 1734 578 1772 patietur
591 1750 599 1764 ‚
620 1738 652 1760 ut
663 1729 763 1759 socrus
772 1726 969 1757 adolescentis
980 1734 1027 1754 rea
1035 1733 1072 1753 ne
1089 1720 1147 1751 fiat.

192 1781 256 1817 Ego
274 1775 346 1805 cum
363 1773 446 1804 antea
458 1772 589 1803 studiose
599 1769 851 1801 commendabam
863 1767 1036 1797 Marcilium
1056 1785 1065 1797 ‚
1084 1773 1148 1792 tum

193 1814 292 1849 multo
303 1826 385 1846 nunc
395 1813 555 1846 studiosius
567 1833 576 1846 ‚
598 1811 680 1854 quod
688 1811 724 1842 'm
740 1811 827 1851 longa
837 1809 1024 1849 apparatione
1035 1826 1043 1839 ‚
1055 1804 1152 1845 fingu—

194 1861 285 1890 larern
301 1879 308 1891 ,
322 1858 354 1888 &
364 1856 456 1897 prope
472 1855 681 1886 incredibilem
693 1855 781 1893 patris
793 1851 926 1881 Marcilii
938 1847 1029 1879 fidem
1040 1867 1049 1882 ,
1064 1845 1154 1877 absti-

198 1902 347 1933 nentiam,
358 1897 598 1938 modestiamque
609 1897 751 1938 cognovi.

320 1943 459 1971 M.T.C.
482 1939 726 1970 THERMO,
746 1937 922 1967 I’ROPR¹
946 1934 1024 1964 s.D.

277 1985 340 2015 Ts1
355 1983 432 2013 mihi
442 1977 738 2012 videorintellexiss'e
750 1999 758 2012 ,
768 1977 839 2008 curn
852 1986 950 2007 tecum
963 1970 1068 2014 Ephesi
1079 1971 1115 2002 de
1124 1981 1154 2001 re

279 2028 321 2055 M.
334 2026 463 2057 Anness,
484 2024 571 2064 legati
594 2023 676 2055 mei,
697 2021 814 2050 locutus
833 2019 898 2049 sum
911 2039 919 2051 ,
940 2027 968 2048 te
979 2014 1065 2056 ipsius
1075 2013 1158 2044 causa

198 2070 394 2098 vehementer
412 2067 517 2096 omnia
535 2064 614 2094 velle
632 2074 637 2092 z
671 2068 772 2093 tam'en
790 2062 822 2091 δε
842 2063 885 2090 Μ.
909 2060 1066 2090 Anneium
1085 2056 1159 2086 tanti

200 2109 280 2140 facio
291 2130 299 2142 ‚
313 2118 343 2139 ut
356 2109 434 2138 mihi
445 2107 522 2137 nihil
531 2115 632 2146 putem
646 2102 936 2144 praetermittendum
947 2121 956 2134 ‚
967 2098 1061 2141 quod,
1076 2098 1157 2128 illius

202 2151 334 2181 intersit:
359 2150 391 2180 δε
403 2159 452 2179 mc
467 2148 483 2178 a
496 2159 524 2178 te
533 2149 605 2178 tanti
616 2146 679 2176 fieri
690 2156 763 2186 puto
775 2167 783 2179 ‚
803 2154 834 2174 ut
845 2154 906 2174 non
918 2142 1053 2173 dubitem
1066 2160 1074 2174 ‚
1085 2141 1160 2180 quin

203 2193 240 2223 ad
263 2202 342 2222 tuam
354 2192 540 2221 voluntatem
553 2198 677 2229 magnus
688 2187 828 2218 cumulus
838 2186 953 2217 accedat
962 2181 1160 2214 commenda·

202 2236 297 2265 tionis
323 2243 408 2263 meae.
432 2235 514 2262 Nam
532 2241 603 2261 cum
621 2231 684 2270 jam
704 2229 755 2259 diu
766 2229 922 2269 diligerem
935 2228 978 2255 M.
989 2225 1160 2256 Anneium,

203 2276 299 2316 deque
309 2285 345 2305 eo
355 2273 393 2304 fic
401 2273 603 2304 existimarem
614 2291 624 2305 ‚
636 2281 668 2301 ur
681 2281 725 2300 res
735 2270 874 2307 declarat,
890 2267 972 2309 quod
983 2265 1062 2297 ultro
1072 2267 1099 2295 ei
1111 2264 1162 2294 de-

205 2319 326 2349 tulerim
348 2317 547 2356 legationem,
566 2314 638 2344 ct'im
659 2312 764 2342 multis
782 2312 952 2352 petentibus
962 2305 1160 2348 denegassem:

208 2369 272 2389 tum
284 2357 355 2388 verb
365 2357 465 2398 postea
475 2356 566 2397 quarn
577 2363 699 2384 mecum
711 2355 742 2382 in
754 2353 846 2385 bello,
858 2359 944 2392 atque
954 2352 986 2380 in
998 2360 1028 2379 re
1039 2349 1164 2378 militari

205 2402 275 2434 fuit,
287 2409 397 2431 tantam
410 2401 442 2428 in
451 2409 487 2428 eo
497 2400 651 2429 virtutem,
663 2394 865 2435 prudentiam,
877 2392 982 2425 fidem,
995 2398 1164 2429 tantamque

208 2453 274 2484 erga
296 2452 345 2472 me
363 2440 601 2470 benivolentiam
615 2438 765 2478 cognovi,
782 2436 986 2466 uthominern
1006 2433 1165 2462 neminem

207 2486 301 2526 pluris
312 2483 427 2513 faciam.
453 2485 531 2512 Eum
550 2490 620 2510 cum
638 2479 786 2510 Sardianis
804 2477 910 2507 habere
932 2470 1163 2505 controverfiam

210 2527 274 2557 scis:
286 2527 401 2556 causam
415 2523 470 2554 tibi
480 2522 675 2562 exposuimus
687 2517 799 2559 Ephesi:
810 2528 899 2560 quam
913 2526 943 2547 tu
955 2525 1055 2547 tamen
1065 2513 1166 2544 coram
1187 2537 1188 2544 .

203 2565 513 2606 'faciliusmeliusque
524 2563 694 2604 cognosces.
709 2565 756 2591 De
767 2561 884 2601 reliquo
895 2555 1168 2592 mihi,mehercule‚
1187 2553 1189 2571 ³

209 2610 261 2640 diu
281 2609 412 2639 dubium
428 2606 485 2637 furt
497 2626 505 2640 ‚
525 2605 597 2647 quid
608 2604 643 2635 ad
665 2613 692 2634 te
710 2601 902 2644 potissimum
924 2600 1093 2631 scriberem.
1114 2598 1168 2639 Jus
1188 2597 1190 2608 ²

209 2653 304 2684 enim,
316 2647 575 2691 quemadmodum
587 2645 839 2679 dicas‚clarum‚&
851 2653 956 2683 magna
965 2651 1036 2672 cum
1047 2650 1096 2670 tua
1106 2640 1167 2668 lau·
1189 2652 1191 2658 =

212 2694 248 2723 de
259 2703 367 2722 notum
380 2691 536 2732 est.N0bis
547 2698 647 2719 autem
659 2690 691 2718 in
701 2689 753 2717 hac
763 2686 846 2716 causa
855 2686 931 2715 nihil
941 2683 1021 2714 aliud
1032 2692 1105 2722 opus
1116 2679 1169 2713 est,
1190 2692 1191 2700 ¹

215 2733 270 2764 nlsl
281 2735 366 2774 tejus
378 2732 514 2762 instituto
525 2741 576 2761 tuo
587 2730 693 2761 dicere.
717 2728 773 2759 Sed
786 2737 885 2758 tamen
897 2726 967 2756 cum
980 2735 1030 2755 me
1044 2734 1107 2754 non
1123 2722 1171 2752 fu-
1191 2720 1192 2747 l

217 2777 286 2816 giat,
298 2785 406 2816 quanta
415 2773 489 2804 sitin
499 2782 623 2812 praetore
634 2769 803 2803 auetontas,
816 2769 978 2810 praesertim
988 2766 1040 2796 ista
1050 2766 1173 2804 integri·
1191 2755 1194 2794 l

218 2826 287 2849 tate,
297 2819 445 2858 gravitate,
455 2816 616 2846 clementia
626 2833 634 2847 ‚
646 2822 704 2853 qua
715 2820 742 2841 te
757 2811 813 2841 esse
825 2813 902 2841 inter
912 2810 1033 2839 omneis
1044 2807 1173 2837 constat:
1192 2799 1194 2835 l

218 2867 288 2898 peto
298 2858 345 2887 abs
355 2867 382 2887 te
395 2862 403 2877 ¹
416 2866 469 2897 pro
479 2855 578 2886 nostra
590 2852 837 2893 conjunctissima
849 2850 1071 2882 necessitudine,
1082 2849 1177 2888 pluri·
1193 2849 1195 2882 ᾖ

219 2900 337 2938 misque
348 2898 456 2928 officiis
467 2898 632 2938 paribus‚ac
643 2898 767 2928 mutuis,
778 2904 810 2924 ut
819 2890 1175 2924 voluntateffiufitontate,
1194 2892 1195 2917 ἱ

222 2939 322 2970 studio
332 2949 383 2969 tuo
394 2939 572 2979 perficias,ut
582 2939 767 2968 M.Anneius
778 2936 934 2977 intelligat,
947 2943 985 2967 te,
997 2933 1030 2963 δί
1041 2930 1093 2962 sibi
1102 2933 1178 2961 ami·
1194 2925 1196 2963 l

1142 88 1689 137 thenon1s

1144 180 1214 202 cum
1225 167 1283 207 esse
1293 188 1302 202 ,
1321 167 1402 216 quod
1414 178 1478 215 non
1491 168 1620 200 dubitat:
1641 170 1732 212 (saepe
1751 169 1835 201 enim
1850 179 1970 202 mecum
1985 169 2103 201 locutus

1145 212 1201 253 est)
1221 211 1253 240 δε
1265 210 1364 258 multo
1375 211 1550 257 amiciorem
1561 212 1608 241 his
1627 215 1702 242 meis
1714 213 1819 243 litteris
1837 211 1895 244 effe
1916 211 2042 242 factum.
2065 215 2104 241 In

1148 264 1200 302 tuo
1212 261 1276 284 toto
1288 260 1429 290 imperto,
1441 260 1526 292 atque
1536 256 1690 292 provincia
1700 255 1779 284 nihil
1789 254 1832 285 est
1841 275 1849 289 ,
1861 254 1942 296 quod
1953 254 2029 284 mihi
2041 262 2105 295 gra-

1151 306 1207 326 tius
1218 294 1313 340 facere
1323 290 1421 332 poffis.
1433 293 1515 333 Jam,
1524 294 1601 332 apud
1612 295 1710 334 ipsum
1721 295 1919 337 gratissimum
1931 296 2112 335 hominem,L

1148 347 1233 378 atque
1253 344 1406 375 optimum
1416 344 1515 381 virum
1527 354 1535 368 ›
1558 336 1647 375 quam
1659 337 1734 367 bene
1752 337 1899 378 positurus
1919 337 1953 368 sis
1971 336 2115 367 studium*

1153 388 1240 410 tuum
1253 397 1260 411 ‚
1276 385 1361 417 atque
1371 373 1521 408 officium,
1536 376 1667 407 dubitare
1676 387 1704 408 te
1714 389 1776 408 non
1790 379 1945 410 existimo,

1291 420 1430 447 M.T.C.
1456 419 1682 448 THERMO
1704 422 1875 452 PROPR.
1899 423 1978 452 s.1).

1244 463 1376 503 Luvros
1387 460 1566 489 Puteolanus
1577 459 1660 490 valde
1675 471 1724 491 me
1734 462 1885 497 observat,
1909 462 2053 503 valdeque
2065 459 2108 491 est

1249 503 1325 532 'mihi
1346 500 1511 530 familiaris.
1542 504 1571 531 Is
1594 503 1634 531 ita
1649 501 1700 532 fibi
1719 503 1889 542 persuadet,
1913 503 1994 545 quod
2016 506 2112 533 intua

1157 546 1312 586 provincia
1332 545 1446 584 negotii
1466 542 1569 572 habeat
1587 562 1595 576 ‚
1617 541 1671 572 nisi
1692 552 1719 573 te
1736 546 1926 583 provinciam
1944 545 2112 577 obtinente,

1161 589 1238 616 meis
1258 583 1767 619 commendationibusconfecerit‚
1788 586 1819 616 id
1828 587 1855 616 se
1874 588 1906 616 in
1916 586 2058 626 perditis,
2079 585 2114 616 δε

1158 629 1314 668 desperatis
1326 626 1508 656 habiturum.
1533 629 1634 659 Nunc,
1644 637 1738 667 quum
1750 629 1828 657 mihi
1838 627 1875 658 ab
1884 629 1983 658 amico
1992 626 2113 657 officio-

1160 669 1270 700 siffimo
1289 677 1406 699 tantum
1426 668 1527 697 oneris
1546 670 1733 707 imponitur,
1755 679 1937 710 egoquoque
1948 668 2115 708 tibiimpo-

1163 723 1231 742 nam
1256 721 1308 751 pro
1332 712 1389 740 tuis
1409 711 1441 739 in
1461 719 1510 739 me
1528 709 1656 739 summis
1676 708 1806 740 officiis:
1826 713 1867 740 ita
1876 711 1995 743 tamen,
2017 709 2116 740 uttibi

1163 754 1262 784 nolim
1285 750 1430 782 molestus
1446 749 1516 781 ess‘e.
1541 751 1682 791 Mylaseis
1702 752 1735 782 &
1762 752 1941 782 Alabandeis
1958 751 2118 791 pecuniam

1165 796 1275 827 Cluvio
1294 793 1412 824 debent.
1436 795 1561 823 Dixerat
1579 794 1657 823 mihi
1681 793 1908 833 Euthydemus,
1928 792 1999 824 cum
2012 789 2117 832 Ephesi

1168 837 1256 868 estem
1270 857 1278 870 ‚
1292 836 1317 880 se
1331 844 1501 869 curaturum
1513 854 1522 869 ,
1535 845 1567 864 ut
1578 835 1674 868 ecdici
1684 834 1799 873 Mylasii
1815 838 1949 866 Romam
1962 837 2119 865 mitteren—

1168 890 1224 910 tur.
1248 879 1282 909 Id
1300 877 1414 908 istium
1433 887 1498 907 non
1515 875 1575 906 est:
1597 879 1721 917 Legatos
1744 877 1837 908 audio
1860 876 1966 907 missos
1983 873 2052 905 effe.
2071 873 2119 912 sed

1169 923 1251 951 malo
1263 920 1381 950 ecdicos
1392 939 1400 953 ‚
1420 928 1453 950 ut
1460 918 1572 959 aliquid
1585 918 1694 949 confici
1704 917 1799 959 poffit.
1823 921 1920 960 Qare
1929 927 1998 959 peto
2008 917 2023 948 Ξι
2033 927 2060 947 te
2071 937 2079 951 ‚
2091 924 2123 946 ut

1169 963 1202 993 &
1213 962 1312 996 cos,&
1323 960 1609 1000 Alabandeisjubeas
1621 961 1738 991 ecdicos
1750 963 1883 990 Romam
1896 969 2025 990 mittere.
2047 961 2127 990 Prae-

1168 1012 1245 1042 terelt
1263 1011 1396 1042 PhilOtes
1422 1008 1632 1039 Alabandensis
1649 998 1819 1045 ⁷.thth
1840 1010 1949 1040 Cluvio
1965 1008 2059 1039 dedit.
2081 1010 2126 1038 hae

1169 1050 1337 1084 commiss'ae
1346 1052 1420 1081 sunt.
1445 1052 1547 1080 Velim
1558 1060 1652 1083 cures,
1662 1051 1795 1081 utautde
1806 1052 1982 1091 hypothecis
1992 1049 2125 1083 decedat,

1172 1096 1276 1135 easque
1294 1092 1534 1133 procuratoribus
1550 1093 1650 1121 Cluvii
1677 1092 1782 1122 tradat:
1795 1095 2012 1133 autpecuniam
2024 1092 2126 1122 solvat.

1173 1140 1313 1168 Praeterea
1325 1133 1508 1164 Heracleotae
1518 1153 1526 1167 ,
1548 1133 1580 1163 8(
1593 1134 1744 1174 Bargiletae
1755 1153 1763 1167 ,
1774 1136 1825 1174 qui
1836 1136 1909 1164 item
1924 1134 2035 1164 debent
2047 1154 2054 1166 .
2078 1135 2129 1163 aut

1174 1178 1333 1219 pecuniam
1353 1175 1468 1205 solvant
1479 1195 1486 1209 ‚
1505 1183 1555 1205 aut
1574 1174 1722 1205 frufflbus
1740 1175 1801 1205 suis
1812 1175 2000 1206 satisfaciant.
2022 1175 2132 1205 Caunii

1178 1228 1315 1261 praeterea
1325 1216 1446 1247 debent:
1457 1216 1506 1246 sed
1518 1217 1601 1255 ajunt
1609 1218 1639 1247 se
1649 1215 1809 1256 depositam
1821 1218 1979 1258 pecuniam
1990 1213 2129 1246 habuiffe.

1178 1263 1212 1293 Id
1225 1262 1318 1292 velim
1329 1260 1486 1300 cognoscas
1499 1270 1504 1288 ι
1516 1259 1560 1292 ὃς,
1573 1257 1593 1288 si
1606 1256 1856 1292 intellexeris‚eos
1867 1269 1965 1300 neque
1974 1267 2011 1288 ex
2020 1256 2134 1290 edisio,

1179 1313 1275 1344 neque
1285 1311 1323 1332 ex
1334 1301 1454 1331 decreto
1464 1299 1625 1341 depositam
1636 1299 1779 1334 habuisse,
1794 1300 1844 1331 des
1855 1310 1988 1341 operam,
2002 1308 2034 1330 tit
2042 1299 2137 1330 usurae

1183 1346 1305 1378 Cluvio,
1317 1342 1454 1373 instituto
1464 1351 1517 1372 tuo
1531 1343 1753 1373 conserventur.
1779 1345 1836 1373 His
1845 1342 1882 1373 de
1896 1342 1984 1372 rebus
1993 1351 2030 1372 eo
2039 1351 2089 1371 ma
2111 1342 2136 1369 is

1182 1387 1295 1419 laboro,
1310 1384 1392 1426 quod
1402 1386 1498 1426 agitur
1507 1393 1553 1414 res
1563 1387 1619 1414 Cn.
1632 1385 1769 1424 Pompeji
1779 1404 1787 1417 ,
1799 1387 1890 1415 etiam
1903 1383 1998 1414 nostri
2009 1393 2080 1414 nece
2104 1381 2139 1412 'a-

1183 1432 1238 1460 ri1:
1256 1429 1288 1458 &
1307 1426 1389 1468 quod
1408 1428 1432 1456 is
1443 1428 1536 1466 magis
1549 1428 1638 1455 etiam
1650 1427 1729 1456 mihi
1745 1427 1874 1457 laborare
1884 1426 2001 1456 videtur
2012 1445 2021 1459 ‚
2044 1424 2136 1465 quam

1185 1471 1246 1512 ipse
1266 1470 1408 1500 Cluvius:
1429 1470 1478 1498 cui
1492 1467 1672 1498 satisfactum
1682 1466 1740 1497 effe
1750 1468 1766 1498 a
1776 1468 1866 1498 nobis
1876 1468 1960 1498 valde
1971 1467 2056 1497 volo.
2080 1467 2140 1496 His

1186 1514 1221 1544 de
1232 1512 1319 1542 rebus
1329 1519 1357 1540 te
1367 1511 1565 1539 vohementer
1577 1512 1666 1539 etiam
1676 1519 1763 1550 atque
1773 1511 1862 1540 etiam
1875 1520 1960 1550 rogo.
1983 1509 2066 1539 Vale.

1313 1553 1503 1599 CICERO
1525 1552 1594 1581 TH
1609 1553 1769 1585 ERMO,
1788 1553 1962 1582 PROPR.
1985 1553 2013 1581 S.

1194 1595 1333 1681 QUO
1353 1595 1446 1633 magis
1468 1592 1605 1638 quotidie
1621 1602 1660 1623 ex
1678 1593 1785 1623 litteris
1803 1613 1812 1627 ‚
1835 1592 2008 1633 nuntiisque
2025 1590 2142 1621 bellum

1284 1645 1427 1676 magnum
1438 1633 1496 1664 efle
1505 1637 1537 1664 in
1547 1637 1629 1674 Syria
1637 1635 1787 1676 cognosco
1797 1655 1806 1670 ,
1819 1645 1856 1665 eo
1866 1631 2077 1664 vehementius
2087 1635 2102 1662 ὰ
2113 1641 2143 1662 te

1189 1688 1243 1720 pro
1262 1678 1364 1708 nostra
1381 1675 1595 1707 neceffitudine
1606 1676 1758 1707 contendo
1769 1697 1777 1711 ‚
1796 1686 1830 1707 ut
1839 1678 1917 1706 mihi
1929 1679 1972 1705 M.
1985 1676 2146 1705 Anneium

1190 1723 1319 1760 legatum
1331 1720 1430 1759 primo
1438 1728 1559 1759 quoque
1569 1727 1704 1758 tempore
1714 1721 1857 1748 remittas.
1881 1720 1960 1748 Nam
1973 1718 2036 1755 ejus
2046 1723 2146 1756 opera,

1192 1760 1319 1793 consilio
1329 1781 1338 1794 ,
1352 1760 1471 1790 scientia
1484 1761 1525 1789 rei
1537 1760 1673 1790 militaris
1685 1779 1692 1792 ,
1705 1760 1752 1789 vel
1768 1759 1902 1790 maxime
1915 1759 2053 1798 intelligo
2065 1777 2073 1792 ,
2083 1766 2146 1790 me,

1194 1804 1227 1834 δε
1246 1812 1340 1842 remp.
1361 1801 1492 1840 adjuvari
1503 1799 1595 1841 posse.
1618 1800 1709 1839 Quod
1721 1800 1774 1831 nifi
1786 1810 1866 1831 tanta
1876 1810 1920 1830 res
1932 1800 1996 1839 ejus
2003 1807 2147 1839 ageretur,

1194 1855 1250 1876 nec
1261 1845 1321 1884 ipse
1330 1843 1436 1873 adduci
1446 1841 1597 1883 potuisset,
1610 1852 1642 1873 ut
1651 1842 1667 1873 ὲ
1680 1853 1729 1873 me
1739 1843 1902 1873 discederet
1914 1851 2028 1882 :neque
2038 1850 2105 1882 ege,
2116 1847 2150 1870 ut

1195 1896 1266 1917 eum
1284 1886 1301 1916 a
1319 1895 1368 1915 me
1388 1885 1585 1915 dimitterem.
1608 1887 1672 1926 Ego
1691 1887 1722 1914 in
1742 1885 1880 1915 Ciliciam
1890 1882 2039 1923 proficisci
2049 1882 2151 1922 cogito

1195 1930 1313 1959 circiter
1332 1927 1399 1957 Kal.
1423 1928 1496 1966 Maj.
1517 1929 1596 1957 Ante
1613 1936 1679 1956 eam
1702 1926 1785 1956 diem
1798 1929 1935 1957 Anneius
1946 1925 1982 1955 ad
1996 1934 2046 1954 me
2054 1923 2153 1954 redeat

1197 1978 1324 2011 oportet.
1349 1968 1427 1998 Illud
1441 1989 1449 2002 ,
1473 1968 1555 2009 quod
1567 1977 1666 1998 tecum
1679 1968 1711 1998 ὃς
1720 1970 1821 1999 coram
1834 1988 1843 2003 ‚
1856 1969 1887 1998 δε
1898 1977 1949 2007 per
1960 1967 2072 1997 litteras
2080 1965 2154 1995 dili-

1197 2009 1365 2054 gentiffime
1384 2012 1448 2051 egi,
1467 2010 1497 2040 id
1523 2010 1557 2040 &
1568 2020 1648 2040 nunc
1658 2013 1748 2040 etiam
1761 2019 1850 2050 atque
1859 2012 1949 2040 etiam
1961 2018 2034 2050 rogo
2045 2027 2054 2041 ,
2077 2015 2154 2037 curae

1199 2055 1256 2085 tibi
1268 2052 1300 2084 fit
1310 2074 1318 2087 ‚
1330 2062 1362 2083 ut
1373 2053 1459 2083 suu-m
1473 2054 1640 2093 negotium,
1652 2052 1731 2092 quod
1743 2053 1830 2082 habet
1839 2061 1907 2083 cum
1918 2052 2032 2091 populo
2042 2049 2155 2080 Sardia-

1201 2107 1242 2127 no
1254 2116 1262 2130 ‚
1285 2105 1338 2135 pro
1348 2095 1441 2125 causae
1451 2098 1572 2124 veritate
1583 2113 1592 2128 ,
1611 2094 1643 2124 ὃ(
1654 2103 1709 2134 pro
1720 2094 1768 2124 sua
1779 2094 1921 2136 dignitate
1932 2090 2079 2123 conficiat.
2103 2092 2156 2119 In-

1201 2138 1305 2169 tellexi
1318 2147 1354 2167 ex
1366 2146 1414 2166 tua
1423 2138 1559 2167 oratione
1570 2156 1578 2169 ,
1590 2135 1660 2166 curn
1672 2145 1771 2166 tecum
1783 2133 1891 2176 Ephefi
1900 2135 2018 2164 locutus
2028 2133 2093 2162 sum
2107 2151 2115 2164 ,
2126 2139 2155 2161 te

1202 2178 1291 2221 ipsius
1312 2181 1355 2208 M.
1374 2179 1486 2208 Anneii
1509 2177 1591 2208 causa
1608 2179 1713 2207 omnia
1723 2177 1810 2207 velle.
1831 2176 1887 2207 Sed
1902 2184 2002 2206 tamen
2014 2172 2052 2204 fic
2061 2173 2155 2203 velim

1202 2221 1357 2252 existimes
1369 2240 1377 2254 ‚
1391 2230 1416 2250 te
1428 2221 1506 2249 mihi
1521 2219 1599 2249 nihil
1609 2221 1719 2260 gratius
1728 2218 1821 2249 facere
1830 2216 1922 2258 posse,
1934 2215 2024 2257 quam
2037 2213 2056 2244 si
2067 2214 2159 2244 intel-

1204 2265 1307 2294 lexero
1318 2283 1326 2297 =
1346 2266 1397 2302 Per
1407 2270 1434 2292 te
1446 2281 1454 2295 ‚
1468 2262 1556 2291 illum
1569 2262 1664 2301 ipsum
1678 2262 1835 2301 negotium
1846 2269 1884 2290 ex
1895 2259 2039 2288 sententia
2052 2255 2159 2287 confe-

1203 2304 1283 2336 ciffe.
1315 2304 1410 2344 quue
1428 2303 1519 2344 quam
1537 2301 1675 2343 primum
1701 2312 1735 2332 ut
1758 2299 1867 2332 efficias
1889 2319 1899 2334 ‚
1919 2308 1946 2331 te
1965 2301 2055 2330 etiam
2073 2307 2159 2339 atque

1206 2356 1295 2377 etiam
1306 2355 1388 2385 rogo.

1268 2390 1312 2417 M.
1333 2387 1519 2417 CICERO
1541 2387 1738 2416 C-TITIO
1759 2387 1794 2415 L.
1807 2387 1839 2415 F.
1861 2386 2018 2418 RUFO,
2038 2384 2109 2414 PR.

1542 2430 1573 2457 U
1583 2430 1610 2457 R
1625 2429 1645 2456 Β
1654 2431 1682 2457 Α
1692 2430 1722 2457 N
1735 2429 1762 2457 O
1774 2446 1782 2460 2
1800 2429 1829 2457 S.

1326 2473 1515 2500 Cos-rimus
1529 2468 1571 2499 est
1581 2469 1700 2500 tribulis
1715 2489 1723 2503 ‚
1736 2468 1769 2498 δε
1784 2469 1953 2508 municeps,
1966 2465 2165 2500 &familiaris

1299 2513 1307 2522 ‘
1326 2522 1425 2542 meus.
1448 2514 1477 2541 Is
1491 2511 1606 2541 causam
1618 2511 1706 2541 habet
1716 2521 1721 2539 2
1732 2520 1823 2551 quam
1835 2511 1951 2540 causam
1961 2509 1996 2539 ad
2007 2518 2034 2539 te
2043 2507 2166 2537 deferet.

1188 2577 1189 2594 3
1211 2554 1407 2584 Commendo
1419 2553 1472 2583 tibi
1484 2554 1644 2582 hominem
1655 2573 1663 2586 ‚
1674 2551 1756 2582 sicuti
1766 2561 1815 2582 tua
1826 2551 1899 2582 fides
1909 2571 1917 2585 ‚
1931 2551 1963 2581 &
1975 2559 2060 2580 meus
2069 2548 2167 2589 pudor

1213 2594 1353 2636 postulat:
1363 2595 1491 2628 tantum,
1506 2604 1537 2624 ut
1546 2594 1661 2624 facileis
1670 2594 1705 2624 ad
1716 2603 1743 2624 te
1753 2594 1848 2624 aditus
1859 2594 1970 2623 habeat:
1982 2595 1996 2612 ²
2006 2601 2068 2632 quae
2083 2600 2107 2619 π.
2129 2599 2166 2619 ua

1190 2674 1191 2682 ἵ
1211 2636 1393 2678 postulabit,
1413 2646 1445 2667 ut
1464 2636 1576 2666 libente
1597 2646 1625 2666 te
1644 2638 1799 2676 impetret:
1820 2635 1983 2675 sentiatque
2002 2641 2100 2662 meam
2122 2630 2166 2660 ibi

1212 2681 1377 2751 amiciriacin
1393 2699 1401 2713 ,
1421 2680 1510 2709 etiam
1521 2677 1592 2709 cum
1604 2676 1772 2720 longiffime
1787 2676 1878 2708 abfim
1891 2696 1900 2710 ,
1917 2673 2052 2716 prodesse
2064 2675 2095 2703 in
2105 2674 2168 2713 pri-

1213 2731 1274 2751 mis
1284 2731 1338 2761 apu
1370 2730 1409 2751 te.

1243 2766 1381 2793 M.T.C.
1405 2764 1474 2793 C.C
1490 2764 1659 2792 URTIO
1681 2759 2000 2792 PEDUCEANO
2021 2758 2145 2787 PRAE—

1573 2806 1602 2833 T
1612 2806 1638 2833 Ο
1648 2806 1674 2833 R
1686 2805 1700 2831 1
1712 2823 1721 2836 ,
1740 2806 1767 2832 S.
1781 2805 1820 2832 D.

1369 2849 1508 2876 Firmum
1527 2844 1732 2884 unicediligo
1744 2863 1752 2877 ,
1770 2844 1946 2884 summaque
1965 2842 2122 2871 mihicum
2132 2849 2170 2870 eo

1333 2885 1554 2918 ‘consuetudm
1575 2885 1608 2915 &
1626 2884 1810 2915 familiaritas
1831 2883 1873 2914 est
1891 2893 2037 2923 pervetus.
2061 2885 2096 2912 In
2107 2883 2172 2921 ejus

1217 2926 1428 2961 controversiis
1447 2927 1520 2969 quid
1541 2927 1699 2959 decernas,
1719 2926 1773 2956 ate
1784 2936 1848 2956 non
1858 2935 1929 2967 peto
1952 2924 2120 2964 (servabis,
2139 2931 2174 2953 ut

2123 2974 2173 2995 tua

258 3049 280 3067 1.
299 3043 345 3064 Pro
353 3041 430 3071 nostra
439 3039 616 3072 conjunt'liffima‘
632 3038 816 3072 neccffitudine]
838 3037 936 3072 Saepjns
946 3036 973 3062 in
985 3035 1042 3062 mff.
1054 3044 1101 3070 pro
1112 3034 1172 3066 hoc,

214 3078 344 3110 neceffl‘tate
354 3075 450 3110 reperi,
464 3075 527 3100 ficut
544 3075 585 3099 liic
595 3083 699 3109 quoque
709 3075 735 3100 in
749 3073 868 3104 Palatino
887 3071 961 3099 sexto
975 3070 1000 3097 ἶ(
1015 3070 1170 3106 Hittorpia-

215 3121 250 3140 no
263 3131 270 3143 ,
281 3113 308 3137 &
320 3110 445 3137 credibile
455 3110 489 3136 cst
501 3110 538 3135 ita
548 3109 702 3135 Ciceronem
714 3112 863 3143 >uastitatem
873 3107 996 3142 estuliffe
1008 3126 1016 3140 ‚
1037 3115 1118 3143 quum
1128 3106 1167 3135 ita

216 3148 304 3177 cxsur-
313 3147 417 3176 locutus
427 3145 478 3174 ess‘e
486 3144 694 3182 deprehendatur
705 3145 732 3174 in
742 3145 910 3181 fragmentis.

1250 3041 1278 3057 2.
1312 3039 1318 3048 ’
1331 3040 1357 3055 ‹ae
1367 3029 1564 3064 aequaptfiulabit
1575 3046 1583 3058 ,
1594 3034 1621 3052 ur
1629 3029 1713 3053 libente
1722 3034 1744 3052 te
1752 3028 1884 3062 impetret]
1906 3027 1997 3053 Placet
2007 3028 2057 3059 iam
2068 3027 2122 3052 haec
2133 3027 2174 3052 le-

1213 3067 1268 3094 ctio
1278 3065 1445 3092 Lanibino‘in
1456 3064 1540 3100 prim-‚i
1561 3063 1679 3089 editione
1696 3063 1841 3099 posthabita
1853 3064 1965 3099 vulgata:
1978 3082 1986 3096 ,
2001 3058 2036 3089 ‘ut
2046 3064 2143 3096 jubente
2151 3069 2175 3088 te

1211 3107 1325 3136 ''rupert-et.
1338 3103 1402 3127 Earn
1413 3106 1484 3126 certe
1497 3100 1522 3126 in
1535 3099 1681 3126 editionum
1692 3100 1830 3135 primaria,
1843 3099 1982 3130 Palatinis,
1993 3098 2111 3125 Vaticani
2122 3107 2172 3124 ex-

1209 3138 1318 3174 cerptis,
1329 3136 1464 3167 stewech.
1479 3136 1603 3172 Hittorp.
1615 3134 1726 3164 eandem
1737 3145 1842 3173 quoque
1853 3134 1926 3164 reste
1935 3133 2039 3164 admisit
2048 3133 2150 3163 vietor.

2126 422 2171 462 56

2157 1561 2203 1598 57

2176 2388 2221 2429 58

2183 2768 2231 2802 59

2100 3173 2201 3196 1.Me.
