2295 3400
161 142 263 189 424
569 118 1114 168 MTULL11*

163 219 280 240 mariun
292 206 518 247 rerumjudiciis
534 203 637 234 testem
652 200 801 241 diligenter
816 197 972 240 expenditis.
996 197 1086 225 etiam
1099 193 1118 223 si

164 252 296 282 sormam
309 251 442 279 hominis
453 267 460 280 ‚
482 245 501 276 si
515 255 628 275 nomen
642 265 649 277 ,
670 242 689 272 si
708 243 820 273 tribum
832 239 927 270 nostis
939 259 947 271 ,
969 247 1067 267 mores
1078 246 1120 266 ta-

168 304 241 323 men
262 289 463 330 exquirendos
480 289 597 327 putatis.
622 290 630 305 ¹
645 295 694 325 qui
708 293 807 313 autem
824 282 896 312 dicit
910 279 1120 310 testimonium

168 345 206 365 ex
218 333 325 363 nostris
335 330 513 360 hominibus
526 349 534 362 ,
551 338 581 358 ut
594 327 691 366 seipse
705 325 841 355 sustentat
855 326 859 352 l
877 331 908 352 ut
919 323 1023 351 omnia
1035 320 1123 350 verba

170 376 340 405 moderatur
351 376 356 402 ¹.
369 382 399 402 ut
411 374 496 402 timet
507 391 514 403 ‚
528 369 642 409 nequid
654 367 762 407 cupide
772 386 779 399 ‚
793 376 829 395 ne
840 364 911 405 quid
923 362 1073 395 iracunde,
1086 372 1123 391 ne

169 417 316 457 quidplus
327 435 334 448 ‚
356 413 493 444 minusve
505 432 513 445 ‚
532 421 622 451 quani
634 406 787 439 sitnecess'e
802 428 809 440 ,
830 407 908 436 dicat
927 408 931 434 Ε
956 407 1042 435 Num
1054 404 1123 434 illos

168 460 211 488 idi
222 469 250 487 ni
262 459 370 496 putatis
383 459 392 484 ἓ
407 452 723 496 quibusjugjurandum
733 451 806 485 jocus
817 447 859 477 erl
869 459 880 475 .·
901 446 1120 478 testimonium,

169 500 272 529 ludus:
288 497 472 528 existimatio
482 495 591 527 vestra,
610 493 755 524 tenebrae:
776 491 855 523 laus,
873 498 1002 521 merces,
1023 490 1122 529 gratia,

168 542 341 582 gratulatio,
365 535 513 579 propofita
532 535 574 566 est
592 537 695 566 omnis
712 536 744 563 in
763 531 936 572 impudenti
954 530 1123 559 mendacio.

168 582 224 614 Sed
238 592 299 612 non
311 581 441 610 dilatabo
452 580 620 609 orationem
633 585 741 606 meam.
765 576 879 604 etenim
893 571 988 612 poss'et
1003 569 1060 601 esse
1077 572 1125 599 in-

170 623 255 654 finita
267 645 275 656 ,
295 621 316 652 si
335 623 414 652 mihi
433 622 524 652 libeat
540 621 630 650 totius
644 619 740 660 gentis
751 619 783 647 in
796 615 980 646 testimoniis
990 611 1125 643 dicendis

169 667 315 706 explicare
325 666 498 694 vanitarem.
521 665 535 682 ²
546 661 593 692 sed
604 659 728 701 propius
747 658 899 688 accedam:
918 656 954 685 de
965 656 1011 684 his
1021 653 1123 684 vestris

169 708 294 738 testibus
305 707 413 737 dicam.
425 706 645 735 vehementem
657 701 856 732 accusatorem
867 697 946 728 naCti
958 697 1131 735 sumus‚ju—.

170 750 269 782 diets,
290 749 323 778 ὃς
337 749 502 778 'inimicum
521 748 555 775 in
573 746 661 774 omni
677 752 783 784 genere
802 740 943 771 odiosum
956 758 964 772 ‚
983 749 1014 768 ac
1028 738 1124 767 mole-

173 791 252 822 stum
268 802 271 819 :
294 794 304 818 3
317 799 407 830 quem
421 789 505 828 spero
521 789 565 816 his
583 786 669 816 rebus
683 784 748 814 fore
763 792 872 823 magno
886 782 950 811 usui
967 781 998 809 ὃς
1009 780 1124 812 amicis,

172 834 205 864 δε
217 835 288 873 reip.
302 832 350 863 sed
361 831 440 861 certe
452 828 655 860 inflammatus
670 825 841 856 incredibili
853 823 1012 863 cupiditate
1024 841 1031 854 ‚
1054 822 1126 850 hanc

171 875 288 906 causam
299 894 307 907 ‚
320 873 601 911 accusationemque
613 869 744 907 suscepit.
759 868 809 907 qui
821 868 980 895 comitatus
992 874 1019 891 m
1030 862 1126 902 inqui-

172 917 266 947 rendo?
279 918 458 946 comitatum
467 913 549 943 dico?
561 910 660 941 immo
670 907 743 939 vero
753 916 880 948 quantus
893 907 1052 936 exercitus?
1062 912 1126 943 qua:

169 958 301 1000 jactura?
317 960 370 999 qui
381 956 495 987 sumtus
507 957 516 983 ?
529 962 636 994 quanta
646 952 763 991 largitio
776 952 785 978 ?
798 958 863 989 quie
875 955 1057 989 quamquam
1070 946 1126 974 uti-

171 1003 212 1032 lia
223 1001 290 1031 sunt
299 999 389 1031 causa:
402 1018 409 1032 ‚
422 996 528 1028 timide
538 1004 637 1026 tamen
646 993 726 1026 dic03
738 990 820 1032 quod
832 1000 936 1020 vereor
946 1009 953 1022 ‚
967 998 1005 1018 ne
1016 987 1128 1018 Laelius

173 1049 214 1074 ex
225 1044 271 1073 his
282 1043 369 1072 rebus
382 1061 390 1073 ,
407 1049 478 1080 quas
489 1037 541 1068 sibi
553 1036 677 1075 suscepit
684 1035 788 1076 gloriae
798 1033 880 1062 causa
890 1052 898 1065 ‚
912 1040 992 1070 putet
1002 1028 1125 1070 aliquid,

177 1093 312 1116 oratione
323 1093 400 1114 mea,
412 1082 558 1112 sermonis
568 1080 600 1107 in
612 1077 669 1107 sese
680 1097 688 1110 ,
700 1085 748 1106 aut
759 1074 881 1104 invidiae
891 1072 948 1102 effe
958 1070 1124 1113 quaesitum.

138 1120 159 1153 6
178 1131 278 1168 Itaque
291 1127 365 1154 hanc
375 1132 488 1163 partem
499 1130 593 1151 totam
606 1119 792 1158 relinquam:
815 1115 933 1146 tantum
945 1114 960 1144 ii
973 1114 1060 1142 vobis
1076 1121 1128 1151 pe—

145 2185 164 2217 *j

177 1179 237 1199 tam
251 1189 258 1202 ,
269 1167 384 1207 judices
395 1185 403 1199 ,
415 1172 466 1197 ut,
479 1161 500 1192 1³2
510 1161 582 1203 quid
592 1160 645 1202 ipsi
654 1159 775 1191 audistis
785 1157 1011 1195 communifama
1021 1176 1028 1187 ,
1042 1163 1127 1194 atque

174 1212 312 1241 sermone
324 1229 332 1242 ‚
347 1207 382 1238 de
392 1208 441 1240 vi,
457 1205 493 1235 de
505 1214 596 1234 manu
607 1224 616 1236 ,
631 1203 668 1233 de
677 1203 766 1232 armis
775 1220 783 1235 ,
799 1200 835 1229 de
845 1201 957 1239 copiis:
976 1198 1125 1226 memine-

173 1254 237 1282 ritis
248 1273 256 1285 ,
273 1259 399 1292 quarum
419 1257 519 1278 rerum
538 1245 652 1276 invidia
663 1265 671 1278 ‚
692 1244 756 1284 lege
773 1243 827 1278 hac
842 1241 974 1273 recenti,
991 1248 1023 1268 ac
1033 1247 1123 1270 nova,

171 1303 269 1324 certus
279 1292 321 1323 est
330 1288 517 1332 inquisitioni
527 1289 678 1319 comitum
690 1293 833 1320 numerus
842 1282 1030 1313 constitutus.
1055 1279 1122 1312 Sed,

170 1346 207 1366 υτ
219 1337 293 1366 hanc
301 1336 366 1364 vim
377 1334 515 1363 omittam
525 1351 533 1365 ‚
545 1328 712 1371 quantailla
721 1328 788 1361 sunt
797 1328 806 1354 ἓ
815 1336 882 1368 quae
890 1326 1035 1366 quoniam
1046 1332 1128 1351 accu-

167 1379 275 1419 letorio
285 1378 369 1416 jare,
391 1376 424 1405 ὃς
435 1384 519 1405 more
530 1371 702 1406 sumi-aeui,
721 1367 934 1421 reprehendere
952 1376 1016 1396 non
1028 1361 1130 1406 possu-

172 1430 265 1453 mus,
285 1421 368 1460 queri
380 1427 480 1448 tamen
490 1418 629 1458 cogimur
643 1425 647 1444 ;
664 1416 799 1454 primum
811 1432 820 1445 ,
838 1409 922 1452 quod
934 1429 943 1443 ‚
964 1407 1128 1438 distributis

173 1461 302 1502 partibus
315 1481 323 1493 ,
345 1461 443 1490 sermo
460 1458 501 1489 est
519 1466 580 1488 tota
592 1455 657 1487 Asia
673 1453 823 1494 dissipatus
837 1473 845 1487 ,
866 1455 920 1482 Cn.
933 1450 1126 1490 Pompeium,

172 1503 257 1544 quod
278 1505 313 1533 L.
327 1503 430 1532 Flacco
450 1500 491 1531 est
511 1500 708 1530 vehementer
725 1498 869 1526 inimicus
879 1514 887 1526 ‚
914 1489 1102 1523 contendifl'e
1112 1490 1128 1519 a

176 1545 272 1576 Laelio
286 1565 294 1577 ,
316 1553 438 1584 paterno
449 1544 548 1573 arnico
558 1562 566 1574 ‚
586 1551 619 1570 ac
628 1535 842 1580 pernecessario
851 1556 859 1570 ,
883 1545 915 1566 ut
924 1536 1004 1564 hunc
1014 1535 1072 1563 hoc
1079 1533 1090 1572 j
1096 1542 1128 1562 u-

174 1588 194 1618 d
201 1590 258 1617 icio
268 1584 417 1616 arcesseret
427 1595 431 1613 1
444 1593 629 1623 omnemque
638 1584 665 1611 ei
676 1582 757 1612 suam
767 1578 984 1610 auctoritatem,
994 1577 1127 1617 gratiam,

171 1631 276 1669 copias
287 1647 295 1662 ‚
317 1637 387 1667 opes
402 1625 436 1656 ad
454 1628 509 1656 hoc
519 1626 677 1664 negotium
687 1619 913 1653 conficiendum
924 1614 1071 1651 detulisse.
1096 1615 1130 1645 Id

174 1673 235 1701 hoc
246 1669 437 1700 verisimilius
447 1669 559 1698 Graecis
577 1664 755 1696 hominibus
772 1662 943 1695 videbatur,
967 1661 1016 1701 qui
1029 1657 1131 1699 paullo

175 1723 246 1743 ante
262 1711 443 1742 familiarem
456 1709 585 1739 Lcelium
603 1709 636 1736 in
652 1706 756 1736 eadem
767 1704 923 1745 provincia
932 1702 1036 1733 Flacco
1046 1700 1131 1730 vide-

170 1764 253 1786 ·1ant.
268 1755 406 1792 Pompeii
415 1761 515 1781 autern
524 1749 681 1780 aii&oi⁴itas
691 1743 764 1779 cum
775 1746 850 1787 apud
860 1746 979 1777 omneis
989 1752 1068 1774 tanta
1077 1741 1131 1775 est,

177 1805 287 1838 quanta
295 1794 352 1825 efl‘e
361 1794 449 1824 debet
457 1813 465 1826 ,
477 1802 544 1822 tum
553 1791 674 1821 excellit
682 1792 714 1819 in
726 1789 778 1819 ista
789 1789 944 1829 provincia
953 1807 961 1820 ‚
973 1796 1063 1827 quam
1075 1794 1134 1814 nu-

177 1839 272 1880 per&
281 1837 458 1877 praedonum
468 1854 476 1868 ‚
496 1835 642 1875 &regum
652 1832 732 1862 bello
741 1831 887 1861 liberavit.
911 1829 1060 1868 Adjunxit
1070 1827 1130 1860 illa,

180 1890 215 1912 ut
223 1890 275 1910 eos
285 1900 293 1913 ,
313 1878 469 1919 quidomo
480 1878 561 1906 exire
570 1873 715 1904 nolebant
725 1893 734 1906 ‚
752 1870 1133 1902 testimoniidenuntiatio-

180 1933 220 1952 ne
231 1930 350 1952 terreret
362 1931 367 1948 ·.
384 1921 437 1960 qui
448 1918 534 1948 domi
545 1916 616 1946 stare
626 1925 690 1945 non
701 1923 837 1954 poterant
846 1933 854 1947 ,
864 1914 943 1953 largo
953 1931 962 1945 ‚
975 1910 1134 1942 &liberali

176 1965 289 1994 viatico
298 1969 517 1993 commoveret.
540 1960 588 1989 Sic
599 1957 768 1987 adolescens
779 1975 787 1989 ‚
798 1956 914 1996 ingenii
923 1954 1029 1993 plenus
1039 1972 1047 1986 ‚
1059 1953 1134 1982 locu-

175 2006 268 2047 pi'ereifs
278 2012 356 2034 metu
366 2023 374 2037 ‚
393 2010 491 2032 renum
499 2000 610 2042 praemio
620 2019 628 2033 ,
639 1996 740 2034 stui'tos
749 2007 835 2026 errore
842 2003 996 2038 permovit.
1018 1993 1057 2024 fic
1068 1995 1085 2024 s
1082 2005 1098 2023 u
1103 2003 1135 2023 nt

180 2045 314 2088 express‘a
327 2045 380 2076 ista
392 2045 527 2084 praeclara
537 2062 545 2076 ,
563 2051 630 2083 quae
640 2043 800 2071 recitantur
810 2058 818 2073 ,
836 2038 1030 2079 psephismata
1042 2056 1051 2070 ‚
1070 2045 1135 2066 non

171 2090 336 2120 ⁴sententiis
348 2108 356 2120 ‚
371 2095 468 2126 neque
477 2082 703 2118 auetoritatibus
712 2082 864 2113 declarata,
878 2090 934 2110 nec
943 2080 952 2118 j
957 2079 1017 2118 urej
1023 2077 1136 2109 urando

177 2129 340 2162 consti-ieta
350 2149 358 2162 ,
373 2128 421 2159 sed
431 2125 608 2168 porrigenda
616 2134 708 2154 manu
717 2143 726 2157 ‚
741 2121 1013 2163 profundendoque
1023 2121 1137 2150 clamo—

181 2183 212 2203 re
225 2170 429 2202 multitudinis
439 2177 604 2200 concitarat.
626 2169 653 2195 O
664 2174 781 2194 morem
792 2164 964 2204 praeclarum
976 2183 984 2197 ‚
1004 2162 1137 2202 discipli-

182 2224 326 2255 namque,
352 2221 442 2252 quarn
452 2210 467 2241 Ξι
478 2209 642 2248 majoribus
651 2208 820 2246 accepimus
830 2225 838 2239 ,
858 2203 878 2234 si
887 2204 1012 2245 quidem
1021 2213 1137 2234 tenere-

181 2266 252 2287 mus
265 2259 270 2284 !
291 2254 340 2285 sed
352 2253 450 2283 nescio
465 2261 525 2292 quo
539 2249 626 2291 paeto
641 2250 703 2290 jam
714 2248 750 2278 de
760 2246 900 2276 manibus
910 2246 1046 2276 elabitur.
1069 2245 1138 2275 nul—

181 2299 243 2329 lam
254 2297 300 2327 illi
310 2294 405 2326 nostri
421 2290 645 2333 sapientissimi,
666 2286 947 2320 &sanEtiss'imiviri
959 2307 967 2321 ,
987 2289 1051 2317 vim
1063 2296 1137 2316 con-

183 2341 282 2370 cionis
293 2336 350 2368 effe
359 2336 530 2367 voluerunt.
553 2343 619 2374 quae
630 2331 761 2363 scisceret
769 2330 871 2370 plebes
881 2349 889 2362 2
909 2337 958 2358 aut
966 2339 1031 2369 quae
1040 2338 1138 2367 popu-

183 2382 231 2411 lus
239 2380 372 2420 juberet:
392 2378 543 2408 summota
550 2376 700 2405 concione
710 2392 719 2407 ‚
738 2371 903 2402 distributis
913 2370 1042 2410 partibus
1055 2389 1063 2402 ‚
1086 2369 1138 2398 tri-

185 2425 284 2453 butim
298 2441 305 2455 ,
319 2421 350 2451 &
359 2419 550 2450 centuriatim
561 2416 713 2455 descriptis
722 2412 890 2445 ordinibus,
901 2410 1037 2442 classibus
1047 2431 1056 2444 ,
1070 2419 1138 2440 aeta-

186 2466 276 2498 tibus,
287 2463 396 2493 auditis
405 2459 588 2491 autitoribus,
599 2469 629 2487 re
640 2456 754 2487 multos
763 2454 829 2485 dies
838 2453 1033 2495 promulgata,
1045 2452 1077 2482 δε
1085 2462 1138 2481 co-

185 2509 266 2547 gnita
275 2525 283 2538 ‚
296 2506 302 2542 ι’
309 2505 390 2534 uberi
401 2523 409 2536 ‚
421 2503 571 2541 vetarique
583 2500 752 2530 voluerunt.
778 2499 952 2527 Graecorum
961 2503 1061 2525 autem
1070 2503 1139 2523 totae

183 2548 260 2587 resp.
268 2547 380 2586 sedentis
388 2545 516 2574 concionis
527 2543 691 2572 temeritate
702 2537 954 2569 administrantur.
979 2539 1078 2577 Itaque
1089 2556 1097 2569 ‚
1110 2546 1141 2565 ut

178 2592 261 2619 -lianc
272 2589 417 2617 Graeciam
428 2606 436 2619 ,
449 2595 515 2626 quae
524 2583 637 2623 jamdiu
648 2583 707 2612 suis
717 2578 851 2612 consiliis
862 2579 991 2620 perculsa
1000 2598 1009 2611 ,
1022 2579 1054 2608 δε
1065 2577 1141 2607 affli-

187 2631 234 2661 8ta
244 2629 285 2660 est
297 2649 306 2664 ‚
327 2637 466 2659 omittam
480 2638 485 2656 :
504 2627 556 2657 'illa
569 2634 653 2655 vetus
663 2644 672 2659 ,
693 2633 759 2665 quae
768 2621 923 2664 quondam
933 2620 1041 2661 opibus
1051 2639 1060 2654 ,
1082 2621 1142 2651 im—

184 2733 239 2737 ....
307 2733 416 2737 *i
439 2723 2038 2738 .-.—————-—-——————-——-———-—---—-

224 2773 253 2804 ¹¹.
268 2766 315 2796 εἶτα·
331 2772 380 2790 tum
390 2766 447 2789 dicit
464 2763 639 2797 testimonium]
661 2762 743 2790 Malui
756 2763 804 2789 lioc
815 2770 873 2788 cum
884 2759 1015 2797 plerisque
1025 2758 1094 2786 Pan.
1105 2758 1133 2785 &

185 2802 212 2827 S.
225 2801 339 2826 Victoris
353 2820 360 2831 ‚
371 2810 450 2835 quum
465 2801 599 2835 irrigatum
612 2807 699 2825 autem.

225 2846 251 2863 2.
262 2838 404 2869 strips-‘aptas
413 2838 531 2865 assantur.
543 2837 568 2860 dc
577 2836 624 2867 ris,
634 2835 702 2870 bynu]
715 2834 807 2861 Πὶξὶίο
819 2833 925 2861 accedam
936 2841 988 2860 non
999 2831 1034 2859 est
1043 2831 1072 2859 in
1082 2830 1139 2858 Pal.

186 2873 237 2899 ite.
248 2880 291 2899 aut
304 2874 393 2898 tertio.
404 2883 487 2907 neque
498 2871 640 2898 :idiiiodum
652 2874 794 2905 ›·eq1m·itm·.

200 2945 203 2949 Δ
225 2917 250 2944 3.
271 2910 342 2940 §RQ-m
356 2912 421 2941 spuo
439 2911 473 2933 lm*
494 2908 586 2941 ›eL-urs]
609 2907 786 2934 'l'ueturlianc
802 2906 944 2933 leftionem
963 2903 1139 2931 P.ViSt0rius

185 2944 234 2972 lib.
247 2954 296 2970 xxx
312 2953 344 2969 ιι.
357 2946 366 2967 l
380 2954 416 2969 ,un
431 2945 492 2969 leet.
512 2954 567 2979 cip.
579 2951 608 2978 9.
628 2943 669 2969 sed
681 2943 785 2969 deridet
796 2942 958 2972 Lambinu53
979 2941 1024 2977 qui
1037 2939 1139 2966 mavult

189 2990 248 3006 cum
260 2982 472 3020 lsa'e'rno·muri„aet:r
482 3001 489 3011 ‚
511 2991 524 3005 :i
536 2990 588 3014 quo
600 2989 681 3013 neque
701 2989 751 3015 ego
770 2979 964 3005 adhort-nerim.
985 2975 1041 3003 mss.
1053 2984 1139 3002 tamen

188 3018 269 3043 nostri
283 3015 348 3041 l’all.
360 3023 422 3040 item
435 3017 516 3041 sii-iit.
527 3016 553 3041 St
566 3017 592 3041 S.
605 3017 615 3040 i
628 3020 707 3041 ictor.
728 3025 837 3042 necnon
850 3014 948 3042 vetuste
960 3013 1011 3040 cust
1025 3013 1142 3039 retinent

189 3052 323 3079 mordicus
337 3071 343 3081 ,
355 3052 444 3077 verbis.

225 3096 253 3120 4.
273 3091 371 3120 cymam
389 3089 424 3112 use
434 3087 634 3119 wehmiqorar]
656 3085 734 3112 Haud
746 3087 823 3113 aliter
833 3084 1026 3115 emendandum
1054 3083 1143 3110 iit-„ibat

189 3124 330 3152 Turnebus
351 3123 396 3148 lib,
411 3133 477 3149 xxx.
497 3122 707 3157 eoniirinantque
720 3123 784 3148 l'all.
797 3123 926 3158 plerique.
945 3128 1021 3148 aute-,i
1041 3147 1043 3151 ,
1061 3119 1141 3155 geba-

188 3169 246 3188 inus
257 3163 356 3196 Cynicus
366 3179 374 3193 ‚
385 3160 436 3191 (ζ-ε.
457 3160 588 3187 ceterum
606 3158 634 3186 in
652 3158 745 3185 uostris
764 3159 868 3195 aliquot
882 3159 909 3186 St
920 3159 948 3186 S.
959 3157 1076 3190 Victoris
1087 3162 1143 3185 erat

1160 195 1242 234 perio
1252 213 1260 227 ,
1274 193 1369 232 gloria
1380 192 1481 224 floruit
1491 214 1499 228 ,
1516 196 1574 225 hoc
1584 205 1647 224 uno
1658 196 1739 225 malo
1751 195 1883 226 concidit
1894 216 1902 230 ‚
1917 195 2048 226 [Aberrare
2057 198 2118 227 im-

1162 236 1330 267 moderata,
1350 245 1381 265 ac
1400 235 1521 265 licentia
1537 247 1705 266 concionum.
1730 241 1807 268 Cum
1820 240 1852 267 in
1863 239 1975 269 theatro
1986 238 2119 279 imperiti

1162 113 1706 159 CicERoNis

1164 279 1303 307 homines
1315 296 1323 310 ,
1345 286 1444 324 rerum
1457 279 1598 312 omnium
1613 279 1698 308 rudes
1709 299 1718 312 ‚
1737 281 1891 320 ignarique
1908 279 2119 310 consederant:

1166 328 1229 366 tum
1248 318 1325 365 bella
1344 319 1465 362 inutilia
1483 319 1693 359 suscipiebant:
1714 330 1779 350 tum
1799 321 1955 352 seditiosos
1975 323 2120 351 homines

1165 361 1334 408 reipublicae
1345 360 1563 400 praehc'iebant:
1579 371 1644 391 turn
1655 363 1771 402 optime
1783 365 1905 393 meritos
1915 365 2007 394 civeis
2019 363 2034 392 ἐ
2045 364 2120 392 civi-

1165 412 1224 449 titex
1233 401 1399 441 ejiciebant.
1412 400 1515 442 ‚de
1532 400 1553 431 si
1570 404 1631 433 haec
1642 405 1767 437 Athenis
1783 413 1846 434 tum
1859 426 1868 438 ,
1890 405 1961 435 cum
1981 405 2037 435 illae
2057 413 2123 434 non

1166 444 1266 490 solum
1285 446 1316 472 in
1328 445 1458 476 Graecia‚
1481 443 1528 473 sed
1546 444 1637 484 prope
1657 445 1773 474 cunchs
1793 447 1932 485 gentibus
1954 445 2120 480 enitebant,

1167 485 1295 532 accidere
1306 486 1373 529 sunt
1383 484 1484 514 solita:
1502 496 1593 526 quam
1603 486 1816 515 moderationem
1824 490 1932 526 putatis
1942 490 1974 518 in
1984 489 2120 529 Phrygia,

1168 537 1215 557 aut
1234 537 1267 556 in
1279 528 1371 566 Mylia
1381 528 1567 556 concionum
1580 525 1688 558 fuiss'e?
1711 527 1834 558 Nosti-as
1851 532 2033 563 conciones,
2054 531 2121 559 illa-

1168 579 1236 598 rum
1246 570 1405 615 nationum
1417 569 1556 598 homines
1567 570 1742 609 plerumque
1753 570 1933 609 perturbant.
1954 571 2037 612 quid,
2050 570 2122 601 cum

1170 611 1223 641 soli
1238 613 1303 657 lunt
1314 612 1366 650 ipli
1377 629 1385 643 ‚
1407 610 1527 640 tandein
1539 608 1601 640 fieri
1612 617 1741 650 putatis?
1764 612 1859 642 Caesus
1875 612 1917 642 est
1931 615 2021 653 virgis
2040 615 2125 653 4ογ-

1170 663 1262 683 maeus
1273 652 1324 682 ille
1336 652 1535 693 Athenagoras
1548 671 1555 685 ,
1575 662 1628 691 qui
1644 653 1761 691 infame
1771 652 1959 684 frumentum
1969 646 2123 693 exportare

1170 704 1230 725 erat
1241 694 1334 724 ausus.
1359 694 1423 724 data
1432 695 1540 723 concio
1551 693 1645 724 Laeiio
1655 693 1706 724 est.
1730 693 1870 734 processit
1880 696 1931 725 ille
1939 716 1948 730 ‚
1960 696 1993 727 δε
2003 698 2124 727 Graecus

1169 736 1245 776 apud
1257 738 1377 765 Grecos
1394 745 1457 765 non
1476 735 1511 764 de
1525 736 1611 775 culpa
1625 736 1672 765 sua
1681 736 1776 770 dixu,
1800 737 1849 767 sed
1861 737 1897 767 de
1907 747 1994 777 poena
2004 737 2125 779 questus

1170 776 1217 807 est.
1245 785 1439 817 porrexerunt
1449 786 1572 806 manus:
1594 777 1760 817 psephisma
1770 788 1874 809 natum
1891 778 1942 809 est.
1965 781 2032 810 Hoc
2044 779 2126 810 testi-

1173 829 1318 865 monium
1335 817 1398 848 est?
1418 821 1523 858 Nuper
1532 820 1641 858 epulati
1653 840 1661 852 ‚
1681 821 1780 860 paullo
1791 822 1859 851 ante
1870 824 1958 852 omni
1968 821 2125 862 largitione

1172 862 1287 908 saturati
1302 862 1494 901 Pergameni,
1515 861 1596 900 quod
1608 862 1813 896 Mithridates,
1832 863 2124 903 quimultitudinem

1173 903 1261 950 illain
1269 912 1332 932 non
1341 901 1514 932 auEtoi‘itiite
1524 921 1532 935 ‚
1555 901 1601 932 sed
1610 903 1711 943 {Ergina
1721 924 1729 937 ,
1751 905 1869 936 tenebar
1878 925 1885 939 ,
1908 904 1936 934 se
1946 905 2024 934 velle
2035 905 2125 939 dixit,

1173 944 1226 974 5id
1245 946 1358 990 sutore-s
1370 964 1379 976 ,
1401 943 1802 976 &zonariiconclamarunn
1826 949 1896 977 Hoc
1914 945 2125 977 testimonium

1173 985 1215 1015 est
1233 986 1387 1032 civitatis?
1417 988 1481 1027 Ego
1501 984 1599 1015 testeis
1618 986 1634 1016 a
1650 987 1749 1017 Sicilia
1765 989 1884 1027 publice
1903 988 1988 1018 duxi.
2017 988 2126 1018 verum

1172 1036 1254 1057 erant
1263 1037 1294 1057 ea
1305 1026 1476 1057 testimonia
1485 1037 1549 1056 non
1560 1038 1713 1058 concitatae
1721 1032 1878 1060 concionis
1889 1050 1897 1063 ‚
1917 1029 1966 1060 sed
1983 1032 2068 1067 ,urati
2081 1031 2098 1060 s
2095 1041 2126 1060 e-

1174 1078 1267 1115 natus.
1291 1071 1388 1110 Qare
1396 1070 1459 1108 jam
1469 1078 1533 1099 non
1544 1067 1586 1099 est
1599 1071 1676 1099 mihi
1690 1073 1844 1101 contentio
1852 1082 1921 1102 cum
1933 1071 2004 1102 teste
2016 1083 2021 1101 ;
2042 1069 2057 1092 ⁶
2068 1082 2124 1102 vo-

1174 1111 1218 1140 bis
1228 1109 1394 1140 videndum
1406 1110 1448 1141 est
1459 1132 1466 1144 ,
1489 1108 1582 1141 sintne
1599 1112 1662 1142 haec
1681 1110 1835 1148 testimonia
1851 1114 1989 1153 putanda.
2013 1114 2126 1144 Adole-

1172 1152 1364 1198 scens-bonus
1375 1171 1382 1178 -
1395 1151 1521 1182 honesto
1534 1153 1601 1182 loco
1611 1162 1696 1183 natus
1707 1173 1714 1186 ‚
1729 1154 1855 1184 disertus
1866 1175 1874 1188 ,
1891 1165 1963 1185 cum
1974 1158 2125 1188 maximos

1172 1192 1419 1233 ornatissimoque
1427 1195 1572 1224 comitatu
1582 1197 1666 1224 venit
1676 1197 1709 1224 in
1719 1196 1864 1234 oppidum
1875 1199 2058 1227 Graecorurn:
2069 1207 2126 1237 po-

1173 1235 1259 1287 stulat
1269 1237 1449 1265 concionem
1461 1246 1466 1263 ·.
1487 1235 1647 1274 locupletes
1658 1237 1797 1266 homines
1808 1258 1816 1271 ‚
1833 1238 1865 1268 &
1875 1240 1989 1280 graveis
1999 1258 2007 1272 ,
2023 1248 2061 1268 ne
2072 1238 2127 1270 sibi

1172 1278 1374 1324 adversentur3
1401 1276 1568 1308 testimonii
1582 1277 1809 1309 denuntiatione
1819 1279 1961 1313 deterret:
1982 1283 2124 1322 egenteis,

1174 1322 1207 1350 δε
1218 1321 1311 1367 leveis
1328 1324 1342 1349 7
1354 1323 1402 1360 ipe
1412 1320 1568 1361 legationis
1579 1340 1587 1354 ,
1600 1320 1633 1349 &
1643 1322 1752 1351 viatico
1762 1321 1898 1361 publico,
1912 1323 2026 1362 privata
2035 1324 2126 1354 etiam

1173 1363 1356 1403 benignitate
1365 1360 1519 1402 prolectat.
1543 1360 1665 1402 opifices
1673 1382 1682 1396 ‚
1695 1362 1728 1392 ὅτ.
1738 1363 1918 1394 tabernarios
1927 1383 1936 1397 ‚
1947 1374 2033 1404 atque
2043 1364 2128 1396 illam

1174 1414 1300 1435 ornnem
1316 1403 1421 1434 faecem
1437 1405 1592 1434 civitatum
1603 1424 1612 1438 ‚
1628 1404 1701 1444 quid
1719 1404 1761 1434 est
1777 1408 1890 1446 negotii
1904 1409 2052 1436 concitare
2063 1426 2071 1440 ‚
2093 1408 2128 1437 in

1174 1456 1244 1477 eum
1261 1446 1424 1486 praesertim
1437 1465 1445 1479 ,
1465 1446 1517 1486 qui
1535 1455 1630 1485 nuper
1646 1446 1768 1476 summo
1786 1457 1857 1477 cum
1877 1449 2005 1487 imperio
2024 1447 2126 1482 fuerit,

1174 1489 1296 1519 summo
1305 1497 1405 1518 autem
1419 1488 1449 1516 in
1466 1497 1558 1516 amore
1567 1485 1625 1516 effe
1636 1507 1644 1521 ‚
1665 1497 1784 1527 propter
1793 1499 1908 1518 nomen
1920 1490 2019 1528 ipsum
2031 1491 2129 1530 impe-

1175 1532 1229 1563 rii,
1242 1540 1305 1560 non
1315 1531 1467 1569 potuerit?
1481 1528 1657 1559 Mirandum
1668 1528 1741 1559 vero
1751 1530 1793 1560 est
1803 1550 1811 1563 ‚
1829 1531 1969 1561 homines
1978 1541 2029 1560 eos
2039 1550 2047 1565 ‚
2059 1533 2128 1572 qui-

1175 1573 1230 1602 bus
1241 1572 1312 1602 odio
1323 1572 1391 1602 sunt
1400 1570 1507 1601 nostrae
1519 1571 1631 1601 secures
1644 1582 1649 1599 :
1668 1581 1784 1602 nomen
1798 1592 1806 1605 ,
1823 1571 1972 1602 acerbitati
1984 1583 1990 1601 :
2003 1573 2129 1613 scriptu-

1175 1625 1204 1645 ra
1215 1635 1223 1648 ‚
1241 1615 1388 1647 decumae,
1405 1615 1591 1653 portorium,
1613 1615 1722 1644 morti:
1740 1614 1866 1645 libenter
1875 1615 1998 1654 arripere
2007 1613 2132 1646 faculta-

1177 1666 1238 1687 tem
1248 1656 1390 1689 laedendi,
1406 1665 1601 1696 quaecumque
1612 1655 1705 1685 detur.
1728 1658 1915 1686 Mementote
1930 1656 2038 1696 igitur,
2056 1655 2129 1687 cum

1176 1699 1303 1729 audietis
1321 1697 1517 1738 psephismata
1528 1716 1537 1730 ,
1555 1707 1620 1726 non
1639 1696 1740 1727 audire
1754 1707 1809 1727 vos
1821 1697 1992 1727 testimonia
2002 1709 2011 1731 ς
2029 1697 2131 1728 audire

1175 1741 1374 1772 temeritatem
1384 1739 1469 1780 vulgi
1483 1758 1491 1772 ,
1500 1738 1601 1769 audire
1609 1748 1717 1768 vocem
1727 1737 1867 1768 leviffimi
1875 1739 2017 1779 cujusque
2025 1758 2034 1772 ,
2043 1739 2131 1773 audi,

1175 1793 1204 1813 re
1209 1781 1359 1824 strepitum
1370 1781 1562 1826 imperitorum
1572 1800 1580 1814 ,
1597 1780 1699 1811 audire
1707 1782 1889 1810 concionem
1898 1789 2077 1810 concitatam
2087 1781 2131 1811 le-

1177 1823 1301 1855 viffimae
1320 1825 1461 1852 nationis.
1484 1825 1585 1863 Itaque
1602 1822 1827 1861 perscrutamini
1844 1823 1963 1861 penitus
1981 1830 2129 1858 naturam,

1177 1868 1384 1905 rationemque
1393 1866 1559 1894 criminum
1570 1875 1575 1892 :
1583 1865 1646 1902 jam
1656 1865 1732 1893 nihii
1740 1873 1848 1920 praeter
1857 1864 1940 1904 spem
1949 1883 1957 1898 ‚
1970 1863 2048 1894 nihil
2056 1873 2132 1905 prae-

1178 1918 1222 1940 ter
1233 1916 1375 1939 terrorem
1386 1925 1396 1941 ‚
1408 1915 1439 1938 ac
1450 1908 1548 1937 minas
1556 1906 1717 1946 reperietis.

2145 1117 2162 1150 0³

1437 1989 1545 2037 Deeffi’
1556 1989 1710 2026 videntur
1719 1991 1877 2027 nonnuffa.

1179 2081 1216 2109 In
1225 2079 1327 2109 aerario
1337 2076 1417 2108 nihil
1425 2075 1536 2107 habent
1545 2077 1678 2106 civitates
1687 2096 1696 2110 ‚
1707 2077 1787 2107 nihil
1796 2077 1829 2106 in
1838 2074 2044 2117 vefflgalibus.
2067 2075 2133 2110 duae
2147 2092 2170 2125 9

1178 2123 1310 2151 rationes
1326 2118 1490 2158 conficienda
1496 2126 1616 2159 pecnnia
1629 2139 1638 2152 ‚
1655 2127 1704 2148 aut
1718 2119 1852 2152 versura,
1870 2127 1918 2148 aut
1932 2118 2053 2148 tributo.
2075 2128 2133 2150 nec

1180 2163 1287 2195 tabulae
1298 2161 1454 2192 creditoris
1466 2159 1660 2200 proferuntur
1673 2180 1682 2194 ‚
1701 2170 1758 2190 nec
1776 2160 1878 2190 tributi
1899 2159 2052 2190 confectio
2071 2160 2133 2190 ulla

1179 2206 1327 2234 recitatur.
1350 2202 1451 2244 Qam
1470 2201 1541 2232 vero
1559 2200 1646 2231 facile
1664 2201 1748 2231 falsas
1764 2202 1895 2231 rationes
1906 2200 2015 2231 inferre
2025 2220 2033 2234 ,
2056 2200 2132 2231 &in

1181 2246 1294 2276 tabulas
1305 2265 1314 2279 ,
1325 2243 1536 2286 quodcumque
1545 2243 1748 2273 commodum
1757 2241 1800 2272 est
1808 2261 1816 2276 ‚
1833 2241 1941 2272 referre
1950 2242 2064 2272 soleant
2074 2261 2082 2275 ‚
2093 2251 2131 2272 ex

1182 2290 1237 2317 Cn.
1249 2287 1387 2325 Pompeii
1404 2287 1509 2315 litteris
1527 2284 1562 2314 ad
1574 2284 1736 2323 Hypsaeum
1747 2303 1756 2317 ‚
1775 2284 1938 2323 &Hypsaei
1956 2283 1990 2313 ad
2001 2286 2130 2324 Pompe÷

1180 2330 1248 2367 jum
1259 2326 1372 2359 missis,
1394 2326 1492 2366 quaeso
1503 2325 1680 2366 cognoscite.
1714 2327 1880 2356 [ιη-τελε
1901 2328 2046 2358 Pompeii
2058 2345 2067 2359 2
2091 2335 2133 2356 Ea·

1184 2372 1337 2400 HYPsffit.
1360 2367 1472 2398 Satisne
1485 2367 1574 2396 vobis
1592 2376 1747 2409 coarguere
1757 2367 1805 2396 his
1821 2366 1992 2397 auetoribus
2007 2365 2133 2397 dissolu-

1184 2420 1243 2441 tam
1261 2412 1435 2440 Graecorum
1453 2408 1701 2438 consuetudinem
1713 2428 1722 2441 ,
1743 2408 1955 2449 licentiamque
1972 2408 2136 2448 impuden-

1183 2461 1245 2482 tem
1255 2452 1414 2482 videmur?
1434 2449 1489 2480 nisi
1499 2449 1576 2480 forte
1586 2470 1594 2484 ‚
1607 2452 1660 2490 qui
1670 2453 1725 2480 Cn.
1737 2450 1916 2490 Pompejum
1928 2470 1937 2484 ,
1948 2450 2136 2491 quipraesen—

1185 2503 1245 2524 tem
1257 2513 1265 2528 ,
1279 2496 1331 2534 qui
1342 2493 1429 2523 nullo
1439 2492 1616 2532 impellente
1627 2512 1636 2525 ‚
1648 2491 1789 2522 fallebant
1797 2511 1806 2525 2
1817 2502 1869 2521 eos
1877 2512 1886 2526 ‚
1898 2501 2018 2532 urgente
2027 2492 2135 2527 Laelio,

1185 2538 1218 2565 in
1229 2536 1380 2565 absentem
1392 2555 1400 2567 ,
1413 2535 1445 2564 δε
1457 2536 1489 2564 in
1499 2536 1533 2564 L.
1547 2534 1685 2564 Flaccum
1694 2543 1744 2564 aut
1757 2533 1881 2563 timidos
1890 2532 1977 2564 fuiffe
1988 2554 1996 2567 ‚
2007 2543 2056 2564 aut
2064 2534 2138 2564 reli-

1185 2578 1285 2618 giosos
1293 2586 1442 2616 putamus.
1457 2575 1512 2606 Sed
1523 2574 1635 2605 fuerint
1643 2577 1822 2615 incorruptae
1830 2575 1933 2606 litterae
1944 2576 2044 2606 domi:
2056 2585 2140 2606 nunc

1186 2619 1259 2651 vero
1269 2639 1278 2654 ‚
1293 2628 1385 2660 quam
1395 2619 1501 2649 habere
1510 2616 1717 2649 autitoiitatem
1728 2637 1737 2652 ‚
1749 2627 1798 2648 aut
1806 2627 1896 2658 quam
1904 2616 1996 2648 fidem
2004 2615 2140 2658 possunt?

2023 2658 2141 2690 Triduo

1183 2761 1346 2792 Antenagoras
1357 2771 1366 2791 ‚-
1385 2757 1455 2795 quod
1466 2758 1603 2785 excutient
1612 2752 1668 2784 aliY.

1222 2804 1235 2828 5
1242 2815 1247 2821 .
1268 2796 1389 2829 Idfiaerores
1398 2795 1427 2825 ὼ·
1435 2798 1530 2821 υκαι-[ι’
1538 2796 1715 2821 conclamarunt
1720 2792 1740 2826 ]
1765 2791 1808 2819 Est
1819 2792 1847 2818 in
1858 2792 1884 2818 S.
1895 2789 2012 2818 Vhstoris
2018 2791 2117 2817 coriarii
2126 2809 2136 2823 ‚

1183 2831 1267 2867 placet
1278 2831 1348 2867 qnod
1359 2831 1487 2857 Turnebo
1497 2830 1524 2857 d.
1536 2840 1590 2866 cap.
1600 2838 1627 2863 4.
1645 2829 1761 2865 placeret
1774 2829 1801 2854 δε
1811 2827 1875 2854 milii
1887 2845 1894 2858 ‚
1907 2826 1952 2852 nisi
1963 2826 2042 2853 nostri
2051 2826 2138 2862 perti,-

1185 2869 1284 2894 nae-iter
1296 2868 1392 2894 starent
1404 2877 1451 2903 pro
1462 2868 1546 2893 altero
1558 2876 1565 2897 3
1578 2867 1740 2900 restaretquc
1751 2864 1778 2890 in
1790 2864 1862 2889 omni
1873 2862 1989 2889 editione
2002 2862 2096 2889 veteri.

1218 2904 1247 2930 6.
1267 2905 1330 2929 Vobis
1349 2904 1477 2929 vidi-ndum
1494 2905 1530 2928 eff
1540 2923 1547 2934 ,
1565 2903 1633 2935 &c.]
1654 2901 1695 2926 Sic
1709 2899 1795 2926 solum
1806 2899 1917 2925 Gruteri
1927 2897 2047 2934 scriptus.
2070 2897 2138 2924 Pali.

1184 2948 1274 2965 omncs
1287 2940 1438 2965 &videndum
1450 2959 1458 2971 ‚
1469 2947 1513 2965 aut
1523 2938 1676 2965 devidendum
1687 2956 1694 2967 ‚
1713 2934 1923 2970 adscriptumque
1935 2935 1978 2960 uui
1991 2953 1999 2966 ,
2015 2934 2087 2960 valde
2096 2944 2141 2960 ‘vc-

1184 2976 1291 3001 dandum.
1302 2974 1342 3001 led
1355 2976 1381 3001 &
1390 2976 1419 3001 in
1432 2977 1458 3001 S.
1470 2975 1586 3001 Victoris
1598 2972 1754 3008 exemplari,
1765 2970 1919 3006 syllabailla
1929 2970 1964 2996 di.

1220 3019 1247 3044 7.
1266 3015 1308 3043 Spe
1316 3011 1462 3045 legationis]
1483 3010 1643 3046 Triumpliat
1654 3007 1728 3034 valde
1739 3008 1765 3033 in
1777 3007 1824 3032 illo
1834 3005 1878 3032 suo
1887 3006 2018 3039 largitionis
2028 3004 2140 3031 Lambi-

1186 3056 1232 3073 nus
1246 3065 1253 3077 ‚
1266 3046 1401 3082 quomodo
1411 3048 1475 3073 item
1486 3045 1641 3080 conjiciebat
1652 3044 1783 3070 Heni-icus
1794 3042 1938 3077 Stephanus
1951 3061 1959 3073 ,
1975 3049 2102 3077 extatque
2112 3042 2141 3073 in

1186 3083 1348 3109 Gruteriano
1361 3102 1369 3114 ‚
1380 3084 1407 3108 ἃ
1420 3083 1450 3109 ud
1462 3091 1534 3109 orum
1548 3082 1603 3108 Pal.
1613 3088 1677 3113 tert.
1687 3089 1717 3105 :ic
1727 3079 1805 3111 sexti,
1821 3077 1861 3104 scd
1875 3086 1960 3108 tamen
1973 3087 2063 3104 omnes
2070 3085 2142 3115 prm-

1186 3118 1276 3159 serunt
1287 3119 1404 3151 ligationis
1417 3137 1424 3149 ,
1443 3118 1513 3154 quod
1527 3127 1615 3143 rerum
1627 3116 1662 3143 est
1673 3125 1679 3142 :
1701 3114 1769 3150 spem
1781 3115 1850 3140 enim
1863 3114 1898 3140 eis
1912 3113 2022 3141 faciebat
2032 3122 2083 3140 non
2093 3112 2142 3140 ab·

1185 3162 1271 3183 ituros
1283 3162 1312 3184 ut
1324 3154 1423 3189 testem
1434 3154 1477 3183 sed
1488 3162 1517 3183 ut
1527 3154 1630 3190 legatos
1641 3162 1656 3180 a
1666 3151 1757 3188 repub.
1770 3150 1814 3178 sua
1823 3149 1978 3184 mittendos.
2126 3144 2129 3147 ”

2033 3193 2044 3213 1
2051 3204 2057 3211 .
2067 3186 2143 3212 Hono-
