2297 3389
514 114 774 178 ORAT‘ro
818 140 891 173 ni:
936 123 1324 175 Pnovrncris
1370 129 1896 187 Conso-Litanam.
2100 155 2194 204 525

232 209 514 251 Dyrrhachinorum
526 219 621 242 totum
637 212 668 240 in
683 210 773 250 hujus
788 210 877 240 unius
889 207 1036 250 quaestum
1046 206 1105 237 effe
1115 218 1189 238 con-
1234 210 1276 239 ria
1286 229 1295 243 ,
1317 212 1495 251 imperatore
1505 214 1561 244 illo
1573 235 1581 249 ‚
1600 221 1616 245 7
1626 218 1703 248 nihil
1712 218 1792 249 aliud
1802 218 1904 250 aditum
1915 217 1974 254 est,
1989 218 2044 249 nisi
2061 215 2193 262 Sparno-

232 253 351 283 versum
363 256 374 283 ?
391 253 497 283 urbem
507 253 722 291 Byzantiorum
736 272 745 285 ‚
757 252 845 281 vobis
855 270 864 283 ‚
879 261 965 291 atque
976 251 1047 280 huic
1056 251 1187 288 imperio
1232 261 1276 279 nes
1284 255 1478 291 pecuniarum
1490 265 1560 285 cum
1572 261 1705 297 tyrannis
1714 280 1723 294 ‚
1735 260 1900 292 decisiones
1909 281 1917 296 ‚
1930 261 2114 301 direptiones
2124 283 2132 296 ,
2144 264 2189 295 la-

232 292 452 327 fideliffimam,
467 293 608 323 hostilem
619 295 652 323 in
665 293 795 323 modum
806 291 864 323 eflie
877 293 1034 322 vexatam?
1047 289 1184 339 quoillex,
1231 295 1375 338 trociiiia,
1397 295 1491 326 caedes
1505 317 1513 330 ,
1532 297 1604 329 cum
1622 301 1719 340 palam
1738 303 1844 342 populi
1862 305 1996 334 Romani
2014 305 2186 343 imperator,

229 334 419 375 posteaquam
437 335 515 364 nihil
533 336 701 374 exprimere
718 335 754 365 ab
773 334 946 376 egentibus,
967 332 1045 362 nihil
1057 332 1118 361 ulla
1127 336 1157 361 vi
1169 343 1183 361 a
1229 333 1373 364 instrmsto
1384 340 1533 372 exercitu,
1552 340 1695 371 tia-teram
1707 344 1831 378 tendens,
1851 355 1913 375 non
1926 345 1960 375 ad
1971 345 2088 376 laudem
2099 348 2186 377 miii-

232 377 350 406 miseris
360 378 646 417 extorquerepotuit‚
666 377 817 406 cohorteis
836 378 867 405 in
884 375 1009 405 hiberna
1022 370 1119 403 mifit:
1138 373 1186 402 his
1229 382 1270 403 tes
1287 378 1302 400 9
1314 376 1495 413 hortaretur,
1515 381 1563 410 sed
1584 387 1689 414 omnia
1704 384 1760 415 sibi
1777 386 1810 416 &
1826 396 1922 420 emta,
1943 387 1976 416 δε
1987 387 2114 418 emenda
2123 387 2182 419 esse

229 418 405 457 praeposuit,
428 427 504 457 quos
517 420 632 457 putavit
644 417 709 448 fore
719 415 963 459 diligentissimos
974 414 1185 462 satellites'ste-

227 459 323 487 lerum
343 477 352 491 ³
382 457 534 489 ministros
553 459 751 499 cupiditatum
773 461 899 490 suarum.
928 460 1046 487 Omitto
1061 455 1184 494 jurisdi-

227 498 362 528 &ionem
372 501 406 529 in
416 500 507 531 libera
517 503 635 531 civitate
645 511 747 532 contra
757 501 836 543 leges
847 521 855 534 ‚
874 499 1044 538 senatusque
1061 497 1183 526 consul-
1198 518 1199 521 η

226 548 270 570 ta:
290 540 397 570 caedeis
406 542 544 582 relinquo
553 563 562 576 ,
583 543 726 573 libidines
735 552 894 583 praetereo:
918 549 1043 586 quarum
1057 538 1181 585 acerbis-

223 579 334 612 fimum
352 581 445 613 exstat
458 584 607 614 indicium
619 605 627 618 ‚
649 585 682 615 &
691 585 727 615 ad
735 583 884 625 infignem
894 590 1074 626 memoriam
1085 588 1180 629 turpi-

188 652 192 658 ,
223 622 338 653 tudinis
350 644 359 657 ‚
381 624 415 654 δε
427 625 513 664 paene
530 626 565 656 ad
578 626 694 666 justum
712 628 832 666 imperii
849 623 944 654 nostri
961 620 1177 671 odifan{‚,quqd

219 663 353 699 constat,
374 666 576 698 nobilissimas
593 670 724 709 virgines
742 669 771 698 se
790 669 824 696 in
843 674 948 706 puteos
967 661 1176 721 abjecisseuoc

219 715 319 736 morte
327 708 497 739 voluntaria
515 713 524 728 ¹
535 709 681 740 nefariam
691 707 909 751 turpitudinem
921 702 1054 743 depuhff
1051 713 1078 732 e.
1110 705 1176 749 hec

217 747 282 778 haec
294 748 407 779 idcirco
420 753 551 785 omitto,
571 751 654 792 quod
673 760 736 780 non
753 746 922 791 gravissima
943 743 1015 775 sint:
1036 743 1085 791 sed
1104 754 1173 784 quia

182 801 206 832 4
218 799 301 819 nunc
319 790 381 820 fine
399 792 469 822 teste
486 793 564 822 dico.
608 792 705 832 Ipsam
724 789 796 820 vero
816 788 922 818 urbem
942 788 1172 833 Byzantiorum,

216 830 306 862 fuiffe
322 832 542 863 refertissimam
551 842 638 873 atque
648 829 866 862 ornatissimam
877 827 964 870 signis
974 848 982 860 ‚
992 871 995 874 Δ
1006 837 1073 874 quis
1083 837 1173 873 igno-

214 876 279 902 rat?
299 884 365 914 quae
374 875 420 904 illi
430 874 564 905 exhausti
575 873 722 904 sumtibus
733 892 741 907 ,
760 872 903 912 bellisque
915 878 1061 899 maximis
1071 888 1079 902 2
1099 878 1170 898 curn

215 916 439 946 Mithridaticos
448 918 580 955 impetus
589 936 598 949 ,
610 924 766 955 totumque
776 916 908 944 Pontum
918 920 1075 955 armatum,
1086 909 1172 940 effer-

213 957 384 986 vescentem
395 959 428 986 in
438 956 535 987 Afiam
546 977 555 990 ,
568 966 654 997 atque
664 961 678 976 2
687 964 909 996 erumpentem,
919 963 996 994 aegre
1004 952 1156 999 repulsum
1163 972 1171 986 ,

211 997 422 1028 &cervicibus
431 999 626 1029 interclusum
636 999 697 1029 suis
707 1018 715 1032 ‚
727 999 746 1028 s
743 998 924 1030 ustinerent3
935 1004 999 1042 tum
1011 1014 1020 1027 ‚
1032 1004 1169 1035 inquam,

210 1040 349 1078 Byzantii
363 1059 371 1072 ‚
393 1040 426 1070 &
434 1039 536 1080 postea
545 1038 624 1082 figna
632 1041 683 1072 illa
693 1060 702 1074 ,
726 1040 759 1070 &
769 1039 882 1079 reliqua
891 1035 973 1067 urbis
982 1044 1168 1083 ornamenta,

208 1079 393 1112 sanblifl’ime
406 1081 552 1112 custodita
562 1102 570 1116 ‚
595 1090 766 1112 tenuerunt.
790 1090 818 1111 te
832 1084 1013 1126 imperatore
1026 1077 1170 1125 infelicis—

209 1120 287 1152 fimo
296 1141 306 1155 ³
318 1122 351 1152 &
362 1126 524 1154 taeterrimo
537 1144 544 1157 ,
558 1124 716 1154 Caesonine
726 1123 863 1154 Calventi
875 1141 883 1155 ,
895 1123 1000 1152 civitas
1011 1119 1103 1149 libera
1113 1139 1121 1153 ‚
1134 1119 1166 1149 &

204 1165 358 1203 proximis
367 1165 427 1194 suis
437 1164 592 1196 beneficiis
604 1165 620 1195 a
630 1167 731 1196 senatu
742 1185 750 1199 ‚
774 1165 807 1195 &
819 1164 834 1194 a
848 1163 962 1210 populo
973 1164 1114 1208 Romano
1131 1161 1168 1190 li-

205 1205 302 1235 berata
311 1225 321 1239 ,
332 1204 369 1236 fic
377 1207 498 1246 spoliata
508 1227 516 1240 ‚
527 1216 614 1248 atque
624 1207 732 1237 nudata
743 1206 795 1241 est,
807 1214 855 1239 ut,
866 1204 923 1252 nisi
938 1207 951 1231 3
962 1206 1164 1244 C.V1rg11]1US›

204 1246 337 1287 legatus,
355 1250 403 1277 vir
411 1247 498 1278 fortis
509 1269 517 1282 ‚
539 1249 730 1279 &innocens
742 1269 751 1281 ‚
772 1245 993 1279 intervenisset,
1020 1254 1116 1274 unum
1125 1244 1166 1284 fi-

199 1298 293 1328 gnum
314 1291 450 1328 Byzantii
472 1300 512 1321 ex
536 1293 675 1321 maximo
704 1299 835 1320 numero
861 1289 993 1336 nullumv
1011 1286 1163 1333 haberent.

205 1329 296 1371 Qod
307 1329 412 1361 fanum
422 1334 456 1361 in
465 1332 585 1371 Achaja,
597 1334 650 1373 qui
660 1332 744 1361 locus
753 1350 761 1364 ,
772 1339 821 1360 aut
831 1330 916 1359 lucus
926 1338 959 1358 in
970 1330 1081 1358 (rraecia
1091 1335 1163 1360 tota,

203 1379 265 1401 tam
275 1371 392 1402 sanetus
401 1371 459 1402 fuit
469 1393 478 1406 ,
498 1375 532 1402 in
542 1383 604 1413 quo
618 1374 715 1402 ullum
727 1371 919 1401 simulacrum
931 1390 939 1404 ‚
948 1413 952 1417 ὓ
961 1369 1060 1399 ullum
1076 1378 1163 1415 orna-

202 1421 344 1443 mentum
354 1414 503 1454 reliquum
519 1413 572 1444 sit?
594 1413 702 1445 Emisti
713 1414 729 1444 a
737 1411 908 1444 foediss'imo
918 1411 1042 1459 tribuno
1051 1410 1160 1457 plebis,

204 1462 270 1484 tum
281 1455 380 1484 inillo
391 1455 545 1497 naufragio
554 1457 646 1496 hujus
656 1455 738 1486 uibis
747 1475 756 1489 ‚
777 1464 866 1496 quam
878 1463 910 1484 tu
920 1453 1023 1500 idem,
1041 1462 1094 1500 qui
1107 1462 1161 1499 &1ss

201 1495 323 1526 bernare
332 1495 474 1527 debueras
487 1517 496 1530 ,
512 1507 655 1528 everteras
667 1508 672 1526 :
688 1506 752 1527 tum
766 1517 774 1530 ,
790 1499 936 1543 inquam',
949 1493 1047 1524 emisti
1056 1493 1160 1534 grandi

200 1539 327 1577 pecunia
337 1558 346 1571 ,
367 1546 400 1568 ut
410 1538 465 1568 tibi
475 1539 512 1569 de
521 1541 657 1579 pecuniis
668 1539 787 1569 creditis
796 1540 845 1578 jus
859 1539 890 1567 in
905 1537 1015 1584 liberos
1028 1536 1158 1582 populos

195 1588 302 1612 contra
310 1579 598 1612 senatusconsultum
611 1601 619 1615 ,
633 1581 664 1611 &
675 1590 779 1611 contra
789 1581 885 1621 legem
895 1589 999 1623 generi·
1005 1587 1050 1608 tui
1061 1578 1157 1607 dicere

198 1620 311 1651 liceret.
334 1621 366 1652 id
375 1631 494 1652 emtum
504 1625 542 1654 ita
551 1622 712 1653 vendidisti
723 1643 732 1657 ‚
753 1631 786 1652 ut
795 1631 845 1652 aur
852 1622 897 1660 im
907 1632 960 1650 non
970 1619 1069 1668 diceres
1080 1639 1088 1653 2
1107 1628 1157 1650 aut

196 1661 288 1693 bonis
297 1664 389 1693 civeis
397 1665 556 1695 Romanos
567 1673 724 1695 everteres.
739 1668 757 1691 4
766 1674 897 1705 quorum
908 1662 1052 1710 ego'iiihil
1060 1671 1152 1709 nunc,

195 1712 291 1744 patres
299 1705 460 1745 conscripti
471 1726 479 1740 ‚
495 1709 528 1737 in
538 1708 698 1737 hominem
708 1707 806 1747 ipsum
820 1717 825 1735 ε
842 1706 878 1752 de
889 1714 1042 1745 provincia
1052 1704 1155 1751 dispu-

196 1755 237 1776 to.
261 1748 363 1787 Itaque
373 1749 481 1778 omnia
490 1749 541 1779 illa
552 1769 561 1782 ,
573 1759 640 1790 quae
649 1749 682 1779 &
692 1749 765 1789 saepe
775 1747 896 1779 audistis
905 1767 919 1794 ,ι
929 1747 961 1777 δε
971 1755 1077 1776 tenetis
1087 1755 1154 1793 ani—

196 1789 259 1817 mis
268 1807 277 1820 ‚
292 1790 381 1818 etiam
393 1788 484 1819 finon
494 1791 618 1821 audiatis
629 1811 638 1825 ‚
654 1793 851 1831 praetermitto
864 1800 870 1818 z
889 1789 969 1818 nihil
979 1788 1015 1817 de
1025 1789 1078 1834 hac
1088 1797 1152 1827 Ejus

195 1828 326 1863 urbana,
347 1840 435 1871 quam
445 1831 497 1862 ille
505 1834 632 1872 praesens
644 1834 677 1862 in
686 1832 783 1863 oculis
796 1830 899 1862 vestris
909 1850 917 1864 ‚
931 1830 1152 1878 'mentibusque

193 1869 320 1905 defixit,
336 1872 453 1902 audacia
464 1873 587 1914 loquor:
609 1874 688 1904 nihil
698 1874 734 1904 de
745 1871 986 1918 superbia,nihil
996 1871 1032 1918 de
1042 1880 1150 1918 contu-

195 1913 290 1942 macia
301 1932 310 1945 ,
329 1913 408 1943 nihil
427 1913 463 1944 de
479 1915 650 1946 crudelitate
663 1915 793 1955 disputo.
817 1912 1077 1944 lateantlibidines
1086 1921 1150 1953 ejus

190 1954 253 1984 illae
264 1953 455 1986 tenebricosa:
467 1975 476 1989 ‚
494 1966 565 1997 quas
573 1956 674 1987 fronte
684 1977 694 1990 ‚
709 1958 743 1986 &
753 1956 911 1996 supercilio
923 1973 931 1988 ‚
947 1964 1013 1984 non
1021 1954 1146 2002 pudore,

193 1995 228 2025 &
242 1999 435 2036 temperantia
447 1997 625 2038 contegebat:
643 1998 680 2028 de
692 1999 847 2038 provincia
857 2016 866 2031 ,
887 1996 970 2037 quod
977 2006 1094 2045 agitur,
1118 1995 1148 2025 id

192 2036 324 2076 disputo.
347 2040 452 2069 5Huic
471 2049 524 2069 vos
541 2050 606 2070 non
621 2040 839 2070 summittetis?
858 2039 939 2085 hunc
953 2037 1066 2068 diutius
1080 2048 1149 2068 ma-

190 2088 262 2108 nere
279 2080 436 2118 patiemini
448 2083 459 2109 ?
480 2083 565 2121 cujus
575 2101 583 2116 ‚
605 2090 639 2112 ut
647 2083 834 2121 provinciam
842 2082 960 2126 tetigit,
979 2078 1018 2129 sic
1028 2079 1148 2110 fortuna

188 2129 260 2150 cum
269 2121 462 2160 improbitate
472 2126 594 2154 certavit
604 2144 612 2158 ,
632 2132 665 2153 ut
674 2133 769 2153 nemo
778 2121 872 2163 postet
883 2142 892 2155 ‚
902 2165 905 2169 Ι
914 2119 931 2141 ⁶
938 2130 1038 2169 utrum
1047 2121 1148 2170 poste-

185 2163 268 2195 rior,
280 2172 318 2192 an
328 2162 483 2194 infelicior
491 2163 563 2195 effer
572 2185 580 2199 ,
589 2165 731 2205 judicare.
754 2168 804 2195 An
814 2163 887 2195 vero
898 2173 930 2193 in
941 2166 1024 2211 Syria
1033 2164 1147 2210 diutius

185 2202 230 2234 est
239 2205 413 2234 Semiramis
422 2205 474 2236 ilia
483 2207 657 2238 retinenda?
673 2207 757 2247 cujus
771 2209 828 2236 iter
841 2208 873 2236 in
888 2215 1076 2245 provinciam
1085 2205 1145 2236 fuit

184 2245 355 2285 ejusmodi,
378 2256 410 2276 ut
428 2256 481 2277 rex
492 2248 709 2279 Ariobarzanes
725 2248 881 2278 consulem
896 2246 1029 2278 vestrum
1043 2247 1078 2278 ad
1091 2258 1145 2278 cae-

185 2286 256 2318 dem
274 2286 441 2318 faciendam
453 2308 462 2322 ,
481 2298 622 2330 tanquam
639 2290 771 2330 aliquem
785 2291 935 2320 Threcem
950 2289 1142 2337 conduceret.

183 2329 305 2359 Deinde
312 2329 458 2360 adventus
467 2331 500 2360 in
508 2333 622 2371 Syriam
633 2333 749 2372 primus
759 2351 767 2364 ‚
787 2333 935 2371 equitatus
946 2331 1051 2378 habuit
1061 2340 1141 2362 inte—

181 2371 292 2402 ritum:
310 2370 377 2412 post
393 2373 519 2404 concisae
536 2374 605 2404 sunt
622 2375 745 2418 optimae
762 2374 913 2404 cohortes.
937 2374 1076 2413 Igiturin
1086 2376 1141 2414 Sy·

1225 415 1372 446 clamaret.
1413 421 1481 459 Jam
1501 422 1573 452 vero
1587 425 1764 463 publicanos
1778 428 1901 458 miseros
1912 428 1974 466 (me
1986 430 2074 459 ctiam
2089 430 2181 460 mise·
2199 439 2221 469 5

1225 465 1291 485 rum
1305 475 1313 489 ‚
1334 458 1459 489 illorum
1478 464 1517 492 ita
1535 464 1571 493 dc
1590 475 1639 495 me
1656 471 1836 498 meritorum
1851 470 1996 503 miseriis,
2015 481 2047 501 ac
2061 471 2179 512 dolore)

1224 497 1345 527 tradidit
1362 501 1395 528 in
1414 502 1722 547 servituteinJudaeiS‚

1225 537 1371 569 servituti,
1396 544 1502 573 Statuit
1512 546 1667 582 abiniti0>
1689 550 1768 580 &in
1782 562 1817 582 eo
1830 553 2042 592 perseveravit,
2058 555 2108 594 jus
2121 565 2180 595 pu·-

1224 579 1343 610 blicano
1353 590 1417 611 non
1428 583 1524 614 dicere
1538 597 1543 615 :
1562 589 1715 626 patitiones
1728 591 1785 622 fine
1796 594 1855 624 ulla
1869 596 1978 634 injuria
1989 594 2080 626 facias
2089 597 2181 627 resci-

1221 620 1280 666 dit:
1303 620 1436 656 custodias
1447 625 1562 657 sustulit
1573 649 1581 662 ‚
1601 630 1769 672 vectigaleis
1781 636 1894 665 multos
1904 656 1912 669 ,
1925 646 1957 666 ac
1967 636 2176 677 stipendiarios

1219 662 1372 693 liberavit.
1394 675 1455 705 quo
1476 668 1507 696 in
1526 671 1637 709 oppido
1656 674 1715 712 ipse
1734 674 1821 709 esset,
1841 677 1961 718 autquo
1971 681 2108 713 veniret,
2130 680 2175 710 ibi

1218 703 1412 742 publicanum
1422 727 1430 740 ,
1442 717 1490 738 aut
1501 711 1654 748 publicani
1663 715 1781 745 servum
1791 716 1847 747 ess'c
1858 722 1960 749 vetuit.
1984 721 2056 761 quid
2068 722 2177 753 multa?

1215 744 1345 775 crudelis
1355 747 1513 780 haberetur
1524 770 1532 784 ,
1550 752 1570 782 si
1581 755 1613 782 in
1625 754 1741 785 hostem
1754 760 1964 791 animofuisset
1975 772 2010 791 eo
2021 782 2028 795 ‚
2045 773 2105 803 quo
2115 763 2174 794 fuit

1216 788 1249 815 in
1261 789 1352 817 civeis
1363 791 1454 820 Rom.
1466 792 1530 829 ejus
1541 794 1654 825 ordinis
1663 797 1843 836 praeseitim‚
1865 803 1917 840 qui
1935 802 1976 832 est
1995 804 2110 838 semper
2127 804 2176 835 di-

1214 830 1324 868 gnitate
1337 830 1387 860 sua
1398 851 1406 865 ‚
1426 832 1608 873 benignitate
1619 837 1802 879 magistratus
1811 840 1991 879 ficstcnraras.
2015 840 2114 881 Itaque
2127 849 2175 876 vi·

1215 871 1308 903 detis,
1330 881 1424 911 patres
1434 878 1615 918 conscripti,
1637 889 1701 909 non
1712 885 1876 913 temeritate
1887 882 2102 921 redemtioni's,
2122 898 2173 919 aut

1214 915 1328 952 negotii
1336 915 1460 954 gerendi
1470 918 1603 953 inscitia,
1619 921 1667 951 sed
1679 925 1815 958 avaritia,
1833 924 1983 964 superbia,
1998 929 2171 960 crudelitate

1215 955 1354 988 Gabinii,
1376 958 1461 995 paene‘
1480 959 1609 991 affiffltos
1625 963 1688 1002 jam
1700 984 1709 997 ,
1733 974 1819 1005 atque
1838 967 1955 996 eversos
1976 969 2150 1007 publicanos
2164 981 2170 1001 t

1211 995 1320 1034 quibus
1331 998 1454 1038 quidem
1466 1010 1520 1031 vos
1533 1023 1542 1037 ‚
1559 1004 1593 1033 in
1607 1005 1653 1034 his
1667 1006 1810 1047 angustiis
1820 1010 1912 1038 aemrii
1924 1028 1937 1043 u
1952 1018 2053 1040 tamen
2063 1011 2171 1042 subve-

1212 1038 1300 1067 niatis
1309 1039 1424 1070 necess'e
1435 1041 1492 1072 est:
1513 1043 1562 1074 etsi
1570 1047 1632 1084 jam
1644 1049 1746 1078 multis
1756 1059 1820 1079 non
1830 1049 1953 1090 potestis
1966 1062 1970 1080 z
1988 1054 2040 1092 qui
2050 1063 2170 1093 propter

1210 1078 1300 1109 illum
1317 1081 1437 1112 hostem
1458 1084 1595 1121 senatus,
1615 1089 1857 1121 inimicissimum
1876 1092 1992 1123 ordinis
2010 1094 2165 1134 equestris,

1211 1120 1424 1164 bonorumque
1435 1129 1578 1158 omnium
1589 1149 1597 1162 ‚
1620 1140 1684 1160 non
1694 1132 1736 1161 sol
1743 1131 1794 1162 um
1806 1133 1885 1164 bona
1896 1154 1903 1166 ‚
1923 1134 1972 1164 sed
1987 1137 2077 1166 etiarn
2088 1138 2168 1166 hone-

1203 1160 1308 1196 statem
1326 1166 1428 1196 miseri
1448 1168 1692 1208 deperdiderunt:
1711 1183 1788 1214 quos
1806 1185 1870 1205 non
1889 1174 2085 1215 parfimonia,
2103 1188 2168 1209 non

1209 1206 1416 1242 continentia,
1434 1219 1500 1240 non
1520 1214 1634 1247 virtus,
1654 1224 1718 1244 non
1737 1216 1837 1251 labor,
1858 1227 1922 1247 non
1938 1217 2078 1257 splendor
2091 1224 2167 1251 tueri

1207 1249 1418 1285 potuitcontra
1427 1252 1509 1282 illius
1519 1254 1684 1289 helluonis,
1695 1256 1727 1287 ὃς
1739 1258 1889 1297 praedonis
1897 1260 2059 1291 audaciam.
2072 1263 2169 1304 Qid?

1205 1289 1257 1327 qui
1276 1289 1304 1318 se
1321 1292 1411 1320 etiam
1426 1303 1507 1325 nunc
1521 1295 1657 1327 subsidiis
1668 1302 1864 1338 patrimonii,
1887 1311 1937 1331 aut
1949 1304 2117 1333 amicorum
2129 1305 2167 1334 li-

1206 1329 1355 1360 beralitate
1366 1332 1530 1366 sustentant
1540 1357 1548 1371 ‚
1560 1339 1618 1368 hos
1627 1342 1721 1378 petire
1730 1343 1897 1380 patiemur?
1920 1346 1969 1374 An
1980 1363 1988 1378 ,
2011 1343 2031 1374 sl
2042 1347 2093 1385 qui
2103 1345 2164 1376 frui

1203 1370 1326 1409 publico
1336 1383 1400 1403 non
1410 1379 1508 1415 potuit
1514 1386 1560 1417 per
1570 1379 1669 1415 hostem
1677 1400 1685 1414 ,
1698 1382 1748 1412 hic
1760 1385 1868 1424 tegitur
1876 1385 1937 1423 ipsa
1946 1385 2009 1426 lege
2020 1387 2162 1419 censoria:

1201 1422 1292 1452 quem
1309 1415 1334 1444 is
1346 1414 1407 1445 frui
1423 1428 1488 1448 non
1504 1419 1573 1451 sinit
1585 1442 1593 1454 ,
1614 1424 1666 1462 qui
1681 1423 1723 1453 est
1736 1444 1744 1458 ‚
1767 1428 1856 1455 etiam
1871 1424 1893 1455 fi
1905 1436 1970 1456 non
1984 1428 2159 1467 appellatur,

1201 1454 1295 1485 hostis
1307 1475 1316 1489 ‚
1337 1457 1410 1488 huic
1421 1458 1493 1490 ferri
1506 1464 1656 1493 auxilium
1675 1475 1740 1495 non
1758 1470 1896 1506 oportet?
1920 1470 2060 1498 Retinere
2070 1470 2163 1510 igitur

1200 1498 1233 1525 in
1248 1500 1402 1536 provincia
1415 1501 1530 1532 diutius
1545 1514 1615 1534 eum
1629 1525 1637 1538 ‚
1656 1507 1756 1546 quide
1767 1509 1855 1538 sociis
1863 1518 1935 1539 curn
1945 1509 2082 1540 hostibus
2093 1531 2102 1545 ‚
2123 1511 2161 1542 de

1199 1539 1317 1569 civibus
1328 1550 1399 1571 cum
1409 1543 1499 1574 sociis
1513 1544 1599 1576 faciat
1606 1547 1777 1586 paGtiones:
1799 1552 1850 1590 qui
1861 1551 1918 1581 hoc
1928 1553 2017 1582 etiam
2028 1553 2056 1582 se
2065 1553 2160 1592 pluris

1199 1579 1257 1610 esi'e
1267 1601 1276 1614 ‚
1289 1582 1380 1622 quam
1393 1585 1539 1627 collegam
1550 1608 1559 1620 ‚
1576 1598 1672 1628 putet,
1692 1591 1773 1631 quod
1783 1592 1834 1621 iile
1845 1602 1897 1622 vos
1909 1592 2025 1624 tristitia
2035 1614 2045 1627 ,
2057 1596 2161 1625 vultu-

1199 1632 1256 1662 que
1267 1622 1435 1663 deceperit,
1455 1629 1516 1668 ipsc
1534 1639 1704 1671 numquam
1719 1633 1747 1662 se
1762 1632 1884 1667 minsis,
1905 1634 1996 1675 quarn
2007 1645 2082 1670 erat,
2103 1647 2159 1666 ne-

1198 1674 1288 1704 quam
1300 1665 1357 1696 efl'e
1367 1665 1519 1700 simularit.
1543 1672 1610 1702 Piso
1621 1683 1720 1703 autem
1730 1675 1789 1704 alio
1800 1675 1933 1715 quodam
1942 1678 2037 1707 modo
2046 1679 2158 1718 gioria-

1198 1714 1245 1735 rnr
1261 1727 1271 1740 ‚
1294 1708 1323 1738 se
1342 1708 1426 1740 brevi
1445 1721 1581 1752 tempore
1599 1713 1772 1753 perfecisse,
1792 1727 1830 1746 ne
1849 1720 1881 1748 C.
1892 1719 2057 1754 Gabinius,
2077 1730 2156 1752 unus

1195 1751 1339 1780 omnium
1350 1752 1546 1793 nequiffimus
1556 1756 1856 1789 existimaretui·.Hos
1866 1769 1920 1789 vos
1929 1760 1965 1790 de
1973 1764 2152 1800 provinciis,
2171 1771 2195 1805 5

1193 1789 1214 1819 fi
1224 1801 1287 1821 non
1296 1793 1458 1834 aliquando
1468 1796 1636 1828 deducendi
1648 1797 1947 1840 efl‘ent‚de1·ipiendos
1958 1812 2021 1833 non
2037 1813 2154 1843 putare-

1192 1834 1252 1862 tis?
1272 1836 1302 1852 ¹0
1310 1834 1342 1864 «Sc
1351 1837 1402 1865 has
1412 1837 1557 1878 dupliceis
1564 1839 1671 1879 pesteis
1685 1842 1835 1871 sociorum
1849 1862 1858 1876 ‚
1879 1843 2019 1875 militum
2030 1845 2153 1881 cladeis,

1189 1874 1422 1914 publicanorum
1442 1882 1542 1910 ruinas
1564 1901 1573 1915 ,
1593 1884 1817 1921 provinciarum
1837 1883 1986 1915 vastitates
1996 1906 2005 1921 ‚
2028 1889 2152 1928 imperii

1191 1917 1340 1952 maculas,
1363 1923 1522 1951 teneretis?
1544 1926 1582 1952 At
1601 1923 1695 1953 iidem
1716 1934 1790 1958 vos,
1809 1935 1889 1955 anno
1909 1927 2076 1966 superiore,
2093 1931 2151 1960 hos

1190 1957 1311 1989 eosdem
1322 1962 1506 1992 revocabaris
1517 1983 1526 1997 ,
1547 1964 1619 1994 cum
1632 1968 1666 1994 in
1678 1968 1849 2005 provincias
1860 1968 1922 2006 jam
1936 1969 2149 2008 pervenissent.

1189 2008 1250 2039 quo
1265 2008 1400 2041 tempore
1414 2002 1434 2032 fi
1447 2004 1579 2035 liberum
1594 2005 1725 2036 vestrum
1737 2007 1886 2047 judicium
1900 2008 2016 2044 fuiss'et,
2035 2022 2088 2042 nec
2099 2022 2150 2043 to-

1188 2042 1243 2070 ties
1254 2041 1343 2073 diIata
1352 2053 1398 2073 res
1406 2064 1415 2078 ‚
1427 2054 1483 2075 nec
1492 2046 1527 2076 ad
1536 2055 1709 2078 extremum
1719 2049 1734 2078 ἐ
1747 2050 1887 2080 manibus
1897 2061 1993 2092 erepta
2002 2052 2072 2084 effet
2083 2065 2088 2083 :
2099 2064 2148 2085 re-

1187 2081 1351 2115 stituiss'etis
1362 2105 1370 2119 ‚
1388 2085 1418 2116 id
1429 2087 1511 2127 quod
1521 2089 1684 2129 cupiebatis
1695 2110 1704 2123 ,
1722 2090 1849 2122 vestram
1860 2092 2078 2130 austeritatem,
2094 2098 2144 2131 iis,

1185 2134 1238 2164 per
1248 2135 1324 2166 quos
1335 2136 1394 2157 eiat
1403 2128 1505 2160 amiffa
1516 2151 1525 2163 ‚
1543 2134 1687 2161 revocatis
1699 2152 1706 2166 ‚
1728 2133 1760 2163 ὃς
1770 2134 1814 2162 his
1825 2133 1893 2174 ipsis
1903 2139 2034 2175 praemiis
2044 2146 2148 2168 extor-

1186 2167 1223 2195 tis
1234 2186 1242 2199 ‚
1260 2177 1326 2207 quae
1336 2178 1418 2199 erant
1427 2180 1481 2210 pro
1492 2172 1599 2202 scelere
1609 2192 1617 2206 ‚
1631 2182 1718 2214 atque
1728 2174 1879 2206 eversione
1889 2179 1988 2217 patriae
1998 2179 2145 2210 consecu-

1185 2209 1217 2237 ti.
1245 2212 1270 2228 ¹¹
1281 2212 1378 2249 Qiam
1389 2221 1512 2250 poenam
1528 2211 1548 2242 si
1563 2223 1627 2243 tum
1642 2216 1771 2246 aliorum
1787 2218 1896 2257 opibus
1906 2238 1915 2252 ‚
1928 2229 1991 2249 non
2004 2221 2063 2250 suis
2074 2241 2082 2256 ,
2095 2223 2144 2252 in—

1185 2248 1334 2280 vitiffimis
1346 2253 1432 2282 vobis
1443 2273 1451 2287 ,
1463 2255 1635 2286 evolarunt:
1650 2266 1678 2287 at
1687 2257 1775 2288 aliam
1786 2260 1884 2289 multo
1895 2261 2041 2301 majorem
2054 2282 2061 2296 ‚
2077 2273 2143 2304 gra-

1182 2294 1361 2333 vioremque
1375 2294 1540 2326 subierunt.
1563 2307 1629 2338 quae
1646 2301 1729 2329 enim
1747 2301 1889 2335 homini,
1908 2304 1941 2333 in
1958 2313 2019 2344 quo
2032 2305 2140 2346 aliquis

1183 2331 1204 2362 fi
1213 2343 1277 2363 non
1282 2338 1368 2373 farma
1374 2336 1463 2377 pudor
1473 2357 1480 2371 ‚
1503 2347 1531 2368 at
1541 2339 1678 2379 supplicii
1690 2343 1781 2371 timor
1793 2341 1850 2376 est,
1871 2346 1987 2385 gravior
1996 2355 2083 2386 poena
2093 2357 2141 2378 ac-

1182 2374 1280 2407 cidere
1292 2385 1411 2417 potuit,
1433 2380 1525 2421 quam
1541 2391 1608 2412 non
1619 2382 1700 2413 credi
1713 2383 1820 2415 litteris
1835 2387 1873 2416 iis
1884 2406 1893 2420 ‚
1912 2396 1976 2428 quae
1986 2398 2050 2417 rem
2063 2388 2140 2461 [ἔξω

2026 2440 2060 2471 ge
2089 2441 2138 2462 am

1743 511 1864 550 &Syris
1875 531 1884 545 ‚
1906 513 2080 542 nationibus
2101 516 2177 544 natis

190 2473 2135 2500 Ἢ

215 2512 240 2530 1.
259 2506 384 2538 Nefhriam
399 2508 569 2540 tuipitudinem
586 2510 718 2544 depultffc]
740 2511 854 2539 Videtur
872 2512 1051 2539 reducendum
1064 2514 1135 2550 quod
1156 2515 1160 2547 J
1175 2523 1234 2550 pto,

174 2539 261 2567 exstat
270 2542 297 2567 in
311 2541 379 2568 Pau.
389 2543 510 2570 omnibus
520 2545 548 2570 ὅτ
560 2547 659 2573 vetuste
670 2547 734 2573 cusis
744 2550 896 2582 neseffariam
908 2568 916 2582 ‚
928 2550 975 2576 iiifi
988 2549 1061 2577 forte
1072 2550 1135 2577 libi-i

98 2572 101 2575 ⁵
147 2597 151 2601 .
173 2576 353 2612 reperiantur,
363 2578 390 2604 in
401 2578 494 2614 quibus
506 2580 736 2610 hoereutalternm.

210 2620 239 2638 2.
257 2616 620 2651 Erumpeme›n‚aegr2repuffi4m
632 2638 640 2650 ,
658 2619 725 2653 &ej
748 2619 908 2656 Pal.quart.
928 2621 1016 2656 quint.
1037 2632 1134 2656 nonus,

171 2657 209 2675 ore
218 2649 342 2681 repulfirm.
363 2649 555 2680 Gcmblacensis
567 2661 711 2691 utrumque
721 2655 837 2689 admifit,
850 2656 883 2683 fic
895 2666 903 2689 ς
915 2666 1070 2691 erumpentem
1079 2660 1134 2693 agre
1152 2668 1153 2673 ¹

173 2693 212 2710 ore
223 2693 247 2709 re
262 2686 291 2709 ul
298 2695 347 2712 um.
778 2713 791 2717 -

208 2727 235 2755 3.
246 2685 440 2757 pC.st7rgim'icr.]
461 2723 487 2750 si
498 2723 599 2761 scriptis
612 2725 731 2754 standum
742 2728 789 2761 est,
802 2728 996 2756 rescribendum
1007 2733 1131 2765 Vir-giffar.

170 2753 210 2783 ita
218 2756 288 2782 enim
299 2757 366 2784 Pan.
376 2758 414 2784 ita
423 2760 530 2787 Gembl.
542 2763 569 2787 &
580 2764 607 2788 S.
622 2763 694 2790 Vist,

206 2798 233 2824 4.
253 2793 357 2825 Qorum
366 2803 400 2827 ego
409 2798 541 2823 nihilmmc
550 2801 613 2824 'P.C.
622 2802 648 2825 in
657 2801 767 2826 hominem
775 2802 862 2835 Zpfizm,

169 2824 286 2854 Restitui
297 2829 365 2857 hunc
375 2830 432 2858 locu
438 2841 461 2858 m
473 2842 505 2859 ex
519 2833 574 2860 Pal.
586 2844 666 2861 nono.
678 2845 724 2862 nec
734 2837 790 2864 abit
801 2840 828 2864 S.
838 2839 869 2863 Vi

170 2861 221 2888 huc
230 2863 323 2891 habeat
334 2866 392 2892 dico.
414 2868 522 2904 vulgata
540 2870 610 2897 enim
623 2889 632 2904 ‚
650 2874 713 2898 nihil
729 2874 777 2899 dico
786 2883 849 2900 nunc
857 2877 888 2899 P.
898 2877 926 2900 C.
937 2876 1047 2900 hominem
1057 2876 1129 2909 ipfiaem

169 2900 290 2934 relinqua.-
306 2901 333 2927 de
340 2909 411 2934 pro-v.
421 2904 522 2940 inepte.

206 2943 232 2968 5.
248 2939 309 2962 Huic
325 2946 369 2963 vos
379 2948 424 2964 non
435 2941 598 2974 ficbmlttetie?
617 2944 678 2969 hunc
687 2944 779 2970 diutim
790 2964 798 2976 ,
815 2946 882 2981 &r.]
903 2946 931 2972 S.
946 2947 967 2973 V
971 2946 1063 2973 itioris
1075 2957 1126 2974 uon

883 2802 910 2827 dc
915 2805 1052 2835 provIncia,
1062 2803 1129 2838 &c.]

167 2970 287 3003 agnoscit
296 2974 443 3008 negativam
456 2995 465 3007 ,
483 2977 554 3012 quod
565 2978 682 3014 placebat
692 2980 841 3007 Gulielmio
852 2991 858 3008 :
883 2981 929 3008 etsi
940 2982 1126 3016 stiretfhbmir-
1139 2997 1143 3026 ἶ
1320 3021 1323 3024 Ι
1623 3024 1626 3028 ’
1897 3020 1901 3024 ⁵
1938 3022 1943 3026 .

1138 3038 1141 3058 1
1165 3028 1263 3045 nouum
1275 3027 1393 3046 retinent
1408 3020 1542 3055 vulgatam
1558 3023 1677 3053 publicas.
1698 3030 1789 3047 reruni
1799 3029 1856 3047 cani
1880 3029 1944 3055 ejeci
1959 3021 2028 3057 quod
2041 3021 2126 3049 altera

1138 3062 1140 3088 Ι
1162 3056 1227 3082 item
1239 3056 1353 3082 exstaret
1363 3056 1388 3081 iu
1402 3057 1429 3081 S.
1441 3056 1513 3082 Vnst.
1528 3056 1592 3083 item
1605 3056 1782 3084 Erfurdienfl.

164 3011 214 3029 tere
222 3006 300 3032 etiam
310 3009 419 3036 extendi
429 3011 460 3038 ad
472 3013 616 3041 missioiiem
629 3014 788 3043 successoris.
808 3018 903 3044 verum
921 3020 982 3044 cum
995 3018 1061 3045 illud
1073 3028 1124 3045 non

166 3040 252 3067 exstet
262 3042 288 3068 in
299 3043 404 3071 Pa11.id
414 3049 539 3075 mutarim
550 3059 608 3076 cum
620 3059 716 3086 quarto
725 3053 752 3079 in
762 3062 829 3080 num.
851 3059 923 3081 certe
934 3055 1061 3081 orationis
1074 3064 1124 3081 nu-

166 3076 233 3101 meri
246 3077 299 3103 tale
308 3079 372 3114 quid
383 3083 535 3117 requirunt.

200 3111 228 3137 6.
248 3116 451 3155 Uenu-mtpcsterior
461 3137 469 3150 ‚
488 3129 521 3145 ein
528 3122 643 3154 infilicior
652 3142 660 3153 ‚
682 3123 749 3158 &c.]
770 3125 857 3152 Ausus
869 3125 923 3152 suni
943 3126 1033 3153 locum
1046 3126 1120 3154 suum

161 3145 226 3174 dare
239 3156 294 3176 voci
302 3149 357 3184 isti,
365 3151 437 3187 quod
446 3154 571 3185 existeret
580 3157 608 3186 iu
618 3158 684 3188 olim
694 3160 787 3195 editis,
797 3160 826 3190 in
836 3162 904 3192 Pali.
915 3164 944 3192 in
954 3163 1047 3192 Ahala·
1056 3163 1119 3192 seri-

874 2838 911 2864 et.
933 2839 978 2864 nisi
989 2838 1060 2874 quod
1081 2839 1130 2864 ad·
1145 2852 1147 2864 z

1245 2525 1329 2552 neque
1340 2517 1427 2542 minus
1439 2515 1580 2551 quadraret
1592 2535 1600 2547 ‚
1611 2524 1689 2551 quam
1701 2515 1860 2552 suppositum
1871 2514 1937 2540 illud
1949 2515 2056 2540 deterior.
2075 2524 2136 2542 nam

1154 2554 1157 2580 i
1176 2551 1461 2585 Lambiniprmmor‚
1480 2551 1658 2586 conjefituram
1670 2553 1725 2587 ejus
1736 2552 1811 2587 lapit.
1830 2549 1980 2578 consulatui·
1992 2551 2136 2578 Turnebus

1154 2582 1156 2592 '
1176 2586 1225 2614 lib.
1238 2597 1395 2623 xxtcap.9.
1778 2622 1783 2626 .
1850 2622 1856 2627 ·
1894 2622 1898 2627 ι
1990 2622 1996 2628 ·
2095 2624 2100 2629 .

1209 2630 1236 2658 7.
1256 2624 1327 2650 Nihil
1335 2624 1404 2649 alind
1412 2625 1490 2649 affirm
1500 2623 1559 2657 effi]
1581 2621 1649 2649 Pau.
1668 2622 1696 2649 3<
1715 2621 1950 2663 S.V16t0risliber
1963 2641 1970 2654 ‚
1989 2623 2132 2664 item—olim

1172 2657 1223 2685 cusi
1235 2679 1243 2691 ‚
1254 2661 1318 2686 nihil
1327 2659 1394 2684 aliud
1400 2669 1473 2693 neque
1483 2660 1561 2685 affirm
1570 2661 1619 2690 c,‘i‘‚·
1639 2667 1687 2694 pro
1697 2667 1750 2694 quo
1763 2658 1837 2684 nobis
1848 2657 1961 2698 obtruiit
1972 2659 2131 2699 gambinus,

1148 2686 1152 2718 l
1171 2696 1310 2721 nihilaliud
1318 2696 1386 2730 usque
1405 2697 1484 2720 arium
1497 2697 1539 2720 eff.
1561 2694 1632 2731 quod
1651 2704 1704 2721 non
1722 2694 1861 2722 satisfacit.
1881 2694 2026 2722 maluifiem
2038 2700 2130 2731 utque.

1148 2722 1151 2737 ¹
1172 2731 1215 2757 sed
1231 2731 1302 2758 aliud
1314 2731 1398 2758 adhuc
1408 2730 1472 2768 quid
1483 2731 1559 2758 latet.
2077 2770 2082 2774 η

1206 2767 1233 2793 8.
1243 2771 1368 2794 Pafliones
1377 2772 1531 2801 pecuniarum
1542 2777 1591 2794 cum
1601 2767 1734 2803 tyrannis]
1746 2768 1803 2796 Pal.
1815 2778 1898 2796 nonus
1912 2769 1991 2795 rei-lvo
2004 2769 2130 2805 amplius,

1146 2814 1148 2831 i
1166 2806 1290 2836 pafflones
1306 2808 1463 2837 pecuniarum
1473 2805 1544 2836 magis
1555 2814 1605 2830 cum
1615 2805 1731 2838 tyramu's.
1752 2804 1827 2841 supra
1838 2805 1917 2831 eniam
1938 2805 1981 2832 ubi
2001 2805 2035 2832 cst
2054 2809 2128 2839 igitur

1164 2843 1192 2865 in
1200 2844 1278 2875 Syria,
1290 2840 1369 2866 iidem
1383 2840 1441 2866 mss.
1451 2850 1541 2866 omncs
1552 2840 1697 2876 agnoscunt
1705 2843 1796 2875 syriam
1805 2848 1851 2867 aut
1859 2843 1964 2867 Suriam.

1200 2884 1229 2911 9.
1249 2881 1361 2902 Hui-tetur
1373 2877 1438 2911 ,[ειί,
1450 2886 1501 2907 &mc
1512 2877 1652 2911 chimarra]
1673 2876 1800 2903 Melior-es
1812 2877 1971 2904 membrana:
1983 2897 1991 2910 ,
2010 2879 2128 2910 bermar,

1157 2912 1212 2946 sed,
1221 2913 1273 2943 dvc.
1285 2915 1375 2938 elamet.
1396 2921 1480 2948 neque
1492 2912 1668 2946 abjiciendum
1679 2920 1745 2940 erat.
2058 2949 2067 2954 ,

1205 2956 1246 2974 10.
1266 2951 1316 2973 Has
1327 2949 1436 2981 duplice-is
1444 2949 1520 2981 praeis
1532 2968 1539 2980 ‚
1559 2949 1625 2983 dfe]
1644 2948 1790 2975 Lambinus
1805 2947 1931 2976 asseverat
1950 2949 2015 2975 lianc
2025 2949 2075 2975 elle
2086 2949 2126 2976 le-

1141 2982 1143 2989 *
1165 2983 1282 3010 &ionem
1303 2984 1422 3010 omnium
1436 2984 1612 3020 striptorum3
1634 2984 1675 3010 sed
1695 2984 1810 3012 fallitur.
1831 2985 1898 3011 Pan.
1920 2995 2011 3011 omnes
2031 2993 2127 3022 praeter

1201 3101 1242 3117 ιι,
1264 3093 1468 3126 Qampoenamfi
1477 3100 1526 3117 rum
1536 3093 1662 3128 aliorum]
1684 3091 1746 3119 Mis.
1767 3093 1848 3120 nostri
1858 3101 1949 3119 omnes
1963 3111 1971 3125 ,
1989 3093 2123 3134 qud's'awr'.

1162 3127 1208 3154 nisi
1220 3127 1290 3162 quod
1304 3127 1359 3153 Pal.
1372 3137 1468 3159 nonus,
1478 3135 1612 3162 quaepoena.
1634 3129 1661 3155 ἃ(
1673 3136 1763 3159 tamen
1773 3131 1965 3164 evolarepoenam
1976 3147 1984 3162 ,
1996 3130 2081 3156 neit-io
2091 3138 2124 3155 an

1161 3173 1213 3193 non
1233 3163 1340 3198 meiius,
1352 3164 1520 3200 qiiiinipoena‘.

1534 3201 1648 3239 YVV3
2063 3202 2144 3227 Lm·
