2337 3400
191 2001 193 2003 ’
235 2001 342 2023 Cuma

192 184 290 234 492
602 154 1110 205 M.TULL11

201 249 230 280 se
242 251 251 277 ?
265 252 274 268 ¹
286 244 364 277 nihil
376 242 516 273 videlicet
527 239 567 270 cst
579 247 683 269 corum
695 248 700 266 ·.
714 236 774 269 sed,

207 327 410 369 suisfiaesti‘nera
434 328 517 355 Tum
530 321 656 353 consilio
666 318 786 360 repente
799 325 916 348 mutato
927 335 935 349 ‚
954 317 1007 345 iter
1018 314 1034 343 -ἶι
1042 313 1165 343 Vibone

210 367 400 402 Brundisium
417 375 490 396 terra
508 373 607 405 petere
625 361 778 393 contendi.
802 369 872 389 nam
888 359 1058 387 maritimos
1067 353 1166 386 cursus

147 431 187 462 41
210 410 404 454 praecludebat
423 409 533 437 hiemis
550 403 735 446 magnitudo.
781 400 860 431 crim
878 400 983 429 omnia
1001 397 1050 427 illa
1065 395 1168 426 muni-

209 455 296 524 cilpia‚
307 461 372 492 quae
383 451 451 480 sunt
461 448 475 478 {1
484 448 605 478 Vibone
615 442 806 475 Brundifium
817 463 825 477 ,
839 444 871 471 in
883 440 940 470 fide
950 437 1162 479 mea,judiceS,

211 506 226 525 e
252 493 319 524 ‘entz
332 495 387 522 itcr
397 491 474 522 mihi
485 499 584 520 turum
596 509 606 522 ,
616 487 723 517 multis
735 483 945 515 minitantibus
954 501 962 516 ,
974 490 1085 522 magno
1094 487 1165 509 cum

211 537 265 568 suo
283 544 366 566 metu
388 531 596 573 praestiterunt.
629 525 820 558 Biundisium
841 526 930 557 veni,
950 523 997 553 vel
1015 523 1115 562 potius
1133 519 1167 549 ad

219 579 335 610 moenia
351 573 460 606 acceffi.
486 573 591 603 urbem
601 580 692 601 unam
705 564 999 599 mihiamiciffimam
1010 563 1170 593 declinavi,

217 630 283 660 qua:
301 619 328 648 se
345 618 393 647 vel
409 614 510 656 potitis
527 613 681 645 exscindi,
701 611 792 652 quam
806 610 822 639 ὲ
837 609 890 639 suo
900 607 1063 645 complexu
1074 613 1105 633 ut
1116 604 1173 633 eri-

214 671 300 702 perer
311 681 319 694 ,
338 659 425 689 facile
441 665 595 698 pateretur.
619 657 655 684 In
666 655 769 683 hortos
778 661 827 681 me
838 653 880 680 M.
892 652 980 680 Lenii
992 647 1087 677 Flacci
1096 655 1170 675 con-

218 703 274 733 tuli
289 724 295 731 .
316 703 364 731 cui
381 699 454 730 cum
471 700 572 728 omnis
590 705 707 729 metus,
728 693 891 734 publicatio
907 692 1058 720 bonorum
1071 706 1080 720 ,
1100 684 1175 716 exsi-

217 745 297 774 lium
308 764 316 777 ,
331 751 414 772 mors
426 747 658 781 proponeretur,
671 738 733 767 haec
743 736 854 776 perpeti
868 755 875 767 ‚
888 732 907 762 si
917 730 1100 762 acciderent,
1115 737 1176 756 ma-

219 786 288 819 luit,
300 784 392 826 quarn
402 781 568 813 custodiam
583 781 643 810 mei
653 780 757 819 capitis
767 777 929 806 dimittere.
953 772 1053 811 Hujus
1065 780 1132 811 ego,
1145 769 1178 798 &

225 829 353 868 parentis
365 827 428 865 ejus
436 820 660 864 prudentiss'imi
670 841 678 854 ,
697 829 782 859 atque
793 819 902 856 opssmi
912 816 989 845 senis
1001 833 1009 846 ‚
1028 812 1060 842 &
1072 810 1179 841 utrius-

221 880 278 910 que
297 867 431 897 filiorum
449 865 588 895 manibus
600 883 608 896 ,
629 865 661 892 in
678 864 747 891 navi
765 869 841 892 tura,
862 868 894 887 ac
908 855 988 885 fideli
1005 854 1181 884 collocatus,

220 919 385 950 eorumque
396 918 497 948 preces
509 926 518 940 ‚
544 906 575 935 &
586 913 655 934 vota
666 903 702 932 de
713 912 783 931 meo
794 900 888 930 reditu
899 896 1061 927 exaudiens
1072 915 1080 928 ,
1103 897 1183 933 Dyr-

224 954 401 984 rhachium,
421 948 502 990 quod
521 956 579 977 erat
596 949 629 975 in
647 944 704 974 fide
724 953 808 975 mea,
827 949 926 980 petere
937 936 1090 969 contendi.
1113 934 1183 974 Qo

222 993 294 1024 cum
305 990 450 1023 veniss'em
463 1011 470 1024 ,
484 989 630 1028 cognovi,
654 986 685 1016 id
696 984 776 1025 quod
788 984 938 1013 audieram
950 1000 957 1014 ,
978 979 1115 1009 refertam
1125 974 1184 1006 effe

224 1038 370 1067 Graeciam
393 1029 682 1063 sceleratissimorum
701 1028 865 1056 hominum
888 1043 896 1056 ,
931 1032 962 1052 ac
982 1020 1184 1051 nefariorum:

222 1087 355 1119 quorum
377 1075 507 1113 impium
521 1070 655 1102 ferrum,
679 1067 833 1109 igne-iique
851 1063 1007 1105 pestiferos
1027 1071 1112 1091 meus
1132 1059 1184 1089 ille

221 1119 393 1150 consulatus
412 1116 428 1145 ὲ
449 1112 590 1143 manibus
611 1110 788 1141 extorserat:
809 1110 862 1148 qui
880 1114 1039 1145 antequam
1060 1103 1096 1132 de
1115 1110 1185 1130 meo

221 1161 352 1192 adventu
367 1156 468 1187 audire
482 1151 666 1195 potuiss'ent,
687 1161 758 1182 cum
780 1159 845 1180 turn
865 1146 996 1178 abess'ent
1014 1146 1185 1184 aliquorum

223 1203 342 1233 dierum
361 1201 442 1229 viam
455 1217 463 1231 ,
483 1199 515 1226 in
525 1194 734 1225 Macedoniam
746 1212 755 1226 ,
775 1191 810 1221 ad
823 1191 1037 1227 Planciumque
1055 1184 1184 1225 perrexi.

224 1245 286 1275 Hic
302 1240 375 1272 vero
395 1239 482 1270 simul
500 1247 586 1278 atque
604 1245 655 1265 me
675 1244 756 1264 mare
771 1230 897 1263 transisse
914 1229 1073 1270 cognovit:
1094 1225 1185 1264 (audi,

225 1284 315 1318 audi,
327 1292 414 1323 atque
423 1279 542 1311 attende
554 1298 562 1312 ,
574 1274 737 1308 Laterensis
749 1295 757 1308 ,

224 1326 367 1358 debeam:
387 1321 607 1360 confiteareque
627 1316 810 1358 aliquando,
835 1313 915 1355 quod
935 1313 1062 1341 ruciam-z
1087 1318 1136 1339 me
1155 1307 1188 1336 δε

225 1367 307 1410 grate
318 1387 327 1402 ,
348 1366 380 1396 &
396 1364 445 1405 pie.¹
460 1362 555 1393 facere
568 1372 573 1390 ε
593 1362 664 1390 huic
675 1380 683 1393 ,
703 1368 767 1399 quae
778 1367 832 1397 pro
842 1355 932 1385 salute
944 1363 1010 1382 mea
1019 1351 1121 1381 fecerit
1132 1370 1140 1382 ‚
1165 1348 1185 1378 si

226 1408 332 1440 minus
344 1406 498 1448 profutura
509 1403 583 1436 sint,
606 1399 706 1432 obesse
726 1399 804 1429 certe
826 1407 888 1427 non
907 1394 1070 1435 oportere.)
1094 1394 1187 1423 Nam,

226 1450 350 1481 stmulac
367 1458 416 1478 me
425 1446 647 1487 Dyrrhachium
665 1439 790 1482 attigiss'e
807 1438 941 1469 audivit:
964 1435 1061 1465 statim
1076 1433 1111 1464 ad
1127 1442 1190 1465 me,

228 1491 387 1524 liEtoribus
397 1486 526 1520 dimissis
536 1507 544 1521 ‚
559 1484 725 1525 insignibus
735 1479 858 1521 abjefifis
869 1499 878 1513 ,
890 1477 960 1513 veste
973 1484 1089 1505 murata
1102 1495 1109 1509 ,
1121 1483 1191 1514 pro-

228 1534 325 1565 feeius
335 1532 385 1563 est.
409 1529 577 1561 Oacerbam
590 1527 668 1557 mihi
678 1545 687 1559 ‚
704 1523 821 1565 judices
831 1542 840 1556 ,
853 1520 1035 1550 memoriam
1047 1517 1192 1556 temporis

229 1577 314 1606 illius
323 1595 332 1608 ,
346 1574 379 1604 δε
391 1573 450 1603 loci
461 1592 470 1605 ‚
482 1570 556 1602 ciim
567 1571 616 1599 hic
626 1570 659 1597 in
668 1576 719 1597 me
728 1564 852 1597 incidit,
864 1561 1043 1601 complexus
1053 1558 1106 1591 est,
1118 1567 1192 1587 con-

230 1615 389 1658 sperfitque
410 1614 547 1653 lacrymis
566 1631 575 1645 ,
595 1620 651 1640 nec
661 1609 743 1649 loqui
755 1614 812 1646 prae
822 1612 953 1634 moerore
961 1602 1079 1642 potuit!
1101 1598 1193 1629 orem

231 1659 303 1690 cum
321 1657 424 1688 auditu
445 1665 497 1685 cni

231 1702 354 1731 omneis
369 1699 433 1728 dies
445 1717 453 1731 ,
474 1694 648 1734 noeieisque
659 1701 705 1722 eas
717 1711 725 1725 ,
744 1689 854 1732 quibus
869 1686 921 1717 iste
932 1686 948 1716 ὲ
964 1694 1014 1715 me
1030 1691 1096 1714 non
1114 1691 1195 1712 rece—

232 1742 307 1773 dens
317 1761 325 1775 ,
335 1738 574 1771 Thefl'alonicam
587 1745 637 1765 me
649 1755 656 1769 2
666 1735 699 1765 in
708 1731 962 1774 quaestoriumque
971 1725 1124 1768 perduxit!
1136 1722 1198 1754 Hic

231 1794 288 1826 ego
299 1793 383 1813 nunt·
390 1781 427 1810 de
435 1788 560 1820 praetore
569 1776 754 1807 Macedonia:
766 1773 845 1803 nihil
854 1772 950 1801 dicam
964 1769 1092 1808 amplius
1104 1787 1113 1801 ,
1127 1764 1195 1799 nisi,

232 1835 304 1856 eum
325 1825 357 1854 δε
373 1825 472 1853 civem
491 1822 644 1860 optimum
659 1819 793 1857 semper,
816 1815 849 1845 &
862 1814 939 1843 mihi
952 1813 1085 1841 amicum
1094 1807 1191 1838 fuiss'e:

235 1867 285 1899 sed
308 1865 411 1896 eadem
434 1861 556 1899 timmffe
575 1881 583 1894 ,
614 1869 680 1901 quae
699 1867 823 1889 ceteros.
861 1858 918 1885 Cn.
929 1854 1088 1883 Plancium
1107 1847 1196 1879 fuifl'e

234 1919 332 1939 unum
345 1928 353 1941 ,
375 1916 458 1938 non,
480 1907 533 1945 qui
553 1904 658 1932 minus
677 1903 814 1932 timeret,
835 1897 883 1928 sed
897 1916 905 1930 ,
925 1894 945 1925 si
964 1893 1131 1924 acciderent
1150 1901 1193 1925 ea,

234 1951 489 1992 quaetimerentur
498 1965 507 1979 ,
519 1954 640 1975 mecum
654 1953 687 1972 ea
699 1942 794 1972 subire
807 1961 816 1973 ,
829 1940 862 1970 ὅ(
871 1938 984 1979 perpeti
993 1935 1095 1965 vellet.
1120 1934 1192 1975 Qi,

260 1991 267 1999 ⁸
343 1991 361 2021 d
380 2000 429 2020 me
440 1991 475 2019 L.
485 1986 609 2019 Tubero
620 2005 628 2019 ,
648 1993 733 2015 meus
745 1981 919 2012 necessarius
930 2000 939 2013 ,
959 1979 1013 2019 qui
1029 1976 1110 2007 fratri
1121 1984 1192 2004 meo

497 2027 642 2060 decedens
652 2036 690 2056 cx
701 2023 765 2055 Asia
775 2022 902 2054 venisset
913 2041 922 2055 ,
943 2020 1048 2060 easque
1060 2016 1190 2050 insidias,

234 2085 306 2117 quas
318 2075 397 2105 mibi
406 2080 516 2114 paratas
532 2070 568 2100 ab
582 2068 736 2099 exsulibus
746 2066 908 2105 conjuratis
918 2061 1047 2093 audierat
1059 2080 1067 2094 ,
1087 2061 1192 2089 animo

235 2114 414 2147 amicissimo
426 2111 591 2144 detulill'et:
611 2113 645 2140 in
657 2108 755 2140 Asiam
765 2118 815 2137 me
826 2109 869 2136 ire
883 2109 909 2144 (²
919 2112 1039 2144 propter
1048 2103 1112 2142 ejus
1124 2110 1193 2140 pro-

234 2159 345 2188 vinciae
356 2166 475 2187 mecum
488 2175 495 2188 ,
518 2155 550 2184 &
564 2163 634 2183 cum
648 2161 718 2182 meo
731 2150 817 2180 fratre
828 2144 1087 2183 neceffitudinem)
1103 2152 1194 2172 com·

236 2208 389 2241 parantem
401 2219 408 2232 ,
425 2207 487 2227 nor-i
499 2195 539 2225 cst
549 2194 644 2235 paffus
657 2206 661 2222 ;
683 2195 713 2222 vi
725 2202 774 2221 me
785 2211 793 2225 ,
814 2192 938 2230 inquam
951 2209 959 2221 ,
983 2186 1118 2217 Plancius
1130 2180 1147 2218 ,f
1160 2184 1194 2213 &

237 2241 399 2281 complexu
418 2240 470 2269 suo
489 2238 629 2269 retinuit,
648 2234 820 2274 multosque
840 2231 957 2261 menses
976 2229 992 2259 a
1008 2229 1102 2267 capite
1122 2235 1193 2255 meo

238 2293 303 2316 non
313 2279 436 2312 disccffit
445 2301 454 2315 ,
466 2278 577 2318 abjecta
588 2275 743 2318 quaestoria
750 2274 865 2314 persona
874 2292 883 2306 ,
896 2270 1077 2310 comitisque
1087 2269 1193 2299 sumta.

233 2035 347 2076 legatus
357 2030 457 2062 fuisset
467 2049 476 2063 ‚

767 2448 805 2467 ito
815 2438 882 2467 istud
895 2438 987 2465 melius
998 2437 1046 2462 illo
1060 2434 1167 2469 vulg-‚ito
1180 2442 1189 2463 ς

773 2476 789 2503 d
800 2479 813 2503 e
826 2474 978 2510 Turingicis
990 2469 1120 2499 stiffi-idus
1141 2475 1189 2496 no-

278 2461 301 2477 r.
323 2447 517 2484 thlffldices,
527 2443 673 2477 esseorum]
694 2443 764 2477 Qai

239 2490 303 2514 nihil
311 2486 418 2512 videlicet
426 2486 459 2509 τῇ
469 2491 554 2507 corum.
574 2480 643 2505 cruit
654 2485 743 2505 autem
763 2478 770 2503 i

242 2525 292 2551 ster
307 2521 436 2550 Petreius.

278 2569 304 2584 2.
322 2554 608 2590 P=*opt.⁴i·rj:zrpi·orincit
617 2560 714 2577 mecum.
724 2550 773 2579 ὡς,
787 2546 981 2580 comparanrem]
999 2540 1190 2577 Italcgendum

242 2594 306 2620 duri
323 2591 443 2618 omuibus
455 2589 523 2616 l'all.
535 2598 542 2612 x
551 2585 762 2616 olei·t'ibus33teiii
774 2586 801 2610 S.
813 2583 928 2610 meroris
937 2591 966 2608 ac
976 2582 1057 2607 Grut.
1073 2578 1117 2613 qui
1130 2577 1194 2602 ulti-

244 2639 313 2661 ωας,
323 2629 401 2655 duxit
412 2635 455 2654 me
463 2625 496 2653 ad
506 2626 571 2652 hanc
581 2622 723 2651 lethonem
738 2641 745 2654 ,
755 2622 818 2648 cuin
829 2619 936 2647 luberet
950 2637 958 2651 ‚
969 2626 1002 2643 mc
1011 2620 1189 2649 stipat-intem,

786 243 875 276 quam
886 230 1094 272 tempestatem
1105 237 1161 258 nos
1183 240 1185 250 v

202 289 360 320 vobiscum
373 294 434 314 non
445 281 612 312 tulissemus
624 300 631 313 ,
643 279 751 309 metuit
762 287 792 306 ut
804 286 869 306 eam
883 275 941 315 ipse
951 271 1045 313 poss‘et
1055 270 1164 311 opibus
1183 298 1185 304 ,

770 1283 802 1303 ut
813 1274 882 1303 scias
896 1292 904 1305 ,
917 1270 988 1314 quid
999 1279 1054 1308 ego
1065 1268 1187 1298 Plancio
1206 1287 1207 1295 1

500 1653 599 1684 delem
619 1671 627 1685 ,
652 1659 718 1681 tum
737 1649 803 1679 visu
823 1645 966 1676 nefariam
988 1645 993 1672 ἱ
1023 1641 1043 1672 ὁ
1062 1642 1196 1681 reliquos

1191 146 1736 191 CICER0N1s

1206 269 1225 300 ὁ
1237 268 1354 299 ῃοὲὶείε
1368 266 1483 313 acerbas
1498 268 1503 296 ¹.
1522 265 1541 296 ὃ
1559 265 1725 297 custodiam
1744 269 1832 297 etiam
1853 268 1914 296 mei
1930 266 2033 305 capitis
2054 263 2159 294 infeli-

1206 321 1271 341 cem
1286 313 1291 338 l
1313 308 1332 338 si
1348 307 1546 354 quidem-ego
1564 309 1619 338 tibi
1635 310 1722 339 vivus
1739 319 1801 338 non
1816 309 1937 348 prosum
1950 327 1959 341 ,
1978 303 2158 347 quifortasse

1208 361 1343 383 mortuus
1353 347 1540 396 proruissem.
1563 352 1693 380 memini
1704 352 1787 380 enim
1799 370 1807 383 ‚
1821 351 1968 382 memini,
1982 358 2077 388 neque
2088 357 2160 377 um-

1207 403 1297 435 quam
1308 391 1466 439 obliviscar
1474 390 1575 421 noffis
1584 392 1665 422 illius
1676 411 1684 425 ,
1696 391 1767 422 cum
1779 392 1835 422 tibi
1845 391 1981 432 vigilanti
1993 411 2000 423 ,
2012 388 2158 422 allidenti‚

1211 443 1372 467 moerenti,
1386 442 1461 480 vana
1470 432 1607 473 quaedam
1618 434 1707 464 miser
1718 453 1726 466 ‚
1740 443 1826 473 atque
1839 436 1937 463 inania
1948 453 1956 466 ‚
1974 432 2043 462 falfa
2054 431 2100 471 spe
2111 432 2160 460 in-

1210 476 1317 507 ductus
1329 495 1336 509 ,
1357 474 1538 515 pollicebar:
1565 485 1614 506 me
1625 495 1633 509 ,
1657 473 1677 504 si
1695 473 1785 504 essem
1804 477 1836 504 in
1856 477 1978 515 patriam
1998 473 2162 506 restitutus,

1215 523 1227 546 3
1238 517 1432 560 praesentem)
1443 516 1497 546 tibi
1507 518 1629 558 gratiam
1640 516 1800 546 relaturum
1812 527 1817 545 :
1837 515 1857 545 si
1868 525 1966 546 autem
1978 518 2071 545 vitam
2083 515 2163 545 mihi

1214 562 1274 591 sors
1292 556 1445 588 ademistet
1456 578 1463 591 ‚
1482 568 1530 588 aut
1549 561 1596 588 vis
1612 559 1709 598 aliqua
1724 559 1821 598 major
1837 557 1966 587 reditum
1985 555 2165 597 peremisset:

1214 601 1348 650 h.⁰‘³.'.h⁰⁵
1359 602 1447 640 (quos
1455 602 1537 630 enim
1549 610 1604 641 ego
1611 609 1676 630 turn
1685 599 1761 630 alios
1770 601 1875 630 animo
1884 599 2020 629 intuebar
2029 600 2039 626 ?
2048 599 2167 637 )omnia

1215 645 1271 674 tibi
1286 643 1408 671 illorum
1424 642 1561 672 laborum
1575 643 1696 682 praemia
1713 651 1767 680 pro
1783 651 1833 671 me
1848 641 2058 680 persoluturos.
2083 638 2166 680 Qid

1218 696 1266 715 me
1277 682 1428 730 adspefihs
1436 686 1446 712 ?
1455 684 1527 724 quid
1538 694 1604 714 mea
1611 681 1753 724 promissa
1762 685 1853 725 reperta
1862 686 1872 712 ?
1881 682 1953 723 quid
1964 692 2062 712 meam
2075 680 2168 712 fidem

1217 727 1380 766 imploras?
1399 725 1477 755 nihil
1495 726 1548 755 tibi
1567 736 1621 768 ego
1637 735 1703 755 tum
1724 725 1760 755 de
1780 726 1857 755 meis
1871 725 1978 765 opibus
1994 724 2170 763 pollicebar,

1218 769 1266 799 sed
1281 769 1390 797 horum
1405 777 1471 807 erga
1483 777 1533 796 me
1547 768 1786 797 benivolentiam
1799 765 2011 806 promittebam
2023 776 2028 794 2
2048 767 2103 795 hos
2117 773 2173 805 pro

1222 819 1272 857 me
1282 809 1379 855 lugere
1391 828 1399 841 ,
1411 809 1466 838 hos
1475 818 1594 848 gemere
1604 829 1613 843 ,
1631 809 1686 838 hos
1696 808 1842 838 decertare
1851 818 1904 848 pro
1916 817 1986 836 meo
1995 809 2089 847 capite
2098 826 2106 840 ‚
2123 804 2171 836 vel

1221 859 1291 881 vitae
1308 850 1444 897 periculo
1460 850 1537 880 velle
1551 850 1709 881 videbam:
1731 850 1766 879 de
1776 859 1882 879 eorum
1891 847 2053 882 desiderio,
2073 847 2172 880 luein,

1222 893 1350 933 querelis
1360 891 1496 931 quotidie
1506 892 1619 933 aliquid
1630 901 1729 922 tecum
1738 890 1828 921 simul
1842 890 2015 921 audiebam:
2036 899 2117 920 nunc
2135 891 2173 919 ti-

1223 943 1294 980 meo
1303 953 1312 966 ,
1325 933 1451 980 nenniliil
1463 933 1517 963 tibi
1530 955 1538 967 ‚
1549 943 1652 974 praeter
1660 934 1800 974 lacrymas
1810 953 1819 966 ,
1833 942 1940 973 queam
1951 931 2071 962 reddere
2083 942 2089 960 1
2103 941 2176 972 quas

1224 985 1255 1006 tu
1266 985 1299 1004 in
1310 983 1385 1022 meis
1395 974 1602 1005 acerbitatibus
1610 975 1753 1015 plurimas
1763 973 1906 1005 effudisti.
1920 973 2001 1014 Qid
2011 975 2093 1003 enim
2106 972 2176 1013 pos-

1202 1035 1204 1047 ›
1224 1018 1289 1046 sum
1300 1015 1401 1062 aliudt,
1421 1015 1475 1046 nisi
1487 1018 1632 1046 moerere?
1653 1015 1708 1046 nisi
1717 1015 1807 1046 flere?
1824 1014 1880 1046 nisi
1890 1024 1917 1045 te
1928 1025 1997 1045 cum
2009 1025 2075 1044 mea
2085 1015 2176 1045 salute

1225 1056 1409 1105 complefih?
1426 1057 1548 1088 salutem
1560 1058 1615 1088 tibi
1626 1058 1719 1087 iidem
1730 1058 1796 1088 dare
1808 1055 1928 1097 poffiint
1937 1077 1946 1090 ,
1958 1059 2011 1097 qui
2022 1058 2098 1086 milii
2109 1056 2178 1089 red-

1226 1099 1377 1129 diderunt·
1400 1101 1468 1129 Huc
1476 1100 1597 1139 exsurge
1608 1108 1708 1129 tamen
1719 1119 1728 1132 ,
1743 1100 1852 1140 quaeso.
1875 1099 2012 1129 retinebo
2024 1118 2032 1131 ,
2048 1099 2080 1128 &
2090 1108 2178 1128 com-

1225 1139 1336 1187 ple-{kar
1349 1150 1362 1186 ᾗ
1374 1149 1428 1169 nec
1443 1151 1491 1169 me
1506 1141 1606 1170 solum
1620 1140 1840 1179 deprecatorem
1849 1139 2035 1169 fortunarum
2046 1149 2176 1173 tuarum,

1205 1217 1207 1235 1
1227 1181 1273 1228 led
1284 1189 1440 1214 comitem,
1453 1182 1626 1221 sociumque
1636 1180 1815 1220 profitebor:
1825 1189 1910 1221 atque
1921 1180 1965 1218 (ut
1977 1181 2072 1220 spero)
2087 1189 2180 1210 nemo

1205 1260 1207 1267 Ι
1227 1231 1282 1253 erit
1299 1231 1358 1252 tam
1376 1222 1489 1252 crudeli
1501 1223 1622 1255 animo,
1646 1231 1767 1262 tamque
1780 1223 1967 1254 inhumano,
1985 1231 2108 1251 nectam
2120 1223 2182 1251 im-

1228 1273 1498 1311 memormeorum
1510 1274 1572 1293 non
1584 1263 1681 1294 dicam
1691 1265 1724 1293 in
1734 1264 1831 1293 bonos
1841 1263 2019 1292 meritorum
2031 1282 2039 1295 ,
2059 1263 2109 1292 sed
2124 1263 2182 1292 bo-

1207 1341 1209 1356 ἰ
1227 1315 1340 1353 norum
1353 1315 1385 1334 in
1396 1315 1445 1335 me
1457 1326 1466 1338 ,
1485 1307 1536 1346 qui
1545 1305 1561 1335 a
1572 1315 1621 1334 me
1631 1305 1869 1345 meiftrvatnrem
1877 1305 1979 1344 capitis
1989 1304 2112 1334 divellat
2120 1324 2129 1338 ,
2147 1315 2182 1335 ac

1207 1358 1209 1371 ²
1228 1346 1378 1394 distrahat-¹
1398 1350 1472 1377 Non
1492 1357 1547 1388 ego
1567 1349 1644 1377 meis
1661 1356 1800 1377 ornatum
1818 1344 1973 1376 beneficiis
1990 1346 2005 1376 {1
2025 1346 2113 1376 vobis
2130 1345 2184 1376 de—

1229 1398 1351 1429 precor,
1368 1388 1499 1428 judices,
1524 1388 1572 1418 sed
1590 1387 1744 1419 custodem
1763 1388 1863 1418 salutis
1882 1397 1957 1417 meae
1970 1398 1975 1416 τ
1995 1398 2059 1418 non
2074 1388 2185 1427 opibus

1229 1430 1382 1477 contendo
1394 1450 1402 1463 ,
1418 1440 1482 1460 non
1492 1429 1665 1460 auctoritate
1677 1450 1686 1463 ‚
1702 1440 1766 1460 non
1776 1431 1882 1470 gi·atia;
1901 1429 1949 1459 sed
1959 1429 2097 1468 precibus
2108 1449 2117 1463 ,
2133 1428 2184 1459 sed

1229 1473 1367 1511 lacrymis
1378 1492 1386 1505 ‚
1402 1471 1450 1502 sed
1461 1471 1680 1502 misericordia:
1702 1481 1882 1511 mecumque
1891 1480 1945 1500 vos
1955 1469 2042 1501 simul
2053 1471 2187 1501 miserri-

1232 1523 1301 1544 mus
1311 1533 1319 1546 ‚
1341 1513 1374 1543 ὃς
1385 1516 1519 1553 optimus
1530 1512 1691 1544 obtestatur
1699 1522 1803 1554 parens
1815 1533 1823 1547 ,
1843 1513 1875 1542 &
1888 1521 1942 1552 pro
1958 1521 2021 1542 uno
2038 1512 2105 1542 filio
2120 1512 2185 1542 duo

1231 1564 1326 1596 patres
1336 1555 1538 1594 deprecamur.
1561 1555 1667 1585 Nolite
1675 1574 1685 1588 ,
1696 1554 1812 1595 judices
1822 1574 1831 1588 ,
1844 1564 1895 1594 per
1903 1563 1958 1584 vos
1967 1573 1975 1587 ,
1991 1564 2043 1594 per
2051 1553 2187 1586 fortunas

1234 1596 1356 1630 vestras,
1378 1597 1550 1637 perliberos
1561 1617 1569 1630 ,
1590 1598 1724 1627 inimicis
1735 1598 1809 1626 ineis
1821 1615 1829 1630 ,
1851 1596 2066 1635 hisp1·aeserti'm
2077 1615 2086 1629 ‚
2107 1604 2187 1636 quos

1234 1648 1288 1681 ego
1302 1648 1355 1686 pro
1368 1638 1462 1669 vestra
1475 1639 1565 1669 salute
1579 1639 1710 1678 suscepi,
1728 1638 1795 1668 dare
1812 1638 1947 1667 laetitiam
1959 1657 1967 1670 ,
1987 1637 2187 1678 gloriantibus

1212 1719 1214 1722 v
1234 1691 1358 1721 vosJam
1369 1681 1480 1710 oblitos
1492 1682 1571 1714 mei,
1584 1680 1738 1720 salutisque
1748 1681 1812 1719 ejus
1823 1699 1831 1713 ,
1851 1678 1866 1709 a
1875 1688 1936 1719 quo
1947 1688 2013 1708 mea
2028 1675 2102 1709 salus
2110 1688 2186 1709 con-

1212 1725 1216 1751 l
1233 1724 1343 1770 servata
1352 1721 1395 1752 est
1406 1742 1413 1756 ‚
1434 1721 1544 1752 hosteis
1554 1719 1707 1752 exstitisse.
1730 1721 1826 1750 nolite
1836 1723 1973 1750 animum
1985 1730 2090 1750 mcum
2101 1719 2188 1750 debi-

1233 1765 1315 1794 litare
1336 1773 1403 1793 tum
1422 1763 1505 1793 ludtu
1517 1783 1525 1797 ,
1546 1773 1610 1794 tum
1621 1765 1711 1793 etiarn
1722 1772 1805 1792 metu
1814 1770 2008 1791 commutatae
2017 1761 2118 1791 vestrae
2131 1771 2189 1792 vo·-

1232 1807 1355 1836 luntatis
1364 1815 1430 1845 erga
1440 1815 1506 1834 me:
1526 1804 1611 1835 sinite
1621 1815 1671 1834 me
1682 1825 1691 1838 ‚
1713 1803 1794 1844 quod
1813 1803 1901 1833 vobis
1917 1802 2010 1832 fretus
2026 1804 2097 1834 huic
2110 1803 2188 1843 saepe

1230 1846 1353 1888 promisi
1365 1867 1374 1880 ,
1394 1846 1424 1876 id
1439 1846 1454 1877 a
1467 1846 1555 1877 vobis
1569 1848 1596 1877 ei
1609 1846 1782 1887 persolvere.
1806 1848 1910 1885 Teque
1920 1863 1929 1878 ,
1952 1847 1982 1874 C.
1994 1845 2076 1875 Flavi
2089 1864 2096 1878 ,
2117 1854 2184 1878 oro,

1232 1890 1265 1919 &
1275 1888 1407 1936 obtestor
1416 1908 1425 1922 ‚
1444 1890 1495 1929 qui
1510 1898 1648 1918 meorum
1658 1887 1854 1917 consiliorum
1866 1888 1897 1915 in
1908 1886 2062 1916 consulatu
2073 1887 2182 1920 socius,

1212 1938 1213 1942 ¹
1229 1931 1431 1972 periculorum
1449 1932 1591 1970 particeps
1602 1951 1611 1963 ,
1630 1939 1729 1960 rerum
1740 1949 1749 1963 ,
1767 1938 1838 1969 quas
1853 1925 1942 1969 geffi,
1962 1927 2080 1968 adjutor
2089 1926 2186 1961 fuisti,

1210 1977 1212 1992 ¹
1231 1982 1340 2013 meque
1352 1982 1415 2002 non
1426 1971 1522 2017 modi>
1533 1972 1647 2002 salvum
1659 1972 1785 2011 semper,
1796 1969 1845 2000 sed
1857 1971 1945 1999 etiam
1957 1978 2115 2004 ornatum,
2128 1968 2186 2000 flo-

1230 2024 1406 2055 rentemque
1422 2012 1479 2043 este
1494 2013 1618 2044 voluisti
1635 2024 1640 2042 :
1664 2023 1696 2043 ut
1710 2013 1787 2043 mihi
1799 2021 1851 2052 per
1862 2012 1918 2041 hos
1930 2012 2087 2042 conserves
2100 2020 2183 2044 eum,

1230 2066 1281 2097 per
1295 2066 1387 2096 quem
1400 2066 1448 2085 me
1459 2055 1513 2085 tibi
1525 2075 1533 2089 ,
1552 2056 1585 2085 &
1600 2056 1645 2085 his
1657 2055 1866 2084 conservatum
1879 2053 1972 2082 vides.
1995 2054 2080 2084 Plura
2091 2063 2129 2082 ne
2138 2052 2188 2082 di-

1231 2108 1298 2128 cam
1306 2119 1315 2132 ‚
1326 2107 1381 2145 tuf:
1393 2107 1443 2127 me
1453 2099 1543 2128 etiam
1553 2097 1676 2138 lacryma
1687 2095 1856 2136 impediunt
1865 2115 1873 2129 ,
1884 2093 2028 2136 vestraque
2037 2115 2046 2129 ,
2055 2095 2188 2135 judices,

1232 2150 1297 2188 non
1307 2140 1406 2169 solum
1419 2149 1493 2169 meae
1505 2149 1510 2168 1
1524 2139 1632 2180 quibus
1643 2148 1697 2180 ego
1706 2157 1714 2172 ,
1726 2147 1836 2178 magno
1845 2138 1878 2166 in
1889 2145 1972 2166 metu
1983 2146 2052 2166 meo
2065 2156 2073 2169 ‚
2085 2134 2186 2166 subito

1232 2181 1358 2229 inducor
1371 2184 1404 2211 in
1415 2182 1495 2220 spem
1509 2201 1517 2215 ,
1534 2190 1590 2210 vos
1599 2181 1719 2210 eosdem
1732 2182 1764 2209 in
1775 2181 1832 2209 hoc
1840 2177 2042 2208 conservando
2051 2177 2183 2209 futuros,

1231 2234 1283 2264 qui
1294 2222 1409 2252 fueritis
1423 2225 1456 2252 in
1470 2232 1536 2252 me:
1557 2224 1701 2263 quoniam
1718 2220 1782 2250 istis
1799 2219 1903 2249 vestris
1918 2220 2054 2258 lacrymis
2071 2217 2107 2248 de
2124 2218 2191 2248 illis⁴

1232 2265 1372 2296 recordor
1380 2284 1390 2299 ,
1401 2274 1471 2306 quas
1480 2274 1534 2306 pro
1545 2274 1595 2294 me
1606 2264 1679 2304 soepe
1689 2282 1700 2296 ,
1711 2263 1743 2292 δε
1754 2261 1883 2291 multum
1893 2258 2079 2300 profudistis.

1921 2322 1988 2366 M.
2026 2320 2075 2366 T
2090 2335 2186 2365 UL-

1210 2438 1214 2460 ‘1
1228 2439 1321 2465 propter
1330 2432 1379 2464 cjm
1385 2430 1535 2463 provin.&c.
1554 2429 1621 2455 illud
1633 2438 1718 2454 mecum
1729 2435 1814 2454 tamen
1828 2426 1863 2452 sol
1871 2428 1883 2452 ii
1891 2435 1914 2452 m
1925 2434 1980 2453 erat
1991 2429 2080 2463 aperte
2091 2428 2116 2453 iii
2128 2426 2186 2452 Pal.

1212 2491 1214 2501 4
1231 2477 1333 2503 pinnam
1347 2466 1440 2501 reliqui
1452 2463 2054 2500 metum.vulgam,memm‚&c,comparammquod
2065 2471 2188 2496 compara—

1213 2505 1215 2540 }
1233 2511 1282 2530 iam
1293 2503 1339 2529 ctl'i
1349 2502 1463 2528 affirmet
1474 2511 1623 2537 comparere
1635 2501 1660 2526 iii
1672 2500 1772 2535 scriptis
1783 2499 1904 2524 omnibus
1918 2499 2073 2529 Lambinus-3
2086 2497 2152 2524 haud
2163 2499 2192 2524 ei

1214 2559 1217 2576 3
1234 2539 1347 2565 credam.
1359 2544 1474 2564 nostruin
1486 2537 1544 2564 lime
1556 2534 2009 2572 conspicitur-mcod.s.l'i5t01·is‚&
2023 2534 2186 2570 eddpristis.

1215 2586 1217 2615 i
1272 2584 1298 2610 3.
1319 2575 1453 2607 Pugnatum
1463 2575 1615 2607 tihigrmiam
1628 2571 1783 2605 relaturum]
1806 2569 1974 2605 Ambiguitas
1985 2569 2192 2600 construetion'is

1236 2611 1346 2639 oniiiiiio
1356 2610 1479 2642 tolletur,
1491 2609 1508 2638 si
1519 2610 1631 2646 legimus
1643 2617 1701 2635 cuni
1713 2605 1998 2640 Ersurdieniiffirasiac.

1186 484 1190 524 l

2106 3009 2127 3029 1.
2146 3004 2193 3028 Pro

1207 226 1469 258 Oexcubiastuas‚
1490 225 1675 260 Cn-Planci,
1695 223 1831 255 miseras!
1853 221 2008 255 &flebileis
2017 222 2154 265 vigilias!
2174 230 2221 262 42
