2297 3389
655 128 968 178 'ORATIO
1024 146 1161 180 PRO
1218 136 1271 182 L.
1322 133 1721 184 Mur-„emti

184 215 317 259 pliffime
326 237 335 253 ‚
344 223 430 258 atque
440 211 646 247 honestissime
656 224 695 245 ex
705 222 830 255 praetura
843 212 1066 254 triumphasset,
1080 215 1138 246 hoc

179 259 341 300 faciliorem
371 259 442 289 huic
460 256 586 298 gradum
615 257 785 288 consulatus
803 255 986 297 adipiscendi
1002 256 1135 297 reliquit,

187 300 272 342 quod
281 304 306 331 is
316 301 377 340 jam
391 301 466 340 patri
478 298 596 329 debitus
605 318 614 332 ,
629 297 646 328 a
659 297 724 328 filio
734 299 896 338 petebatur.
920 299 987 327 Tua
995 296 1068 327 vero
1078 307 1137 328 no—

185 343 297 376 bilitas,
308 343 391 373 Servi
398 340 523 380 Sulpici,
533 338 647 371 tametsi
657 340 772 371 summa
780 339 833 374 est,
843 348 945 371 tamen
955 338 1132 369 hominibus

187 385 321 414 litteratis
330 403 339 416 ,
351 383 384 413 &
393 381 541 412 historicis
551 382 593 413 est
602 384 719 413 notior:
731 383 846 422 populo
854 379 926 412 verb
935 400 943 414 ,
955 380 988 410 &
997 379 1135 422 suffraga-

186 425 300 456 toribus
309 424 473 454 obscurior.
490 427 574 454 Pater
583 426 667 454 enim
679 423 737 454 fuit
747 422 875 464 equestri
884 422 955 452 loco
967 433 972 451 ;
985 432 1056 452 avus
1066 423 1136 451 nul—

183 467 213 496 la
221 465 329 496 illustri
346 465 433 496 laude
448 466 621 496 celebratus.
645 469 748 506 Itaque
759 475 823 495 non
837 474 876 494 ex
885 465 1023 494 sermone
1035 465 1138 494 homi—

184 517 260 538 num
270 509 392 542 recenti,
403 507 452 538 sed
462 517 500 537 ex
508 508 664 538 annalium
673 506 814 538 vetustate
824 506 954 536 eruenda
963 504 1005 536 est
1015 515 1138 536 memo—

182 551 225 580 ria
234 548 403 579 nobilitatis
411 558 480 580 tuae.
503 552 600 589 Qare
610 559 665 591 ego
674 558 703 580 te
714 549 829 589 semper
838 550 869 578 in
880 547 1016 577 nostrum
1027 557 1137 577 nume-

181 599 251 621 rum
261 601 410 632 aggregare
420 592 503 622 soleo
515 611 524 625 ‚
542 591 627 633 quod
637 593 749 621 virtute
757 611 766 624 ,
778 588 968 630 industriaque
975 588 1134 629 perfecisti,

181 641 215 663 ut
225 629 234 666 ,
246 642 317 662 cum
328 635 434 674 equitis
444 635 541 664 Rom.
553 633 626 664 effes
639 633 718 663 filius
729 652 738 667 ,
754 633 870 663 summa
880 640 980 660 tamen
991 631 1134 669 amplitu—

180 673 252 704 dine
263 674 371 716 dignus
379 674 521 714 putarere:
532 686 588 706 nec
598 677 676 705 mihi
687 683 832 714 umquam
843 671 946 702 minsis
955 673 988 700 in
999 673 1134 718 (ξφ-οἵῃ.-

179 717 250 756 peio
261 736 270 750 ‚
281 726 364 747 novo
374 718 512 751 homine,
526 717 558 747 &
567 715 728 747 fortiffimo
737 718 804 746 viro
815 734 823 748 ‚
835 715 954 744 virtutis
963 711 1022 742 esse
1031 713 1130 760 visum

179 757 224 788 est
237 778 246 792 ,
265 761 356 799 quam
367 760 400 788 in
413 760 541 789 homine
552 757 742 789 nobilissimo
757 777 765 790 ,
786 758 830 786 M.
843 755 983 785 AEmilio.
1007 757 1131 784 Etenim

177 800 237 838 EJ
245 803 274 828 U
282 801 303 830 S
313 803 343 829 D
353 803 378 830 E
386 801 426 830 M
443 803 483 829 ,A
491 801 629 833 NIMI,
640 807 727 839 atque
737 799 854 839 ingenii
864 795 1044 836 est‚posteris
1054 796 1127 830 suis,

176 841 258 882 quod
267 842 427 882 Pompejus
436 841 508 872 fecit
516 861 525 875 ‚
543 841 779 881 amplitudinem
786 840 925 869 nominis
935 858 943 872 ,
961 847 1131 887 quamxnon

176 886 322 924 acceperit
330 903 339 917 ,
359 882 469 913 tradere
481 893 486 911 τ
507 883 540 913 &
550 903 559 917 ,
577 892 611 913 ut
619 885 743 912 Scaurus
756 901 764 915 ‚
780 881 962 911 memoriam
971 889 1068 920 prope
1080 882 1129 910 in-

139 930 157 964 8
178 934 373 956 termortuam
390 925 508 966 generis
525 925 569 954 sui
587 944 595 959 ,
619 925 730 954 virtute
745 932 900 953 renovare.
935 924 1128 962 Qamquam

175 977 233 1010 ego
242 967 303 1005 jam
311 965 451 1006 putabam
464 986 473 1000 ,
488 966 604 1006 judices
614 986 623 1000 ,
640 966 747 996 multis
761 966 834 995 viris
844 963 977 995 fortibus
988 973 1026 993 ne
1038 965 1127 1004 igno-

172 1008 271 1040 bilitas
281 1007 460 1043 obiiceretur
470 1010 588 1049 generis
598 1028 607 1042 ,
618 1018 689 1038 meo
698 1007 798 1038 labore
807 1004 865 1036 effe
876 1004 1045 1046 pmfeSfflm
1056 1016 1061 1034 :
1073 1007 1127 1046 qui

169 1060 235 1081 non
243 1048 339 1080 modo
350 1051 457 1083 Curiis,
470 1050 644 1084 Catonibus,
656 1050 820 1089 Pompeiis,
830 1049 961 1090 antiquis
969 1047 1048 1080 illis,
1059 1046 1126 1077 for—

169 1090 290 1122 tiss'imis
301 1093 372 1121 viris
381 1111 389 1125 ,
410 1093 500 1122 novis
510 1092 691 1122 hominibus
701 1112 710 1125 ‚
731 1090 780 1121 sed
790 1092 838 1120 his
848 1089 1018 1120 recentibus
1030 1109 1039 1122 ,
1058 1091 1125 1119 Ma—

168 1135 222 1165 riis
231 1153 240 1168 ,
253 1134 285 1164 &
295 1133 397 1163 Didiis
408 1153 417 1166 ‚
429 1133 462 1164 &
473 1135 579 1164 Coeliis
587 1132 865 1165 commemorandis
872 1131 1020 1172 jacebant.
1043 1129 1122 1176 Cum

170 1186 227 1217 ego
235 1174 306 1206 vero
316 1184 400 1206 tanto
409 1175 568 1206 intervallo
579 1174 699 1211 claustra
709 1174 762 1205 ista
771 1173 937 1204 nobilitatis
948 1171 1121 1212 refregtffim,

170 1226 204 1248 ut
214 1216 310 1248 aditus
317 1216 353 1247 ad
362 1217 551 1248 consulatum
560 1217 691 1258 posthac,
702 1215 774 1246 sicut
782 1215 858 1256 apud
868 1216 995 1256 majores
1005 1213 1123 1244 nostros

167 1259 228 1290 fuit
238 1279 246 1293 ,
261 1270 313 1289 non
323 1260 410 1300 magis
419 1257 565 1289 nobilitati
575 1280 584 1294 ,
595 1256 683 1301 quam
693 1259 801 1288 virum
810 1277 818 1291 ‚
830 1264 938 1298 pareret
946 1267 957 1284 .·
972 1265 1037 1286 non
1046 1256 1125 1287 arbi-

169 1301 284 1334 trahar,
297 1299 366 1332 cum
377 1311 415 1331 ex
423 1300 539 1331 familia
547 1311 644 1332 vetere
656 1322 664 1335 ‚
683 1299 833 1330 &illustri
843 1299 949 1329 consul
959 1296 1125 1340 designatus

169 1343 208 1373 ab
218 1344 326 1384 equitis
335 1345 429 1373 Rom.
441 1341 506 1374 filio
517 1363 527 1375 ‚
547 1343 670 1374 consule
680 1362 689 1375 ,
707 1340 937 1374 defenderetur,
958 1339 995 1369 de
1009 1341 1125 1379 generis

169 1387 304 1415 novitate
319 1385 498 1415 accusatores
517 1382 574 1414 esse
594 1384 739 1417 disturos.
762 1384 885 1414 Etenim
895 1383 974 1427 mihi
986 1380 1039 1421 ipfi
1049 1382 1124 1412 acci-

169 1426 215 1457 dit
224 1446 234 1460 ,
248 1435 281 1456 ut
294 1435 363 1456 cum
374 1425 492 1456 duobus
500 1426 631 1466 patriciis
641 1446 649 1460 ‚
670 1426 765 1456 altero
778 1422 1003 1465 improbiflimo
1014 1443 1022 1457 ‚
1036 1432 1124 1464 atque

167 1465 362 1498 audacissimo
373 1479 379 1498 ;
398 1467 490 1498 altero
500 1466 723 1498 modestissimo
733 1487 741 1501 ‚
763 1476 851 1508 atque
861 1467 983 1506 optimo
992 1467 1061 1495 viro
1069 1475 1122 1505 pe—

167 1517 263 1539 terem
276 1519 282 1538 :
302 1509 436 1548 superavi
454 1518 556 1540 tamen
569 1509 712 1551 dignitate
730 1510 890 1539 Catilinam
908 1527 918 1542 ,
941 1509 1031 1549 gratia
1050 1507 1122 1539 Gal-

166 1550 246 1581 bam.
273 1549 364 1591 Qod
373 1550 394 1581 fi
403 1551 434 1581 id
442 1553 559 1583 crimen
567 1553 689 1581 homini
699 1561 782 1581 novo
793 1549 850 1580 efl'e
859 1549 980 1580 deberet
992 1560 997 1578 ε
1020 1547 1122 1589 profe-

165 1591 217 1623 ἂο
229 1594 307 1623 mihi
315 1603 412 1634 neque
422 1594 542 1624 inimici
554 1614 564 1627 ,
578 1595 675 1635 nequ'e
685 1592 785 1623 invidi
794 1589 965 1622 defuissent.
992 1592 1122 1622 Omitta-

163 1643 235 1665 mus
244 1636 335 1676 igitur
343 1634 379 1665 de
388 1645 495 1677 genere
505 1634 615 1669 dicere,
629 1636 676 1675 cuj
681 1645 715 1664 us
726 1633 768 1665 est
779 1644 887 1675 magna
895 1635 928 1663 in
936 1640 1062 1674 utroque
1073 1633 1122 1662 di—

162 1678 260 1717 gnitas
273 1687 279 1706 :
299 1675 457 1707 videamus
473 1686 577 1708 cetera.
600 1676 785 1718 Qaesturam
801 1678 861 1706 una
872 1677 977 1716 petiit,
999 1675 1033 1705 δε
1050 1675 1117 1705 sum

162 1728 222 1760 ego
230 1717 326 1749 faetus
333 1720 425 1759 prior.
451 1720 527 1749 Non
536 1718 579 1750 est
587 1719 830 1760 respondendum
844 1718 880 1748 ad
892 1719 1008 1748 omnia.
1023 1727 1122 1758 neque

166 1762 251 1790 enim
261 1770 443 1802 quemquam
452 1759 586 1792 vestrum
600 1761 695 1804 fugit,
714 1765 724 1781 ¹
741 1760 814 1791 cum
825 1760 915 1790 multi
927 1767 1008 1801 pares
1024 1759 1121 1799 digni-

164 1808 229 1832 aare
236 1800 324 1836 fiant,
335 1806 349 1822 ²
359 1813 437 1833 unus
446 1812 546 1834 autem
556 1805 692 1844 primum
702 1803 784 1834 solus
792 1801 882 1844 poss'it
890 1802 1029 1832 obtinere
1040 1812 1045 1830 :
1055 1811 1120 1831 non
1135 1827 1138 1835 .

167 1844 300 1874 eundem
314 1843 372 1874 effe
390 1845 530 1876 ordinem
549 1846 718 1887 dignitatis,
738 1845 1031 1875 &renuntiationist
1048 1853 1122 1883 pro—

166 1894 263 1925 pterea
272 1885 353 1927 quod
364 1889 545 1917 renuntiatio
554 1907 562 1921 ,
573 1887 678 1928 gradus
687 1887 791 1917 habeat
803 1898 808 1915 :
819 1886 947 1927 dignitas
955 1894 1055 1916 autem
1067 1904 1075 1918 2
1088 1882 1122 1915 sit

166 1927 295 1967 persaepe
311 1928 414 1958 eadem
432 1930 585 1958 omnium.
608 1929 664 1959 Sed
683 1928 829 1969 quaestura
846 1927 998 1968 utriusque
1012 1936 1121 1967 prope-

163 1968 296 1998 modum
314 1971 375 2008 pari
394 1978 555 2000 momento
573 1971 662 2001 sortis
678 1969 746 2000 fuit.
770 1969 884 2001 Habuit
900 1970 949 1999 hic
964 1968 1028 2009 lege
1038 1969 1121 1998 Titia

168 2013 181 2038 3
190 2011 379 2050 provinciam
389 2013 519 2045 tacitam,
534 2011 566 2041 &
575 2013 706 2053 quietam
719 2021 724 2040 :
736 2020 768 2041 tu
776 2012 862 2041 illam
872 2030 880 2044 ‚
892 2008 1023 2040 cuicum
1035 2020 1117 2052 qua:-

164 2051 259 2083 stores
267 2052 449 2087 sortiuntur,
464 2055 554 2084 etiam
566 2054 720 2083 acclamari
731 2053 821 2086 solet,
844 2051 1013 2082 Ostiensem
1024 2070 1033 2084 ‚
1053 2061 1118 2081 non

165 2101 227 2125 mm
236 2094 392 2134 gratiolam
405 2115 414 2129 ,
432 2093 620 2125 &illustrem
631 2115 639 2129 ,
655 2093 745 2137 quarn
755 2095 942 2136 negotiosam
953 2112 961 2127 ,
977 2093 1009 2123 &
1019 2093 1119 2122 mole-

162 2134 397 2167 stam-Consedit
403 2137 554 2178 utriusque
563 2147 680 2167 nomen
689 2139 721 2167 in
735 2136 889 2178 quaestura.
900 2136 1023 2166 nullum
1033 2137 1117 2165 enim

161 2177 251 2208 vobis
259 2178 320 2208 sors
331 2186 460 2219 campum
471 2179 552 2209 dedit
564 2198 573 2212 ,
591 2181 624 2209 in
635 2189 696 2220 quo
706 2188 861 2209 excurrere
872 2179 967 2208 virtus
976 2197 986 2211 ,
1002 2186 1119 2219 cogno-

160 2219 262 2261 scique
274 2218 378 2259 posset.
400 2221 524 2261 Reliqui
539 2223 686 2261 temporis
696 2222 827 2261 spacium
842 2222 875 2250 in
885 2221 1116 2250 contentionem

161 2270 296 2292 vocatur.
305 2261 340 2291 ab
350 2270 477 2303 utroque
485 2260 688 2293 dissimillima
698 2264 813 2293 ratione
823 2261 979 2292 traRatum
990 2260 1040 2291 est.
1050 2263 1117 2290 Ser-

160 2305 228 2334 vius
244 2302 294 2333 hic
313 2303 472 2334 nobiscum
490 2305 566 2334 hanc
585 2304 729 2334 urbanam
745 2304 888 2334 militiam
901 2301 1113 2343 respondendi,

159 2345 308 2376 scribendi
321 2366 329 2378 ,
350 2346 495 2379 cavendi,
513 2346 635 2385 plenam
649 2346 861 2376 sollicitudinis
872 2364 881 2379 ,
904 2353 936 2376 ac
956 2344 1114 2377 stomachi,

160 2387 275 2418 secutus
286 2384 344 2417 est':
362 2388 440 2426 va
463 2389 594 2417 CIVILE
614 2389 753 2417 DIDIC1
760 2389 802 2416 T:
823 2388 957 2418 multum
967 2386 1114 2428 vigilavit:

157 2429 319 2459 laboravit:
330 2428 435 2468 praestb
445 2430 549 2460 multis
559 2428 619 2459 fuit
631 2440 636 2458 :
647 2431 816 2460 multorum
827 2428 984 2460 stultitiam
995 2428 1113 2469 perpes-

157 2471 207 2501 sus
218 2469 277 2500 est:
291 2473 488 2511 arrogantiam
497 2471 637 2511 pertulit:
661 2470 871 2502 difficultatem
882 2471 1036 2502 exsorbuit
1049 2481 1054 2499 :
1066 2471 1113 2500 vi-

155 2514 205 2543 xit
221 2512 257 2542 ad
275 2513 404 2542 aliorum
422 2513 579 2544 arbitrium
597 2532 606 2545 ‚
630 2522 695 2543 non
712 2513 748 2544 ad
767 2513 867 2544 suum.
897 2513 1109 2543 MAGNA

157 2556 184 2584 L
196 2556 235 2582 ..Α
244 2556 273 2582 U
285 2555 306 2584 S
316 2575 324 2587 ‚
338 2554 370 2584 δε
380 2562 457 2595 grata
470 2554 649 2585 hominibus
658 2575 667 2589 ,
678 2565 776 2585 unum
790 2556 951 2585 hominem
962 2555 1111 2585 elaborare

157 2597 190 2626 in
202 2606 234 2626 ea
244 2596 365 2626 scientia
375 2616 383 2629 2
402 2606 466 2637 quae
480 2596 514 2628 fit
522 2596 629 2627 multis
637 2596 799 2637 profutura.
824 2596 907 2638 Qid
918 2599 1055 2627 Muraena
1065 2598 1112 2627 in-

157 2645 234 2668 terea
245 2641 258 2667 3
275 2635 438 2668 fortissimo
450 2659 458 2671 ‚
472 2639 505 2669 δε
515 2637 730 2679 sapientissimo
741 2641 808 2669 viro
819 2658 828 2672 ,
848 2640 971 2669 summo
983 2640 1112 2678 impeta-

156 2682 215 2709 tori
227 2700 236 2712 ,
254 2679 365 2719 legatus
380 2681 417 2709 L.
430 2681 559 2711 Lucullo
571 2679 647 2710 fuit:
664 2682 764 2721 quain
776 2681 923 2722 legatione
940 2683 971 2710 D
982 2683 1011 2709 U
1022 2683 1080 2710 XI
1089 2682 1116 2710 T

154 2723 181 2751 E
189 2723 254 2751 ΧΕ
263 2724 288 2750 R
299 2724 343 2750 CI
350 2722 409 2750 TU
417 2721 564 2764 M2s1gna
573 2724 703 2753 contulit
717 2732 860 2752 :manum
873 2723 1038 2752 conseruit:
1049 2732 1112 2756 ma-

153 2772 226 2805 gnas
235 2765 334 2805 copias
343 2762 479 2795 hostium
489 2763 570 2796 fudit
582 2775 588 2794 .-
610 2764 711 2795 urbeis
720 2766 832 2807 partim
844 2766 875 2796 vi
887 2784 897 2798 ,
915 2767 1025 2805 partim
1034 2764 1112 2798 obfi-

2043 150 2137 204 4¹3

1179 216 1272 247 dione
1281 219 1360 258 cepit
1371 228 1377 248 ε
1396 216 1496 250 Asiam
1508 218 1593 250 istam
1604 218 1744 250 refertam
1754 239 1764 255 ,
1785 218 1819 250 &
1830 218 1955 251 eandem
1965 219 2135 256 delicatam,

1179 257 1216 289 sic
1226 259 1320 293 obiit,
1334 262 1408 291 utin
1420 271 1452 291 ea
1459 271 1556 302 neque
1567 263 1696 292 avaritiae
1709 283 1718 297 ‚
1739 272 1835 303 neque
1846 263 1972 293 luxuriae
1982 263 2133 303 vestigium

1174 300 1343 340 reliquerit:
1361 304 1499 332 maximo
1510 306 1542 333 in
1553 303 1634 334 bello
1644 302 1681 335 sic
1694 303 1736 335 est
1750 304 1879 335 versatus
1889 324 1897 339 ,
1920 313 1953 334 ut
1962 305 2012 334 hic
2021 305 2133 335 multas

1173 351 1219 371 res
1231 361 1239 373 ‚
1260 343 1292 372 &
1307 353 1427 385 magnas
1446 343 1505 374 fine
1524 347 1703 385 imperatore
1719 344 1853 389 gesserit,
1874 346 1990 377 nullam
2000 345 2131 377 sinehoe

1174 383 1345 421 imperator.
1370 389 1467 426 Atque
1486 387 1565 420 haec,
1586 398 1769 429 quamquam
1787 389 1929 429 praesente
1947 390 1984 418 L.
1997 389 2129 418 Lucullo

1173 424 1295 463 loquar,
1317 433 1418 455 tamen
1430 446 1438 459 ,
1461 437 1498 457 ne
1510 429 1637 468 abipso,
1659 439 1778 471 propter
1791 431 1960 470 periculum
1977 429 2128 464 nostrum,

1173 464 1339 495 conccsszim
1354 467 1511 498 videamur
1530 470 1637 500 habere
1652 471 1808 502 licentiam
1828 471 1961 512 fingendi
1981 491 1990 505 ,
2010 470 2129 513 publicis

1172 505 1273 535 lit-teras
1282 506 1382 537 testata
1392 508 1459 537 sunt
1471 519 1521 539 om
1528 513 1593 541 nia:
1612 513 1721 552 quibus
1733 516 1769 544 L.
1781 515 1925 544 Lucullus
1935 523 2051 544 tantum
2061 514 2128 545 lau-

1173 547 1219 578 dis
1230 550 1364 588 impertit
1374 569 1382 581 ‚
1395 559 1504 589 quantu
1510 561 1539 580 tn
1551 562 1647 593 neque
1658 555 1833 585 ambitiosus
1844 558 2014 596 imperator,
2026 565 2127 597 neque

1171 590 1314 624 invidus,
1333 591 1462 621 tribucre
1476 593 1559 621 alteri
1579 595 1611 622 in
1625 597 1877 627 communicanda
1894 598 1988 638 gloria
2005 597 2132 628 debuitz

1170 633 1338 662 Summam
1353 640 1478 673 utroque
1489 632 1532 663 est
1542 635 1700 670 honestas,
1720 638 1837 669 summa
1854 639 1983 681 dignitas
2002 650 2008 669 :
2030 649 2124 681 quam

1168 682 1224 713 ego
1235 693 1244 707 ,
1264 672 1285 702 fi
1295 675 1373 703 mihi
1385 684 1435 713 per
1446 669 1584 705 Servium
1596 676 1699 711 liceat,
1711 681 1789 718 pari,
1803 689 1889 721 atque
1899 680 2002 712 eadem
2013 683 2046 711 in
2057 682 2125 711 lau-

1169 714 1205 744 de
1215 724 1338 754 ponam.
1362 716 1410 745 sed
1421 717 1573 747 nonlicet.
1599 721 1685 759 agitat
1700 729 1772 749 REM
1788 723 1950 753 militarem
1968 733 1973 752 :
1994 722 2124 754 inserita-

1169 764 1215 785 tur
1225 764 1317 787 totam
1333 758 1407 788 hanc
1424 758 1606 799 legationem
1620 771 1625 789 :
1644 759 1814 792 assiduitatis
1826 783 1835 796 ‚
1856 764 2052 804 &operarum
2069 766 2122 795 ha-

1166 807 1235 827 rum
1248 799 1492 839 quotidianarum
1508 809 1591 841 putat
1609 800 1666 832 esse
1680 803 1880 834 consulatum.
1905 806 2000 846 tApud
2016 807 2123 836 exerci-

1167 846 1230 867 tum
1240 841 1318 870 milii
1329 840 1420 871 fueris
1430 861 1438 875 ,
1457 843 1557 882 inquit
1566 862 1575 877 ,
1597 852 1642 874 tot
1650 847 1768 875 anuos?
1787 844 1887 875 forum
1901 857 1963 877 non
1975 850 2123 889 attigeris!

1164 885 1181 907 4
1200 882 1328 912 abfueris
1350 883 1463 913 tamdiu
1489 887 1500 913 ?
1521 884 1554 914 ὅτ.
1568 904 1577 918 ,
1605 884 1676 915 cum
1696 886 1789 927 longo
1807 888 1966 918 intervallo
1987 892 2119 920 veneris„

1163 933 1235 953 cum
1250 925 1287 954 iis
1298 944 1306 958 ‚
1319 926 1414 965 quiin
1422 924 1490 955 foro
1501 926 1669 957 habitarunt
1680 947 1688 960 ‚
1701 928 1846 968 dignitate
1855 929 2038 960 contendas?
2053 933 2119 961 Pria

1164 964 1253 995 mum
1264 965 1317 995 ist-1
1330 965 1428 997 nostra
1440 966 1603 1007 affiduitas,
1620 971 1703 1000 Servi
1713 990 1721 1004 ‚
1738 970 1833 1000 nescis
1844 990 1853 1003 ‚
1868 980 2014 1011 quantum
2025 974 2123 1002 inter—-

1163 1007 1236 1037 dum
1249 1006 1349 1038 afferat
1357 1009 1537 1039 hominibus
1546 1009 1656 1041 fastidii
1675 1031 1685 1045 ,
1707 1020 1855 1052 quantum
1866 1013 2013 1042 satietatis.
2037 1015 2118 1044 mihi

1161 1049 1287 1089 quidem
1301 1051 1497 1081 vehementer
1508 1052 1641 1092 expediit
1653 1073 1663 1087 .
1683 1052 1808 1093 positam
1822 1056 1855 1084 in
1869 1055 1968 1084 oculis
1982 1053 2040 1084 ess'e
2051 1065 2119 1096 gra-

1162 1093 1235 1121 tiam
1248 1102 1253 1120 :
1273 1091 1323 1122 sed
1333 1100 1433 1122 tamen
1446 1103 1503 1134 ego
1511 1096 1574 1123 mei
1585 1094 1744 1125 satietatem
1755 1105 1866 1137 magno
1875 1105 1947 1126 meo
1957 1096 2057 1126 labore
2068 1097 2120 1126 su-

1160 1134 1260 1173 peravi
1272 1143 1278 1162 :
1301 1133 1335 1163 &
1344 1142 1376 1163 tu
1386 1133 1470 1165 idem
1479 1134 1598 1165 fortass'e
1611 1147 1616 1165 :
1635 1146 1836 1168 veruntamen
1850 1139 1967 1179 utrique
1976 1136 2120 1169 nostrum

1162 1174 1329 1215 desiderium
1348 1176 1429 1205 nihil
1449 1175 1602 1208 obfuisset.
1624 1178 1699 1213 Sed,
1719 1188 1768 1213 ut,
1787 1180 1848 1209 hoc
1859 1178 1992 1214 omisso,
2010 1179 2046 1211 ad
2058 1179 2122 1210 stu-

1162 1216 1285 1247 diorum
1296 1237 1304 1251 ,
1320 1226 1406 1258 atque
1415 1220 1525 1249 artium
1535 1222 1767 1250 contentionem
1781 1230 1982 1251 revertamur:
1995 1220 2049 1263 qui
2061 1231 2122 1262 po-

1165 1257 1221 1289 test
1235 1259 1386 1293 dubitari,
1409 1263 1483 1300 quin
1505 1260 1540 1291 ad
1562 1262 1738 1302 consulatum
1757 1263 1964 1305 adipiscendum
1982 1284 1995 1296 ,
2015 1264 2120 1294 multo

1163 1300 1231 1340 plus
1243 1299 1344 1331 afferat
1352 1301 1505 1342 dignitatis
1516 1323 1525 1336 ,
1536 1304 1579 1333 rei
1592 1304 1731 1334 militaris
1740 1325 1748 1339 ,
1759 1307 1850 1345 quam
1858 1305 1934 1343 juris
1943 1305 2042 1336 civilis
2049 1305 2120 1347 glo-

1162 1344 1224 1373 ria?
1239 1343 1352 1384 Vigilas
1362 1352 1393 1373 tu
1405 1343 1441 1374 de
1454 1343 1545 1375 nor-ste
1554 1365 1563 1379 ,
1583 1354 1616 1376 ut
1625 1348 1684 1376 tuis
1697 1346 1919 1377 consultoribus
1928 1348 2119 1388 respondeas:

1161 1384 1213 1414 ille
1223 1404 1233 1418 ,
1248 1394 1282 1415 ut
1290 1383 1328 1414 eb
1338 1405 1347 1418 ,
1361 1384 1423 1426 quo
1432 1386 1566 1417 intendit
1575 1408 1584 1421 ,
1601 1388 1716 1418 mature
1727 1398 1796 1419 cum
1806 1389 1940 1419 exercitu
1950 1390 2119 1429 perveniat.

1163 1435 1191 1456 te
1201 1427 1350 1468 gallorum
1361 1446 1370 1460 ‚
1382 1428 1470 1457 illum
1483 1428 1679 1460 buccinarum
1687 1439 1791 1461 cantus
1800 1431 1962 1461 exsuscitat.
1980 1439 2011 1460 tu
2022 1430 2119 1461 afflo-

1162 1478 1234 1498 nem
1247 1467 1379 1499 instituis
1392 1480 1398 1497 :
1414 1470 1467 1499 ille
1476 1472 1571 1500 aciem
1580 1470 1710 1502 instruit.
1734 1481 1767 1502 tu
1777 1481 1861 1503 caves
1869 1492 1878 1505 ‚
1889 1482 1928 1502 ne
1938 1473 1983 1503 tui
1993 1473 2118 1502 consul-

1161 1518 1256 1540 tores:
1273 1509 1326 1540 ille
1336 1529 1345 1544 ,
1357 1520 1394 1540 ne
1405 1511 1493 1541 urbes
1503 1532 1512 1545 ‚
1528 1512 1676 1544 autcastra
1683 1516 1845 1554 capiantur.
1869 1518 1882 1542 5
1891 1514 1948 1544 Ille
1958 1523 2038 1544 tenet
2048 1534 2057 1548 ,
2078 1515 2115 1545 δε

1159 1551 1212 1582 scit
1223 1572 1233 1586 ‚
1250 1561 1283 1582 ut
1290 1551 1426 1582 hostium
1436 1557 1529 1593 copiae
1542 1565 1548 1583 z
1568 1563 1599 1585 tu
1614 1564 1647 1585 ut
1659 1565 1743 1596 aquae
1753 1556 1862 1596 pluviae
1876 1565 2037 1587 arceantur.
2061 1557 2120 1586 Ille

1160 1596 1338 1624 exercitatus
1354 1593 1439 1624 estin
1452 1596 1648 1635 propagandis
1659 1595 1771 1628 finibus
1782 1609 1792 1632 3
1811 1607 1843 1628 tu
1859 1599 1892 1628 in
1905 1598 2044 1639 regendis
2055 1617 2064 1632 ,
2083 1608 2118 1629 ac

1160 1637 1310 1666 nimirum
1333 1635 1509 1674 (dicendum
1527 1637 1570 1668 est
1589 1640 1673 1669 enim
1691 1639 1773 1679 quod
1793 1639 1901 1680 sentio)
1921 1640 1960 1669 rei
1977 1639 2117 1669 militaris

1159 1677 1255 1707 virtus
1263 1677 1379 1718 praestat
1387 1681 1490 1709 ceteris
1501 1680 1660 1710 omnibus.
1705 1683 1736 1711 H
1747 1691 1779 1710 st:
1789 1691 1809 1711 c
1831 1691 1853 1710 N
1861 1692 1881 1711 o
1891 1692 1918 1712 M
1928 1692 1948 1711 Ε
1958 1691 1978 1711 N
2000 1682 2116 1722 pop-ulo

1164 1722 1258 1750 Rom.
1269 1721 1334 1750 haec
1344 1721 1415 1751 huic
1425 1721 1491 1751 urbi
1500 1730 1643 1753 aeternam
1653 1723 1780 1764 gloriam
1790 1726 1920 1763 peperit:
1938 1725 2000 1754 haec
2009 1725 2117 1756 orbem

1158 1771 1301 1792 terrarum
1317 1762 1416 1802 parere
1429 1763 1500 1794 huic
1512 1765 1642 1804 imperio
1656 1766 1771 1806 coegi-t:
1790 1775 1898 1795 omnes
1916 1765 2036 1796 urbanae
2054 1776 2114 1800 res,

1161 1805 1266 1834 omnia
1276 1805 1337 1834 haec
1347 1803 1447 1835 nostra
1455 1806 1589 1845 praeclara
1599 1805 1694 1837 studia
1705 1827 1713 1841 ,
1731 1807 1763 1836 &
1774 1808 1837 1837 haec
1846 1806 1971 1837 forensis
1983 1807 2044 1838 laus
2055 1828 2063 1842 ,
2080 1808 2116 1839 ὃς

1160 1845 1304 1876 industria
1315 1866 1323 1879 ,
1339 1846 1431 1876 latent
1440 1848 1474 1877 in
1485 1848 1574 1878 tutela
1586 1869 1594 1881 ,
1610 1858 1642 1878 ac
1651 1847 1785 1889 praesidio
1798 1849 1912 1880 bellicae
1922 1851 2052 1880 virtutis.
2076 1849 2117 1879 si·-

1159 1888 1313 1928 mulatque
1325 1890 1476 1928 increpuit
1486 1889 1613 1929 suspicio
1627 1890 1774 1920 tumultus
1786 1902 1799 1924 ·,
1814 1900 1888 1921 artes
1904 1891 1989 1922 illico
2006 1891 2116 1922 nostrae

1157 1930 1370 1960 conticescunt.
1393 1933 1449 1963 Et,
1465 1934 1610 1971 quoniam
1628 1933 1706 1961 mihi
1721 1932 1833 1963 videris
1848 1932 1937 1963 istam
1956 1932 2113 1963 sciefltiam

1155 1973 1250 2011 juris,
1272 1980 1411 2011 tanquam
1423 1971 1549 2010 filtolam
1568 1973 1693 2004 osculari
1712 1982 1795 2003 tuam
1813 1993 1821 2008 ,
1845 1983 1911 2004 non
1929 1976 2019 2014 patiar
2031 1983 2059 2004 te
2077 1977 2114 2005 in

1159 2021 1241 2043 tanto
1250 2022 1346 2043 errore
1357 2014 1463 2043 vei-sari·
1474 2033 1483 2047 ,
1495 2024 1528 2044 nt
1536 2013 1612 2044 istud
1624 2015 1725 2045 nescio
1734 2015 1806 2056 quid
1818 2035 1827 2049 ‚
1845 2013 1861 2035 ⁶
1869 2015 1951 2055 quod
1959 2025 2115 2056 tantopere

1158 2053 1289 2085 didicisti
1299 2074 1307 2088 ‚
1322 2054 1496 2095 praeclarum
1505 2055 1619 2097 aliquid
1629 2055 1685 2086 esse
1696 2055 1844 2087 arbitrere.
1858 2058 1935 2087 Aliis
1946 2067 2001 2098 ego
2011 2067 2039 2087 te
2049 2059 2115 2088 vir-

1159 2096 1270 2126 tutibus
1282 2117 1290 2129 ,
1310 2098 1525 2131 continentiae,
1545 2100 1712 2139 gravitatis,
1729 2097 1872 2138 justitiae,
1895 2098 1986 2133 fidei,
2005 2102 2114 2130 ceteris

1159 2137 1305 2168 omnibus
1316 2159 1325 2172 ,
1335 2138 1499 2172 consulatu,
1511 2140 1543 2169 &
1554 2142 1642 2169 omni
1651 2142 1765 2170 honore
1776 2140 1890 2180 semper
1898 2139 2114 2182 digniffimum

1162 2180 1300 2216 iudicavi.
1323 2178 1406 2220 quod
1424 2181 1548 2220 quidem
1566 2183 1613 2223 jus
1631 2183 1720 2212 civile
1738 2181 1890 2219 didicisti:
1913 2193 1979 2213 non
1997 2183 2110 2217 dicam,

1159 2232 1280 2262 operam
1297 2221 1452 2262 perdidisti
1476 2233 1481 2252 2
1506 2222 1555 2253 sed
1569 2223 1645 2253 illud
1659 2224 1757 2254 dicam
1777 2244 1785 2258 ,
1809 2225 1925 2255 nullam
1940 2223 1998 2255 ess'e
2013 2227 2045 2255 in
2059 2226 2112 2256 ill-a

1156 2264 1314 2304 disciplina
1321 2264 1464 2292 munitam
1473 2264 1508 2294 ad
1517 2266 1705 2296 consulatum
1715 2268 1917 2297 viam-omnes
1927 2269 2010 2296 enim
2021 2276 2108 2301 artes,

1155 2315 1220 2347 quae
1239 2305 1327 2335 nobis
1342 2306 1447 2345 populi
1466 2308 1561 2336 Rom.
1577 2305 1671 2338 studia
1690 2308 1852 2338 conciliant
1865 2328 1874 2342 ,
1890 2308 1923 2338 &
1941 2308 2109 2339 admirabi-

1156 2349 1217 2377 lem
1237 2346 1412 2389 dignitatem
1425 2368 1432 2381 ,
1454 2348 1486 2378 δε
1502 2358 1663 2389 pergratam
1684 2351 1842 2380 utilitatem
1858 2350 1969 2380 debent
1985 2350 2103 2380 habere.

1154 2392 1281 2420 Summa
1292 2389 1421 2431 dignitas
1434 2389 1475 2420 est
1493 2393 1526 2420 in
1546 2393 1582 2420 iis
1592 2411 1599 2424 ,
1620 2394 1673 2432 qui
1684 2391 1808 2422 militari
1822 2391 1907 2422 laude
1916 2393 2108 2423 antecellunt.

1155 2433 1261 2462 omnia
1270 2434 1353 2462 enim
1365 2453 1373 2466 ‚
1384 2442 1450 2473 qua:
1463 2433 1577 2462 suntin
1590 2435 1719 2473 irnperio
1730 2454 1738 2467 ,
1753 2434 1785 2463 ἐς
1794 2436 1826 2463 in
1838 2433 1911 2464 statu
1921 2436 2059 2467 civitatis,
2071 2435 2108 2465 ab

1154 2475 1191 2504 iis
1202 2472 1322 2504 defendi
1337 2494 1345 2507 ‚
1360 2474 1391 2504 &
1404 2472 1515 2504 firmari
1526 2484 1678 2514 putantur.
1694 2477 1813 2506 stimma
1825 2478 1914 2505 ctiam
1926 2476 2055 2505 utilitas:
2070 2475 2110 2506 si-

1153 2515 1279 2557 quidem
1290 2525 1395 2545 corum
1405 2515 1533 2546 consilio
1544 2536 1552 2547 ,
1568 2517 1743 2556 &periculo
1754 2537 1762 2549 ‚
1778 2516 1848 2546 cum
1861 2517 1962 2557 repub.
1985 2526 2051 2547 tum
2062 2528 2108 2548 et-

1152 2560 1214 2588 iam
1225 2556 1334 2587 nostris
1346 2556 1691 2598 rebiupcrftuipqffiamus.
1703 2571 1705 2575 ·
1716 2559 1820 2587 Gravis
1831 2561 1921 2588 etiam
1934 2559 1984 2589 illa
1993 2558 2036 2589 est
2046 2579 2053 2593 ,
2071 2560 2107 2590 &t

1152 2601 1239 2641 plena
1248 2599 1399 2640 dignitatis
1411 2620 1418 2632 ‚
1434 2599 1555 2629 dicendi
1564 2601 1687 2629 racultas
1699 2619 1707 2633 ,
1724 2609 1787 2640 quae
1801 2600 1873 2640 saepe
1885 2601 2019 2630 valuitin
2029 2612 2106 2632 con-

1152 2642 1213 2672 sule
1225 2641 1384 2682 deligendo
1395 2660 1403 2674 ‚
1419 2639 1500 2680 poss'e
1509 2639 1634 2670 consilio
1644 2660 1652 2674 ,
1668 2650 1753 2681 atque
1764 2644 1899 2672 oratione
1908 2662 1917 2675 ‚
1933 2642 1966 2672 δε
1975 2642 2106 2677 senatus,

1152 2684 1185 2714 ὃς
1195 2683 1298 2724 populi
1308 2702 1317 2716 ,
1330 2683 1362 2712 ὃς
1370 2692 1476 2712 eorum
1489 2701 1497 2716 ,
1509 2684 1560 2722 qui
1569 2692 1614 2712 res
1620 2682 1754 2721 judicant
1762 2702 1771 2716 ‚
1783 2686 1910 2713 menteis
1917 2694 2106 2724 permovere.

1153 2728 1304 2766 Qaeritur
1318 2724 1425 2754 consul
1447 2744 1455 2757 ‚
1479 2734 1532 2764 qni
1550 2724 1658 2753 dz‘cemlo
1672 2733 1905 2765 nonnumquam
1923 2729 2107 2766 comprimat

1154 2767 1329 2798 tribunicios
1338 2765 1454 2797 furores
1469 2786 1479 2800 ,
1497 2767 1550 2806 qui
1559 2768 1743 2797 concitatum
1753 2768 1902 2808 populum
1915 2767 2032 2802 fleslat,
2052 2771 2106 2810 qui

2020 2811 2110 2853 largi-

190 2891 200 2908 x
208 2902 214 2909 .
233 2884 290 2910 Ciam
299 2887 368 2910 amtlti
374 2892 447 2918 pares
457 2885 596 2920 dignitate]
617 2886 685 2912 Pall.
696 2884 749 2912 duo
768 2886 892 2913 meliores
907 2889 965 2919 pari
982 2887 1107 2920 dignitate,

151 2926 212 2945 nam
221 2921 302 2946 tertio
312 2920 366 2946 hate·
375 2921 464 2947 omnia
474 2921 568 2947 desunt
580 2941 588 2953 ‚
606 2931 692 2958 neque
710 2923 792 2949 etiam
802 2921 998 2959 conspiciuntur
1010 2924 1036 2950 in
1048 2923 1107 2950 edi-

151 2953 266 2981 tionibus
276 2955 374 2983 duabus
383 2957 476 2993 primis
487 2958 546 2984 anni
558 2967 748 2984 ccccnxxnr.
759 2960 786 2984 8<
797 2968 918 2985 nxxnx.
934 2958 977 2985 scd
988 2960 1014 2985 δε
1026 2960 1105 2987 5.νί-

151 2987 235 3016 &oris
246 2991 309 3017 liber
321 2992 486 3026 habetpar35
504 2993 570 3019 adeo
580 3001 608 3020 u·t
619 2993 686 3020 istud
697 2994 872 3021 revocandum
883 2995 1016 3022 videatur.

189 3033 217 3049 2-
239 3028 302 3052 Unus
311 3034 387 3053 autem
395 3032 497 3059 primum
499 3029 564 3063 fhlm
570 3032 633 3063 poffit
644 3031 768 3065 obtinere]
795 3031 939 3058 Lambinus
946 3034 1051 3064 primur,
1062 3031 1104 3058 sed

152 3057 258 3101 frustra:
273 3065 375 3094 primum
383 3066 483 3091 obtinere
494 3085 503 3098 ,
513 3065 586 3091 recte
597 3065 696 3093 dicitur
707 3086 715 3098 ,
726 3074 755 3093 ut
767 3066 797 3093 fit
808 3077 903 3094 nomen
915 3077 930 3093 a
938 3071 1013 3100 primo
1024 3088 1032 3100 ‚
1052 3077 1104 3095 nou

152 3094 316 3135 adterbium.
335 3098 455 3126 videatur
467 3108 555 3127 tamen
567 3102 735 3129 Hotomanus
747 3102 817 3129 libro
830 3112 869 3130 ii.
881 3103 1021 3130 Observat.
1032 3113 1105 3130 αι’..

154 3140 200 3166 qni
212 3131 299 3158 locum
311 3132 386 3160 habet
395 3143 442 3170 pro
453 3137 559 3163 mutilo.

190 3175 205 3203 3
213 3187 219 3194 .
238 3171 391 3198 Provinciam
407 3173 531 3208 tacitam]
551 3173 661 3210 Pighius
680 3175 766 3204 noster
777 3175 848 3207 libro
857 3184 900 3206 vx.
911 3176 1047 3206 Fastorum
1057 3185 1107 3213 1³¹1·

1151 2894 1190 2914 tat
1201 2887 1258 2914 heic
1268 2887 1392 2915 excidisse
1404 2896 1498 2914 nomen
1510 2886 1651 2922 provinciae
1665 2906 1672 2917 ,
1692 2893 1736 2912 aut
1747 2886 1805 2912 stne
1815 2886 1983 2921 negligenter
1993 2885 2025 2912 ab
2035 2886 2107 2911 Ora·

1151 2931 1209 2950 tore
1220 2924 1378 2960 praeteritam
1391 2933 1399 2953 5
1420 2924 1463 2959 qui
1476 2923 1625 2949 consulatui·
1634 2922 1782 2955 junioribus
1795 2942 1803 2955 ,
1818 2922 1893 2959 super
1902 2923 1950 2948 illo
1962 2933 1967 2949 ε
1990 2926 2027 2948 cni
2036 2925 2107 2948 eri-im

1149 2961 1343 2993 adclamari—sele!
1355 2980 1361 2991 ‚
1381 2960 1451 2995 qnod
1462 2959 1548 2986 statim
1558 2958 1686 2994 sequitur.

1185 3003 1213 3028 4.
1233 2997 1342 3030 Abfitem
1356 3004 1405 3021 mm
1415 2996 1481 3030 dm]
1502 2996 1530 3022 S.
1540 2995 1658 3022 vietoris
1668 2994 1827 3021 membrana:
1837 2994 1933 3021 liabent
1944 2994 2043 3027 afueris,
2060 3003 2106 3020 ve-

1151 3033 1202 3058 teri
1214 3033 1314 3058 ratione
1325 3031 1465 3057 scribendi.

1191 3077 1215 3101 5.
1236 3069 1274 3093 Ille
1282 3075 1342 3093 tenet
1360 3068 1390 3097 (ἶ)
1402 3068 1450 3101 stit
1462 3087 1469 3099 ‚
1488 3075 1515 3093 ut
1526 3068 1619 3100 bostium
1629 3067 1696 3101 drzu]
1714 3067 1781 3093 Haec
1792 3067 1836 3093 ista
1846 3067 1911 3093 citat
1920 3066 2108 3101 Qiut'illanus

1152 3103 1222 3129 libro
1236 3103 1375 3129 rx.1nstit.
1385 3105 1464 3130 Orat.
1475 3113 1531 3140 cap.
1544 3112 1569 3139 3.
1581 3103 1622 3129 sed
1634 3104 1684 3130 alia
1695 3102 1760 3130 facie
1772 3104 1797 3129 in
1810 3102 1857 3129 ms.
1869 3103 1990 3130 Palatino
2001 3122 2009 3135 ‚
2029 3111 2109 3138 quam

1154 3139 1231 3165 bodie
1245 3149 1252 3163 x
1261 3139 1380 3165 'iliinturz
1405 3149 1489 3175 neque
1501 3149 1587 3166 tamen
1599 3139 1650 3165 fine
1661 3139 1753 3166 multis
1765 3140 1856 3165 naevis.

1189 3175 1218 3204 6.
1237 3175 1304 3211 Qod
1311 3182 1429 3210 demittere
1439 3176 1564 3212 Amnista]
1585 3176 1612 3201 S.
1623 3175 1741 3204 meroris
1751 3182 1818 3203 tamo
1827 3183 1898 3210 mre.

1560 3212 1581 3240 f
1592 3210 1627 3239 rr·
1642 3220 1656 3248 3
2012 3218 2037 3237 ³.
2056 3210 2113 3236 nrm

2140 1693 2182 1717 10

2132 2405 2171 2430 11
