2360 3400
497 77 503 89 Ι

516 141 587 172 DE
634 126 914 172 Fiuintis
960 124 1197 169 BoNo'R.
1247 110 1326 170 ni·
1375 124 1542 172 MAL.
1585 122 1723 173 Lia.
1763 127 1822 174 V.

197 210 264 242 sum
274 229 284 243 ,
303 206 422 249 iuquit,
438 203 637 245 exspeemque
646 203 718 244 quid
728 203 803 234 adid
816 224 824 236 ,
836 201 918 243 quod
928 212 1058 243 quaemm
1073 223 1081 235 ,
1101 212 1148 232 re—

197 251 353 292 spondeas.
376 246 578 286 Respondebo
589 266 596 279 ,
619 256 668 275 me
678 256 741 276 non
761 254 890 286 quaerere
902 265 910 277 ‚
930 247 1054 285 inquam
1065 264 1074 277 ‚
1090 245 1149 273 hoc

198 301 343 331 tempore,
354 289 427 330 quid
439 290 532 318 virtus
543 287 628 328 poffit
638 286 766 320 efficere,
778 287 825 318 sed
839 285 913 326 quid
922 285 1092 316 constanter
1104 285 1151 315 di—

195 342 289 366 catur,
303 332 373 372 quid
385 330 509 370 ipsuma
526 330 551 360 se
565 328 723 360 dissentiat:
751 332 820 369 Qo
833 329 932 369 igitur,
944 329 1042 371 inquit
1052 346 1061 359 ,
1081 336 1150 356 mo-

196 374 237 405 do
249 376 261 403 ?
284 377 294 393 ¹
305 375 380 413 Qia
388 382 458 402 cum
470 371 485 402 a
499 372 640 404 Zenone,
664 373 788 412 inquam
800 390 810 403 ,
825 371 883 399 hoc
892 367 1053 409 magnifice
1064 387 1072 401 ,
1084 377 1151 398 tan-

195 424 286 456 quam
303 424 340 445 ex
353 413 474 444 maculo
483 413 600 447 editur,
620 416 752 442 Vim-us
774 421 818 441 At>
836 419 944 440 BEATE
963 418 1148 454 vwnunuiit

195 467 231 487 sn
243 465 316 486 11>sA
329 465 507 485 CONTENTA
520 464 585 484 itsr.
601 457 708 493 Quare,
722 453 841 493 inquit?
856 451 1046 491 Respondet:
1066 451 1150 493 Qta

133 509 154 534 :g
163 510 179 542 7
197 498 251 539 nifi
260 498 335 539 quod
343 495 484 532 honestum
497 496 542 526 eft'
549 516 558 529 ,
571 499 677 526 nullum
686 494 730 524 eft'
738 494 820 524 aliud
830 493 939 522 bonum.
963 496 1037 522 Non
1046 501 1148 533 quaero

191 541 269 581 Jam,
281 549 427 569 verumne
439 537 489 569 fit:
512 538 588 568 illud
599 537 666 568 dico
676 557 684 571 ‚
696 547 738 570 ea,
751 546 816 577 quae
826 534 1060 574 dicat,praeclare
1071 537 1149 563 inter

193 583 223 612 se
233 582 389 612 cohaerere.
413 583 560 610 2Dixerit
571 581 628 610 hoc
638 580 719 609 idern
732 580 877 618 Epicurus
892 597 900 610 ‚
919 585 1051 606 SEMPER
1068 584 1150 605 ΒΕΑ-

192 633 269 654 TUM
294 632 367 652 ESSE.
382 631 576 652 SAptENTEM
592 632 598 650 :
620 621 701 662 quod
715 621 839 661 quidem
850 619 923 650 solet
931 618 1059 648 ebullire
1068 626 1148 647 non-

193 674 372 705 numquam.
394 673 485 704 quem
499 663 623 704 quidem
640 672 712 692 cum
733 662 862 692 summis
879 660 1036 691 doloribus
1049 657 1149 689 confi-

192 709 285 736 ciatur
296 726 305 740 ‚
323 708 363 736 ait
372 705 528 735 dicturum
543 724 552 738 ⁷
573 704 674 746 Qam
686 701 849 743 fuaveefi‘!
867 698 957 744 qubm
969 701 1040 730 nihil
1059 711 1122 729 curo
1138 701 1148 727 .'

194 757 258 778 non
267 757 399 789 pugnem
418 757 489 777 cum
507 747 652 779 homine,
671 755 723 775 cur
742 753 857 774 tantum
881 744 984 774 habeat
1001 745 1033 772 in
1046 750 1147 772 natura

193 790 278 820 boni.
302 789 378 819 illud
389 798 521 829 urgeam,
535 797 597 817 non
607 787 774 827 intelligere
783 795 853 815 eum
866 807 874 819 ,
894 785 967 825 quid
979 782 1031 813 fibi
1042 784 1147 813 dicen-

191 831 266 862 dum
279 829 321 864 sit,
332 830 402 860 cum
414 830 550 860 dolorem
557 829 704 867 summum
713 833 822 856 matum
834 825 891 856 elle
901 827 1020 856 dixerit.
1033 824 1146 855 Eadem

190 882 274 903 nunc
284 882 350 902 mea
359 871 514 901 adversum
526 879 553 899 te
565 871 660 899 oratio
670 868 721 898 est.
745 869 821 898 dicis
838 868 932 896 cadem
943 867 1037 896 omnia
1046 867 1081 898 c'y·
1100 865 1146 895 bo-

189 925 239 947 na,
252 913 389 947 &malas
406 922 472 952 quae
481 910 603 951 quidem
612 910 718 940 dicunt
728 928 736 942 ,
755 911 807 949 qui
826 918 992 949 numquam
1012 908 1148 947 philoso-

189 957 285 996 phum
299 954 414 994 pffitum
429 973 437 986 ,
450 962 481 982 ut
493 952 620 984 dicitur,
632 951 786 983 viderunt,
807 950 1004 980 valitudinem
1018 970 1026 984 ,
1045 951 1146 982 vireis,

189 996 329 1027 staturam
341 1015 350 1029 ,
360 994 490 1024 formam
500 1013 510 1028 ,
521 995 722 1034 integritatem
735 992 967 1032 unguiculorum
981 993 1126 1021 omnium
1139 1001 1144 1019 :

189 1037 424 1070 deformitatem,
440 1035 597 1068 morbum,
613 1034 833 1067 3debilitatem‚
847 1034 932 1063 mala.
953 1034 1022 1074 Jain
1034 1034 1146 1063 illaex-

190 1088 272 1110 terna
283 1098 291 1112 ,
303 1078 389 1118 parce
401 1087 433 1108 tu
443 1077 566 1118 quidem
579 1087 584 1105 :
607 1075 657 1106 sed
668 1077 729 1105 haec
739 1095 749 1109 ,
760 1074 831 1105 cum
842 1078 975 1115 corporis
986 1075 1065 1105 bona
1078 1073 1144 1108 sint,

187 1129 293 1150 eorum
306 1118 500 1150 conficientia
510 1118 588 1148 certe
599 1119 631 1147 in
641 1117 729 1147 bonis
738 1116 910 1147 numerabis
921 1136 930 1150 ,
951 1119 1064 1146 amicos
1078 1135 1086 1149 ‚
1107 1117 1145 1145 li-

186 1161 276 1192 beros
286 1181 294 1195 ,
306 1163 490 1202 propinquos
504 1180 512 1194 ,
521 1159 641 1189 divitias
650 1178 658 1192 ,
671 1159 801 1188 honores
812 1178 820 1192 ‚
844 1167 924 1198 opes.
946 1161 963 1185 4
972 1167 1074 1188 contra
1083 1159 1146 1187 haec

186 1204 307 1234 attende
325 1213 374 1232 me
390 1203 471 1232 nihil
490 1201 603 1231 dicere:
627 1199 713 1230 fiista
722 1201 800 1230 mala
820 1200 906 1232 sunt,
922 1202 954 1229 in
974 1209 1037 1239 quae
1049 1198 1145 1239 potest

185 1245 321 1275 incidere
332 1245 445 1284 sapiens
454 1264 463 1276 ,
485 1243 648 1282 sapientem
658 1240 714 1271 effe
728 1262 736 1275 ,
759 1251 821 1271 non
834 1239 892 1271 effe
900 1241 935 1271 ad
948 1241 1028 1271 beate
1039 1243 1146 1271 viven-

184 1286 263 1316 dum
272 1287 347 1316 satis.
373 1284 477 1315 Immo
487 1284 561 1314 vero
573 1285 681 1324 inquit,
691 1283 726 1313 ad
737 1282 890 1322 beatiffime
902 1282 1080 1316 vivendum,
1093 1292 1146 1322 pa-

190 1337 258 1357 rium
279 1326 337 1358 est:
360 1327 395 1357 ad
409 1325 486 1355 beate*
494 1324 565 1356 vero
578 1345 586 1358 ,
608 1326 684 1355 satis.
707 1325 916 1355 Animadverti
929 1345 937 1357 ,
960 1326 1084 1365 inquam
1097 1329 1147 1357 ‚ite

189 1368 249 1399 isto
268 1368 363 1398 modo
375 1369 465 1408 paulo
477 1367 545 1398 ante
558 1376 668 1406 ponere
681 1377 688 1396 ε
710 1366 743 1396 &
754 1367 815 1396 scio
824 1366 860 1396 ab
879 1367 1031 1396 Antiocho
1042 1365 1146 1395 nostro

188 1410 250 1440 dici
260 1409 297 1440 sic
306 1410 408 1440 solere.
431 1409 480 1439 sed
489 1409 560 1448 quid
575 1407 680 1437 minus
689 1407 879 1446 probandum
891 1427 899 1441 ,
921 1408 1010 1447 quam
1021 1406 1079 1437 esse
1092 1407 1146 1437 ali-

189 1461 280 1492 quem
292 1451 410 1480 beatum
423 1468 432 1482 ‚
449 1459 505 1479 nec
517 1450 583 1479 satis
592 1448 713 1478 beatum
728 1451 739 1477 ?
762 1457 852 1487 Qon
864 1458 985 1478 Auri-:M
1004 1449 1072 1478 satis
1089 1447 1143 1482 est,

188 1493 228 1523 eb
245 1491 390 1533 quidquid
410 1488 575 1523 accefferit,
596 1491 730 1519 nimium
750 1489 793 1519 est
807 1500 812 1517 z
844 1489 877 1519 δε
897 1499 990 1519 nemo
1008 1488 1145 1519 nimium

189 1534 290 1564 beatus
309 1532 351 1562 est
363 1542 368 1561 :
393 1531 427 1562 &
448 1541 542 1562 nemo
564 1531 650 1561 beato
667 1530 789 1560 beatior.
823 1533 901 1571 Ergo
914 1550 922 1562 ‚
943 1531 1044 1570 inquit
1054 1550 1062 1563 ,
1088 1530 1145 1560 tibi

189 1577 227 1613 Q.
238 1574 391 1606 Metellus,
404 1575 455 1614 qui
467 1574 533 1603 treis
545 1571 626 1602 filios
635 1571 773 1602 consules
783 1571 860 1602 vidit
872 1592 881 1606 ‚
899 1571 916 1601 ἐ
926 1571 1035 1612 quibus
1046 1581 1142 1601 unum

187 1618 279 1646 etiarn
298 1615 331 1645 ὃς
350 1615 506 1645 censorem
518 1635 528 1648 ,
548 1614 581 1645 &
604 1614 842 1653 triumphantem
855 1633 864 1646 ,
885 1622 1026 1653 quartum
1045 1622 1145 1643 autem

185 1666 356 1698 praetorem,
365 1656 476 1696 eosque
486 1657 582 1686 salvos
590 1656 718 1696 reliquit,
732 1655 765 1685 &
774 1656 844 1685 treis
854 1653 931 1685 filias
942 1664 1060 1695 nuptas,
1071 1653 1145 1684 ci'im

188 1699 251 1739 ipse
260 1699 376 1731 consul,
387 1698 492 1728 censor
501 1699 589 1728 etiam
601 1707 752 1738 augurque
760 1694 871 1730 fuiffet,
883 1697 916 1726 &
927 1695 1141 1737 triumphasset:

189 1749 222 1770 ut
234 1741 345 1780 sapiens
354 1739 462 1772 fuerit,
484 1748 589 1770 nonne
599 1739 731 1771 beatior,
750 1738 841 1779 quam
853 1758 862 1772 ,
882 1747 915 1768 ut
934 1741 1009 1768 item
1029 1739 1144 1778 sapiens

189 1781 280 1812 fuerit
291 1801 299 1815 ,
314 1783 366 1822 qui
376 1783 408 1810 in
417 1779 559 1820 potestate
570 1779 703 1810 hostiurn
714 1798 722 1813 ,
733 1780 845 1821 vigiliis
854 1799 863 1813 ,
876 1779 1018 1809 &inedia
1026 1788 1146 1809 necatus

122 1819 170 1854 28
191 1823 245 1857 est,
256 1824 390 1863 Regulus
403 1826 414 1852 ἓ
438 1822 520 1864 Qid
531 1831 580 1851 me
589 1820 668 1851 istud
677 1830 773 1861 rogaS,
785 1822 907 1861 inquam
918 1822 1056 1850 ?Stoicos
1065 1830 1144 1861 roga.

190 1865 272 1906 Qid
284 1866 374 1905 igitur
383 1884 391 1897 ,
410 1866 509 1904 inquit
519 1883 527 1897 ‚
539 1873 590 1892 eos
601 1863 791 1902 responsuros
800 1864 903 1901 putas?
923 1861 1024 1890 Nihilo
1035 1860 1143 1891 beatio-

185 1917 247 1936 rem
257 1905 305 1944 effe
317 1906 467 1936 Metellum
487 1901 587 1946 ,quim
597 1904 747 1944 Regulum.
771 1903 847 1933 Inde
857 1905 956 1945 igitur,
968 1905 1077 1944 inquit,
1090 1913 1144 1933 au-

189 1948 339 1978 diendum
349 1947 401 1977 est.
425 1950 438 1974 5
448 1950 566 1977 Tamen
577 1948 592 1976 a
602 1944 762 1986 proposito,
773 1947 898 1985 inquam
909 1964 917 1978 ‚
928 1945 1142 1975 aberravimus.

189 1999 255 2020 non
265 1991 360 2022 enim,
372 1991 497 2029 inquam
509 2008 517 2022 ,
531 1997 632 2029 quaero
641 2007 649 2021 ,
661 1986 734 2028 quid
745 1997 850 2016 verum
859 2006 867 2020 ‚
889 1986 938 2016 sed
949 1986 1021 2027 quid
1035 1988 1142 2027 cuique

187 2031 352 2062 dicendum
364 2029 405 2060 fit.
429 2033 555 2060 Utinam
572 2029 696 2070 quidem
706 2028 840 2059 dicerent
848 2028 941 2058 alium
961 2028 1021 2058 alio
1031 2028 1144 2058 beatio-

187 2083 263 2103 rem:
274 2074 335 2112 jam
345 2073 445 2102 ruinas
455 2071 582 2102 videres.
595 2073 627 2100 in
637 2072 747 2100 virtute
759 2071 842 2100 enim
853 2070 960 2103 sola,&
970 2072 1003 2099 in
1014 2070 1077 2109 ipso
1087 2070 1143 2099 ho-

187 2113 273 2145 nesto
283 2112 353 2144 cum
365 2112 398 2143 sit
409 2114 524 2143 bonum
535 2112 676 2153 positum,
687 2121 818 2152 cumque
829 2121 882 2142 nec
892 2112 996 2145 virtus,
1009 2121 1041 2141 ut
1049 2112 1144 2151 placet

189 2156 252 2186 illis
266 2175 275 2190 ,
300 2165 355 2186 nec
366 2154 528 2185 honestum
537 2155 644 2184 crescat
654 2174 662 2188 ,
675 2153 765 2193 idque
776 2155 892 2183 bonum
903 2153 1001 2183 solum
1011 2151 1060 2186 fit,
1080 2162 1143 2194 quo

213 2199 243 2228 ui
253 2199 383 2238 potiatur
391 2217 400 2230 .
413 2195 526 2226 necesse
536 2195 579 2226 est
588 2195 690 2226 beatus
699 2193 733 2225 sit
743 2214 752 2229 ,
764 2204 837 2225 cum
849 2194 880 2224 id
889 2196 989 2235 augeri
999 2204 1062 2224 non
1073 2194 1143 2234 pos-

200 2249 233 2273 it,
262 2241 295 2269 in
313 2248 374 2279 quo
385 2248 447 2268 uno
464 2236 595 2278 positum
615 2236 658 2267 est
671 2237 792 2267 beatum
811 2235 888 2266 effe:
909 2235 961 2277 qui
977 2235 1074 2276 potest
1084 2235 1143 2266 ess'e

133 2276 139 2280 ’
185 2281 342 2322 quisquam
361 2280 437 2311 alius
466 2281 527 2310 alio
554 2279 667 2309 beatior
688 2280 699 2307 ?
726 2277 850 2308 videsne
860 2297 869 2312 ,
892 2287 927 2308 ut
955 2279 1016 2308 haec
1039 2279 1143 2308 conci-

185 2325 282 2353 nant?
306 2325 342 2352 Et
353 2322 483 2351 Hercule
503 2319 671 2360 (fatendum
690 2318 733 2350 est
744 2321 828 2350 enim
840 2339 849 2354 ‚
867 2318 950 2360 quod
962 2320 1073 2359 sentio)
1082 2321 1144 2349 mi-

186 2363 291 2394 rabilis
300 2363 343 2393 est
354 2363 430 2402 apud
442 2363 510 2392 illos
519 2370 675 2392 contextus
687 2371 798 2391 rerum.
817 2361 999 2401 respondent
1007 2370 1144 2391 extrema

187 2407 295 2445 primis
308 2424 316 2438 ,
341 2405 440 2434 media
451 2404 582 2444 utrisque
597 2423 606 2437 ‚
625 2405 729 2433 omnia
740 2402 884 2432 omnibus
896 2402 983 2443 :quid
994 2403 1141 2443 sequatur,

188 2446 261 2486 quid
273 2455 416 2486 repugnet
427 2465 435 2479 ,
455 2445 568 2476 vident.
592 2446 621 2474 in
625 2445 780 2486 geometria
793 2445 886 2486 prima
892 2444 921 2486 fi
929 2444 1041 2478 dederis,
1052 2444 1144 2473 danda

171 2504 175 2509 ·
181 2490 253 2529 sunt
271 2489 374 2517 omnia.
398 2486 530 2519 concede
549 2487 628 2518 nihil
645 2485 702 2517 esse
721 2487 840 2518 bonum
851 2506 860 2522 ,
880 2486 937 2518 nisi
953 2486 1035 2528 quod
1046 2487 1143 2517 hone-

2024 142 2148 193 1049

1199 201 1277 234 stum
1299 203 1588 236 fitzconcedendnm
1607 203 1669 240 est,
1691 208 1722 236 in
1742 208 1851 237 virtute
1871 205 1929 237 sola
1949 204 2074 247 positam
2095 206 2155 239 effe

1196 244 1310 276 beatam
1329 248 1432 277 viram.
1456 247 1533 277 Vide
1553 247 1754 278 rursusretro.
1778 249 1845 279 dato
1860 250 1916 279 hoc
1931 249 2082 280 :dandum
2095 252 2136 281 eri

1194 287 1282 317 illud.
1297 288 1379 328 quod
1390 288 1479 319 vestri
1490 299 1552 319 non
1564 292 1648 319 item.
1674 293 1744 320 Tria
1753 300 1860 331 genera
1871 291 2032 321 bonorum.
2054 291 2152 332 6pro-

1192 328 1300 358 clivius
1318 335 1409 359 currit
1419 333 1525 361 oratio:
1544 333 1628 361 venit
1638 331 1673 361 ad
1683 341 1864 361 extremui-n·v
1878 334 1965 362 lxaeret
1978 335 2007 362 in
2019 333 2148 363 salebra:

1191 371 1364 409 cupitenim
1375 371 1472 401 dicere
1483 393 1491 405 ,
1504 382 1610 402 NIHIL
1622 382 1711 403 possa
1719 383 1764 402 An
1776 378 1914 404 iii-:Asara
1927 385 2039 404 vtum
2053 385 2149 404 nnus·

1192 420 1228 440 siz
1246 420 1416 441 sinaitam-1.
1441 413 1574 444 Honesta
1592 418 1858 445 oratio:Socratica
1874 436 1882 448 ‚
1902 417 2035 446 Platonis
2046 427 2147 446 etiam.

1192 452 1298 482 Audeo
1319 453 1435 487 dicere,
1455 456 1564 495 inquit.
1595 458 1670 485 Non
1691 456 1787 495 potest
1800 456 1882 490 ,nisi
1902 466 2066 488 retexueris
2089 460 2147 487 illa.

1186 501 1337 534 paupertas
1351 494 1379 534 fi
1401 495 1510 535 magum
1528 495 1564 531 est
1587 516 1595 529 ‚
1627 498 1764 526 mendicm
1784 497 1880 527 beatus
1896 498 1944 536 effi:
1959 509 2034 528 nemo
2052 499 2150 540 potest,

1191 536 1326 574 quamvis
1342 536 1504 576 fitfizpiem.
1528 542 1568 567 At
1578 539 1665 568 Zeno
1675 549 1746 570 eum
1756 549 1820 569 non
1829 540 1949 570 beatum
1961 540 2056 570 modo
2067 561 2075 575 ,
2099 541 2147 572 sed

1191 577 1283 606 etiam
1300 577 1428 607 divitem
1449 578 1546 608 dicere
1565 580 1648 610 ausus
1671 580 1723 611 est.
1756 582 1871 611 Dolere
1885 602 1893 616 ,
1919 582 2033 612 malum
2053 593 2059 612 2
2082 587 2097 611 7
2115 586 2149 614 in

1189 627 1308 647 crucem
1318 620 1370 658 qui
1380 621 1474 658 agitur
1487 639 1496 652 ,
1519 620 1619 650 beatus
1631 620 1687 651 effe
1701 632 1763 652 non
1775 622 1880 662 potest.
1905 626 2013 653 Bonum
2024 644 2031 656 i
2054 623 2147 654 liberi:

1191 659 1296 689 misera
1304 660 1424 690 orbitas.
1448 660 1548 690 bonum
1559 682 1566 694 ‚
1576 671 1671 702 patria
1681 675 1691 690 .·
1702 664 1845 694 miserum
1859 663 2007 695 exsilium.
2031 664 2144 700 bonum,

1190 700 1320 730 valitudo
1339 711 1349 728 :
1369 702 1513 732 miserum
1526 722 1535 736 ,
1555 704 1688 734 morbus.
1712 704 1830 739 bonam,
1851 707 1999 747 integritas
2016 709 2146 748 corporis:

1193 742 1300 772 misera
1321 742 1468 773 debilitas.
1493 742 1613 777 bonum,
1634 745 1777 775 incolumi,
1798 749 2009 778 acies.·misera
2019 752 2146 780 caecitas-

1187 793 1254 823 qua:
1273 783 1293 813 si
1310 783 1406 824 potest
1424 783 1536 825 singula
1556 786 1741 816 consolando
1761 788 1855 818 levare
1872 810 1880 822 ‚
1911 791 2047 820 universa
2065 800 2146 831 quo·-

1191 825 1286 855 modo
1310 824 1489 858 sustinebit?
1505 826 1538 857 sit
1560 837 1644 857 enim
1657 828 1737 858 idem
1749 839 1863 862 caecus.
1887 831 2014 865 debilis,
2035 832 2146 862 morbo

1188 865 1358 907 gravissimo
1368 866 1502 902 affectu&
1515 870 1612 902 exsul,
1624 870 1725 903 orbus,
1735 880 1836 910 egens,
1852 874 2146 912 torqueatureculeo:

1188 918 1280 949 quem
1304 910 1385 940 hunc
1401 911 1528 950 appellas
1546 912 1652 941 Zeno?
1673 913 1795 940 Beatum
1810 933 1817 942 ,
1840 923 1948 953 inquit.
1973 918 2070 945 Etiam
2080 914 2146 944 bea-

1188 950 1348 988 riffimum?
1371 953 1488 992 Quippe
1499 972 1507 986 ‚
1530 954 1667 993 inquiet,
1686 953 1758 983 cum
1766 962 1828 985 tam
1841 956 1995 985 docuerim
2011 978 2020 990 ,
2040 958 2147 997 gradus

1188 992 1274 1022 istam
1295 1002 1358 1022 rem
1379 1003 1444 1023 non
1458 994 1562 1024 habere
1574 1015 1581 1026 ,
1606 995 1695 1034 quam
1707 997 1848 1026 virtutem
1861 1017 1869 1027 .
1894 999 1926 1026 in
1939 1008 1995 1037 qua
2009 998 2041 1028 sit
2051 1008 2143 1029 etiam

1186 1034 1285 1074 ipsum
1308 1035 1438 1064 beatum.
1462 1036 1535 1065 Tibi
1555 1038 1611 1065 hoc
1630 1036 1824 1071 incredibile,
1848 1039 2141 1077 quiabeatiffimum.

1186 1075 1260 1116 quid
1271 1085 1357 1106 tuum
1369 1076 1544 1106 ?credibile?
1554 1076 1572 1106 si
1583 1087 1666 1107 enim
1677 1078 1711 1108 ad
1722 1079 1930 1119 populutrrme
1940 1090 2026 1110 vocas
2039 1093 2044 1109 :
2055 1092 2139 1114 eum,

1185 1119 1300 1157 quiaita
1309 1116 1474 1148 firaffectus
1486 1139 1494 1152 ,
1509 1119 1629 1149 beatum
1641 1129 1805 1161 numquam
1818 1122 1967 1161 probabis.
1991 1121 2011 1152 si
2024 1124 2058 1152 ad
2073 1133 2145 1163 pru-

1185 1159 1318 1189 denteis:
1336 1159 1461 1190 alterum
1472 1159 1589 1190 fortass‘e
1607 1161 1786 1192 dubitabunt
1800 1183 1808 1196 ‚
1821 1162 1894 1192 sitne
1907 1173 2021 1194 tantum
2034 1167 2067 1194 in
2082 1167 2146 1195 vir-

1187 1209 1249 1230 tute
1259 1221 1268 1235 ,
1292 1210 1326 1231 ut
1344 1211 1376 1232 ea
1394 1202 1510 1241 praediti
1522 1223 1530 1235 ,
1554 1202 1601 1231 vel
1612 1213 1639 1231 iri
1650 1204 1819 1232 ‘Phalaridis
1833 1212 1914 1233 tauro
1933 1204 2090 1247 beatifint:
2101 1207 2146 1237 al-

1187 1251 1286 1272 terum
1304 1252 1370 1272 non
1390 1244 1588 1277 dubitabunt,
1606 1247 1683 1284 quin
1703 1246 1736 1275 ὃς
1753 1248 1845 1276 Stoici
1864 1249 2079 1278 convenientia
2088 1247 2142 1278 sibi

1186 1284 1286 1314 dicant
1299 1304 1309 1317 ,
1329 1285 1363 1314 δε
1383 1295 1440 1315 vos
1458 1290 1662 1328 repugnantia.
1687 1287 1885 1328 Theophrasti
1896 1291 2005 1328 igitur,
2027 1292 2142 1329 inquit.

1185 1326 1241 1355 tibi
1261 1326 1338 1355 liber
1354 1327 1406 1356 ille
1427 1327 1524 1367 placet
1541 1327 1578 1357 de
1597 1328 1679 1358 beata
1700 1333 1780 1358 vita?
1803 1332 1923 1359 Tamen
1945 1331 2143 1361 aberramusa

1184 1366 1414 1407 prop0fit0:&,
1439 1378 1477 1398 ne
1488 1368 1609 1408 longius
1623 1370 1755 1409 :prorsus
1768 1391 1776 1402 ,
1800 1372 1921 1412 inquam
1936 1392 1942 1402 2
1957 1374 2043 1407 Piso,
2060 1371 2079 1402 fi
2090 1373 2145 1404 ista

1185 1410 1263 1438 mala
1284 1409 1371 1443 sunt,
1388 1410 1492 1449 placet.
1527 1413 1642 1441 Nonne
1659 1414 1751 1452 igitur
1769 1412 1824 1442 tibi
1848 1414 1990 1444 videntur
2004 1434 2012 1447 ‚
2030 1418 2143 1454 inquit.

1186 1450 1283 1480 mala?
1304 1450 1339 1479 Id
1358 1454 1497 1491 quaeres?
1514 1454 1656 1492 inquam:
1673 1464 1703 1483 in
1724 1464 1803 1493 qu0,
1825 1463 1926 1484 utrum
1941 1455 2141 1496 respondebo,

1184 1492 1281 1521 verses
1304 1500 1332 1520 te
1343 1493 1401 1522 huc
1411 1513 1420 1526 ,
1441 1502 1528 1533 atque
1537 1495 1610 1523 illuc
1621 1493 1734 1524 necesse
1745 1495 1796 1524 est.
1820 1498 1890 1535 Qo
1901 1493 2022 1527 :andem
2034 1497 2141 1530 modo,

1185 1533 1307 1572 inquit?
1327 1535 1406 1570 Quia
1418 1532 1438 1562 fi
1449 1535 1527 1564 mala
1537 1534 1602 1564 sunt
1612 1555 1621 1568 ,
1640 1538 1666 1565 is
1677 1555 1684 1568 ,
1702 1546 1753 1575 qui.
1765 1538 1817 1565 erit
1828 1546 1861 1565 in
1871 1539 1917 1565 his
1927 1558 1937 1570 ,
1960 1538 2061 1568 beatus
2073 1548 2139 1568 nori

1185 1576 1250 1603 erit.
1274 1572 1293 1602 fi
1305 1575 1382 1604 mala
1395 1584 1459 1604 non
1470 1575 1537 1605 sunt
1548 1595 1557 1608 ‚
1572 1577 1650 1614 jacet
1661 1586 1765 1606 omnis
1776 1579 1850 1606 ratio
1864 1580 2138 1618 Peripateticorum.

1186 1617 1224 1644 Et
1239 1615 1290 1643 ille
1306 1615 1427 1649 ridens,
1444 1616 1535 1645 video
1547 1636 1556 1650 ,
1580 1619 1699 1658 inquit,
1721 1619 1793 1658 quid
1814 1627 1890 1659 agas.
1913 1620 2143 1659 nediscipulum

1183 1655 1330 1686 abducam
1340 1676 1349 1690 ‚
1371 1659 1473 1687 times.
1496 1660 1546 1688 Tu
1556 1668 1628 1689 vero
1641 1679 1650 1692 ,
1661 1660 1784 1699 inquam
1797 1679 1806 1693 ,
1816 1661 1904 1691 ducas
1916 1662 1995 1695 iicet²
2008 1660 2028 1691 si
2039 1663 2144 1703 sequa-

1185 1707 1241 1728 tur.
1263 1700 1413 1728 eritenirn
1423 1709 1567 1733 mecum,
1591 1698 1721 1731 fiteeum
1731 1703 1794 1731 erit.
1819 1702 2134 1744 Audiigztuninquit,

1184 1741 1271 1770 Luci.
1288 1735 1410 1771 Stecum
1422 1743 1517 1774 enim,
1531 1751 1562 1771 ut
1570 1744 1611 1772 ait
1621 1742 1856 1782 Theophrastus,
1869 1746 1945 1774 mihi
1958 1745 2141 1777 instituenda

1183 1783 1280 1812 oratio
1298 1781 1351 1812 est.
1374 1784 1484 1812 Omnis
1492 1782 1649 1814 aucloritas
1659 1785 1859 1824 philosophice
1869 1785 2044 1816 coniistitin
2056 1788 2140 1818 beata

1182 1824 1245 1853 vita
1262 1823 1470 1862 comparanda.
1493 1823 1571 1853 beate*
1589 1826 1663 1854 enim
1682 1827 1799 1854 vivendi
1810 1826 1964 1866 cupiditate
1974 1828 2075 1869 incensi*
2081 1839 2142 1858 om-

1180 1874 1228 1893 nes
1240 1864 1350 1902 summ.
1374 1867 1443 1895 Hoc
1461 1867 1539 1895 mihi
1558 1876 1629 1896 cum
1647 1876 1699 1897 tuo
1711 1867 1798 1897 frati-e
1806 1878 1960 1899 convenit.
1983 1879 2072 1909 quare
2081 1871 2142 1902 hoc

1182 1905 1348 1936 videndum
1362 1905 1405 1936 est
1424 1926 1432 1938 ‚
1443 1905 1567 1946 poffitne
1576 1907 1665 1937 nobis
1674 1909 1732 1938 hoc
1743 1910 1817 1938 ratio
1826 1910 2076 1950 philosophorum
2087 1912 2139 1942 da·

1182 1956 1221 1976 re.
1245 1947 1406 1986 pollicetur
1422 1948 1511 1978 certe.
1535 1947 1590 1978 nis:
1608 1951 1692 1979 enim
1704 1949 1733 1979 id
1745 1949 1868 1984 faceret,
1892 1961 1910 1980 c
1921 1962 1939 1982 u
1953 1962 1975 1982 R
1993 1955 2015 1983 P
2026 1963 2045 1982 L
2058 1963 2080 1983 A
2090 1964 2110 1984 T
2121 1964 2141 1984 ο

1180 1991 1348 2029 AEgyptum
1368 1990 1550 2030 peragravit,
1570 1990 1626 2020 uta
1637 1991 1835 2021 sacerdotibus
1845 1992 1972 2024 barbaris
1983 2004 2140 2029 numeros.

1184 2030 1217 2059 δε
1237 2029 1366 2060 coelestia
1384 2036 1548 2071 acciperet?
1573 2041 1626 2061 cur
1643 2032 1711 2071 post
1733 2035 1900 2064 Tarentum
1919 2036 1954 2065 ad
1973 2037 2143 2067 Architam?

1182 2081 1234 2102 cur
1253 2071 1289 2101 ad
1300 2080 1413 2102 ceteros
1421 2073 1632 2112 Pythagoreos,
1648 2076 1852 2108 Echecratem,
1866 2078 2143 2112 Timaeum‚Aci·io-

1183 2123 1255 2142 nem
1269 2115 1382 2144 Locros
1394 2133 1403 2147 ‚
1420 2114 1458 2144 'ut
1468 2134 1476 2146 ‚
1497 2115 1568 2144 cum
1579 2118 1729 2146 Socratem
1746 2116 1923 2156 expreffiffet
1934 2139 1942 2151 ‚
1962 2119 2138 2161 adjungeret

1180 2155 1434 2195 Pythagoreorum
1452 2156 1642 2196 disciplinam
1654 2178 1663 2191 ‚
1685 2167 1775 2198 eaque
1788 2178 1795 2189 ‚
1817 2169 1882 2198 quae
1901 2164 2031 2191 Socrates
2051 2171 2139 2202 repu-

1181 2197 1280 2226 diabat
1295 2216 1305 2230 ‚
1340 2197 1501 2228 addisceret
1520 2200 1530 2225 ?
1555 2208 1608 2228 cur
1633 2199 1694 2238 ipse
1724 2201 1900 2239 Pythagoras
1919 2202 1952 2232 &
1972 2205 2138 2244 AEgyptum

1181 2237 1333 2272 lustravit,
1353 2239 1386 2269 &
1409 2240 1565 2270 Persarum
1585 2250 1687 2281 magos
1704 2242 1799 2271 adiit?
1818 2239 1870 2272 cur
1892 2252 1985 2274 tantas
1998 2255 2135 2285 regiones

1182 2279 1376 2310 barbarorum
1394 2281 1520 2320 pedibus
1540 2280 1639 2311 obiit?
1660 2291 1706 2313 tot
1716 2284 1993 2316 mariatransrnisit?
2011 2296 2063 2316 cur
2073 2287 2136 2317 haec

1183 2321 1290 2351 eadem
1302 2324 1519 2353 Democritus?
1541 2326 1620 2363 9qui
1641 2324 1751 2363 (vere,
1771 2323 1903 2360 faffone,
1925 2328 2140 2368 quaereremus)

1182 2363 1291 2393 dicitur
1306 2364 1402 2394 oculis
1420 2365 1449 2395 se
1468 2363 1592 2404 privasse
1608 2384 1617 2399 ‚
1636 2366 1717 2396 certe
1734 2362 1861 2407 utquam
1869 2368 1985 2398 minime*
1994 2378 2106 2398 animm
2117 2368 2137 2399 ἷι

1183 2404 1400 2445 cogitationibus
1418 2404 1620 2437 abduceretur:
1640 2409 1857 2447 patrimonium
1876 2410 2010 2451 neglexit
2029 2420 2036 2440 .-
2054 2420 2140 2451 agros

1185 2446 1314 2478 deseruit
1325 2448 1456 2478 incultos
1467 2468 1476 2483 ,
1495 2448 1569 2489 quid
1579 2459 1712 2489 quaerens
1721 2449 1801 2479 aliud
1813 2469 1822 2484 ,
1837 2450 1891 2481 nifi
1903 2451 2016 2482 beatam
2031 2454 2138 2483 vitam?

1181 2497 1273 2530 quarn
1294 2487 1315 2519 si
1341 2491 1433 2520 etiam
1451 2491 1484 2521 in
1503 2500 1606 2521 rerum
1623 2493 1799 2533 cognitione
1819 2492 1968 2532 ponebat,
1986 2503 2086 2524 tamen
2097 2505 2137 2526 ex

2084 2537 2139 2568 illa

224 2622 246 2640 ι.
267 2614 331 2645 Qia
341 2622 391 2638 cum
400 2611 416 2638 ὰ
426 2612 540 2646 Zenone]
562 2611 676 2638 Carolus
695 2611 818 2646 Sigonius
837 2616 914 2646 putat
924 2609 1057 2637 abundare
1076 2619 1139 2644 cum,

182 2650 261 2676 cui&
273 2649 410 2675 assentitur
421 2649 452 2673 P.
462 2647 611 2674 Manutius.

219 2694 247 2711 ι.
267 2688 360 2711 Dixerit
369 2686 408 2709 hoc
420 2684 479 2709 idem
489 2682 633 2716 Epicurus]
654 2681 812 2709 [rectionem
824 2681 890 2708 hanc
908 2681 1047 2709 meliorem
1058 2682 1138 2718 longe

182 2721 250 2749 duxi
262 2741 270 2753 ,
280 2721 328 2748 illd
340 2719 447 2754 vulgata
459 2738 468 2752 ‚
477 2720 568 2754 quidun
577 2721 646 2752 Epic.
656 2718 800 2746 habebatur
810 2725 899 2746 autem
909 2717 1030 2754 expressi.-
1042 2719 1068 2745 in
1079 2719 1136 2745 Pal.

183 2765 280 2794 quarto
293 2758 319 2782 Sc
330 2755 417 2782 sexto.

221 2801 233 2825 ζ
241 2812 247 2819 .
267 2794 414 2819 Debiliiaicm
425 2810 434 2823 ‚
452 2793 527 2818 mala.
549 2794 608 2825 Jam
617 2793 659 2816 illa
667 2798 766 2817 externa
779 2810 787 2822 ,
797 2798 868 2823 parce
875 2797 902 2816 tu
911 2790 1003 2824 quidem
1012 2801 1018 2816 .·
1028 2790 1074 2823 scd
1081 2791 1138 2822 hac,

184 2828 251 2862 glyc]
271 2828 461 2863 Itadistinguit
473 2828 555 2853 etiam
566 2826 651 2853 Aldus
662 2826 758 2853 senior.
778 2826 820 2853 sed
839 2827 947 2853 interim
960 2834 1045 2853 tamen
1057 2826 1134 2852 aliam

185 2864 426 2899 interpunctionem
438 2862 625 2890 introduxerat
635 2863 770 2889 vnitorius
782 2872 789 2893 5
810 2863 875 2888 hanc
895 2871 988 2897 nempe
999 2872 1007 2893 5
1027 2863 1136 2888 debilita-

183 2906 230 2924 um
241 2918 249 2930 ,
267 2903 330 2927 mala
339 2901 394 2934 jam
403 2902 445 2925 illa
453 2906 561 2925 externa.
580 2899 657 2924 'Parce
666 2906 692 2924 tu
701 2899 791 2932 quidem
803 2918 810 2929 ,
816 2899 858 2931 fid
866 2899 921 2930 hac,
930 2899 981 2929 &a
1002 2897 1138 2934 quomodo

185 2935 249 2960 item
261 2934 316 2962 fere
328 2935 397 2962 Pall.
407 2945 480 2961 onin.
492 2934 615 2962 Lambin.
627 2935 684 2960 heic
693 2933 779 2966 addit,
793 2933 889 2967 demit,
900 2941 986 2960 mutat
996 2934 1098 2969 regium
1108 2935 1135 2960 in

186 2979 299 2999 morem.
319 2980 366 2997 nos
377 2971 516 2998 maluimus
527 2970 645 3006 qua-“dam
656 2965 804 3006 ignorare.'

222 3013 250 3038 4.
269 3008 357 3032 Contra
365 3008 409 3032 haec
417 3008 510 3033 attende
519 3016 553 3033 me
564 3026 572 3040 ‚
589 3007 657 3042 ἐγὼ]
677 3006 755 3034 Nihil
766 3005 912 3042 discrepant
923 3005 992 3032 Pau.
1006 3005 1051 3032 nili
1066 3005 1137 3042 quod

187 3049 277 3079 quart.
288 3042 314 3067 &
326 3040 414 3068 sextus
424 3044 474 3068 hoc.

227 3087 253 3111 5.
271 3078 356 3102 ‘Tamen
365 3076 381 3102 ei
388 3079 497 3110 propifiro
509 3096 517 3109 ,
526 3081 624 3112 inquam
635 3097 645 3110 ‚
653 3077 848 3113 aberravimm]
870 3078 961 3104 Malim
972 3087 1080 3103 erramin-
1091 3097 1098 3108 ,
1110 3084 1139 3104 ut

185 3113 223 3141 est
234 3113 260 3138 in
273 3112 330 3139 Pal.
349 3119 437 3149 quart.
448 3113 532 3148 licque
543 3112 644 3140 rui-sum
655 3114 775 3150 loquitur
788 3122 849 3141 ante
859 3113 939 3141 finem
950 3114 1025 3148 hujus
1036 3114 1140 3150 capitis.

223 3148 252 3177 6.
270 3150 405 3176 Procli-rius
413 3151 491 3176 currit
499 3149 600 3186 oratio-2
618 3150 763 3180 Lambinus
775 3169 784 3186 ,
801 3153 828 3179 i‘n
835 3151 935 3184 proclivi
948 3157 1026 3178 currit
1035 3169 1044 3185 ,
1063 3151 1091 3178 ὃς
1102 3151 1141 3180 ita

1181 2611 1250 2638 Pall.
1262 2622 1367 2644 omnes,
1378 2611 1420 2638 sed
1429 2613 1525 2649 absque
1535 2614 1627 2649 copula
1636 2617 1671 2640 in.

1216 2656 1244 2682 7.
1263 2651 1292 2674 In
1301 2657 1389 2674 crucem
1398 2650 1440 2682 qui·
1450 2651 1555 2684 agnum]
1574 2650 1617 2676 Sic
1627 2650 1750 2685 proxime
1761 2650 1818 2677 Pal.
1833 2657 1920 2684 quart.
1931 2660 2024 2688 nempe
2033 2654 2060 2678 in
2069 2660 2138 2678 cruce

1179 2686 1221 2717 qui
1231 2687 1345 2717 angitur,—
1365 2684 1435 2719 quod
1456 2693 1541 2712 tamen
1560 2684 1694 2722 displicuit
1713 2687 1740 2711 Sc
1761 2687 1792 2712 P.
1804 2688 1925 2713 Manuzio
1944 2688 1971 2714 Sc
1983 2687 2114 2715 Lambini>
2125 2697 2135 2719 ἦ

1179 2720 1268 2755 itaque
1278 2721 1305 2746 δε
1317 2720 1430 2746 alterum
1441 2721 1467 2747 in
1479 2728 1635 2749 contextum
1647 2730 1812 2758 receperunt,
1823 2721 1865 2749 (ed
1876 2731 1963 2750 tamen
1975 2724 2030 2760 post
2040 2724 2136 2751 victo-

1180 2755 1261 2787 rium,
1272 2765 1351 2791 quem
1363 2757 1446 2782 miror
1455 2756 1488 2784 ab
1497 2757 1556 2793 ipsis
1568 2759 1650 2785 rarius
1665 2758 1826 2786 consultum.
1849 2768 1906 2786 erat
1915 2760 1942 2787 in
1953 2760 2136 2796 Scaligei·aiio,

1182 2794 1208 2816 in
1217 2800 1283 2816 cruc-²
1294 2795 1335 2825 qui
1345 2795 1434 2825 agitur.

1216 2825 1243 2853 8.
1264 2828 1343 2852 ‘Tecum
1353 2831 1413 2852 inim
1425 2847 1432 2860 ,
1451 2836 1477 2853 ut
1487 2831 1523 2854 ait
1532 2829 1726 2865 Theophrastum]
1751 2831 1896 2859 Lambinus
1909 2831 2020 2859 inferius
2037 2830 2139 2868 posuit,

1178 2861 1237 2894 illa,
1247 2870 1274 2888 ut
1284 2866 1320 2889 ait
1328 2865 1507 2896 Theophrastum
1521 2865 1576 2901 post
1587 2874 1678 2892 vocem
1687 2867 1837 2900 philofiiphiae.
1858 2877 1909 2894 non
1920 2868 1998 2904 culpo
2010 2887 2018 2900 ‚
2030 2876 2137 2896 tautum

1179 2899 1232 2932 ajo,
1243 2898 1293 2925 esse
1303 2907 1396 2926 contra
1406 2899 1467 2926 cdd.
1478 2910 1569 2927 omnes
1579 2901 1607 2927 &
1620 2901 1686 2928 Pall.
1697 2902 1810 2938 ideoque
1822 2904 1866 2930 vix
1876 2904 1956 2932 licere
1966 2903 2136 2932 hariolari-‚ui

1179 2934 1329 2970 cujustluam
1340 2934 1518 2971 adquiescere,
1530 2944 1559 2963 ut
1569 2936 1648 2963 etiam
1660 2938 1809 2965 imitentur.

1215 2979 1243 3005 9.
1263 2971 1310 3003 Qi'
1321 2972 1480 3006 (verifalsone
1488 2974 1653 3008 qiiaeremm.)]
1675 2974 1835 3002 Gulielmius
1845 2975 1964 3010 conjicit,
1974 2979 2015 3010 qui
2022 2985 2080 3003 veri
2085 2978 2140 3010 sal-

1174 3006 1398 3040 fhmquaerercmm.
1417 3011 1504 3034 acute.
1525 3008 1567 3034 sed
1588 3018 1638 3036 non
1652 3013 1723 3036 vere..
1748 3011 1850 3038 refellit
1860 3013 1931 3038 enini
1951 3012 1978 3038 id
1989 3021 2041 3039 vox
2062 3014 2139 3045 certe,-

1180 3051 1238 3077 quae
1248 3041 1377 3078 sequitur,
1388 3044 1527 3079 innuitque
1537 3044 1648 3071 dubium
1658 3046 1767 3081 aliquod
1778 3047 1887 3083 praeceffi
1893 3048 1936 3074 sle.
1958 3048 2053 3074 Lamb.
2064 3049 2139 3082 abje-

1179 3078 1216 3103 cit
1226 3077 1370 3105 dictionem
1382 3079 1537 3115 postremam
1551 3099 1559 3112 ,
1579 3080 1698 3117 legitque
1711 3101 1720 3114 ,
1737 3084 1794 3109 ever&
1807 3085 1908 3118 salsave.
1928 3084 2053 3120 expedit«.-
2065 3083 2138 3115 linis,

1183 3113 1304 3140 scdunde
1315 3115 1338 3141 ei
1350 3115 1451 3149 talejus
1463 3116 1475 3142 2²
1492 3116 1564 3143 Visst.
1575 3116 1634 3144 fitne
1646 3117 1768 3153 usurpare
1778 3119 1852 3146 ausus
1864 3130 1914 3146 non
1927 3120 1979 3146 fuit
1991 3140 1999 3152 ,
2019 3120 2139 3156 quamvis

1182 3149 1215 3179 sic
1224 3159 1330 3188 quoque
1340 3150 1510 3188 conjecisti-u
1529 3160 1559 3181 ut
1569 3152 1688 3219 {indidit
1699 3154 1746 3184 lib.
1758 3164 1807 3186 xv.
1819 3156 1921 3187 variar.
1932 3155 1996 3185 lest.
2009 3165 2062 3192 cap.
2074 3164 2143 3216 9-E⁴

1613 3198 1626 3218 i·
1636 3198 1649 3218 r
1660 3199 1672 3218 i·
1682 3199 1695 3218 r
1704 3200 1719 3219 i·
2076 3198 2099 3217 ι·
2133 3209 2140 3217 ι
