2295 3400
143 895 180 920 11

161 2110 174 2136 ι
186 2111 204 2136 2
227 2102 302 2142 Qae
310 2101 434 2130 cumita
443 2098 498 2129 sint
509 2120 518 2133 ‚

190 161 290 210 402
595 138 1106 189 M.Tut.1,ix

191 226 354 267 complexu
364 223 426 266 ejus
437 243 445 258 ,
462 232 494 255 ac
507 221 589 253 sinu:
607 229 684 262 quos
701 229 780 262 pexo
789 220 898 261 capillo
909 240 916 254 .
939 218 1054 251 nitidos
1066 239 1073 253 .
1093 225 1142 250 aut

194 268 356 299 imberbeis
367 286 375 301 ,
395 275 444 296 aut
453 266 529 296 bene
537 263 673 294 barbatos
682 262 807 295 videtis:
831 266 839 283 ¹
853 264 1020 295 manicatis,
1031 261 1064 293 δε
1073 260 1143 292 tala-

195 310 277 340 ribus
287 310 398 339 tunicis
409 319 418 342 3
436 307 512 337 velis
527 303 674 339 amictos,
694 314 758 336 non
777 305 870 347 togis:
889 313 1023 346 quorum
1041 303 1146 334 omnis

195 350 339 382 industria
354 351 423 379 vitai
434 369 443 383 ,
476 345 663 388 &vigilandi
678 346 762 377 labor
774 348 807 377 in
828 346 995 376 antelucanis
1013 346 1079 376 cenis
1095 353 1148 375 ex-

194 394 356 433 promitur.
378 394 393 412 ⁸
403 393 439 422 In
450 391 495 421 his
505 389 642 432 gregibus
651 398 759 419 omnes
768 389 907 419 aleatores
918 408 926 423 ‚
945 397 1054 418 omnes
1064 385 1150 418 adul-

197 436 252 464 teri
265 454 272 467 ‚
303 442 411 463 omnes
430 433 543 472 impuri
555 451 564 465 ‚
592 430 798 472 impudicique
815 431 979 461 versantur.
1009 430 1041 460 hi
1064 429 1150 470 pueri

201 479 213 503 3
225 484 284 505 tam
294 474 386 514 lepidi
399 493 407 508 ,
426 484 459 505 ac
466 473 584 504 delicati
593 492 602 506 ,
613 482 677 502 non
687 472 786 503 solnm
796 482 895 503 amare
908 492 917 507 ,
931 472 964 502 &
973 472 1065 502 amari
1079 491 1087 504 ,
1099 480 1154 501 ne-

197 526 255 557 que
267 525 381 546 cantare
393 535 401 550 ‚
423 516 455 546 &
465 515 566 546 saltare
578 534 587 548 ,
607 513 654 545 sed
664 516 753 545 etiam
764 512 832 546 ficas
841 514 955 544 vibrare
966 534 974 547 ‚
995 514 1028 543 &
1039 514 1151 554 sparge-

195 568 227 589 re
237 567 353 588 venena
362 557 547 588 didicerunt:
558 558 610 598 qui
621 555 676 586 nisi
686 555 868 591 exeunt‚nifi
876 565 1000 596 pereunt
1009 575 1017 589 ‚
1029 557 1119 585 etiam
1133 552 1153 583 si

199 600 329 630 Catilina
338 601 476 639 perierit,
494 599 599 629 scitote
609 599 667 628 hoc
683 600 716 629 in
734 608 793 639 rep.
815 599 1002 638 seminarium
1014 596 1155 627 Catilina-

198 642 275 670 rium
289 640 435 671 futurum.
459 643 679 670 Verumtamen
691 640 766 681 quid
785 637 839 671 sibi
850 639 897 670 isti
912 640 1014 670 miseri
1022 639 1152 669 volunt?

201 692 277 712 num
289 683 352 712 suas
363 683 462 713 secum
476 682 667 712 mulierculas
676 682 786 712 suntin
802 681 1018 713 castraduERuri
1027 687 1037 713 ?
1047 689 1156 721 quem-

201 724 366 755 admodum
381 724 551 754 autemillis
560 733 658 754 carere
673 732 832 764 poterunt,
851 725 897 754 his
914 721 1077 764 praesertim
1093 724 1156 761 jam

202 765 346 796 noctibus
365 769 376 795 ?
397 776 458 807 quo
468 774 568 796 autem
579 764 666 806 padio
685 766 731 796 illi
749 767 947 806 Apenninum
959 785 967 799 ‚
988 774 1076 805 atque
1093 763 1160 793 illas

200 810 368 848 p1·uinas‚ac
379 809 477 838 niveis
486 807 635 847 perferent
646 809 656 836 ?
666 805 721 837 nisi
729 807 841 838 idcirco
853 808 880 838 se
891 806 1008 837 facilius
1023 808 1160 836 hiemem

204 850 379 880 toleraturos
390 858 513 890 putant,
533 847 614 890 quod
625 848 699 879 nudi
710 851 743 879 in
767 850 918 879 conviviis
930 849 1028 879 saltare
1046 847 1161 877 didice-

205 901 284 922 runt.
306 893 333 921 Ο
351 891 467 922 bellum
482 890 663 932 magnopere
686 890 978 930 pertimescendum,
996 887 1069 920 cum
1087 890 1162 918 hanc

204 932 238 964 sit
256 933 411 963 habiturus
441 933 568 963 Catilina
604 936 622 958 4
639 932 804 962 scortorum
834 933 968 961 cohortem
992 930 1158 972 pratariam.

203 974 346 1006 Instruite
356 984 438 1005 nunc
450 995 458 1008 ‚
469 976 614 1014 Quirites,
628 983 730 1004 contra
741 975 861 1004 hastam
872 974 1019 1014 praeclaras
1030 972 1166 1003 Catilinae

205 1018 307 1056 copias
327 1015 421 1046 vestra
439 1014 587 1056 praesidia,
611 1015 782 1056 vestrosque
802 1017 950 1046 exercitus
963 1026 968 1044 :
980 1014 1013 1045 &
1029 1016 1165 1055 primum

205 1057 362 1100 gladiatori
376 1058 422 1087 illi
432 1055 573 1088 confeeto
593 1057 626 1087 &
646 1057 763 1091 saucio,
782 1057 940 1091 consules,
962 1054 1167 1096 imperatores-

205 1110 265 1140 que
284 1098 398 1130 vestros
416 1099 578 1139 opponite:
601 1098 710 1129 deinde
733 1107 835 1129 contra
852 1099 937 1129 illam
955 1098 1167 1139 naufragorum

207 1140 334 1181 ejectam
346 1161 354 1175 ,
374 1151 406 1171 ac
414 1140 599 1170 debilitatam
623 1149 748 1170 manum
764 1160 777 1174 ,
794 1139 903 1171 florem
911 1142 1003 1171 totius
1013 1141 1104 1170 Italiae
1115 1158 1124 1171 ,
1138 1148 1170 1168 ac

208 1183 300 1213 robur
309 1182 437 1212 educite.
459 1181 522 1222 jam
532 1180 604 1212 verb
613 1182 700 1212 urbes
709 1182 897 1213 coloniarum
910 1202 918 1215 ,
938 1192 971 1212 ac
982 1181 1169 1220 municipio-

209 1234 278 1254 rum
297 1223 521 1264 respondebunt
539 1224 674 1254 Catilina:
692 1224 817 1254 tumulis
834 1222 1025 1253 silvestribus.
1063 1225 1170 1262 Neque

207 1265 282 1295 vero
296 1275 405 1296 ceteras
423 1267 523 1306 copias
534 1285 542 1299 ,
558 1274 751 1298 ornamenta,
772 1264 904 1305 praesidia
919 1285 927 1298 ‚
946 1263 1019 1295 cum
1033 1264 1116 1294 illius
1128 1265 1168 1293 la—

210 1308 306 1337 tronis
326 1309 447 1347 inopia,
467 1316 553 1348 atque
572 1307 698 1348 egestate
715 1308 833 1346 conferre
851 1307 956 1337 debeo.
979 1306 1056 1339 Sed,
1072 1304 1111 1339 sl,
1134 1315 1171 1335 o-

211 1347 308 1379 missis
318 1350 364 1378 his
373 1349 460 1379 rebus
471 1348 616 1378 omnibus
631 1368 639 1382 ,
659 1348 769 1389 quibus
778 1359 834 1379 nos
845 1348 1067 1389 suppeditamus
1076 1367 1084 1381 ‚
1105 1357 1121 1377 e
1142 1355 1171 1376 et

210 1391 264 1420 ille
276 1410 284 1424 ‚
311 1390 433 1424 senatu,
451 1390 604 1432 equitibus
614 1392 652 1421 R.
665 1390 798 1430 populo,
818 1390 891 1420 urbe
903 1410 911 1424 ‚
931 1391 1054 1423 aeiario,
1075 1399 1112 1419 ve
1147 1390 1172 1418 i—

211 1432 327 1475 galibus
339 1453 347 1466 ‚
366 1431 473 1462 cuncta
492 1433 576 1463 Italia
595 1451 603 1466 ,
622 1433 789 1472 provinciis
805 1432 950 1462 omnibus
962 1452 971 1465 ‚
992 1432 1102 1461 exteris
1121 1440 1173 1461 na-

211 1474 358 1505 tionibus.
390 1472 430 1510 si,
450 1476 575 1514 inquam
592 1494 601 1508 ,
625 1475 674 1504 his
692 1473 779 1504 rebus
802 1472 919 1504 omissis
940 1494 949 1507 ‚
973 1474 1046 1515 ipsas
1064 1473 1172 1513 causas,

212 1526 280 1558 quae
290 1518 368 1546 inter
378 1516 405 1546 se
415 1515 584 1557 confligunt
595 1536 604 1550 ,
615 1515 798 1547 contendere
820 1516 969 1546 velimus:
984 1525 1023 1545 ex
1034 1525 1071 1545 co
1088 1514 1152 1555 ipso
1163 1533 1173 1547 ι

213 1567 306 1599 quam
315 1557 401 1587 valde
411 1558 459 1587 illi
475 1558 610 1598 jaceant,
630 1557 796 1599 intelligere
818 1555 983 1598 poss'umus.
1007 1559 1054 1588 Ex
1073 1557 1126 1586 hac
1143 1566 1175 1585 e-

214 1610 284 1631 nim
297 1608 374 1639 parte
384 1598 482 1639 pudor
495 1608 605 1640 pugnat
617 1620 623 1632 ‚
640 1599 728 1629 illinc
738 1599 915 1639 petulantia:
937 1600 1008 1629 hinc
1018 1598 1172 1639 pudicitia,

214 1642 303 1672 illinc
314 1639 459 1681 stuprum:
472 1642 542 1671 hinc
553 1640 728 1674 fides‚illinc
738 1641 893 1671 fraudatio:
905 1642 975 1671 hinc
985 1640 1178 1681 pietaS,illinc

216 1683 321 1714 scelus:
333 1684 404 1713 hinc
415 1682 681 1715 constantia.illinc
691 1681 858 1712 furorzhinc
868 1682 1107 1716 honestas,illinc
1116 1691 1178 1711 tui·-

216 1724 324 1766 pitudo
336 1735 341 1754 :
363 1725 434 1754 hinc
443 1726 630 1754 continentia
641 1744 649 1757 ‚
665 1725 751 1754 illinc
761 1724 857 1755 libido
869 1735 874 1754 :
893 1724 1024 1765 denique
1033 1725 1154 1765 aequitas
1166 1743 1175 1756 .

218 1767 424 1806 temperantia,
435 1765 583 1796 fortitudo
594 1785 602 1799 ,
613 1766 769 1806 prudentia
782 1785 791 1800 ,
803 1766 926 1796 virtutes
937 1775 1056 1799 omnes,
1067 1774 1179 1795 certant

216 1818 287 1839 cum
300 1809 457 1848 iniquitate
471 1826 479 1840 ‚
500 1817 570 1837 cum
580 1808 701 1837 luxuria
713 1827 721 1841 ,
733 1817 802 1837 cum
816 1810 824 1837 i
848 1809 934 1838 navia
949 1828 958 1841 ,
977 1817 1048 1838 cum
1059 1809 1180 1837 temeri-

218 1859 276 1881 mte
287 1870 295 1883 ‚
316 1860 386 1879 cum
400 1851 483 1879 vitiis
493 1849 638 1879 omnibus
651 1859 655 1878 :
678 1853 690 1876 5
701 1848 853 1889 postremo
862 1852 956 1889 copia:
966 1859 1036 1879 curn
1046 1848 1181 1890 egestate,

220 1891 302 1922 bona
321 1893 395 1921 ratio
409 1901 478 1921 cum
495 1890 627 1930 perdita,
651 1901 738 1921 mens
757 1891 823 1921 sana
841 1901 911 1921 cum
930 1892 1082 1924 amentia,
1103 1891 1182 1921 bona

222 1933 353 1974 denique
363 1933 425 1973 spes
446 1942 518 1962 cum
532 1934 676 1962 omnium
693 1942 816 1963 RERUM
836 1942 1090 1963 DESPERATlONE
1108 1942 1183 1962 con-

223 1973 313 2016 fligit.
341 1977 379 2004 In
397 1974 575 2009 huiusmodi
585 1976 748 2004 certamine
759 1984 791 2004 ac
801 1975 909 2014 proelio
921 1995 930 2008 ‚
952 1984 1057 2004 nonne
1069 1994 1078 2008 ,
1094 1975 1184 2003 etiam

219 2016 248 2057 fi
264 2017 407 2045 hominum
423 2015 522 2046 studia
533 2014 691 2049 deficiant,
710 2015 752 2045 dii
771 2015 1023 2055 ipsiimmortales
1032 2025 1140 2058 cogent
1149 2016 1185 2046 ab

225 2060 272 2089 his
282 2056 512 2098 praeclariflimis
522 2056 686 2088 virtutibus
695 2077 704 2092 ,
716 2066 781 2092 tot,
803 2057 835 2089 &
848 2066 928 2088 tanta
945 2059 1019 2088 vitia
1035 2059 1185 2098 superari?

541 2101 694 2140 Qiritcs‚
714 2109 789 2133 vos,
817 2099 1079 2140 quemadmodum
1099 2098 1184 2139 ⁶jam

225 2141 404 2174 anteadixi‚
429 2140 524 2171 vestra
541 2141 619 2170 tec'ta
637 2141 800 2174 custodiis,
821 2141 989 2182 vigiliisque
1014 2141 1186 2171 defendite:

227 2184 327 2217 mihi,
346 2192 377 2213 ut
387 2182 454 2212 urbi
466 2181 525 2212 sine
538 2181 636 2212 vestro
648 2191 734 2212 motu
747 2201 754 2215 ,
766 2192 797 2211 ac
809 2181 868 2211 fine
882 2183 945 2212 ullo
957 2183 1091 2213 tumultu
1102 2203 1110 2216 ,
1124 2184 1189 2212 satis

225 2223 295 2255 esset
304 2223 429 2266 praesidii
442 2244 451 2258 ,
463 2224 637 2255 consultum
649 2243 659 2257 ‚
671 2234 702 2255 ac
711 2223 868 2263 provisum
880 2223 932 2254 est.
945 2225 1056 2255 Coloni
1067 2234 1187 2258 onmeS,

263 2400 287 2417 i.
306 2391 458 2419 &manicatis
466 2391 494 2420 &-
503 2393 624 2417 talaribus
634 2393 747 2425 tanim]
770 2392 886 2426 Ejiciunt
905 2393 949 2419 alii
970 2392 1034 2418 illud
1054 2394 1083 2424 ὼ·
1101 2395 1165 2419 rritir
1178 2412 1185 2424 ,

226 2436 312 2462 neque
332 2426 408 2453 habet
425 2426 510 2453 editio
529 2428 652 2454 Victor-ii.
677 2425 799 2464 abestque
816 2429 875 2454 Hit.
887 2429 913 2453 Sc
927 2430 1026 2454 Mureti
1039 2428 1123 2455 libris.
1144 2428 1185 2455 sed

227 2464 298 2489 enim
314 2463 370 2489 Pal.
382 2461 450 2489 sext.
462 2462 544 2489 ibium
557 2464 633 2490 habet
644 2465 895 2494 »tanicatucjrtrihm
911 2468 1008 2490 tunicis.
1028 2464 1111 2491 editio
1131 2465 1186 2501 pri-

1189 137 1739 188 Crcnnoizxs

1188 217 1414 262 municipesque
1423 217 1512 251 vestri
1525 238 1534 254 ‚
1554 221 1693 252 certiores
1710 219 1727 252 a
1745 229 1795 251 me
1804 216 1875 251 faffl
1885 218 1921 251 de
1931 219 1986 252 hac
2002 216 2151 250 noemma

1188 259 1363 293 excursione
1379 259 1515 292 Catilinae
1526 281 1537 297 .
1555 261 1641 294 facile
1663 263 1762 294 urbeis
1779 262 1842 294 suas
1853 282 1864 295 ,
1882 260 2025 303 fineisque
2045 258 2150 292 defen·

1189 302 1261 334 dent
1272 313 1278 332 ε
1290 303 1475 346 gladiatores,
1485 313 1576 345 quarn
1587 303 1640 335 sibi
1652 305 1704 334 ille
1716 306 1879 336 maximam
1893 312 2031 336 manum,
2042 302 2074 332 &
2085 311 2149 332 cer-

1191 343 1332 377 tiffimam
1346 344 1410 376 fore
1430 347 1562 386 putavit,
1589 356 1773 389 quamquam
1791 346 1918 376 meliore
1935 346 2039 374 animo
2059 343 2150 378 sunt,

1192 397 1281 428 quam
1294 396 1358 427 pars
1377 389 1570 427 patriciorum
1582 407 1590 421 ‚
1613 393 1628 416 7
1639 388 1781 428 potestate
1792 397 1893 418 tamen
1903 385 2001 417 nostra
2012 387 2152 416 contine-

1196 429 1316 459 buntur.
1330 429 1522 470 QMetellus
1534 449 1541 462 ‚
1553 439 1644 470 quem
1654 439 1710 471 ego
1720 430 1903 470 prospiciens
1914 430 1971 459 hoc
1984 448 1992 462 ‚
2007 429 2037 458 in
2048 436 2153 468 agrum

1197 471 1388 501 Gallicanum
1399 490 1408 504 ‚
1428 472 1633 511 Picenumque
1652 470 1800 511 praemisi3
1817 480 1866 501 aut
1883 472 2033 511 opprimet
2049 469 2153 500 homi-

1198 522 1269 542 nem
1281 532 1290 546 ,
1315 520 1365 542 aut
1374 513 1496 542 omneis
1504 513 1570 547 eius
1581 521 1682 542 motus
1691 533 1699 546 ‚
1719 512 1898 553 conatusque
1908 511 2088 552 prohibebit.
2107 521 2154 541 re-

1198 555 1287 595 liquis
1300 563 1400 584 autem
1410 553 1446 583 de
1457 553 1544 584 rebus
1553 553 1772 585 constituendis
1783 575 1791 588 ,
1805 553 1986 584 maturandis
1994 573 2004 587 ,
2018 553 2152 595 agendis,

1197 597 1259 635 jam
1270 596 1306 627 ad
1315 596 1449 626 senatum
1460 594 1622 626 referemus
1633 615 1643 630 2
1662 606 1753 637 quem
1764 597 1862 626 vocari
1873 595 1990 625 videtis.
2014 597 2106 626 Nunc
2117 596 2156 625 il-

1202 639 1246 668 los
1257 657 1265 671 ‚
1286 640 1340 679 qui
1349 639 1381 667 in
1393 637 1464 667 urbe
1474 638 1679 668 remanserunt
1693 658 1701 671 ,
1722 647 1808 679 atque
1821 637 1896 668 adeo
1909 638 1962 677 qui
1981 646 2084 668 contra
2106 647 2158 667 ur·

1201 680 1247 710 bis
1258 680 1382 710 salutem
1393 700 1402 713 ,
1426 681 1628 720 omniumque
1638 679 1769 710 vestrum
1783 700 1792 714 ‚
1812 681 1845 710 in
1862 679 1933 709 urbe
1944 680 1958 709 a
1977 680 2103 709 Catilina
2112 689 2159 709 re·

1202 720 1265 752 listi
1275 722 1344 752 sunt
1355 742 1363 755 ‚
1385 731 1566 762 quamquam
1578 722 1645 752 sunt
1653 721 1751 752 hostes
1761 742 1769 756 ‚
1790 731 1890 752 tamen
1899 722 1967 762 quia
1976 721 2108 761 natifimt
2119 721 2160 751 ci-

1201 773 1249 792 ves
1258 783 1266 797 ‚
1286 765 1423 793 monitos
1436 765 1527 793 etiam
1538 783 1546 796 ,
1559 772 1646 804 atque
1658 765 1748 794 etiam
1759 764 1844 794 volo.
1868 765 1936 792 Mea
1947 763 2052 793 lenitas
2062 763 2160 794 adhuc

1205 804 1225 835 sl
1237 807 1287 835 cui
1297 805 1422 836 solutior
1430 805 1492 835 visa
1500 804 1542 835 est
1552 825 1560 838 ‚
1582 807 1640 836 hoc
1650 804 1830 846 exspeEtavit
1840 825 1848 839 ,
1868 813 1902 835 ut
1917 804 1947 834 id
1960 825 1968 838 ,
1988 805 2070 845 quod
2088 805 2160 835 late-

1205 847 1274 880 bat,
1302 856 1483 887 erumperet.
1513 847 1595 887 quod
1613 848 1763 888 reliquum
1783 846 1826 877 est
1839 867 1848 881 ,
1872 849 1934 887 jam
1958 856 2022 876 non
2039 845 2160 886 possum

1207 888 1366 922 oblivisci,
1386 898 1486 918 meam
1504 890 1581 919 hanc
1594 887 1652 918 effe
1672 891 1795 929 patriam
1806 909 1814 923 ,
1834 899 1883 919 me
1895 889 2005 918 borum
2016 887 2073 918 ess'e
2087 899 2162 919 con-

1209 930 1322 960 sulem:
1346 931 1424 960 mihi
1439 940 1508 961 Aur
1533 941 1606 960 cum
1630 941 1685 961 His
1709 941 1894 962 wvennmvi
1905 950 1914 964 ,
1939 940 2007 961 Aur
2031 940 2093 960 rito
2106 940 2163 961 rus

1211 981 1281 1001 esse
1304 981 1528 1002 mormannum.
1551 973 1653 1002 nullus
1665 972 1708 1003 est
1717 982 1807 1013 portae
1828 972 1927 1003 custos
1939 992 1948 1006 ‚
1972 972 2074 1002 nullus
2091 971 2163 1002 infi—

1210 1013 1306 1043 diator
1314 1015 1388 1044 viae:
1407 1012 1481 1055 siqui
1491 1016 1573 1044 exire
1582 1016 1691 1045 volunt
1702 1035 1711 1048 ‚
1733 1015 1888 1045 consulere
1899 1013 1953 1044 fibi
1962 1012 2082 1054 poss'unt
2094 1025 2099 1043 :
2109 1015 2164 1055 qui

1211 1054 1324 1085 veroin
1337 1055 1409 1086 urbe
1419 1056 1447 1086 se
1459 1058 1681 1091 commoverit,
1693 1059 1738 1096 cuj
1744 1067 1776 1087 us
1786 1067 1841 1098 ego
1854 1066 1918 1087 non
1930 1054 2025 1085 modo
2036 1055 2162 1091 factum,

1211 1096 1261 1127 sed
1280 1098 1434 1137 inceptum
1457 1099 1556 1127 ullum
1569 1118 1577 1131 ,
1596 1108 1778 1128 conatumve
1796 1107 1897 1129 contra
1910 1099 2034 1138 patriam
2057 1098 2164 1138 depre-

1211 1138 1353 1168 hendero:
1368 1134 1383 1158 ⁸
1393 1139 1499 1169 sentiet
1507 1142 1538 1169 in
1549 1141 1600 1169 hac
1610 1140 1681 1169 urbe
1691 1139 1748 1171 esse
1758 1140 1895 1171 consules
1905 1140 2071 1181 vigilanteis
2081 1160 2090 1174 ,
2106 1138 2166 1170 esse

1211 1182 1344 1222 egregios
1351 1179 1536 1222 magistratus
1546 1200 1554 1214 ‚
1574 1179 1631 1211 esse
1640 1181 1751 1211 fortem
1763 1182 1896 1211 senatum
1909 1201 1918 1214 .
1931 1179 1988 1211 ess'e
1996 1191 2076 1212 arma
2086 1201 2094 1215 ,
2108 1180 2167 1211 efle

1211 1232 1344 1252 carcerem
1354 1233 1364 1249 .·
1385 1232 1475 1262 quem
1485 1222 1638 1252 vindicem
1652 1222 1834 1253 nefariorum
1846 1243 1855 1256 ,
1878 1233 1910 1252 ac
1933 1222 2165 1253 manifestorum

1212 1264 1356 1294 scelerum
1368 1265 1497 1304 majores
1507 1263 1599 1294 nostri
1609 1262 1667 1294 efl‘e
1677 1265 1848 1294 voluerunt.
1873 1267 1969 1304 Atque
1986 1266 2048 1294 haec
2061 1266 2165 1295 omnia

1214 1304 1251 1336 sic
1261 1315 1381 1376 aperitur
1394 1326 1402 1338 ,
1420 1307 1552 1347 Qirites
1564 1326 1576 1339 ‚
1597 1314 1630 1335 ut
1639 1316 1682 1336 res
1694 1308 1834 1336 maximae
1845 1307 1979 1335 minimo
1989 1315 2075 1336 motu
2085 1326 2094 1341 ,
2113 1317 2167 1347 pe-

1213 1349 1276 1378 ricu
1290 1347 1430 1378 asumma
1440 1348 1526 1377 nullo
1540 1348 1673 1377 tumultu
1684 1367 1693 1381 ‚
1714 1348 1831 1378 bellum
1845 1347 2023 1378 intestinum
2033 1368 2042 1382 ,
2061 1358 2094 1378 ac
2112 1349 2169 1379 do-

1213 1388 1371 1420 mesticum
1383 1409 1391 1423 ,
1409 1387 1475 1430 post
1485 1390 1648 1419 hominum
1668 1391 1849 1420 memoriam
1860 1389 2096 1420 crudeliffimum
2112 1410 2121 1424 ,
2136 1400 2170 1421 ac

1216 1432 1388 1461 maximum
1401 1451 1409 1464 ,
1428 1441 1478 1460 me
1490 1441 1552 1461 uno
1563 1440 1663 1473 togato
1681 1431 1755 1462 duce
1774 1432 1807 1461 &
1824 1433 2002 1471 imperatore
2014 1451 2023 1465 ,
2043 1432 2168 1463 sedetur.

1214 1472 1296 1514 quod
1305 1483 1361 1514 ego
1372 1471 1409 1502 fic
1419 1472 1633 1503 administrabo
1645 1493 1653 1507 ‚
1667 1475 1798 1514 Qirites
1809 1493 1817 1507 ,
1831 1483 1863 1503 ut
1874 1493 1882 1507 ,
1894 1471 1913 1502 si
1923 1473 1986 1503 ullo
1998 1473 2094 1504 modo
2106 1472 2170 1503 fieri

1215 1517 1326 1555 poterit
1341 1535 1349 1547 ,
1372 1525 1404 1543 ne
1414 1512 1553 1555 improbus
1562 1515 1675 1556 quidem
1687 1515 1844 1556 quisquam
1857 1517 1890 1545 in
1901 1516 1952 1545 hac
1964 1515 2035 1545 urbe
2045 1525 2169 1556 poenam

1218 1557 1262 1586 sui
1280 1556 1397 1586 sceleris
1416 1554 1541 1586 sufferat.
1565 1556 1614 1587 sed
1626 1555 1701 1587 sivis
1717 1556 1881 1587 manifesta:
1899 1557 2026 1588 audaciae
2038 1577 2045 1591 ‚
2068 1556 2088 1587 si
2107 1559 2172 1588 im·

1217 1597 1350 1638 pendens
1360 1599 1458 1637 patriae
1473 1598 1641 1638 periculum
1652 1608 1701 1628 me
1710 1597 1871 1629 neceffario
1891 1598 1927 1629 de
1943 1600 1997 1629 hac
2010 1601 2106 1630 animi
2126 1600 2173 1629 le*

1220 1642 1310 1669 nitate
1321 1639 1517 1670 deduxerint:
1538 1639 1613 1670 illud
1621 1639 1758 1680 profesto
1767 1639 1922 1680 perficiam
1933 1661 1942 1675 ,
1961 1641 2043 1681 quod
2063 1643 2095 1671 in
2106 1651 2172 1672 tan-

1220 1690 1251 1712 to
1266 1702 1274 1714 ,
1298 1681 1330 1711 &
1351 1690 1410 1711 tarn
1429 1680 1569 1712 insidioso
1580 1682 1660 1712 bello
1669 1684 1723 1713 vix
1733 1682 1899 1722 optandum
1912 1682 2032 1713 videtur
2043 1703 2052 1716 ‚
2068 1686 2085 1710 9
2098 1691 2173 1712 utne

1222 1724 1282 1765 quis
1299 1722 1382 1752 bonus
1401 1723 1519 1752 intereat
1531 1744 1540 1757 ‚
1567 1734 1790 1765 paucorumque
1805 1734 1894 1764 poena
1908 1734 1965 1754 vos
1980 1724 2043 1764 jam
2063 1733 2172 1755 omnes

1221 1766 1292 1795 salvi
1303 1764 1359 1794 efl'e
1370 1763 1492 1805 poffitis.
1514 1768 1588 1837 OTu'ae
1599 1766 1724 1807 quidem
1738 1776 1794 1806 ego
1803 1776 1900 1807 neque
1920 1775 1987 1797 mea
2003 1766 2171 1806 prudentia,

1222 1817 1319 1848 neque
1328 1807 1469 1837 humanis
1482 1817 1540 1838 con
1554 1808 1614 1838 iliis
1631 1807 1724 1838 fretus
1737 1808 1883 1848 polliceor
1893 1808 1980 1838 vobis
1992 1827 2000 1842 ‚
2019 1810 2151 1849 Quirites
2162 1820 2174 1844 ς

1222 1849 1270 1879 sed
1281 1848 1385 1878 multis
1395 1869 1404 1882 ‚
1428 1848 1461 1879 δε
1471 1859 1534 1879 non
1544 1849 1644 1879 dubiis
1655 1850 1781 1880 deorum
1791 1850 2014 1881 immortalium
2030 1849 2177 1891 significa-

1222 1890 1374 1921 tionibus:
1391 1890 1500 1931 quibus
1511 1901 1566 1933 ego
1577 1891 1702 1922 ducibus
1719 1894 1752 1922 in
1771 1893 1846 1922 hanc
1855 1892 1937 1932 spem
1949 1912 1958 1926 ‚
1983 1892 2177 1923 sententiam-

1223 1943 1280 1973 que
1291 1932 1356 1962 sum
1369 1931 1511 1974 ingreffus
1528 1943 1533 1962 :
1551 1936 1601 1974 qui
1615 1935 1677 1973 jam
1692 1945 1754 1964 non
1764 1935 1870 1975 procul
1881 1953 1889 1967 ‚
1910 1943 1943 1964 ut
1958 1934 2113 1975 quondam
2130 1935 2180 1965 so-

1224 1975 1343 2007 lebant,
1365 1974 1402 2004 ab
1412 1983 1514 2004 extero
1533 1974 1616 2013 hoste
1627 1995 1636 2009 ,
1653 1985 1739 2016 atque
1754 1977 1941 2017 longinqu03
1965 1976 2014 2006 sed
2034 1975 2088 2006 hic
2102 1986 2179 2017 prae-

1226 2016 1323 2046 sentes
1336 2016 1386 2056 sito
1397 2016 1509 2045 numine
1519 2036 1528 2051 ,
1548 2025 1635 2058 atque
1645 2019 1762 2048 auxilio
1780 2018 1829 2048 sua
1840 2018 1951 2058 templa
1962 2038 1971 2052 ,
1991 2027 2078 2059 atque
2097 2018 2181 2048 urbia

1226 2057 1304 2088 teAEia
1322 2057 1505 2088 defendunt:
1527 2069 1603 2099 quos
1622 2069 1696 2093 vos,
1714 2061 1862 2100 Qirites‚
1881 2061 2013 2100 precari,
2032 2061 2178 2094 venerari,

1224 2108 1311 2140 atque
1322 2100 1481 2139 implorare
1490 2119 1500 2133 ,
1512 2100 1625 2130 debetis
1635 2121 1643 2134 ‚
1655 2110 1687 2131 ut
1696 2121 1704 2135 ,
1715 2111 1805 2143 quarn
1819 2102 1925 2132 urbem
1933 2102 2180 2142 pulcherrimam,

1228 2140 1466 2171 fiorentissimam
1476 2161 1484 2175 ,
1505 2141 1799 2184 potentiffimamque
1821 2141 1878 2173 effe
1897 2144 2060 2174 voluerunt
2069 2164 2077 2178 ,
2104 2145 2181 2175 hanc

1228 2183 1374 2213 omnibus
1386 2182 1521 2213 hostium
1531 2186 1627 2224 copiis
1636 2205 1644 2218 ,
1660 2193 1733 2222 terra
1742 2204 1752 2219 ‚
1763 2187 1896 2225 marique
1905 2185 2044 2225 superatis
2054 2205 2064 2219 ,
2087 2185 2103 2215 a
2111 2194 2180 2227 per-

1227 2223 1443 2255 ditiffimorum
1452 2226 1567 2256 civium
1579 2225 1696 2258 nefario
1706 2227 1813 2257 scelere
1824 2225 1994 2256 defendant.

1909 2287 1979 2331 M.
2015 2285 2183 2334 TUL-

1225 2393 1321 2419 omuis.
1343 2391 1383 2418 scd
1395 2393 1458 2428 quid
1470 2403 1533 2429 opus
1545 2393 1580 2420 est
1592 2393 1709 2420 revelare
1720 2394 1765 2420 lios
1779 2393 1957 2420 monstrosos?

1267 2438 1291 2461 5.
1311 2430 1422 2460 Pqsiremb
1432 2437 1496 2462 copta
1505 2439 1555 2454 cum
1565 2430 1682 2463 egestam]
1706 2431 1749 2456 lta
1768 2430 1835 2456 Pali.
1848 2439 1949 2456 omncs.
1971 2431 2132 2459 Gulielmius
2142 2439 2184 2460 tn·

1229 2474 1287 2490 uren
1307 2464 1402 2490 melius
1422 2473 1496 2501 putat
1509 2484 1517 2497 ‚
1536 2469 1618 2498 copis,
1638 2465 1709 2501 quod
1728 2466 1756 2493 in
1772 2465 1957 2502 Hittorpiauo.
1977 2467 2185 2505 pra-,ferebatque

227 2509 269 2526 ma
282 2519 289 2530 ,
308 2509 374 2524 man.
392 2499 524 2531 &strit‘fis
542 2501 629 2526 tunicis
647 2501 675 2531 (ly
693 2502 824 2526 talaribm.
853 2501 910 2527 Pal.
922 2499 971 2527 scca
983 2500 1059 2527 babet
1070 2509 1185 2533 tantum,
1228 2500 1298 2526 idem
1310 2499 1427 2526 Modius.

232 2545 298 2560 man.
309 2536 338 2566 ῤ’
347 2535 410 2561 mm
421 2536 516 2561 runica.

265 2579 293 2596 ι.
314 2574 340 2596 In
349 2572 498 2603 hisgregibm
510 2591 518 2602 ‚
537 2572 604 2606 ὀνο]
626 2571 729 2598 Laudat
741 2573 861 2599 Donatus
872 2571 1001 2608 Adelphis
1014 2592 1022 2603 ‚
1043 2575 1068 2598 in
1081 2573 1115 2598 hie
1125 2574 1188 2598 bonis

224 2608 341 2640 gregibus.
362 2606 405 2632 ubi
417 2607 501 2633 ironia
510 2607 640 2643 aptissima
650 2608 708 2635 huic
719 2608 865 2636 sententiae.
886 2610 914 2635 ὅ(
932 2608 951 2635 si
969 2608 1031 2635 libri
1050 2608 1189 2642 adjuvent,

233 2641 393 2678 recipienda.
413 2643 586 2669 Gulielmius.

234 2691 298 2742 113.
318 2685 373 2723 ‘sam
387 2684 456 2715 lepidi
474 2692 501 2709 ac
519 2684 638 2718 delicati]
673 2685 772 2712 Colon.
791 2684 950 2712 Bafilicanus
963 2704 971 2718 ‚
989 2692 1039 2711 tam
1057 2685 1126 2717 lepidi
1143 2692 1193 2710 tam

250 2727 260 2742 Ο
270 2725 340 2743 Isafl-

269 2764 296 2789 4.
316 2761 446 2782 scortorum
461 2760 569 2785 eohortem
585 2761 741 2795 pretorium]
762 2761 886 2787 Nimium
897 2759 942 2786 diu
953 2760 1072 2786 exulavit
1083 2759 1128 2787 ista
1140 2769 1191 2787 vox

235 2793 250 2819 ἑ
270 2792 344 2819 libris
364 2794 457 2820 uostris
470 2814 478 2825 ‚
498 2805 555 2821 cum
571 2805 656 2823 tamen
669 2806 726 2823 eam
739 2805 826 2824 teneat
838 2796 1060 2832 editioprinccps.
1081 2796 1191 2831 sequen-

236 2837 275 2855 tes
288 2848 295 2859 ,
315 2829 482 2864 ignoratione
502 2830 600 2867 lingum
615 2833 717 2859 Latiuae
729 2853 736 2864 ‚
758 2832 926 2860 obtruserant
937 2832 1191 2865 nobisscorutorum3

258 2899 339 2926 iculus
351 2901 385 2927 est
397 2901 552 2934 Lambinus,
567 2904 708 2931 arbitratus
721 2913 865 2941 utrumque
876 2903 1044 2931 retinendum
1057 2923 1065 2934 ,
1076 2905 1195 2938 scm-mro-

1264 2536 1292 2561 6.
1312 2539 1370 2569 Jam
1381 2544 1436 2562 ante
1446 2537 1523 2571 dixi]
1545 2536 1633 2563 Tollit
1644 2538 1764 2564 Muretus
1777 2537 1886 2565 verbum
1897 2539 1948 2564 dixi
1959 2558 1967 2570 ,
1979 2547 2012 2565 ex
2024 2549 2077 2567 uno
2088 2541 2186 2573 veteri,

1229 2571 1298 2608 quod
1311 2580 1397 2599 tamen
1408 2582 1499 2599 omues
1512 2573 1589 2599 nostri
1601 2574 1767 2610 aliorumque
1786 2574 1935 2601 constanter
1953 2575 2061 2603 habent.
2080 2575 2186 2605 diviua·

1228 2611 1272 2638 bat
1282 2613 1372 2647 itaque
1383 2612 1514 2639 Gulielm.
1529 2614 1583 2647 jam
1593 2620 1648 2639 ame
1656 2614 1738 2644 edix1‘5
1763 2611 1792 2641 Ab·
1800 2611 1899 2653 ςόχως.

1264 2661 1291 2687 7.
1306 2656 1419 2686 'Faustae
1428 2662 1506 2680 tamen
1516 2657 1594 2686 nostra
1604 2656 1809 2689 continebuntur.]
1821 2657 1863 2681 Ita
1874 2655 1929 2682 fere
1941 2654 1998 2683 mss.
2010 2656 2100 2683 nostri.
2113 2657 2188 2693 prius

1230 2689 1280 2715 cuii
1295 2698 1344 2722 pot.
1363 2698 1441 2716 tamen
1459 2694 1484 2716 in
1499 2693 1588 2724 vestra.
1607 2690 1678 2727 quod
1691 2691 1706 2717 ss
1718 2691 1833 2718 retinere
1845 2691 1966 2718 volumus
1978 2711 1987 2724 ‚
2006 2700 2033 2719 at
2042 2692 2189 2727 abjicienda

1231 2733 1317 2752 tamen
1330 2725 1463 2761 syllabam
1475 2746 1482 2758 ‚
1493 2736 1550 2762 qua:
1561 2737 1645 2763 neque
1656 2728 1680 2753 in
1692 2727 1852 2754 editionibus
1862 2727 1990 2763 antiquis.

1267 2761 1294 2788 8.
1313 2765 1399 2787 sentiet
1408 2767 1433 2788 in
1443 2765 1487 2788 hac
1497 2765 1553 2788 urhe
1563 2764 1603 2796 effe
1612 2764 1712 2797 cnnfidn
1722 2764 1876 2798 vigilantes]
1901 2763 1980 2790 Haud
1990 2763 2069 2790 aliter
2080 2764 2146 2791 Pali.
2158 2772 2186 2793 at

1232 2797 1397 2824 Colonienfis
1410 2817 1418 2830 ‚
1437 2800 1545 2832 confidem
1564 2801 1718 2831 vigilantem5
1736 2798 1808 2835 quod
1827 2799 1913 2825 verius
1925 2799 2069 2826 arbitratur
2079 2801 2188 2827 Guliel-

445 2866 449 2870 ἱ
1234 2835 1321 2863 mius3
1353 2841 1489 2871 tamquam
1509 2835 1594 2861 altero
1614 2834 1720 2862 consule
1738 2844 1791 2861 nou
1809 2835 1933 2871 praesente
1945 2854 1954 2867 ‚
1973 2835 2063 2872 iuquit
2081 2836 2188 2864 Medius
2223 2827 2229 2832 '

237 2863 307 2926 qnod
328 2874 379 2891 uon
395 2865 429 2892 est
444 2875 469 2891 in
482 2867 635 2894 melioribus
648 2868 704 2895 mss.
717 2869 772 2896 Pal.
784 2869 834 2895 sec.
846 2868 913 2896 sext.
925 2878 976 2895 non
990 2868 1051 2894 Hit.
1063 2869 1142 2904 Erph.
1156 2869 1192 2894 ri-
1237 2869 1316 2906 Epist.
1329 2879 1390 2896 cxv.

1270 2914 1299 2940 9.
1321 2909 1349 2930 Ut
1359 2916 1386 2931 ne
1396 2907 1447 2940 quis
1458 2907 1530 2932 boma
1539 2906 1666 2940 inteream]
1688 2905 1885 2933 Posthabuerim
1897 2905 1963 2933 istud
1975 2907 2134 2936 Manutiano
2145 2927 2153 2942 ‚
2163 2914 2192 2935 ut

239 2946 292 2962 rum
309 2945 338 2962 ac
350 2937 487 2969 scortorum.
507 2939 563 2966 imo
573 2949 603 2966 eo
615 2940 669 2976 ipso
680 2941 789 2977 perierit
799 2941 886 2969 omnis
896 2940 1024 2969 orationis
1035 2939 1107 2976 lepos
1117 2949 1146 2966 at·
1159 2941 1195 2967 vis
1237 2950 1307 2976 mque
1317 2943 1389 2967 benur
1397 2943 1520 2978 gguifiguam
1528 2945 1641 2969 intereat.
1661 2941 1731 2978 quod
1741 2941 1897 2979 pauciffimis
1907 2941 1978 2971 adest
1988 2943 2045 2971 mff.

2288 2721 2295 2766 l
