2360 3400
189 965 228 998 18

178 1587 219 1620 19

160 2177 208 2202 20

870 35 885 50 X

594 131 851 179 Epist.
912 147 998 180 An
1058 135 1470 194 Ari-icum,
1529 138 1686 185 [ΑΒ.
1748 139 1836 187 XI.

242 227 314 260 'quae
323 223 355 250 tu
370 213 431 258 ipse
439 184 585 256 intelligis
605 217 617 234 ¹
627 213 798 255 responderi
809 212 946 255 potuisse.
970 214 1061 256 Qiod
1072 216 1205 256 Oppium

248 269 349 291 tecum
359 258 461 290 scribis
471 257 609 288 locutum
619 276 629 290 ‚
641 266 705 287 non
716 256 854 287 abhorret
862 256 878 286 a
888 266 955 287 mea
965 257 1133 297 suspicione
1142 258 1207 296 ejus

248 303 356 333 oratio.
378 299 428 331 sed
443 308 509 329 non
524 298 632 329 dubito
646 300 722 339 quin
738 297 802 328 istis
819 298 988 337 persuaderi
1006 299 1093 328 nullo
1112 298 1207 328 modo

247 341 400 384 110ίῖ1133,
415 351 481 382 quae
491 340 618 374 faciant,
642 342 720 370 mihi
730 340 848 380 probari
858 339 938 380 posse
948 352 958 375 ;
977 349 1100 382 quoquo
1111 339 1206 370 modo

245 385 361 425 loquar.
385 393 441 424 ego
458 391 560 413 tamen
579 391 643 413 utar
661 382 845 412 moderatione
858 401 866 415 ‚
887 391 945 422 qua
961 391 1075 422 potero.
1098 391 1206 422 quam-

247 435 359 467 quam,
378 424 451 465 quid
468 434 536 454 mea
552 422 684 457 intersit,
703 433 850 454 uteorum
862 424 970 453 odium
981 423 1119 457 subeam,
1140 432 1205 453 non

246 466 398 508 intelligo.
422 469 469 496 Te
479 465 557 506 justa
572 467 653 496 causa
670 465 833 506 impediri,
853 475 915 506 quo
926 465 1073 495 minusad
1084 474 1141 495 nos
1151 474 1204 494 ve-

246 513 313 539 nias
327 528 336 542 ‚
355 507 444 538 video
456 520 465 542 3
489 508 519 539 id
543 518 580 538 ue
598 509 676 538 mihi
695 507 779 538 valde
797 506 960 538 molestum
979 505 1030 537 est.
1054 507 1146 537 Illum
1165 505 1202 536 ab

246 550 431 582 Alexandria
447 519 602 581 disceifissb
619 560 711 580 nemo
721 551 854 583 nuntiat;
869 547 1040 589 constatque
1058 547 1203 588 neprofe-

245 591 331 623 &um
349 592 472 633 quidem
489 592 592 622 Ζ1111111
606 601 793 633 quemquam
808 589 875 630 post
884 590 954 620 Idus
966 592 1053 620 Mart.
1068 600 1122 620 nec
1135 588 1202 630 post

242 634 319 665 idus
332 634 478 664 Decemb.
503 633 539 664 ab
548 634 604 663 illo
613 635 693 664 datas
703 633 778 663 ullas
800 633 919 662 litteras.
942 642 981 662 ex
994 641 1057 673 quo
1067 632 1145 662 -illud
1155 634 1205 661 in-

244 676 356 716 telligis
366 695 374 708 ,
395 675 472 705 illud
484 696 492 708 ‚
511 676 548 705 de
566 676 672 705 litteris
689 678 726 705 A.
741 676 781 704 D.
802 685 832 704 v.
852 673 897 704 Id.
917 674 1000 704 Febr.
1019 674 1093 704 datis
1105 672 1199 714 (quod

245 718 336 747 inane
346 715 416 747 efl'et
427 737 435 749 ‚
457 720 547 747 etiam
565 715 586 746 fi
603 727 708 747 verum
719 714 799 755 esset)
812 725 875 745 non
887 725 990 745 verum
1003 713 1069 745 effe.
1089 717 1126 744 L.
1139 717 1200 744 Te-

243 760 378 789 rentium
389 757 545 788 discessisse
556 768 594 788 ex
604 757 704 788 Africa
721 758 830 787 scimus
841 777 849 791 ‚
870 756 1056 796 Paestumque
1075 754 1199 786 venisse.

243 800 318 840 quid
337 803 363 830 is
381 799 497 834 afferat,
516 808 565 830 aut
581 810 643 840 quo
658 799 754 829 modo
767 800 893 832 exierit,
912 807 961 828 aut
976 798 1049 838 quid
1061 799 1094 842 111
1104 797 1203 828 Africa

246 842 295 872 fiat
304 863 313 876 ,
326 843 397 872 scire
407 842 511 871 velim.
530 842 638 871 dicitur
648 842 732 870 enim
741 850 793 880 pei·
805 843 816 866 3
827 838 986 868 Nasidium
997 838 1120 868 emistus
1129 838 1200 868 esse.

244 884 275 913 id
285 884 372 923 quale
383 882 426 916 sn,
438 885 543 915 velim,
556 881 575 911 fi
585 883 737 911 inveneris
747 900 755 913 ‚
771 881 806 911 ad
816 890 865 909 me
877 881 993 910 scribas.
1015 883 1089 910 4De
1100 890 1153 910 ivs
1164 890 1198 914 x,

245 934 278 956 ut
288 925 388 956 scribis
396 924 513 954 faciam.
537 924 609 952 Vale
619 932 656 952 xi
667 931 712 952 ix.
724 921 852 951 Kalend.
863 923 970 961 Qint.

440 995 444 1001 ,
471 966 662 995 CICERO
693 965 908 996 ATTICO,
940 966 969 993 S.

248 1012 262 1037 5
366 1009 391 1037 E
408 1007 491 1036 illius
501 1005 683 1036 Alexandria
693 1003 816 1035 discessu
828 1025 837 1038 ‚
861 1005 939 1035 nihil
950 1005 1045 1035 adhuc
1055 1006 1200 1040 rumoris,

365 1058 526 1089 contraque
536 1047 741 1087 opinio‚valde
753 1045 809 1077 effe
820 1047 1012 1087 impeditum.
1035 1049 1135 1088 itaque
1144 1058 1199 1078 nec

241 1093 343 1124 mitto,
353 1099 386 1120 ut
398 1089 621 1123 constitueram,
634 1092 822 1122 Ciceronem,
835 1089 868 1118 δε
885 1098 912 1119 te
923 1099 1006 1129 rogo,
1019 1098 1111 1120 utine
1124 1091 1194 1121 hinc

241 1133 392 1172 expedias.
416 1131 545 1172 quodvis
563 1132 646 1161 enirn
654 1131 828 1172 supplicium
838 1131 935 1161 levius
944 1130 986 1160 est
997 1133 1048 1161 hac
1058 1141 1197 1172 perman-

236 1172 332 1204 sione.
345 1175 397 1204 hac
406 1174 443 1203 de
452 1184 483 1204 re
493 1174 526 1203 8:
536 1173 570 1203 :id
582 1177 751 1203 Antonium
763 1170 869 1212 scripsi,
882 1173 915 1203 δε
924 1173 960 1203 ad
970 1173 1146 1206 Biiburm&
1159 1174 1194 1204 ad

239 1218 384 1256 Oppium.
395 1214 453 1246 five
468 1218 550 1245 enim
564 1215 677 1245 bellum
690 1217 721 1244 in
732 1215 815 1244 Italia
824 1213 958 1244 futurum
970 1214 1022 1248 est,
1035 1213 1093 1245 sive
1102 1214 1195 1246 claffi-

239 1258 295 1289 bus
307 1266 423 1291 utetur3
445 1256 493 1287 hic
504 1255 562 1294 esse
573 1267 623 1286 me
634 1277 642 1290 ‚
663 1257 796 1286 minime
807 1259 969 1286 convenit:
994 1266 1124 1297 quorum
1134 1256 1197 1287 for-

238 1298 308 1330 tasse
327 1308 489 1339 utrumque
509 1297 581 1329 erit:
601 1299 727 1329 alterurn
748 1300 838 1328 certe.
862 1298 1002 1328 intellexi
1013 1301 1144 1328 omnino
1154 1309 1193 1329 ex

240 1343 331 1380 Oppii
341 1341 500 1374 sermone,
518 1351 608 1381 quem
625 1349 655 1370 tu
671 1341 747 1369 mihi
759 1338 892 1379 scripsisti
906 1360 914 1373 ‚
927 1339 1137 1380 ‘quaeistorum
1147 1343 1196 1371 via

239 1381 327 1413 ess'et:
351 1382 398 1412 sed
413 1401 421 1415 ‚
442 1392 473 1412 ut
485 1392 550 1412 eam
561 1381 661 1412 1136135
673 1402 681 1414 ,
694 1391 721 1411 te
731 1391 813 1421 rogo.
836 1383 915 1411 nihil
925 1383 1059 1412 omnino
1067 1383 1128 1422 jam
1140 1390 1193 1412 ex·

237 1423 341 1464 spedio
351 1443 360 1456 ‚
372 1422 427 1453 nifi
437 1424 591 1453 miserum.
615 1423 664 1453 sed
675 1425 731 1453 hoc
740 1423 896 1462 perditius,
908 1425 941 1453 in
951 1433 1013 1463 quo
1022 1433 1105 1454 nunc
1114 1424 1192 1457 sum,

235 1465 302 1496 fieri
313 1466 390 1495 nihil
399 1464 506 1504 potest.
526 1475 614 1505 quare
625 1463 642 1484 ⁶
652 1465 684 1495 &
694 1475 764 1495 cum
777 1467 914 1495 Antonio
924 1465 1062 1505 loquare,
1084 1466 1193 1500 velim,

237 1507 272 1537 &
280 1517 352 1537 cum
362 1506 426 1537 istis
437 1519 446 1541 ;
459 1506 492 1536 δε
502 1516 564 1536 13111
576 1527 584 1541 ,
596 1516 628 1536 ut
636 1509 747 1546 poteris
757 1526 765 1540 ‚
777 1506 917 1546 expedias
932 1508 987 1540 3&
995 1508 1073 1536 mihi
1084 1517 1192 1548 quam-

234 1551 369 1590 primum
380 1549 416 1579 de
426 1549 571 1579 omnibus
583 1549 670 1578 rebus
683 1548 831 1579 rescribas.
845 1548 1182 1591 Vale.xu-Kal.Qiiit.

470 1593 664 1621 CICERO
695 1592 892 1621 ATTICO
921 1593 950 1621 S.

351 1635 413 1663 ΠΜ
423 1634 481 1663 tuis
490 1632 558 1663 dare
570 1631 686 1673 poss'em
697 1633 806 1663 litteras
817 1652 826 1666 ‚
846 1643 908 1663 non
917 1631 1094 1673 praetermisi
1106 1643 1111 1662 :
1124 1631 1188 1667 etsi,

352 1675 425 1716 quid
441 1675 599 1705 scriberem
610 1694 618 1709 ‚
640 1685 704 1705 non
718 1674 878 1705 habebam.
901 1684 933 1705 tu
942 1676 977 1705 ad
987 1686 1042 1706 nos
1054 1676 1087 1705 &
1096 1675 1190 1705 rarius

230 1715 336 1748 scribis
347 1737 356 1751 ‚
367 1720 457 1757 quam
468 1716 580 1746 solebas
590 1737 599 1750 ,
612 1717 645 1746 δε
655 1715 777 1747 brevius
789 1727 794 1746 :
804 1716 904 1751 credo,
914 1720 983 1758 quia
993 1718 1072 1748 nihil
1085 1717 1187 1752 habes,

229 1757 313 1799 quod
327 1769 376 1788 me
385 1767 470 1797 putes
480 1758 608 1788 libenter
617 1759 712 1799 legere
721 1778 732 1792 ‚
744 1768 793 1789 aut
804 1758 906 1789 audire
920 1758 1012 1799 posse.
1035 1768 1189 1790 verumta-

230 1809 305 1830 men
321 1800 435 1834 velim,
456 1795 470 1818 3
479 1799 499 1829 si
508 1800 581 1840 quid
589 1802 645 1830 erit
654 1819 663 1834 ,
684 1801 902 1840 qualecumque
910 1803 966 1830 erit
975 1820 984 1834 ,
1006 1801 1123 1831 scribas.
1145 1801 1189 1832 est

229 1849 331 1872 autem
345 1851 442 1871 unum
452 1860 464 1875 ,
482 1841 564 1882 quod
574 1842 651 1871 mihi
661 1840 694 1871 sit
703 1842 868 1881 optandum
880 1861 889 1876 2
904 1840 925 1871 fi
937 1842 1011 1882 quid
1022 1844 1068 1883 agi
1077 1842 1188 1883 depae-e

227 1881 330 1923 poffit·
351 1882 434 1924 quod
450 1884 532 1913 nulla
542 1882 682 1923 equidem
695 1884 830 1913 habeoin
845 1883 904 1923 spe.
928 1883 976 1913 sed
987 1902 996 1917 ,
1018 1888 1087 1924 quia
1099 1892 1129 1913 tu
1140 1885 1184 1914 le-

226 1926 305 1956 viter
314 1924 465 1955 interdum
477 1923 632 1966 significas,
642 1927 723 1966 cogis
734 1935 784 1955 me
791 1925 914 1965 sperare,
924 1925 1008 1966 quod
1018 1926 1182 1965 optandum

226 1968 281 1997 vix
299 1965 353 1997 est.
378 1967 564 1997 Philotimus
582 1966 690 1997 dicitur
699 1966 779 1997 Idib.
789 1970 868 1997 SeXt.
879 1967 958 1996 nihil
970 1967 1065 1997 habeo
1075 1967 1112 1997 de
1125 1968 1181 1999 illo

228 2008 370 2048 amplius.
390 2017 420 2038 tu
432 2027 441 2042 ,
453 2009 547 2039 velim
560 2028 569 2042 ,
589 2008 624 2039 ad
634 2018 666 2039 ea
676 2009 754 2038 mihi
768 2008 907 2039 rescribas
918 2028 926 2043 ,
938 2019 1004 2050 quae
1013 2008 1049 2039 ad
1061 2018 1089 2039 te
1097 2018 1183 2041 antea

223 2049 334 2090 scripsi.
359 2052 437 2080 mihi
446 2059 562 2081 tantum
575 2053 717 2090 temporis
728 2051 795 2081 saris
808 2049 850 2081 est
860 2071 869 2084 ‚
891 2051 965 2081 dum
976 2070 986 2085 ,
1009 2060 1041 2081 ut
1053 2053 1085 2082 in
1094 2050 1181 2090 133111-

224 2094 285 2122 mis
296 2092 382 2122 rebus
390 2092 506 2134 aliquid
517 2102 637 2124 caveam
649 2112 659 2127 ‚
679 2094 731 2134 qui
745 2093 824 2123 nihil
839 2102 984 2134 umquam
994 2095 1068 2124 cavi.
1091 2095 1174 2125 Vale.

224 2143 279 2164 xx.
291 2134 359 2165 Kal.
367 2137 451 2165 SeXt.

451 2178 640 2207 CICERO
669 2178 892 2211 ATTICO,
915 2179 945 2208 S.

333 2220 403 2248 vn.
415 2219 482 2249 Kal.
492 2221 570 2258 Sept.
582 2228 703 2249 venerat
713 2219 761 2249 die
772 2229 831 2249 xxi
840 2229 886 2249 ix.
897 2222 929 2238 ¹0
938 2219 1077 2251 Seleucea
1085 2220 1181 2251 Pieria

336 2262 368 2290 C.
378 2260 566 2293 Trebonius,
581 2261 672 2302 quise
684 2265 710 2280 ¹¹
725 2263 900 2292 Antiocheae
909 2261 1105 2303 diceretapud
1116 2265 1179 2293 Cae-

219 2301 313 2332 sarem
327 2300 433 2332 vidisse
442 2304 593 2344 Qintum
610 2301 709 2332 filium
717 2313 788 2333 cum
802 2305 915 2334 Hirtio.
938 2313 989 2334 eos
1000 2304 1035 2334 de
1047 2306 1175 2346 Qinto‚

218 2353 286 2384 quae
304 2342 468 2374 voluissent
477 2364 487 2378 ‚
507 2343 673 2384 impetrasse
690 2346 779 2375 nullo
800 2345 925 2386 quidem
936 2347 1069 2386 negotio.
1095 2347 1176 2386 quod

218 2394 274 2426 ego
292 2387 386 2426 magis
402 2385 580 2427 gauderem,
604 2384 625 2416 fi
643 2385 697 2417 ista
706 2387 794 2418 nobis
803 2396 957 2428 impetrata
966 2387 1129 2429 quidquam
1140 2389 1176 2419 ad

232 1637 250 1662 7

221 2222 238 2246 9

252 2534 277 2552 1.
295 2526 433 2559 Responderi
447 2526 568 2561 poruiffe]
590 2526 633 2553 13st
647 2527 660 2553 ᾗ
673 2525 756 2553 Scidis
768 2526 916 2562 vulg.poffi.

247 2569 276 2587 2.
295 2562 380 2595 [llinis]
401 2561 550 2588 Vitam-ii&
564 2563 676 2589 Manuzii
689 2564 741 2590 haec
750 2562 905 2590 emendatio
915 2563 962 2590 est.
983 2563 1075 2600 vulgo,
1085 2565 1131 2591 illo.

247 2605 275 2632 3.
296 2598 444 2631 Nasidium]
466 2596 546 2632 Vulg.
558 2599 684 2632 Vafidium.

245 2640 274 2666 4.
294 2636 327 2659 Dc
337 2637 383 2659 Hs.
394 2637 424 2659 Χ.
435 2633 551 2665 ursi-ribi:
562 2635 684 2667 faciam]
704 2634 795 2661 Aliter
805 2634 863 2661 mss.
873 2634 927 2661 duo
937 2634 1022 2663 Palat.
1040 2639 1073 2663 De
1083 2636 1119 2662 bis
1128 2645 1168 2663 re-

209 2669 254 2695 bm
262 2679 322 2703 qum
332 2672 389 2695 mihi
397 2677 464 2695 notas
473 2669 515 2701 effi:
522 2671 627 2702 vetuisti,
638 2676 665 2694 ut
670 2670 766 2703 scribis,
771 2672 875 2703 faciam.

247 2714 274 2739 5.
293 2708 326 2731 Dc
334 2707 398 2731 illim·
407 2705 585 2738 Alexandria]
608 2705 688 2740 Vulg.
702 2706 766 2730 illius
776 2707 806 2731 ab
815 2707 976 2733 Alexandria.

243 2741 274 2767 6.
294 2744 326 2767 Et
335 2750 385 2767 cum
392 2741 519 2773 Antonia]
540 2744 572 2766 Et
581 2740 649 2767 abest
660 2751 676 2766 3
688 2741 812 2776 vulgatis.

241 2784 270 2811 7.
290 2780 348 2803 Cum
357 2778 431 2811 tuin]
454 2776 569 2812 Epistola
581 2777 631 2803 haec
640 2776 677 2803 est
686 2785 731 2802 ιι.
742 2778 768 2803 in
781 2778 854 2813 vulg.
865 2777 1037 2805 editionibus.

243 2812 272 2839 8.
288 2814 382 2847 Siquid
397 2815 443 2838 erit
455 2832 462 2845 ,
480 2813 674 2847 qualecumque]
697 2814 738 2839 Ita
758 2821 831 2840 vetus
853 2813 919 2840 liber
929 2814 1018 2841 Ursini
1031 2833 1040 2845 ,
1058 2815 1085 2841 111
1103 2815 1162 2842 aliis

207 2846 288 2880 deest,
296 2851 316 2883 fi
324 2868 332 2882 ,
341 2858 409 2885 quos
419 2849 556 2876 Manutius
567 2859 619 2876 non
630 2848 783 2884 intelligens
794 2849 918 2882 malebat,
928 2850 990 2885 quod
997 2853 1041 2876 crit
1053 2869 1062 2883 ‚
1079 2854 1162 2885 quale-

206 2892 253 2910 cun
269 2893 307 2910 ue.

243 2893 274 2955 ἕ.
293 2921 578 2957 m1.1<a1.]Epistola
590 2930 670 2948 xxiii
693 2921 727 2948 est
741 2920 766 2947 in
778 2921 904 2956 vulgatis.

247 2964 289 2981 io.
307 2959 414 2982 Seleucea
431 2960 515 2984 Pieria
524 2959 713 2992 C.‘Trebonins.]
735 2958 798 2984 Non
818 2959 904 2993 potuit
925 2957 1013 2984 Bonus
1025 2967 1077 2985 11011
1096 2967 1159 2994 pro-

204 2990 267 3017 bare
276 2991 343 3018 hanc
359 2992 500 3019 restionem
513 2993 650 3020 Decurtati
660 3013 667 3025 ,
690 3002 720 3021 ut
734 2992 892 3027 jamdudum
902 2994 1052 3021 emendavit
1062 2995 1159 3022 Manu-

205 3027 270 3054 tius.
291 3027 364 3062 vulg.
374 3029 477 3054 Seleucia
484 3032 567 3055 'Pieria
576 3033 603 3056 C.
612 3032 728 3063 Trebonii,
738 3031 770 3058 is.

244 3072 285 3089 Η.
304 3065 470 3098 (Antiocheae.]
490 3065 567 3100 Vulg.
580 3067 718 3093 Antiochiae.

2104 144 2194 193 881

1251 217 1331 258 spem
1350 219 1498 260 explorati
1516 219 1667 252 haberent.
1697 220 1746 253 sed
1771 222 1806 252 &
1822 222 1879 254 alia
1899 221 2034 255 timenda
2044 223 2124 255 -sunt
2140 245 2150 259 ,
2169 225 2207 256 ab

1249 260 1373 301 aliisque
1384 281 1393 295 ,
1406 265 1433 281 ¹²
1446 262 1479 292 ὃς
1488 261 1525 292 ab
1533 263 1591 293 hoc
1600 263 1675 303 ipso.
1699 273 1765 305 quae
1774 264 1881 296 dantur
1890 284 1899 299 ,
1919 276 1953 297 ut
1963 266 1978 297 a
1987 266 2128 301 domim,
2141 277 2209 297 rur-

1249 301 1298 330 sus
1307 303 1340 331 in
1349 303 1483 340 ejusdem
1495 304 1562 334 sunt
1572 304 1727 344 potestate.
1744 308 1835 337 etiam
1843 306 1970 338 Salustio
1981 309 2111 348 ignovit.
2134 318 2206 339 om-

1249 344 1325 373 nino
1347 343 1457 375 dicitur
1475 348 1580 374 nemini
1598 356 1705 388 negare.
1745 348 1828 389 quod
1844 349 1942 389 ipsum
1963 350 2004 380 est
2021 349 2204 390 suspe&um‚

1251 387 1260 403 ¹
1270 387 1281 411 3
1293 387 1453 416 notionem
1465 388 1530 424 ejus
1541 386 1669 418 differri.
1698 391 1742 419 M.
1762 390 1878 421 Gallius
1897 390 2036 431 Qfilius
2055 394 2207 432 mancipia

1246 425 1374 456 Salustio
1390 427 1528 458 reddidit.
1552 431 1578 459 is
1590 431 1677 460 venit
1686 440 1719 461 ut
1729 431 1863 472 legiones
1874 434 1906 462 in
1918 434 2052 464 Siciliam
2070 433 2207 465 traduce-

1247 476 1291 497 ret
1302 477 1308 496 z
1318 468 1350 497 &
1360 471 1499 507 protinus
1510 472 1621 501 iturum
1633 473 1776 503 Caesarem
1788 475 1887 504 Patris.
1897 475 1980 515 quod
1990 473 2010 505 fi
2019 474 2121 506 faciet:
2135 486 2206 517 ego,

1246 509 1328 548 quod
1344 519 1411 539 ante
1434 511 1556 541 mallem
1570 532 1580 546 ,
1600 513 1702 554 aliquo
1715 517 1838 555 propius
1847 517 1996 546 accedam.
2021 526 2084 547 tuas
2095 517 2205 547 litteras

1245 549 1281 580 ad
1292 560 1337 580 eas
1348 570 1357 583 ‚
1378 552 1488 591 quibus
1497 552 1513 583 a
1526 563 1553 583 te
1563 555 1704 593 proxime
1713 555 1873 587 confilium
1884 560 1998 598 petivi,
2008 560 2204 596 veliementer

1245 591 1395 632 3111113610.
1419 594 1500 623 Vale.
1520 604 1560 624 xv
1569 605 1592 624 1.
1606 597 1731 627 Kalend.
1743 600 1897 637 Septemb.
2055 595 2069 601 ¹*

1483 638 1675 668 CICERO
1698 642 1909 676 ATT1C0‚
1933 644 1961 673 S.

1364 678 1469 706 Ceam
1481 687 1529 707 vi.
1541 678 1608 707 Kal.
1621 681 1697 718 Sept.
1710 682 1820 712 litteras
1829 683 1845 712 3
1855 692 1882 713 te
1893 684 1973 714 datas
1983 694 2020 714 iti
2029 694 2054 714 1.
2070 684 2135 714 Kal.
2147 684 2203 715 do-

1350 759 1354 762 ·
1368 717 1533 759 loremque,
1546 729 1636 760 quern
1651 731 1688 750 ex
1700 724 1806 762 Qinti
1818 725 2110 765 scelerejampridem
2120 737 2205 757 accen

1243 766 1327 797 ptum
1346 768 1406 796 13111
1422 760 1599 798 abjeceram,
1610 761 1684 792 13613
1697 773 1762 802 ejus
1771 765 1893 804 epistola
1902 766 2106 807 graviffiinum
2116 772 2201 808 cepi:

1242 808 1274 829 tu
1285 797 1335 829 etsi
1346 810 1409 830 non
1417 801 1541 840 potuisti
1552 804 1616 832 ullo
1628 804 1721 833 modo
1730 804 1823 836 facere
1835 828 1843 840 v
1864 818 1896 838 ut
1907 811 1983 839 mihi
1993 810 2077 840 illam
2087 809 2198 850 episto-

1242 841 1302 871 lam
1320 851 1385 871 non
1405 844 1556 873 mitteres:
1572 854 1671 875 tamen
1683 847 1805 877 mallem
1819 858 1882 879 non
1893 849 1948 880 effe
1959 849 2087 881 miffiim.
2112 852 2158 881 Ad
2167 862 2201 882 ea

1243 891 1342 913 autem
1354 903 1363 917 ‚
1386 893 1452 924 quae
1466 885 1567 915 scribis
1577 886 1613 916 de
1624 887 1800 919 testamento
1812 909 1819 923 ,
1840 891 1956 921 videbis
1966 913 1973 924 ‚
1986 893 2058 932 quid
2071 914 2079 926 ‚
2092 893 2124 923 &
2134 903 2198 934 quo

1242 925 1347 954 modo.
1372 928 1419 955 De
1436 930 1572 957 nummis
1582 928 1675 959 &illa
1687 928 1724 959 fic
1734 931 1856 971 scripsit,
1867 942 1899 962 ut
1909 943 1964 974 ego
1975 935 2009 963 ad
2020 943 2045 963 te
2056 945 2151 969 antea,
2163 937 2199 966 δε

1241 976 1309 1000 nos,
1324 965 1344 996 si
1356 967 1429 1007 quid
1439 978 1513 1009 opus
1522 973 1589 1003 erit,
1602 980 1724 1001 utemur
1734 982 1772 1002 ex
1781 983 1828 1007 eo,
1839 974 1944 1015 dequo
1957 975 2068 1005 scribis.
2093 977 2146 1007 Ille
2161 978 2197 1008 ad

1219 1029 1221 1052 Ι
1240 1009 1305 1038 Kal.
1319 1011 1395 1049 Sep:
1419 1012 1545 1041 Athenis
1563 1021 1627 1042 non
1637 1013 1755 1044 videtur
1764 1014 1838 1045 iore.
1864 1019 1892 1043 ¹5
1903 1017 1998 1046 multa
2007 1027 2076 1046 eum
2089 1020 2120 1048 in
2131 1018 2198 1051 Asia

1219 1055 1221 1071 =¹
1240 1051 1381 1081 dicuntur
1402 1055 1512 1082 morari
1525 1073 1534 1086 ‚
1556 1055 1692 1084 maxime
1703 1056 1874 1088 Pharnaces.
1892 1059 1969 1099 legio
1981 1068 2017 1088 xi
2025 1069 2046 1088 1.
2058 1060 2093 1089 ad
2104 1070 2196 1100 quam

1239 1094 1376 1132 primum
1398 1094 1480 1124 Sulla
1496 1098 1579 1125 venit
1590 1116 1598 1129 ‚
1620 1097 1768 1135 lapidibus
1784 1098 1873 1141 egiss‘e
1897 1101 2058 1131 hominem
2074 1101 2195 1132 dicitur.

1242 1132 1269 1154 ¹⁶
1278 1135 1394 1164 nullam
1403 1146 1509 1176 putant
1521 1137 1548 1167 se
1556 1147 1790 1169 commoturam.
1813 1142 1902 1171 illum
1913 1142 2091 1172 arbitrantur
2100 1146 2191 1183 proti-

1239 1186 1295 1206 nus
1305 1180 1397 1207 Patris
1407 1181 1438 1207 in
1447 1179 1591 1209 Siciliam.
1612 1180 1659 1210 sed
1669 1200 1677 1213 ,
1690 1179 1709 1210 fi
1720 1182 1777 1212 hoc
1786 1184 1826 1213 ita
1837 1183 1889 1217 est,
1903 1185 1960 1213 huc
1969 1186 2067 1214 veniat
2078 1185 2197 1217 necesse

1239 1217 1289 1248 est.
1313 1229 1346 1249 ac
1362 1220 1488 1250 mallem
1507 1221 1607 1251 illum.
1626 1222 1729 1262 aliquo
1747 1225 1830 1255 enim
1842 1225 1937 1255 modo
1949 1227 2020 1256 hinc
2030 1225 2193 1258 evasissem.

1239 1269 1321 1290 nunc
1334 1270 1440 1292 metuo
1451 1282 1460 1295 ‚
1481 1272 1518 1292 ne
1528 1261 1561 1292 sit
1571 1264 1823 1304 exspefflndum.
1845 1267 1878 1298 &
1887 1277 1956 1298 cum
1967 1268 2091 1309 reliquis
2099 1271 2192 1299 etiam

1239 1305 1266 1330 ¹7
1279 1302 1332 1331 loci
1336 1305 1473 1343 gravitas
1483 1305 1532 1335 hic
1540 1306 1710 1336 miserrime
1719 1307 1904 1346 perferenda.
1918 1309 2006 1351 Qod
2019 1320 2070 1340 me
2083 1321 2194 1342 mones

1238 1353 1270 1374 ut
1287 1354 1320 1374 ea
1329 1346 1448 1376 videam
1460 1366 1469 1380 ‚
1486 1356 1552 1386 quae
1561 1347 1595 1377 ad
1606 1356 1724 1388 tempus
1734 1351 1964 1382 accommodem
1978 1362 1983 1380 t
2002 1351 2131 1382 facerem
2143 1373 2151 1386 ,
2170 1351 2196 1383 fil

1237 1395 1282 1415 res
1294 1395 1439 1426 pateretur
1449 1408 1458 1421 ‚
1471 1388 1504 1418 &
1517 1387 1536 1418 si
1547 1389 1612 1419 ullo
1623 1391 1718 1421 modo
1729 1389 1792 1421 fieri
1804 1391 1907 1432 poflet.
1926 1393 1977 1424 sed
1990 1395 2024 1424 in
2034 1396 2123 1424 tantis
2132 1404 2194 1424 no-

1236 1426 1302 1457 stris
1312 1431 1437 1468 peccatis
1448 1450 1457 1463 ‚
1469 1431 1615 1471 tantisque
1624 1431 1796 1465 nostrorum
1805 1436 1926 1474 injuriis
1934 1455 1942 1468 ,
1954 1435 2033 1466 nihil
2041 1436 2094 1470 est,
2108 1436 2193 1477 quod

1232 1478 1283 1498 aut
1291 1469 1386 1500 facere
1394 1471 1521 1512 dignum
1532 1473 1631 1506 nobis,
1641 1483 1691 1504 aut
1701 1473 1835 1505 simulare
1844 1475 1963 1515 poffim.
1987 1478 2105 1508 Sullana
2115 1488 2193 1509 con-

1234 1509 1311 1541 fers:
1331 1513 1364 1542 in
1382 1513 1494 1553 quibus
1514 1515 1620 1544 omnia
1637 1525 1744 1555 genere
1762 1517 1827 1555 ipso
1841 1518 2045 1559 preclarisfima
2057 1518 2191 1553 fuerunt,

1235 1552 1444 1584 moderatione
1452 1556 1554 1594 paullo
1565 1558 1668 1586 minus
1678 1566 1847 1598 temperata.
1860 1560 1921 1590 haec
1929 1569 2029 1589 antem
2039 1560 2193 1600 ejusmodi

1234 1594 1302 1624 sunt
1312 1615 1321 1629 ‚
1334 1591 1366 1615 ¹3
1378 1605 1411 1626 ut
1420 1596 1581 1627 obliviscar
1593 1609 1601 1631 ;
1621 1599 1778 1640 multoque
1789 1601 1897 1630 malim
1907 1600 1990 1642 quod
2000 1600 2147 1632 omnibus
2157 1602 2193 1633 sit

1232 1637 1355 1671 melius,
1374 1647 1505 1678 quorum
1523 1639 1645 1670 utilitati
1666 1649 1765 1672 meam
1780 1641 1880 1681 junxi.
1905 1646 1956 1673 Tu
1980 1643 2016 1673 ad
2028 1653 2077 1673 me
2087 1653 2192 1675 tamen.

1231 1678 1325 1709 velim
1336 1680 1426 1720 quam
1438 1679 1592 1720 saepiffirne
1602 1681 1719 1717 scriba&
1730 1693 1829 1724 eoque
1839 1687 1946 1726 magis„
1957 1684 2040 1726 quod
2050 1695 2191 1725 praeterea

1230 1730 1324 1750 nemo
1343 1721 1460 1752 scribit:
1479 1732 1512 1753 ac
1522 1721 1543 1752 si
1554 1733 1662 1754 omnes
1672 1744 1681 1759 ‚
1702 1734 1764 1756 tuas
1776 1734 1876 1756 tamen
1886 1727 2022 1757 maxime
2035 1727 2193 1767 exspe&a-2

1227 1772 1302 1792 rein.
1326 1764 1417 1805 Qod
1436 1764 1538 1795 scribis
1555 1765 1646 1795 illum
1663 1776 1772 1806 perme
1784 1770 1901 1810 Qinto
1912 1768 1977 1798 fore
1984 1769 2189 1808 placatiorern:

1227 1803 1324 1844 scripsi
1331 1806 1366 1835 ad
1379 1814 1406 1835 te
1415 1814 1509 1840 antea,
1524 1816 1595 1837 eum
1605 1806 1703 1838 statim
1715 1811 1832 1851 Qinto
1846 1809 1911 1840 filio
1921 1812 2026 1841 omnia
2039 1810 2187 1847 tribuisset

1225 1845 1322 1876 nostri
1335 1847 1451 1877 nullam
1464 1850 1666 1878 mentionem.
1682 1851 1764 1880 Vale.

1465 1891 1659 1920 CICERO
1681 1893 1896 1927 ATT1C0‚
1915 1896 1943 1924 S.

1224 1927 1543 2003 ¹9D1L103NTER
1561 1933 1638 1961 mihi
1657 1931 1834 1964 fasciculum
1852 1934 1985 1966 reddidit
1997 1936 2079 1967 Balbi
2090 1937 2183 1969 tabel—

1349 1972 1449 2002 larius.
1471 1975 1570 2014 accepi
1579 1975 1664 2004 enim
1674 1973 1690 2004 a
1702 1984 1729 2005 te
1743 1976 1853 2008 litteras
1866 1996 1874 2010 ,
1886 1977 1995 2018 quibus
2006 1979 2116 2009 videris
2128 1989 2184 2010 ve-

1221 2015 1296 2047 reri,
1308 2022 1340 2043 ut
1351 2013 1489 2054 epistolas
1498 2015 1565 2046 illas
1573 2018 1736 2056 acceperim
1748 2027 1835 2058 :quas
1843 2018 1966 2059 quidem
1980 2021 2091 2051 vellem
2102 2022 2182 2053 mihi

1223 2065 1393 2096 numquam
1415 2056 1555 2087 redditas.
1576 2067 1729 2089 auxerunt
1741 2061 1825 2090 enim
1841 2062 1917 2090 mihi
1926 2060 2064 2092 dolorem
2077 2074 2082 2092 ι
2094 2063 2181 2095 necsi

1220 2097 1253 2127 in
1270 2098 1402 2138 aliquem
1421 2097 1593 2129 incidissent
1608 2119 1617 2133 ‚
1636 2101 1799 2142 quidquam
1821 2106 1896 2133 novi
1913 2103 2086 2135 attulissent.
2105 2106 2182 2146 quid

1219 2140 1303 2169 enim
1326 2148 1385 2170 tam
1396 2142 1604 2181 pervulgatum
1616 2161 1625 2174 ‚
1644 2144 1736 2182 quam
1746 2144 1829 2173 illius
1843 2145 1874 2174 in
1886 2154 1935 2174 me
1947 2148 1980 2165 ²0
1992 2146 2102 2176 odium
2116 2167 2125 2181 ‚
2145 2148 2181 2179 &

1217 2190 1312 2221 genus
1330 2182 1389 2212 hoc
1411 2182 1575 2213 litterarum
1589 2187 1601 2212 ?
1616 2184 1696 2224 quod
1714 2195 1753 2215 ne
1772 2186 1997 2227 Caesarquidem
2007 2187 2041 2218 ad
2051 2187 2124 2219 istos
2134 2191 2182 2219 vi-

1218 2223 1305 2253 detur
1322 2222 1431 2254 misisse
1442 2244 1450 2258 ‚
1462 2228 1489 2244 ²¹
1511 2223 1588 2266 quasi
1600 2235 1660 2266 quo
1669 2227 1752 2256 illius
1763 2227 1956 2268 improbitate
1965 2228 2178 2265 offenderetur.

1218 2264 1266 2295 sed
1278 2285 1287 2298 ‚
1311 2266 1401 2296 credo
1414 2286 1423 2300 ,
1445 2269 1488 2297 uti
1507 2269 1626 2298 notiora
1646 2268 1746 2299 nostra
1756 2271 1833 2300 mala
1842 2268 1944 2300 essent.
1969 2273 2050 2301 Nam
2060 2272 2178 2312 quodte

1216 2312 1309 2337 vereri
1322 2308 1423 2338 scribis
1433 2328 1442 2342 ,
1455 2319 1494 2339 ne
1503 2308 1548 2338 illi
1560 2308 1658 2340 obsint
1667 2329 1675 2344 ‚
1695 2312 1783 2351 eique
1796 2314 1839 2342 rei
1849 2311 1963 2348 mederi
1976 2323 1980 2342 :
1991 2316 2021 2332 22
2031 2323 2070 2343 ne
2083 2315 2179 2354 rogari

1216 2348 1341 2389 quidem
1352 2350 1380 2380 se
1391 2349 1486 2390 passus
1503 2350 1545 2381 est
1554 2351 1591 2381 de
1605 2352 1661 2382 illo
1672 2362 1677 2381 :
1690 2353 1771 2393 quod
1782 2353 1906 2394 quidem
1919 2355 1997 2384 mihi
2008 2355 2176 2386 molestum

1215 2400 1280 2422 non
1289 2391 1332 2422 est
1344 2402 1351 2421 ;
1375 2392 1451 2423 illud
1462 2392 1619 2424 molestius
1630 2414 1639 2427 ‚
1656 2393 1724 2426 istas
1734 2397 1962 2436 impetrationes
1972 2396 2083 2427 nostras
2094 2398 2175 2427 nihil

1829 2434 1834 2441 '
2065 2439 2174 2470 valere.

1245 677 1275 701 14

1210 2530 1269 2557 dice
1280 2531 1389 2563 Ursini,
1407 2532 1435 2557 &
1446 2532 1545 2559 metius
1558 2540 1588 2559 ut
1599 2532 1645 2568 ipsi
1662 2531 1776 2559 videtur.

1250 2574 1293 2600 14.
1313 2569 1436 2602 <art-cepi]
1460 2570 1508 2604 Ep.
1522 2578 1607 2595 xxiv.
1619 2569 1655 2595 est
1668 2569 1758 2604 vulgo.

1248 2612 1259 2629 1
1266 2612 1291 2636 5.
1313 2606 1397 2630 Multa
1408 2608 1492 2630 cumin
1502 2605 1583 2638 Asta]
1606 2604 1706 2639 Vulgo.
1726 2606 1800 2630 multa
1809 2605 1870 2629 enim
1878 2604 1904 2628 1'71
1912 2604 1980 2637 Asta.

1248 2639 1290 2665 16.
1301 2642 1396 2665 Musam
1403 2642 1524 2673 putantst
1533 2641 1721 2674 commotio-am]
1735 2639 1893 2666 Emendatio
1903 2640 1939 2665 cst
1950 2638 2065 2666 vietorii
2076 2647 2111 2666 ex
2120 2646 2167 2666 an·

1209 2674 1291 2710 tiquis
1301 2675 1434 2702 codicibus
1446 2685 1453 2706 3
1466 2684 1542 2702 antea
1553 2676 1695 2703 habebatur
1707 2696 1714 2708 ,
1722 2677 1749 2709 s..-
1758 2683 1962 2702 commoratur-am.

1247 2722 1346 2753 17.Loci
1352 2723 1465 2753 gravitas
1474 2722 1511 2745 hic
1520 2721 1647 2753 misti-rime*-
1655 2720 1825 2754 peisti-enda]
1837 2719 1933 2746 Codex
1944 2717 2063 2746 Tornaes'.
2074 2718 2165 2752 habet,

1205 2756 1259 2780 huic
1269 2756 1398 2788 miserrima·
1405 2757 1544 2788 proferenda
1555 2769 1563 2788 ‚-
1574 2757 1644 2793 quod
1656 2766 1707 2783 non
1721 2756 1795 2782 valde
1804 2756 1898 2792 probat
1908 2756 2065 2782 Lambinus.

1244 2794 1285 2821 18.
1299 2798 1326 2820 Ut
1335 2797 1586 2830 obliriftarmucltoque
1596 2796 1702 2830 malim]
1720 2797 1844 2823 Manutio
1855 2794 1960 2822 videtui·
1970 2795 2056 2821 diffio
2065 2792 2162 2827 deesse,

1203 2830 1292 2866 itaque
1304 2830 1392 2871 legere
1403 2832 1494 2859 mallet
1508 2833 1643 2865 ,obli-svistar
1657 2836 1711 2864 mei,
1721 2833 1790 2866 idque
1805 2834 1894 2864 malim5
1907 2832 1921 2857 li
1933 2831 2041 2865 quidem
2053 2832 2079 2859 111
2091 2832 2162 2858 anti-

1202 2868 1260 2901 quis
1273 2867 1427 2893 ssessirionis
1441 2887 1448 2898 ,
1463 2869 1537 2894 Ferri
1552 2888 1559 2899 ,
1572 2867 1699 2894 bbaldmi
1712 2887 1719 2900 ‚
1734 2868 1762 2894 δε
1775 2868 1866 2895 Maffci
1876 2867 1951 2895 libris
1961 2877 2009 2905 pro
2020 2886 2029 2901 ,
2048 2870 2164 2904 multoque

1202 2905 1284 2928 malim
1299 2922 1307 2935 ,
1319 2903 1418 2938 legitur
1429 2923 1437 2936 ,
1448 2907 1555 2938 mittoque
1565 2907 1655 2930 malim.

1240 2950 1283 2977 19.
1301 2944 1454 2977 Diligenter]
1477 2943 1592 2979 Epistola
1604 2952 1672 2969 xxv.
1689 2943 1770 2979 vulgo
1778 2944 1827 2970 est.

1236 2991 1282 3008 20.
1301 2983 1382 3009 odium
1391 2984 1420 3014 ὼ·
1424 2993 1497 3015 genus
1508 2986 1546 3009 hoc
1555 2985 1680 3010 literarum
1691 2988 1700 3011 ,ἓ
1711 2985 1770 3020 quod
1779 2984 1833 3020 ne.]
1853 2984 1934 3021 Vulg.
1947 2983 2024 3010 odium
2035 2985 2162 3017 ?&gcnur

1199 3020 1239 3044 hoc
1247 3021 1373 3044 literarum
1387 3039 1394 3051 ‚
1404 3021 1466 3053 quod
1476 3039 1483 3051 ,
1494 3020 1546 3050 &cu

1235 3072 1280 3089 21.
1299 3064 1374 3096 Qafi
1382 3073 1425 3098 quo
1439 3065 1501 3089 illius
1510 3066 1658 3098 improbitate
1672 3064 1848 3100 offinderemr]
1863 3066 1963 3101 Junius
1974 3065 2012 3092 ait
2023 3062 2079 3092 mss.
2090 3065 2158 3092 duos

243 3107 252 3125 ι
260 3107 287 3125 2.
307 3102 339 3125 Et
349 3101 379 3125 ab
388 3101 426 3125 hoc
434 3101 486 3134 iffi.
507 3110 557 3136 qua
566 3101 682 3136 danum]
702 3103 794 3130 Aliter
804 3102 887 3139 vulgo
896 3102 1079 3139 distinguitur,
1090 3102 1118 3134 ἂν
1125 3104 1158 3128 αὖ
1200 3099 1284 3125 Palat.
1296 3099 1390 3125 habere
1403 3118 1411 3131 ‚
1421 3109 1464 3134 quo
1473 3102 1536 3126 illim
1545 3103 1714 3134 improbitatem
1723 3102 1873 3135 ffnderent.

201 3136 242 3161 hoe
249 3136 294 3168 ipfi
304 3144 353 3164 0711ae
361 3135 462 3162 dantur.

240 3179 283 3206 ¹3·
295 3174 413 3199 Notionem
423 3173 472 3208 ξμς
481 3171 600 3208 dzffirri]
609 3175 759 3208 cognitivum
768 3175 894 3212 scriptum
908 3176 944 3205 cst
954 3175 982 3205 111
991 3175 1102 3213 antiquo
1113 3185 1157 3204 33-
1198 3183 1275 3205 antea
1282 3174 1356 3205 sensu
1366 3175 1442 3205 nullo
1451 3176 1590 3213 legebatur
1602 3197 1610 3210 ,
1623 3181 1705 3212 negari
1714 3179 1833 3215 quidcmsc
1845 3180 1928 3214 paffue
1938 3181 1981 3206 eff.

1235 3148 1283 3166 22.
1303 3142 1338 3165 Νι·
1350 3144 1427 3173 rogari
1436 3140 1557 3174 quaedemse
1571 3142 1653 3176 paffws
1666 3142 1725 3176 effi]
1746 3141 1910 3176 Conjeffiira
1921 3142 1974 3168 haec
1984 3141 2020 3169 est
2029 3138 2158 3169 merarii,

1577 3214 1688 3244 'rtttt
2047 3212 2136 3244 LQ

2217 642 2259 668 ar

2200 1908 2246 1935 22.
