2297 3389
21 50 33 83 ‚-

678 164 994 210 01311110
1052 179 1188 211 PRO
1245 162 1291 209 P.
1339 165 1610 214 815an

168 247 249 280 stem
260 247 404 280 timemus
414 255 420 276 t
431 245 510 278 nihil
519 253 702 287 quemquam
709 246 786 276 scire
795 264 803 279 ,
815 246 894 275 nihil
906 243 1015 276 vidiss‘e
1025 265 1034 278 ‚
1047 246 1128 277 nihil

168 290 280 322 audiss'e
288 291 474 322 arbitramur.
498 287 554 318 Sed
565 297 665 318 tamen
677 307 686 322 ‚
706 287 728 318 fi
738 288 815 318 nihil
825 298 880 318 vos
890 291 921 319 P.
929 287 1018 318 Sullae
1028 286 1126 317 fortu-

171 343 210 364 na
224 342 344 366 movet,
360 331 476 371 judices
487 350 495 363 ,
513 330 608 360 vestra
618 339 747 361 moveat.
771 329 865 361 vestra
873 331 958 360 enim
969 349 977 363 ,
993 330 1125 370 quicum

168 377 289 407 summa
301 374 445 414 elegantia
455 393 464 406 ,
483 380 569 413 atque
579 373 746 412 integritate
755 372 877 403 vixistis
888 392 896 405 ‚
916 373 975 401 hoc
987 370 1126 401 maxime

167 416 291 448 interest
299 436 307 449 ‚
320 424 385 445 non
394 424 432 444 ex
442 414 570 444 libidine
580 434 588 448 ‚
600 423 649 445 aut
659 413 816 448 simultate,
825 423 875 445 aut
885 415 1002 444 levitate
1012 411 1126 448 testium

168 459 267 492 causas
284 455 480 487 honestorum
497 457 663 486 hominum
682 457 840 497 ponderari
855 476 863 491 ,
887 455 937 487 sed
954 457 988 485 in
1005 456 1124 496 magnis

167 497 423 540 disquisitionibus
437 518 446 532 ‚
467 499 690 540 repentinisque
707 500 849 540 periculis
866 500 962 528 vitam
981 497 1125 527 uniuscu-

115 574 119 577 ,
164 542 269 582 ¹iusque
281 539 339 571 effe
348 540 464 571 testem.
489 544 587 581 Qam
603 551 678 575 vos,
694 542 810 581 judices
821 563 829 575 ,
850 541 947 570 nolite
959 540 1051 570 armis
1065 539 1125 569 suis

163 583 321 623 spoliatam
332 603 340 617 ‚
360 592 447 624 atque
461 584 603 614 nudatam
615 584 745 624 objicere
758 583 882 614 invidia:
894 602 902 616 ,
914 581 1020 612 dedere
1029 581 1124 620 suspi-

162 626 256 655 cioni.
279 626 396 655 munite
416 635 618 656 communem
640 636 739 656 arcem
761 626 916 656 bonorum
939 644 949 657 ‚
978 622 1124 653 obstruite

161 665 297 709 perfugia
317 668 539 707 improborum.
564 670 659 700 valeat
671 669 708 699 ad
722 677 866 708 poenam,
888 667 922 695 &
941 665 976 694 ad
997 665 1122 694 salutem

161 708 333 748 plurimum
346 731 354 743 ,
379 720 469 751 quam
483 711 576 741 solam
590 711 700 741 videtis
711 710 803 750 ipsam
817 718 855 738 ex
868 709 899 737 vi
916 707 965 736 sua
976 727 984 739 ‚
1005 714 1121 752 natura-

162 759 221 791 que
229 750 375 781 facillime
385 752 509 792 perspici
521 763 526 781 :
539 752 639 783 subito
651 750 879 790 steeibfingique
887 759 939 778 non
945 747 1024 790 poffi.
1071 747 1121 777 uid

99 791 144 829 29
160 792 234 823 verb
253 794 316 824 haec
333 793 492 824 auctoritas
509 793 638 834 (semper
657 794 742 822 enim
763 791 800 821 de
821 801 854 821 ea
874 790 1037 821 dicendum
1056 789 1116 836 est:

161 844 345 876 quamquam
362 836 380 867 a
398 846 448 865 me
464 835 573 865 timide
584 855 592 868 ‚
613 834 793 875 modiceque
808 832 934 872 dicetur)
955 831 1028 879 quid
1043 852 1052 878 .‘
1073 841 1122 879 in-

161 887 253 918 quam
264 898 273 911 ,
296 879 357 908 haec
372 877 531 908 3061011133
544 875 666 906 nostra?
685 877 738 917 qui
754 875 770 905 a
786 876 890 905 ceteris
903 882 1122 912 coniurationis

159 918 252 949 causis
258 918 460 949 abstinuimus
468 938 477 952 ,
489 921 519 948 P.
529 919 645 948 Sullam
656 917 850 948 defendimus
861 916 955 946 :nihil
966 917 1046 945 hunc
1057 924 1120 945 tan-

160 960 232 991 dem
241 961 358 1000 juvabit
375 963 386 989 ?
405 964 420 979 ·¹
433 962 529 990 Grave
539 959 582 990 est
591 961 650 990 hoc
660 959 778 990 diE'tum
790 957 909 989 fortasse
919 978 927 992 ,
942 959 954 997 j
959 958 1059 988 udices
1069 977 1078 991 ‚
1099 956 1119 987 si

157 1004 329 1043 appetimus
338 1001 449 1042 aliquid
461 1012 467 1030 z
486 1000 508 1031 fi
519 1022 528 1036 ‚
545 1001 618 1033 cum
628 1004 720 1032 ceteri
731 1002 767 1032 de
777 1001 868 1031 nobis
876 999 980 1034 silent,
1000 1009 1065 1029 non
1076 1007 1121 1030 et-

160 1046 220 1074 iarn
230 1042 404 1083 nosmetipsi
414 1052 548 1074 tacemus
559 1064 567 1078 ‚
585 1054 682 1085 grave.
705 1043 754 1074 sed
764 1064 774 1077 ‚
794 1042 815 1072 fi
825 1042 984 1075 laediinur‚
1004 1040 1120 1072 (136611-

153 1086 273 1120 samur,
292 1084 356 1115 siin
366 1085 518 1116 invidiam
527 1096 691 1116 vocamur:
711 1084 849 1126 profecit>
866 1084 1032 1114 conceditis
1044 1104 1053 1118 ‚
1069 1084 1119 1124 ju-

155 1127 236 1157 dices
247 1147 256 1160 ,
275 1136 308 1158 ut
323 1127 414 1158 nobis
431 1127 599 1158 libertatem
617 1129 744 1158 retinere
754 1128 858 1160 liceat,
881 1125 899 1156 fi
915 1125 1020 1156 minus
1032 1126 1119 1156 liceat

154 1168 344 1210 dignitatem.
368 1172 447 1200 Accu
453 1170 505 1200 sati
515 1170 533 1200 s
530 1179 583 1200 unt
592 1180 655 1200 uno
666 1171 794 1202 nomine
804 1168 973 1199 consulares
983 1188 992 1202 ,
1012 1177 1046 1198 ut
1052 1168 1117 1208 jam

154 1211 293 1242 videatur
301 1213 429 1242 honoris
437 1210 611 1252 ampliffimi
621 1222 737 1242 nomen
746 1212 812 1253 plus
824 1210 938 1240 invidiae
945 1231 954 1245 ‚
969 1209 1061 1251 quam
1072 1210 1118 1240 di-

153 1255 276 1295 gnitatis
293 1252 405 1284 afferre.
437 1253 598 1285 Affuerunt
608 1275 616 1289 ,
637 1256 738 1296 inquit
747 1275 756 1288 ,
777 1253 913 1284 Catilinae
929 1272 937 1287 ‚
967 1253 1117 1293 illumque

153 1295 320 1326 laudarunt.
344 1295 439 1326 Nulla
452 1305 518 1326 tum
532 1297 647 1336 patebat
657 1316 666 1331 ,
687 1296 771 1326 nulla
780 1304 840 1326 eiat
851 1296 970 1336 cognita
978 1295 1116 1335 conjura-

121 1364 125 1368 .
152 1337 199 1368 tio
211 1348 216 1366 ;
232 1337 433 1368 defendebant
444 1340 578 1369 amicum
592 1359 600 1372 ‚
612 1339 731 1368 aderant
740 1337 885 1377 supplici,
898 1338 968 1367 vita:
978 1338 1042 1377 ejus
1053 1345 1115 1367 tur-

150 1379 324 1420 pitudinem
335 1380 365 1408 in
369 1380 487 1419 summis
496 1381 552 1419 ejiu
559 1380 685 1421 periculis
694 1389 758 1410 non
767 1378 1115 1420 insequebantur-Qun-

153 1422 245 1451 etiam
254 1430 358 1461 parens
368 1431 453 1456 tuus,
469 1424 622 1463 Torquate
631 1443 640 1456 ‚
653 1421 760 1453 consul
772 1432 823 1451 reo
834 1423 869 1451 de
880 1422 1018 1461 pecuniis
1028 1430 1113 1460 repe*

153 1463 256 1494 tundis
267 1463 404 1494 Catilinae
414 1463 474 1494 fuit
482 1464 644 1495 advocatus
655 1475 661 1493 :
677 1463 823 1505 Improbo
835 1464 959 1493 homini
971 1473 977 1492 :
997 1465 1036 1493 At
1044 1463 1064 1492 s
1061 1472 1114 1502 up—

151 1503 225 1544 plici
239 1515 244 1534 :
270 1504 398 1535 Fortaffe
408 1505 509 1536 audaci
526 1517 531 1536 :
555 1509 595 1536 At
606 1507 767 1547 aliquando
778 1507 889 1536 amico.
913 1503 1114 1535 (3016111111ιά-

152 1545 212 1577 fuit
227 1545 294 1587 post
309 1546 439 1578 delatam
456 1548 491 1578 ad
511 1559 581 1578 eum
599 1551 729 1589 primam
747 1548 832 1578 illam
850 1548 1112 1588 conjurationem:

149 1588 300 1620 indicavit
313 1589 342 1619 se
355 1589 468 1620 audiss'e
481 1591 594 1632 aliquid
607 1611 615 1625 ,
638 1601 704 1621 non
717 1589 882 1621 credidiss'e.
907 1589 1036 1620 Atidern
1049 1599 1113 1619 non

147 1629 246 1662 adfuit
260 1632 322 1662 alio
339 1634 372 1662 in
386 1632 505 1672 judicio
516 1654 524 1667 ‚
545 1633 616 1663 cum
630 1632 764 1664 adeffent
781 1634 879 1663 ceteri.
902 1634 933 1662 Si
946 1630 1048 1671 postea
1060 1641 1111 1661 co-

149 1682 256 1715 gnorat
274 1674 335 1714 ipse
352 1675 466 1716 aliquid
478 1696 487 1709 ,
507 1675 589 1717 quod
605 1678 637 1705 in
650 1675 807 1706 consulatu
823 1672 1000 1716 ignoraffet:
1022 1675 1112 1715 igno-

149 1714 294 1745 scendum
313 1715 355 1746 est
371 1719 408 1747 iis
419 1737 427 1751 ,
448 1720 499 1758 qui
517 1717 620 1758 postea
636 1718 712 1748 nihil
731 1717 901 1747 audierunt.
924 1715 995 1746 ²sin
1006 1716 1057 1746 illa
1066 1725 1111 1745 res

141 1756 187 1787 ,de
206 1759 343 1797 pecuniis
360 1760 533 1800 repetundis
547 1781 556 1794 ,
578 1762 676 1801 prima
693 1759 790 1790 valuit
812 1769 819 1788 t
851 1768 917 1789 non
937 1760 1110 1792 inveterata,

147 1798 241 1847 quam
251 1810 353 1830 recens
365 1822 373 1834 ,
396 1801 566 1842 debuitess'e
575 1804 709 1844 gravior.v
735 1801 815 1836 Sed,
834 1799 938 1832 fituus
949 1809 1112 1841 parens-et-

147 1842 253 1871 iamin
264 1841 314 1872 illa
323 1843 490 1884 suspicione
498 1845 624 1885 periculi
632 1845 676 1874 sui
687 1865 696 1878 ,
707 1853 810 1874 tamen
820 1844 1007 1873 humanitate
1015 1842 1109 1873 addu—

139 1881 217 1916 ιᾶυε
226 1882 454 1916 advocationem
465 1887 604 1917 hominis
615 1884 830 1926 improbiffimi
841 1885 912 1916 sella
920 1886 1018 1916 curuli
1035 1904 1044 1919 ‚
1067 1894 1111 1915 at-

148 1934 208 1965 que
226 1929 412 1957 ornamentis
431 1928 465 1957 &
483 1929 544 1958 suis
553 1948 561 1961 ,
583 1928 616 1958 &
635 1928 809 1958 consulatus
829 1926 1015 1957 honestavit:
1035 1926 1109 1967 quid

149 1965 213 2008 est,
237 1968 437 2007 quamobrem
456 1970 642 2003 consulares,
658 1971 711 2010 qui
721 1969 859 1999 Catilinae
872 1968 1030 1998 adfuerunt
1040 1988 1049 2002 ,
1063 1978 1109 1998 16-

147 2009 371 2048 prehendantur
383 2012 393 2039 ἓ
404 2009 444 2040 At
455 2011 550 2040 iidem
560 2013 598 2040 iis
607 2030 616 2044 ‚
627 2013 757 2051 quiante
767 2011 849 2040 hunc
859 2010 976 2040 causam
987 2010 1023 2039 de
1034 2019 1109 2039 con-

143 2052 296 2091 juratione
307 2051 449 2082 dixeiunt
459 2072 468 2086 ‚
490 2062 554 2082 non
566 2051 737 2082 adfuerunt¹
761 2062 780 2080 ·r
790 2060 813 2080 A
822 2061 844 2080 N
852 2062 872 2081 τ
880 2061 901 2080 0
918 2060 934 2080 ε
945 2060 964 2080 6
973 2060 992 2080 Ε
1001 2061 1020 2080 L
1031 2060 1050 2080 E
1059 2061 1081 2080 R
1090 2060 1110 2080 E

146 2091 295 2122 adstristis
306 2093 484 2124 hominibus
494 2114 503 2128 a
518 2093 683 2124 statuerunt
694 2093 772 2123 nihil
783 2092 799 2123 Ξι
811 2094 840 2124 se
849 2092 894 2133 adj
900 2101 1016 2123 umenti
1028 2113 1036 2127 ‚
1057 2094 1108 2122 ni-

147 2134 192 2163 hil
203 2136 270 2174 opis
281 2155 289 2168 ‚
310 2135 388 2164 nihil
400 2137 508 2166 auxilii
515 2135 586 2166 ferri
597 2145 744 2176 oportere.
767 2138 866 2177 Atque
878 2155 886 2169 ,
908 2143 943 2165 ut
954 2134 991 2165 de
1002 2144 1106 2165 eorum

145 2175 310 2207 constantia
321 2197 330 2210 ,
351 2187 436 2218 atque
454 2180 559 2208 animo
575 2180 608 2208 in
623 2187 717 2218 remp.
741 2176 840 2208 dicam
852 2197 860 2211 ‚
881 2187 1012 2218 quorum
1023 2179 1109 2207 tacita

145 2220 287 2259 gravitas,
310 2219 343 2248 &
360 2217 433 2249 fides
452 2220 489 2250 de
508 2230 693 2261 unoquoque
711 2220 847 2260 loquitur
860 2240 869 2253 ‚
892 2229 990 2259 neque
1008 2219 1106 2258 cujus-

145 2269 235 2300 quam
247 2270 422 2291 ornamenta
432 2263 580 2292 orationis
588 2260 746 2292 desiderat:
765 2260 864 2301 potest
877 2262 1036 2302 quisquam
1056 2260 1104 2291 di-

144 2311 209 2331 cere
219 2303 270 2332 um
295 2312 363 2333 uam
375 2303 517 2333 meliores
530 2323 539 2338 ‚
557 2303 698 2334 fortiores
708 2323 717 2337 ,
738 2303 956 2334 constantiores
967 2302 1105 2333 consula-

141 2345 201 2374 1613
210 2343 253 2374 fui
282 2355 296 2374 e
307 2364 316 2378 ‚
330 2344 421 2385 quarn
432 2347 468 2375 iis
478 2345 666 2385 temporibus
676 2365 685 2379 ‚
701 2345 735 2375 &
744 2346 884 2385 periculis
893 2365 901 2378 ‚
923 2345 1033 2386 quibus
1044 2355 1103 2385 pae-

143 2385 184 2415 ne
204 2385 338 2426 oppreffa
354 2386 396 2417 est
415 2387 578 2427 respublica
598 2390 609 2417 ?
632 2389 707 2417 01113
718 2397 782 2417 11011
792 2387 829 2417 de
839 2389 1002 2417 communi
1011 2387 1103 2417 salute

144 2426 322 2467 apertiffime
333 2448 342 2462 ‚
364 2431 431 2470 quis
440 2440 505 2459 non
514 2416 693 2463 fordffimss,
712 2431 780 2471 quis
790 2439 853 2459 non
863 2427 1100 2459 constantissime

142 2468 230 2499 sensit
243 2472 253 2499 ?
277 2473 384 2511 Neque
393 2481 449 2513 ego
459 2471 606 2512 praecipue
617 2471 654 2503 de
663 2471 869 2502 consularibus
879 2471 1010 2511 disputo.
1029 2481 1100 2501 nam

142 2512 206 2541 haec
222 2512 254 2541 ὃς
270 2513 435 2543 hominum
453 2512 710 2544 ornatiflimorum
722 2534 731 2548 ‚
748 2515 800 2555 qui
813 2523 953 2554 praetores
962 2513 1099 2548 fuerunt,

144 2553 178 2583 &
190 2553 319 2584 universi
329 2555 445 2586 senatus
457 2576 465 2589 ‚
480 2557 628 2585 communis
636 2555 671 2592 cst
679 2556 741 2584 laus
750 2567 762 2583 .·
777 2565 810 2586 ut
820 2555 937 2587 constet
947 2576 954 2590 ‚
967 2555 1036 2596 post
1043 2557 1101 2586 ho-

139 2597 264 2625 minum
275 2599 457 2628 memoriam
471 2608 640 2639 numquam
654 2600 687 2628 in
701 2598 757 2629 1110
768 2598 877 2628 ordine
889 2598 956 2638 plus
969 2599 1098 2633 virtutis,

140 2638 208 2677 plus
218 2640 329 2668 amoris
340 2641 374 2669 in
383 2640 521 2680 rempub,
531 2641 598 2680 plus
608 2642 760 2681 gravitatis
769 2638 868 2670 fuifi'e.
884 2640 940 2670 Sed
952 2641 1020 2681 quia
1030 2640 1099 2672 sunt

137 2680 280 2720 descripti
291 2681 459 2712 consulares
471 2701 480 2716 ‚
497 2681 534 2712 de
547 2683 594 2712 his
610 2683 729 2713 tantum
742 2682 821 2713 mihi
835 2681 998 2712 dicendum
1013 2691 1098 2722 puta—

132 2723 187 2756 vi,
211 2722 293 2762 quod
306 2723 375 2753 satis
388 2721 459 2754 est'et
476 2743 485 2757 ,
511 2723 720 2755 3attestantem
739 2725 921 2754 memoriam
940 2728 1096 2760 oninium,

136 2766 297 2794 neminem
307 2763 364 2794 effe
374 2775 412 2795 ex
420 2766 477 2796 illo
486 2766 612 2796 honoris
622 2766 713 2807 gradu
723 2787 732 2801 ,
748 2768 803 2808 qui
812 2776 876 2796 non
886 2767 975 2797 omni
985 2765 1095 2801 studio,

136 2807 247 2838 virtute
257 2827 266 2840 ‚
287 2806 462 2838 auctoritate
471 2827 481 2841 ‚
502 2807 673 2839 incubuerit
682 2808 717 2840 ad
728 2817 825 2848 remp.
847 2808 1095 2839 conservandam.

62 2849 119 2893 f30
136 2847 192 2877 Sed
202 2848 273 2888 quid
286 2851 297 2878 ?
313 2859 369 2890 ego
380 2869 388 2883 ‚
406 2851 459 2890 qui
468 2850 629 2882 Catilinam
640 2860 703 2880 non
713 2851 832 2881 laudavi
843 2870 852 2884 ‚
869 2851 921 2891 qui
931 2859 982 2880 reo
992 2851 1095 2881 Catili-

135 2898 181 2919 nae
199 2891 304 2923 consul
319 2901 385 2922 non
403 2890 505 2928 adfui,
523 2894 577 2934 qui
595 2891 808 2924 testimonium
827 2892 865 2923 de
882 2893 1094 2934 conjuratione

2030 183 2126 237 443

1171 244 1237 274 dixi
1247 245 1281 275 in
1290 245 1367 275 alios
1378 266 1386 280 ,
1401 246 1516 277 adeone
1527 248 1615 278 vobis
1623 247 1765 279 alienos&
1775 247 1896 280 sanitate
1908 268 1917 283 .
1930 247 2006 279 adeo
2016 249 2130 281 oblitus

1169 286 1342 319 constantiz
1352 299 1428 319 meae
1437 308 1445 322 ‚
1455 288 1530 319 adeo
1542 293 1708 321 immemor
1717 300 1819 321 rerum
1828 291 1844 321 a
1854 301 1904 321 me
1914 291 2060 332 gestarum
2070 291 2129 322 effe

1169 328 1292 362 videor,
1314 339 1365 363 ut,
1387 330 1460 360 cum
1475 333 1578 362 consul
1593 333 1709 363 bellum
1720 331 1858 374 gess'erim
1869 344 1940 364 cum
1950 334 2128 373 conjuratis,

1168 379 1250 400 nunc
1259 380 1365 402 eorum
1376 372 1472 402 ducem
1482 374 1641 414 conservare
1647 377 1764 415 cupiam
1775 395 1784 409 ‚
1799 376 1831 405 &
1842 378 1875 405 in
1885 377 2024 406 animum
2035 375 2129 406 indu-

1166 420 1231 440 C'dm
1243 431 1252 444 ,
1267 413 1351 452 cujus
1366 424 1460 454 nuper
1468 415 1581 446 ferrum
1593 417 1754 447 retuderim
1765 438 1773 451 ‚
1792 416 2005 458 flammamque
2019 417 2129 448 restin-

1168 455 1265 482 xerim
1277 473 1285 487 ,
1305 455 1442 493 ejusdem
1460 467 1541 488 nunc
1558 460 1673 489 causam
1685 480 1693 493 ‚
1713 462 1867 501 vitamque
1884 458 2044 490 defendere
2064 462 2075 489 ?
2095 462 2127 490 si

1167 494 1287 524 medius
1302 494 1390 525 fidius
1401 517 1408 530 ‚
1427 499 1542 536 judices
1554 520 1562 533 ‚
1586 511 1649 530 non
1661 511 1711 531 me
1721 502 1781 541 ipsa
1791 502 1951 542 respublica
1962 522 1970 536 ‚
1994 503 2070 532 meis
2084 502 2127 532 la·-

1166 536 1290 566 boribus
1300 557 1309 570 ‚
1326 537 1359 566 &
1368 541 1508 577 periculis
1519 543 1690 573 conservata
1700 563 1709 577 ‚
1729 544 1763 573 ad
1776 546 1950 586 gravitatem
1961 547 2056 574 animi
2068 565 2076 578 ‚
2092 544 2127 574 &⁶

1162 577 1362 609 constantiam
1373 580 1420 609 sua
1434 580 1579 622 dignitate
1590 593 1738 614 revocaret
1749 597 1757 618 ς
1777 596 1880 616 tamen
1894 587 1952 616 hoc
1965 596 2068 616 natura
2082 586 2126 619 est

1164 619 1286 651 insitum
1298 640 1306 654 ‚
1326 631 1354 651 >U
1363 631 1383 651 τ
1393 642 1402 655 ,
1430 631 1481 662 qt]
1492 633 1546 653 EM
1570 626 1707 655 timueris
1719 647 1727 660 ‚
1748 630 1873 667 quicum
1883 628 1920 658 de
1931 630 1992 658 vita
2002 649 2011 662 ,
2027 627 2125 658 fortu-

1163 663 1269 702 nisque
1278 664 1471 694 contenderis
1484 684 1492 698 ,
1514 666 1600 705 cujus
1612 677 1649 696 ex
1660 667 1774 698 insidiis
1784 671 1908 700 evaseris
1918 690 1926 704 ‚
1947 671 2028 701 hunc
2043 671 2123 701 sem-

1163 713 1214 743 per
1223 703 1332 734 oderis.
1357 706 1412 736 Sed
1423 725 1430 739 ‚
1442 704 1515 736 cum
1526 717 1624 748 agatur
1634 710 1731 739 honos
1743 720 1827 741 meus
1838 711 1997 752 ampliffim
2003 722 2046 747 us,
2056 713 2124 753 glo-

1163 748 1205 776 ria
1216 756 1316 777 rerum
1326 746 1474 788 gestarum
1485 747 1637 791 singularis
1650 761 1655 779 ;
1669 750 1742 780 cum
1757 772 1764 784 ,
1784 755 1902 792 quoties
1913 755 2067 795 quisquam
2080 754 2122 784 est

1162 789 1195 818 in
1206 789 1264 818 1106
1275 789 1383 819 scelere
1393 790 1554 820 convietus
1564 810 1572 825 ,
1585 794 1672 821 toties
1684 802 1843 823 renovetur
1853 799 2000 826 memoria
2010 807 2060 836 per
2071 807 2120 827 me

1160 831 1293 860 inventae
1304 831 1420 862 salutis:
1437 842 1493 874 ego
1503 832 1557 863 sim
1567 842 1629 863 tam
1640 833 1765 864 demens
1777 856 1784 867 ,
1801 845 1855 875 ego
1865 840 2057 868 committam
2067 859 2075 872 ‚
2088 848 2119 868 ut

1161 882 1194 902 ea
1205 892 1213 905 ‚
1229 882 1295 913 quae
1308 882 1362 913 pro
1373 873 1464 904 salute
1473 877 1615 905 omniurn
1628 874 1696 916 gessi
1707 896 1715 910 ‚
1731 877 1797 915 casia
1808 887 1893 917 magu
1905 898 1912 911 ,
1934 879 1968 911 &-
1977 880 2124 919 felicitate

1162 913 1177 944 3
1188 924 1237 944 me
1249 933 1257 947 ,
1270 916 1361 955 quam
1371 917 1481 946 virtute
1491 936 1499 950 ‚
1513 917 1546 947 ὅ(
1557 917 1683 948 consilio
1693 918 1770 959 gesta
1779 917 1837 948 effe
1846 920 2023 950 videantur?
2039 922 2117 962 Qiid

1160 959 1252 997 ergo?
1266 957 1323 987 hoc
1333 957 1387 987 tibi
1399 958 1503 988 sumus
1513 979 1521 993 ‚
1536 958 1616 989 dicet
1624 959 1742 990 fortafl'e
1752 961 1908 1002 quisquam
1918 981 1927 994 ‚
1943 972 1976 992 ut
1987 983 1995 996 ‚
2010 966 2079 1004 quia
2088 973 2121 994 tu.

1161 998 1332 1029 defenderis
1342 1019 1351 1033 ‚
1372 1001 1701 1040 innocensjudicetur?
1723 1005 1788 1044 Ego
1798 1002 1871 1033 vero
1884 1024 1892 1037 ‚
1908 1003 2025 1043 judices
2036 1025 2044 1038 ,
2055 1015 2118 1036 non

1160 1040 1258 1070 modo
1268 1041 1347 1071 nihil
1362 1043 1441 1072 mihi
1452 1041 1569 1073 affumo
1582 1064 1592 1078 ‚
1611 1046 1642 1074 in
1653 1054 1715 1085 quo
1734 1046 1881 1085 quispiam
1892 1055 2051 1087 repugnet:
2070 1048 2118 1077 sed

1158 1084 1251 1113 etiam
1263 1081 1283 1112 fi
1297 1083 1371 1124 quid
1385 1084 1420 1114 ab
1432 1086 1578 1116 omnibus
1588 1086 1764 1117 conceditur
1774 1107 1782 1120 ‚
1798 1087 1830 1117 id
1841 1087 1933 1117 reddo
1944 1107 1953 1121 ‚
1973 1098 2005 1117 ac
2016 1091 2120 1119 remit·

1159 1133 1200 1155 to.
1223 1134 1290 1156 non
1304 1128 1340 1156 in
1355 1136 1388 1156 ea
1401 1127 1552 1167 republica
1567 1129 1669 1158 versor
1679 1149 1687 1161 ‚
1708 1138 1772 1159 non
1782 1131 1820 1159 iis
1836 1130 2023 1169 temporibus
2031 1140 2117 1170 caput*

1158 1176 1263 1197 meum
1275 1166 1375 1197 obtuli
1384 1178 1438 1209 pro
1450 1171 1544 1210 patria
1551 1171 1692 1210 periculis
1701 1171 1857 1204 omnibus,
1871 1181 1936 1201 non
1945 1181 1995 1202 aut
2004 1174 2043 1202 ita
2053 1174 2121 1203 sunt.

1158 1208 1285 1240 eXtinffi
1297 1229 1306 1243 ‚
1319 1219 1396 1251 quos
1407 1212 1468 1241 vici
1480 1232 1488 1245 .
1501 1221 1550 1242 aut
1561 1214 1600 1242 ita
1609 1214 1680 1254 grati
1690 1232 1698 1246 ‚
1711 1223 1788 1254 quos
1797 1213 1910 1243 servavi
1922 1234 1930 1247 ,
1949 1212 1982 1243 u't
1991 1218 2117 1256 ego-mi<

1159 1252 1191 1281 hi
1201 1251 1272 1292 plus
1279 1260 1414 1292 appetere
1424 1263 1517 1284 coner
1525 1273 1534 1288 ,
1545 1254 1636 1295 quam
1645 1264 1791 1295 quantum
1802 1265 1911 1285 omnes
1921 1257 2060 1291 inimici³
2071 1259 2121 1288 iii-

1158 1295 1284 1335 vidique
1295 1295 1454 1334 patiantur.
1474 1298 1576 1326 Grave
1588 1295 1647 1326 effe
1660 1297 1810 1327 videretur
1820 1318 1828 1331 ‚
1848 1307 1919 1328 eum
1931 1318 1940 1330 ,
1960 1300 2014 1338 qui
2032 1301 2119 1329 inve-

1159 1334 1269 1377 stigarit
1280 1337 1370 1376 conju
1376 1340 1521 1368 rationem
1532 1359 1540 1371 ‚
1552 1340 1603 1379 qui
1614 1339 1801 1378 patefecerit,
1812 1342 1864 1380 qui
1875 1340 2056 1380 opprefferir5
2069 1344 2119 1371 cui

1154 1378 1272 1408 senatus
1287 1377 1485 1420 singularibus
1503 1381 1604 1411 verbis
1619 1383 1724 1421 gratias
1741 1383 1853 1423 egerit,
1873 1384 1922 1412 cui
1943 1384 1997 1412 uni
2017 1386 2115 1424 togate

1154 1420 1405 1460 supplicationem
1415 1421 1598 1456 decreverit,
1620 1423 1719 1454 dicere
1733 1426 1766 1454 in
1779 1423 1915 1463 judicio:
1936 1434 2000 1453 non
2011 1424 2119 1455 deren-

1153 1462 1256 1492 derem
1267 1482 1276 1497 ‚
1297 1461 1317 1492 fi
1330 1461 1520 1502 conjurafl‘et.
1543 1474 1608 1494 non
1618 1465 1687 1495 dico
1698 1465 1728 1496 id
1739 1486 1748 1499 ,
1767 1466 1849 1506 quod
1860 1475 1945 1508 grave
1956 1465 1998 1496 est
2018 1476 2023 1495 ε
2046 1466 2113 1497 dico

1153 1503 1229 1534 illud
1241 1524 1250 1538 ‚
1269 1504 1354 1545 quod
1370 1508 1404 1535 in
1420 1506 1467 1535 his
1483 1505 1573 1536 causis
1589 1508 1811 1547 conjurationis
1819 1518 1883 1538 non
1893 1507 2117 1538 auetoritatias-

1153 1546 1270 1576 sumam
1284 1567 1293 1581 ‚
1312 1546 1362 1578 sed
1383 1546 1492 1587 pudori
1506 1558 1578 1578 meo
1598 1560 1603 1577 :
1626 1552 1691 1591 Ego
1700 1550 1751 1579 ille
1762 1551 1981 1589 conjurationis
1990 1550 2118 1581 investi-

1151 1597 1237 1630 gator
1247 1609 1255 1622 ‚
1267 1598 1353 1630 atque
1366 1590 1447 1619 ultor
1458 1610 1467 1624 ‚
1476 1589 1548 1619 cerr&
1557 1601 1608 1621 non
1617 1591 1784 1631 defenderem
1793 1592 1902 1621 Sullam
1912 1612 1919 1625 ,
1932 1591 1953 1622 si
1962 1594 2116 1631 conjuras-

1153 1632 1182 1661 se
1201 1631 1363 1662 arbitrarer.
1388 1634 1452 1673 Ego
1464 1651 1473 1665 ,
1488 1633 1625 1672 judices,
1648 1635 1686 1664 de
1702 1636 1792 1664 tantis
1810 1636 1956 1665 omnium
1975 1635 2114 1675 periculis

1151 1671 1223 1703 cum
1240 1683 1405 1714 quaererem
1424 1676 1532 1705 omnia
1550 1695 1560 1708 ‚
1588 1676 1684 1706 multa
1702 1675 1838 1706 audirem
1850 1696 1858 1709 ,
1880 1686 1945 1707 non
1962 1677 2115 1708 crederem

1151 1716 1258 1745 omnia
1267 1735 1276 1749 ‚
1287 1725 1423 1746 caverem
1434 1719 1556 1747 omnia:
1575 1717 1644 1748 dico
1654 1719 1713 1748 hoc
1723 1737 1732 1753 ,
1750 1718 1833 1759 quod
1843 1720 1934 1748 initio
1945 1718 2011 1749 dixi
2020 1740 2030 1753 ς
2045 1721 2114 1750 nul-

1147 1758 1210 1788 lius
1226 1758 1343 1788 indicio
1354 1779 1365 1791 2
1384 1759 1499 1789 nullius
1515 1759 1685 1799 suspicione
1696 1780 1704 1794 ‚
1725 1761 1820 1791 nullis
1837 1761 1961 1794 litteris,
1983 1761 2020 1791 de
2035 1772 2067 1792 ie
2079 1764 2113 1792 Ρ.

1148 1799 1239 1831 Sulla:
1246 1810 1312 1830 rem
1323 1801 1417 1831 ullam
1426 1801 1463 1833 ad
1473 1811 1524 1832 1116
1533 1801 1591 1832 effe
1599 1801 1740 1834 delatam.
1763 1803 1971 1845 Qamobrern
1982 1814 2037 1834 vos
2047 1824 2055 1839 5
2068 1804 2112 1834 dii

1147 1844 1253 1883 patrii,
1264 1852 1298 1873 ac
1306 1852 1437 1883 penates,
1448 1845 1501 1884 qui
1510 1845 1581 1874 huic
1592 1844 1659 1875 urbi
1669 1865 1679 1880 ,
1693 1854 1781 1886 atque
1791 1847 1863 1876 huic
1872 1847 2003 1886 imperio
2010 1846 2112 1887 praefi-

1149 1884 1225 1915 detis
1235 1904 1245 1918 ,
1267 1887 1320 1925 qui
1329 1886 1388 1915 hoc
1398 1886 1564 1925 imperium
1575 1906 1582 1920 ‚
1598 1889 1652 1927 qui
1660 1889 1737 1918 hanc
1748 1887 1915 1920 libertatem
1925 1889 2111 1931 ’,9013010111-Γ

1149 1936 1208 1967 que
1217 1928 1398 1957 Romanum
1411 1948 1419 1960 ‚
1430 1929 1483 1968 qui
1493 1928 1557 1958 haec
1567 1930 1658 1962 16613,
1669 1937 1757 1969 atque
1768 1930 1879 1969 templa
1887 1949 1895 1963 ‚
1908 1939 1959 1959 me
1970 1930 2107 1965 consule,

1148 1966 1234 2003 vestro
1254 1969 1368 1997 numine
1380 1990 1390 2002 ‚
1409 1970 1586 2010 auxilioque
1606 1970 1740 2001 servastis
1755 1991 1763 2004 ‚
1788 1971 1879 2001 testor
1893 1991 1902 2004 ‚
1920 1973 2039 2013 integro
2059 1982 2109 2002 me

1148 2011 1253 2039 animo
1265 2029 1274 2043 ‚
1294 2020 1328 2040 ac
1337 2010 1436 2040 libero
1447 2031 1457 2044 ,
1478 2011 1611 2042 Rsnliae
1626 2013 1743 2042 causam
1760 2012 1937 2043 defendere:
1958 2014 2081 2046 nullum
2092 2016 2110 2046 a

1149 2060 1200 2080 me
1209 2051 1322 2081 sciente
1329 2049 1446 2081 facinus
1455 2053 1608 2086 occultari,
1619 2054 1740 2083 nullum
1750 2054 1844 2084 scelus
1854 2055 2024 2095 susceptum
2033 2066 2110 2087 cori-

1148 2100 1190 2122 tra
1198 2093 1324 2123 salutern
1336 2094 1479 2123 omnium
1489 2113 1498 2128 ‚
1510 2093 1631 2125 defendi
1644 2115 1652 2129 ‚
1664 2106 1696 2126 36
1708 2097 1777 2138 tegi.
1799 2097 1878 2126 nihil
1888 2096 1924 2127 de
1935 2098 1993 2127 hoc
2001 2099 2111 2129 consul

1147 2136 1304 2175 comperi,
1321 2135 1572 2175 nihilsuspicatus
1582 2137 1648 2167 sum
1660 2157 1668 2171 ‚
1688 2139 1767 2168 nihil
1777 2138 1888 2169 audivi.
1912 2141 2014 2180 Itaque
2022 2139 2109 2172 idem

1148 2186 1204 2217 ego
1214 2177 1267 2206 ille
1277 2196 1285 2210 ‚
1305 2178 1357 2218 qui
1371 2178 1538 2207 vehemens
1551 2180 1584 2208 in
1596 2180 1671 2209 alios
1682 2200 1691 2212 ,
1711 2181 1763 2221 qui
1775 2180 1973 2211 inexorabilis
1985 2183 2017 2211 in
2027 2191 2109 2212 cete—

1147 2228 1196 2248 ros
1206 2217 1264 2249 efi'e
1273 2219 1354 2249 visus
1363 2219 1430 2249 sum
1442 2239 1451 2252 ,
1461 2220 1592 2259 persolvi
1602 2222 1702 2261 patriae
1713 2222 1795 2262 quod
1804 2222 1912 2252 debui:
1924 2223 2036 2263 reliqua
2041 2225 2106 2264 jam

1145 2260 1161 2291 a
1181 2270 1231 2290 me
1249 2271 1326 2291 meae
1338 2270 1487 2300 perpetuae
1500 2262 1712 2294 consuetudini
1729 2284 1738 2298 ‚
1762 2273 1930 2305 naturaeque
1948 2265 2105 2296 debentur.

1147 2312 1206 2333 tarn
1218 2303 1284 2333 sum
1296 2303 1464 2333 misericors
1475 2322 1482 2336 ,
1493 2303 1612 2343 judices
1625 2325 1632 2338 ‚
1644 2304 1734 2346 quarn
1745 2315 1800 2336 vos
1812 2317 1816 2335 :
1828 2315 1888 2337 tam
1900 2305 1983 2336 mitis
1992 2307 2105 2348 ‚quam

1144 2347 1196 2386 qui
1206 2343 1387 2375 leniffimus.
1411 2347 1448 2375 In
1457 2355 1518 2386 quo
1528 2347 1692 2377 vehemens
1700 2347 1745 2378 fui
1754 2348 1912 2379 vobiscum
1924 2368 1932 2382 ‚
1943 2350 2101 2383 nihilfeci‚

1142 2388 1173 2415 ni
1184 2398 1193 2416 1
1212 2385 1344 2415 criassus:
1362 2387 1534 2427 reipublicae
1542 2391 1739 2429 praecipitanti
1756 2390 1898 2421 subveni:
1917 2399 2039 2431 patriam
2052 2392 2106 2421 de—

1144 2429 1273 2459 mersam
1292 2429 1386 2459 61111111
1402 2440 1408 2459 z
1433 2430 1637 2462 misericordia
1655 2433 1771 2462 civium
1788 2431 1909 2463 adduc‘ffi
1923 2452 1931 2466 ‚
1953 2442 2024 2463 tunc
2043 2433 2106 2464 fui-

1144 2481 1213 2502 mus
1232 2481 1292 2502 tam
1311 2472 1525 2506 vehementes,
1544 2473 1635 2514 quain
1657 2473 1771 2504 necesse
1790 2474 1857 2504 fuit.
1887 2475 1962 2504 saliis
1979 2475 2051 2505 esset
2068 2486 2104 2506 o-

1143 2515 1266 2545 mnium
1281 2511 1455 2544 amissa-una
1470 2514 1559 2544 noete
1570 2535 1578 2548 ,
1596 2514 1651 2545 nisi
1666 2514 1735 2546 essct
1748 2517 1883 2546 severitas
1897 2517 1949 2546 illa
1963 2518 2101 2558 suscepta,

1141 2556 1198 2587 Sed
1213 2564 1244 2586 ut
1257 2555 1291 2586 ad
1306 2556 1513 2586 sceleratorum
1528 2566 1651 2597 poenam
1665 2568 1767 2588 amore
1779 2558 1952 2598 reipublicae
1968 2559 2035 2589 sum
2049 2560 2103 2591 ad-

1141 2598 1250 2629 duCrus
1265 2609 1270 2628 :
1294 2597 1331 2628 fic
1351 2598 1385 2628 ad
1403 2598 1530 2628 salutem
1549 2601 1762 2630 innocentium
1781 2604 1935 2631 voluntate
1955 2600 2097 2633 deducor.

1142 2641 1232 2671 Nihil
1241 2640 1331 2671 video
1342 2639 1398 2670 ess'e
1408 2642 1440 2670 in
1451 2641 1508 2670 1106
1517 2641 1630 2671 P.Sulla
1640 2661 1648 2675 ‚
1656 2641 1773 2681 judices
1785 2662 1793 2676 ,
1805 2642 1877 2673 odio
1887 2642 2026 2683 dignum,
2035 2647 2100 2674 mi-

1140 2683 1296 2714 sericordia
1317 2682 1406 2724 digna
1424 2683 1528 2714 multa.
1561 2685 1669 2724 Neque
1687 2685 1772 2713 enim
1790 2694 1873 2715 nunc
1890 2686 2098 2725 propulsandae

1141 2726 1316 2757 calamitatis
1332 2725 1390 2755 suae
1403 2725 1485 2755 causa
1499 2725 1621 2765 supplex
1634 2724 1669 2755 ad
1680 2735 1746 2759 vos,
1755 2726 1872 2764 judices
1882 2727 2033 2769 confugit:
2046 2728 2096 2760 sed

1139 2777 1177 2808 ne
1186 2777 1243 2808 qua
1251 2768 1366 2809 generi,
1376 2777 1407 2797 ac
1415 2768 1536 2797 nomini
1554 2767 1606 2797 suo
1618 2775 1685 2796 riom
1693 2767 1812 2799 nefariae
1820 2769 2015 2809 turpitudinis
2024 2772 2096 2800 inu—

1138 2818 1227 2840 ratur.
1241 2811 1322 2839 Nam
1333 2809 1394 2849 ipse
1403 2807 1564 2849 quidein‚si
1572 2810 1630 2839 erit
1638 2809 1736 2841 vestro
1743 2811 1861 2850 judicio
1870 2811 2093 2853 liberatusque

1138 2851 1226 2882 habet
1238 2860 1429 2884 ornamenta,
1442 2861 1507 2891 quae
1518 2851 1619 2882 solatia
1629 2852 1751 2893 reliquae
1762 2855 1831 2884 vitae
1841 2873 1849 2887 ‚
1868 2852 1979 2894 quibus
1989 2854 2090 2888 laetari,

1139 2893 1292 2935 &perfrui
1308 2891 1393 2934 possit
1407 2895 1417 2922 ?
1428 2893 1538 2925 domus
1551 2896 1626 2928 erit,
1633 2895 1737 2930 credo,
1749 2905 1892 2927 exornata
1907 2907 1913 2926 ;
1926 2896 2095 2936 aperientur

1941 2939 2093 2979 majorum

130 2995 167 3006 -.-
202 3004 207 3008 ,
2039 3006 2086 3010 -„

172 3041 183 3058 1
191 3052 196 3058 .
215 3035 294 3060 Grme
302 3038 338 3062 eff
345 3037 384 3061 hoc
393 3036 581 3071 diHumfhrtaffie
591 3058 599 3071 ‚
606 3038 700 3072 judices
712 3057 720 3070 ‚
734 3048 821 3072 grave,
827 3039 849 3073 fi
859 3042 991 3072 apperimus
1002 3058 1009 3071 ,
1021 3040 1089 3074 dria]

134 3068 188 3094 Sex
200 3078 275 3096 voces
286 3071 385 3106 priores
399 3073 477 3100 hodie
488 3073 595 3101 denium
607 3074 753 3110 adspiciunt
764 3075 862 3107 lucem,
875 3075 1012 3112 producta:
1023 3086 1036 3102 e
1044 3084 1090 3102 ,16-

1132 3050 1194 3068 110111
1225 3050 1289 3067 11061
1309 3050 1333 3067 6.

1168 3086 1194 3114 3.
1206 3050 1388 3110 peAtttflantem
1403 3080 1536 3104 memoriaim
1546 3079 1673 3114 onmium]
1690 3080 1770 3105 Vere.
1782 3087 1866 3119 neque
1876 3077 1954 3104 :iliter
1965 3077 2020 3103 Pall
2027 3098 2033 3103 .
2043 3083 2090 3103 aut

134 3103 220 3130 iic-bris
231 3105 327 3133 codicis
339 3109 476 3145 Turiiig'ic‘i
489 3130 498 3143 ,
517 3121 569 3139 iioii
581 3111 632 3139 siue
650 3110 797 3148 pleniffima
811 3112 959 3148 graviffimi
978 3112 1090 3140 affe&us
1112 3117 1114 3123 ’
1132 3115 1159 3140 5.
1172 3113 1243 3140 Vici.
1254 3115 1285 3140 B.
1296 3113 1368 3146 satis,
1380 3114 1467 3150 inquit
1483 3134 1491 3146 ,
1503 3115 1554 3141 erit
1565 3124 1605 3142 irie
1616 3116 1704 3143 dicere
1714 3115 1746 3141 de
1757 3115 1945 3142 Coniularibus
1959 3134 1966 3147 ‚
1977 3123 2036 3140 cuin
2048 3121 2088 3140 tvi-

131 3139 284 3168 iteratione.

1132 3160 1192 3177 men
1202 3150 1428 3177 attesterintcrim
1447 3152 1603 3178 memoriani
1623 3152 1742 3179 omnium
1755 3171 1763 3185 ,
1782 3151 1815 3177 dc
1828 3151 1964 3177 uoluntate
1984 3157 2088 3177 cetero-

171 3184 198 3204 2,
217 3179 308 3203 sinilia
318 3188 353 3204 res
363 3180 389 3205 de
394 3183 500 3212 pecuniis
510 3184 640 3215 repetunt&
651 3203 659 3216 ‚
677 3183 746 3217 σε]
769 3184 906 3220 Plerisque
925 3185 982 3212 mss.
994 3185 1087 3212 nostris
1131 3195 1201 3212 rum.
1221 3186 1298 3215 malit
1308 3194 1396 3216 tamen
1407 3187 1571 3216 Gulielmius
1582 3191 1743 3224 ,imcstanaem
1754 3189 1826 3225 prius
1838 3186 1951 3224 iiiipressi
1964 3188 2090 3218 Mststm'f‘

131 3210 245 3255 absunt,
268 3213 294 3239 de
308 3216 414 3247 pecuniis
425 3219 567 3251 repetundis.
586 3220 673 3256 reperi
684 3227 771 3250 tamen
782 3221 810 3248 in
820 3221 878 3249 1³21.
889 3230 931 3259 pr.
951 3223 979 3249 5<
990 3221 1089 3250 editio-
1128 3224 1249 3251 memoria.
1394 3232 1397 3235 ·

1955 3266 1964 3285 ῑ
1974 3277 1979 3283 .
2006 3257 2089 3283 6313313

1428 3259 1519 3288 Kal<
1539 3268 1556 3288 2
