2360 3400
583 87 676 121 DE

85 168 108 201 ς
123 155 290 198 Longiores
306 153 364 184 hoc
384 152 453 184 loco
475 152 598 188 sumus,
620 154 710 196 quam
733 153 848 186 necesse
866 155 917 186 est.
941 158 1017 196 Quis
1036 156 1078 187 est

121 200 224 230 enim,
243 196 292 226 cui
317 205 379 225 non
401 195 552 235 perspicua
572 194 629 226 sint
643 197 712 230 illa,
732 207 798 238 quae
813 197 949 237 pluribus
958 198 1082 229 verbisa

121 240 252 270 Panaetio
261 247 555 270 commemorantur,
567 241 724 268 neminem
739 243 748 259 ¹
763 249 858 279 neque
869 239 977 269 ducem
988 239 1082 273 bello,

118 281 352 319 necprincipem
365 279 450 309 domi
462 299 469 311 ,
489 290 609 320 magnas
621 290 664 310 res
678 300 686 313 ,
708 281 740 311 &
752 281 898 311 salutareis
906 280 968 310 sine
977 282 1079 310 bomi-

117 329 194 351 num
206 320 310 351 studiis
332 331 432 361 gerere
451 320 598 360 poruill'e?
617 324 884 352 Commemoratur
904 322 940 352 ab
950 332 987 352 eo
997 324 1079 352 The-

117 361 271 392 mistocles
283 382 291 396 ,
312 363 438 393 Pericles
450 383 458 396 ‚
473 366 582 403 Cyrus,
606 362 754 404 Agesilaus
765 383 773 396 ,
797 364 967 393 Alexander
977 383 985 396 ‚
1001 374 1077 404 quos

117 407 228 445 negat²
244 402 303 434 sine
322 404 506 443 adjumentis
522 406 685 434 hominum
708 414 800 435 tantas
821 414 866 434 res
885 403 1001 435 efficere
1023 415 1078 444 po-

116 444 215 483 tuisse.
238 447 343 476 Utitur
362 449 394 475 iri
413 456 443 476 re
466 457 528 476 non
548 446 657 480 dubia,
682 445 806 476 testibus
824 456 888 476 non
901 445 1075 477 neceflariis.

116 490 217 528 Atque
236 497 268 517 ut
287 497 408 529 magnas
428 489 569 518 utilitates
582 488 777 528 adipiscimur
789 488 1009 527 conspiratione
1021 491 1077 518 ho—

114 531 238 559 minum
251 550 259 562 ,
278 539 365 570 atque
384 531 548 560 consensu:
567 528 604 560 sic
623 539 741 560 NULLA
751 539 825 559 TAM
838 538 1076 559 DETESTABILIS

113 569 206 610 pestis
223 570 266 601 est
287 592 294 605 ‚
325 581 390 612 quae
420 581 483 601 non
502 573 624 601 homini
642 571 678 601 ab
698 573 824 602 homine
846 572 989 601 nascatur.
1024 571 1075 603 Est

114 614 284 643 Dicaearchi
295 614 369 643 liber
380 613 417 643 de
431 616 551 643 interitu
563 615 726 643 hominum
739 633 747 647 ,
764 615 949 652 Peripatetici
960 616 1071 654 magni,

114 653 289 693 &copiofiz
309 657 382 695 qui,
402 655 651 685 colleffiscereris
661 654 750 685 caufis
763 675 770 689 ‚
791 656 962 689 eluvionis,
982 655 1072 695 pesti·

113 695 214 725 lentiae
224 715 232 728 ‚
243 695 385 726 vastitatis
396 717 403 730 ‚
417 697 568 726 beluarum
581 699 670 727 etiam
681 706 844 736 repentinae
856 698 1072 731 multitudinis,

113 746 240 777 quarum
253 739 367 776 impetu
387 738 474 768 docet
487 739 622 779 quaedam
639 740 802 768 hominum
812 748 920 779 genera
929 737 986 768 effe
998 749 1073 769 con-

111 778 211 809 sumta
225 788 230 807 z
244 779 354 808 deinde
364 789 523 820 comparat,
535 790 647 820 quanto
657 780 756 819 plures
766 780 856 809 deleti
866 779 921 810 sint
933 782 1073 810 homines

111 821 280 857 homiuum
289 822 404 859 impetu
416 841 424 855 ,
446 820 476 851 id
487 821 530 851 est
540 841 548 854 ,
570 822 655 851 bellis
667 841 675 854 ‚
695 831 742 851 aut
754 821 970 856 seditionibus,
982 824 1071 864 quam

114 864 202 891 omni
215 863 329 902 reliqua
338 863 515 892 calamitate.
536 862 613 893 Cum
626 865 713 903 igitur
724 865 772 892 hic
784 864 867 893 locus
880 864 958 893 nihil
970 864 1073 894 habeat

112 903 330 938 dubitationis,
353 905 427 944 quin
439 905 580 934 homines
592 905 758 944 plurimum
770 905 948 935 hominibus
960 906 991 935 ὅ(
1002 915 1071 945 pro-

112 944 172 975 fint
184 964 192 978 ,
204 946 236 975 &
246 943 345 975 obsint
359 956 365 974 z
392 949 404 973 Ξ
417 949 570 986 proprium
583 948 640 976 hoc
654 945 749 976 statuo
760 945 816 976 ess'e
826 949 944 977 virtutis
956 967 964 981 ,
982 949 1073 976 conci-

109 987 184 1016 liare
191 988 300 1017 animos
309 988 473 1018 hominum
485 1007 494 1021 ,
516 988 548 1018 ὃς
559 988 593 1018 ad
605 988 673 1018 usus
682 988 749 1018 suos
760 989 930 1029 adjungere.
955 992 1070 1030 ltaque,

111 1038 179 1069 quae
197 1031 230 1059 in
249 1029 338 1059 rebus
366 1031 511 1060 inanimis
522 1049 531 1064 ‚
550 1034 567 1056 4
578 1032 743 1070 quaequein
755 1032 807 1060 usu
821 1050 829 1063 ,
850 1033 882 1060 ὃς
896 1030 1071 1061 tra&atione

107 1069 266 1101 beluarum
286 1069 382 1105 fiunt,
403 1073 515 1102 utiliter
532 1071 567 1102 ad
592 1073 755 1101 hominum
776 1075 868 1102 vitam
881 1092 888 1106 ‚
909 1073 1019 1103 artibus
1039 1083 1072 1103 ea

110 1113 284 1142 tribuuntur
301 1111 431 1152 operosis
445 1124 450 1142 ε
471 1115 637 1143 hominum
656 1123 754 1143 autem
779 1113 873 1144 studia
889 1115 923 1144 ad
938 1115 1070 1155 amplifi-

105 1156 258 1184 cationem
269 1154 436 1185 nostrarum
457 1165 557 1185 rerum
579 1165 716 1195 prompta
725 1166 756 1185 ac
766 1165 861 1195 parata
874 1176 882 1189 ‚
911 1160 923 1183 5
935 1166 1068 1186 Virorum

106 1195 287 1235 praestantia,
298 1197 438 1236 sapientia
449 1217 457 1230 ,
479 1197 510 1227 ὃς
523 1199 632 1227 virtute
640 1206 815 1227 excitantur.
840 1200 962 1228 Etenim
975 1202 1069 1228 virtus

106 1240 212 1268 omnis
231 1238 323 1268 tribus
343 1240 376 1268 in
397 1239 482 1268 rebus
504 1238 567 1269 fere
588 1241 727 1269 vertitur:
751 1249 876 1279 quarum
898 1250 956 1269 una
973 1240 1015 1271 est
1033 1242 1065 1270 in

103 1279 314 1320 perspiciendo
325 1301 333 1313 ,
354 1281 425 1320 quid
439 1283 470 1310 in
481 1290 598 1321 quaque
613 1291 643 1310 re
654 1290 758 1310 verum
773 1301 781 1314 ,
803 1280 1010 1322 sincerumque
1021 1281 1064 1315 sit,

104 1322 179 1362 quid
189 1322 424 1352 consentaneum
437 1324 545 1363 cuique
554 1343 562 1356 ,
573 1322 645 1363 quid
655 1324 842 1363 consequens
852 1343 860 1356 ‚
873 1322 887 1342 ⁶
896 1333 934 1352 ex
944 1334 1067 1365 quoque

103 1366 281 1405 gignantur,
300 1374 366 1405 quae
385 1364 529 1405 cujusque
550 1368 593 1394 rei
603 1365 686 1394 causa
697 1364 745 1394 sit:
764 1370 777 1393 7
789 1365 914 1394 alterum
926 1366 1068 1395 cohibere

105 1407 314 1435 motusanimi
334 1405 468 1436 turbatos
480 1425 487 1438 ‚
507 1416 583 1446 quos
600 1408 696 1435 Graeci
708 1407 769 1437 πάθη
782 1416 960 1436 nominant.-
979 1417 1065 1447 appe—

103 1448 304 1487 titionesque,
325 1456 397 1487 quas
415 1448 462 1476 illi
483 1447 555 1479 ἑρμ-ὶς
568 1465 575 1477 ,
603 1446 791 1476 obedienteis
812 1446 930 1477 effici-re
947 1452 1065 1478 rationi:

101 1491 225 1519 tertium
234 1508 245 1522 ‚
266 1490 304 1518 iis
314 1508 324 1522 ,
341 1488 523 1528 quibuscum
533 1497 767 1529 congregamur,
793 1491 835 1517 uti
846 1489 999 1519 moderate
1011 1511 1019 1524 ,
1032 1491 1064 1520 &

101 1530 231 1560 scienter
240 1548 250 1563 ‚
262 1539 391 1570 quorum
405 1528 511 1560 studiis
521 1539 553 1559 ea
565 1549 573 1563 ,
585 1539 650 1570 quae
662 1538 763 1559 natura
774 1528 926 1563 desiderat,
938 1532 1065 1571 expleta,

102 1572 314 1611 cumulataque
333 1571 493 1602 habeamus
510 1595 515 1600 .
533 1567 548 1590 8
560 1581 612 1611 per
633 1581 686 1601 eos
704 1571 855 1612 denique,
882 1569 899 1601 si
923 1575 993 1612 quid
1005 1574 1062 1602 im·

99 1622 235 1654 portetur
245 1613 335 1643 nobis
347 1613 560 1646 incommodi,
582 1613 811 1652 propulsemus,
832 1614 1065 1655 ulciscamurque

100 1665 173 1689 eos,
193 1657 245 1696 qui
259 1664 367 1685 nocere
379 1655 575 1685 nobisconati
586 1655 653 1685 sunt
664 1674 673 1688 ‚
699 1664 837 1695 tantaque
851 1664 938 1694 poena
954 1655 1066 1686 afficia-

65 1703 87 1735 6
104 1706 192 1731 mus,
222 1705 362 1736 quantam
383 1698 522 1737 aequitaS,
552 1696 779 1736 humanitasque
802 1699 920 1736 patitur.
943 1698 1063 1737 Quibus

99 1748 202 1769 autem
224 1738 390 1768 rationibus
410 1740 486 1768 hanc
516 1737 685 1768 facultatem
706 1737 817 1778 afl‘equi
834 1736 997 1777 poffimus,
1021 1749 1064 1770 ὐτ

96 1782 266 1811 hominum
279 1779 373 1810 studia
382 1780 629 1819 complebt-amur,
639 1789 730 1819 eaque
739 1789 905 1812 teneamus,
914 1780 1060 1811 dicemus:

99 1832 198 1863 neque
218 1823 259 1851 ita
278 1822 376 1851 multo
396 1820 482 1861 post:
502 1822 550 1851 sed
569 1831 659 1862 pauca
682 1822 749 1850 ante
760 1821 888 1851 dicenda
899 1820 963 1851 fint.
986 1824 1060 1852 MA—

100 1855 202 1894 cviuivi
214 1873 282 1894 νιΜ
307 1861 365 1893 effe
375 1866 406 1893 in
417 1863 578 1893 fortunam
589 1872 742 1903 utramque
753 1872 863 1902 partem
875 1883 884 1896 ,
899 1864 946 1892 vel
957 1863 1059 1893 secun-

95 1905 149 1936 das
159 1906 193 1935 ad
204 1914 248 1935 res
262 1924 270 1937 ‚
281 1905 329 1936 vel
338 1905 482 1938 adversas,
494 1906 562 1945 quis
572 1906 699 1945 ignorat?
712 1915 781 1934 nam
795 1905 826 1934 &
836 1908 851 1931 9
861 1904 932 1934 cum
941 1905 1060 1945 prospe-

94 1957 132 1978 -ro
142 1946 212 1977 flatu
226 1949 291 1987 eJ'us
303 1948 417 1977 utimur
427 1967 436 1980 ‚
459 1947 533 1977 ¹0ad
550 1956 649 1976 exitus
662 1947 857 1986 peivehimur
867 1956 983 1986 optatos
996 1958 1001 1976 :
1024 1947 1058 1977 δε

89 1989 167 2019 —cum
181 1988 314 2023 reflavit,
333 1988 506 2028 affligimur.
531 1990 606 2018 Haec
625 1990 714 2029 igitur
737 1988 797 2027 ipsa
816 1988 1057 2019 fortunaceteros

93 2032 177 2061 casus
189 2033 311 2062 rariores
323 2030 409 2060 habet
425 2050 433 2064 ‚
452 2033 587 2070 primum
604 2031 640 2059 ab
652 2031 946 2070 inanimisprocellas
957 2050 965 2063 ‚
978 2040 1057 2061 tem—

85 2072 217 2113 pestates
230 2093 238 2107 ‚
264 2072 431 2114 naufragia,
453 2074 572 2106 ruinas,
591 2072 746 2101 incendia:
770 2072 879 2101 deinde
891 2091 900 2105 ,
919 2073 935 2102 a
954 2072 1055 2103 bestiis

93 2114 173 2145 iaus
185 2135 193 2148 ‚
217 2116 332 2146 morsus
346 2134 353 2148 ‚
372 2123 512 2154 impetus.
537 2117 609 2144 Haec
623 2124 691 2154 ergo
705 2134 713 2148 ,
737 2123 768 2143 ut
779 2113 844 2143 dixi
857 2133 865 2146 ‚
877 2116 993 2144 rarioia.
1017 2118 1056 2144 At

89 2155 312 2188 veioiuteritus
326 2158 513 2187 exercituum
528 2175 537 2191 ,
559 2165 590 2186 ut
598 2155 742 2195 proxime
757 2156 848 2185 trium
861 2176 870 2189 ,
893 2155 1055 2196 saepemul-

129 2258 138 2276 x
147 2270 152 2276 .
167 2254 224 2285 Ἶρι·
235 2251 313 2276 ducem
322 2252 386 2282 bello,
395 2254 571 2283 xecprincipem
579 2250 664 2282 domi]
686 2249 764 2275 Haud
775 2249 853 2276 aliter
865 2250 938 2282 libri,
949 2250 1044 2285 quibus

89 2285 152 2312 =usus
164 2286 326 2313 (aulielmius
340 2305 348 2318 ,
367 2287 412 2322 qui
423 2286 601 2312 arbitrabatur
611 2284 775 2311 scribendum
787 2287 848 2311 belli.
867 2285 899 2312 {ic
909 2286 979 2312 eiiiin
992 2287 1047 2312 Te-

85 2322 189 2349 rentius
209 2324 236 2348 8<
248 2322 358 2349 Plautus
369 2322 531 2348 ufitavemut
543 2341 551 2354 ‚
569 2322 621 2347 belle·
637 2322 749 2354 domique.
770 2321 826 2347 imo
837 2322 864 2347 &
876 2321 927 2357 ipse
940 2321 1045 2348 Tullius

87 2358 164 2392 hujus
177 2358 236 2384 libri
247 2358 293 2385 sub
302 2359 381 2385 finem
395 2369 400 2384 t
422 2359 600 2392 Qibuscunque
611 2359 680 2382 rebus
690 2359 733 2383 vel
739 2359 790 2383 belli
799 2359 844 2382 vel
851 2358 911 2384 domi
924 2365 1044 2391 poterunt.

87 2394 116 2421 δί
131 2396 192 2421 νει-ὀ
203 2396 254 2420 belli
263 2394 329 2420 illud
339 2394 438 2420 dlfel'tk:
449 2394 531 2420 exstat
544 2395 568 2420 in
583 2393 704 2420 Palitino
715 2394 802 2420 nostro
810 2394 910 2429 primo.

79 2447 83 2451 -
113 2440 150 2462 a..
169 2434 223 2456 Sine
233 2430 400 2464 adjumentis]
423 2431 507 2456 Palat.
521 2429 591 2456 idem
603 2429 727 2466 exprcssit
737 2430 925 2464 adjiivamentis.

123 2475 150 2501 3.
167 2470 296 2499 ‘Proprium
312 2468 351 2491 hoc
361 2468 442 2498 statuo
459 2467 500 2500 effe
517 2466 655 2499 virtutis]
677 2464 751 2491 idem
773 2466 856 2492 l‘alat.
871 2469 976 2498 primum
993 2468 1042 2493 hoe.

82 2502 158 2538 qnod
178 2502 195 2528 si
214 2504 241 2527 δε
263 2502 425 2538 reperiretur
443 2502 470 2528 iii
489 2501 603 2528 aliorum
624 2501 782 2528 membranis
796 2521 803 2533 ,
823 2511 875 2528 non
898 2509 956 2530 crat
977 2512 1042 2530 con-

83 2538 269 2566 temnendum.

119 2582 148 2607 4.
168 2576 268 2607 ᾕρηκε
277 2575 302 2598 in
312 2573 354 2606 usit
363 2573 392 2607 &j
401 2573 573 2607 waffarium]
585 2573 627 2599 sic
636 2573 743 2609 quidem
756 2573 842 2601 Palat.
853 2573 932 2609 prim.
944 2575 1038 2601 veri'ini

82 2610 133 2636 sec.
143 2618 188 2636 aut
199 2611 229 2636 F.
242 2611 269 2635 St
280 2611 313 2635 D.
335 2619 387 2636 iioii
397 2609 544 2645 agnoscunt
560 2610 602 2644 ufic
612 2609 657 2642 ὠν,-
678 2617 707 2636 ut
716 2619 764 2636 nec
781 2609 930 2637 editionum
942 2612 1038 2647 prima,

81 2655 130 2673 aut
139 2645 292 2672 vietor-ina.

120 2692 145 2716 5.
166 2684 273 2708 Virorum
285 2682 448 2714 prestantium
461 2682 582 2714 sapienda
592 2690 622 2707 ac
634 2684 729 2707 vJ'rtute
738 2681 903 2716 excitantur]
924 2682 1039 2710 Palatin.

80 2718 280 2754 mimmii-orum
283 2719 429 2751 sapientium
441 2717 571 2748 &virtute
586 2719 755 2751 pra-stantium.
775 2722 922 2745 excitantur.
932 2717 1039 2746 secund.

76 2757 252 2781 exercitantur.
775 2776 778 2782 .

115 2790 145 2817 6.
162 2794 205 2822 Ex
216 2799 260 2824 quo
269 2798 361 2824 queque
374 2790 530 2824 gignantur]
552 2788 638 2816 Palat.
647 2789 729 2826 prim.
746 2799 777 2816 ex
785 2800 828 2825 quo
836 2783 937 2826 quidqu}
951 2795 1037 2826 gigna-

82 2833 133 2852 tur.
153 2828 240 2853 Maur.
251 2835 280 2851 ex
288 2828 517 2860 quoquegignantur.

116 2871 143 2897 7.
162 2865 271 2888 Alterum
283 2880 291 2893 ,
309 2863 410 2887 cohibere
427 2868 502 2886 motm
517 2862 620 2895 animi]
645 2862 785 2889 Annotaiit
803 2862 849 2888 alii
861 2861 933 2890 forte
943 2863 1038 2890 rescri-

76 2897 213 2925 bendum:
237 2899 327 2923 altera.
347 2896 389 2923 sed
410 2907 460 2924 non
474 2897 506 2931 sic
522 2898 632 2924 vetustas
643 2898 785 2925 librorum.
804 2898 891 2925 foi-lan
903 2909 954 2926 non
967 2900 1036 2927 male

78 2933 214 2961 Palatinus
225 2933 304 2969 prim.
323 2933 437 2960 alterum
449 2934 485 2960 est
494 2934 629 2965 cohibere,
639 2936 692 2960 Sec.

116 2969 143 2996 8.
162 2974 211 2995 Per
220 2979 255 2996 cos
265 2969 388 3003 deniqne]
414 2969 498 2995 Palat.
509 2971 548 2996 M.
562 2971 592 2996 F.
603 2972 638 2997 C.
655 2979 696 3003 pei·
705 2971 842 3005 eosdemque.
860 2980 946 3007 neque
955 2971 1036 3000 aliter

78 3004 192 3033 Viaorii
203 3005 298 3035 editio,
311 3004 465 3040 aliquotque
476 3005 624 3041 sequentes.

68 3061 69 3064 ,
114 3049 144 3076 9.
162 3043 333 3074 campruspero
344 3042 408 3073 flatu
417 3042 468 3075 ejus
475 3042 591 3076 mimum]
614 3043 697 3069 Vetus
709 3043 842 3077 M.fluflu.
853 3042 886 3070 de
896 3052 950 3079 quo
959 3044 1034 3080 cogi-

66 3076 198 3103 undum.
219 3086 283 3103 mox
293 3076 364 3101 idem
374 3078 474 3110 inflavii
487 3096 494 3109 ,
505 3077 574 3114 quod
585 3079 723 3116 pei-placet
736 3097 745 3111 ,
755 3080 783 3105 ὅ(
794 3078 827 3107 iic
838 3080 947 3108 memini
958 3080 1033 3109 locu-

73 3118 132 3140 tum
147 3112 288 3141 Ovidium.
307 3112 480 3140 Gulielmius.

767 75 1225 125 Oui-‘ictis

1314 81 1356 127 L
1389 97 1406 128 1
1445 97 1485 128 Β.
1557 83 1624 129 11.
1956 44 2074 149 12-3}

1119 168 1230 193 torum,
1251 159 1348 191 clades
1359 163 1574 202 imperatorum
1589 185 1597 197 ‚
1615 172 1647 194 ut
1658 172 1753 204 nuper
1763 164 1876 196 summi
1887 184 1896 199 ‚
1908 173 1941 196 ac
1953 163 2081 207 (lugula-

1119 202 1158 230 iis
1171 204 1225 231 viri
1239 212 1244 230 ;
1261 203 1383 234 invidiae
1393 214 1530 244 praererea
1540 206 1748 237 multitudinis
1760 227 1769 240 ,
1788 217 1874 248 atque
1887 207 1928 237 ob
1938 216 1984 237 eas
1995 210 2005 241 ‚⁸
2017 205 2080 236 benc

1121 244 1284 273 meritorum
1302 246 1376 286 saepe
1393 248 1510 276 civium
1530 247 1740 287 expulsiones,
1760 250 1958 282 calamitates,
1977 247 2073 290 fugae:

1119 284 1273 326 ruisusque
1287 286 1420 318 secundae
1432 297 1475 317 res
1488 308 1496 321 ,
1509 289 1652 323 honores,
1667 292 1803 330 imperia,
1813 290 1959 324 vifioriae,
1970 300 2078 331 quam-

1120 335 1208 365 quam
1219 330 1342 358 fortuita
1353 328 1430 362 sunt,
1444 339 1543 360 tamen
1556 330 1615 360 fine
1626 333 1788 362 hominum
1798 333 1918 372 opibus,
1929 333 1961 362 &
1972 332 2075 363 studiis

1120 376 1257 397 neutram
1279 371 1308 398 in
1319 379 1431 409 partem
1442 370 1519 401 effici
1528 371 1661 411 posl'unt.
1686 376 1754 404 Hoc
1765 376 1854 415 igitur
1863 377 1986 416 cognito
1996 395 2004 408 ,
2026 373 2075 404 di-

1118 409 1247 438 cendum
1260 410 1319 443 est,
1347 422 1478 451 quonam
1495 413 1589 444 modo
1601 416 1764 445 hominum
1780 416 1915 446 studi-aad
1932 417 2074 446 utilitates

1118 449 1230 479 nostras
1246 449 1361 481 allicere
1374 473 1382 486 ,
1399 463 1486 494 atque
1505 458 1631 486 excitare
1652 456 1808 496 poffimus.
1830 467 1896 498 quae
1914 456 1934 487 si
1952 458 2073 499 longior

1113 490 1204 520 fuerit
1214 495 1309 522 oratio
1321 513 1328 526 ‚
1349 505 1418 524 cum
1440 498 1646 536 magnitudine
1659 499 1793 529 utilitatis
1803 509 2000 538 comparetur.
2028 501 2068 530 ita

1114 531 1237 562 foriaffis
1256 537 1344 564 etiam
1366 536 1484 566 brevior
1504 539 1664 569 videbitur.
1687 542 1892 582 Qaecumque
1912 543 2002 582 igitur
2015 542 2070 570 ho-

1117 576 1215 603 mines
1229 576 1347 606 homini
1370 578 1507 609 tribuunt
1519 580 1553 609 ad
1573 591 1643 611 cum
1663 582 1832 623 augendum
1844 602 1852 616 ‚
1877 591 1963 622 atque
1976 584 2072 612 hone-

1115 615 1266 649 standum,
1277 627 1326 647 aut
1338 617 1620 662 benivot'eiirae‘aegratia
1631 622 1754 657 faciunt,
1766 624 1837 654 cum
1848 624 1945 664 aliqua
1955 624 1991 654 de
2003 634 2071 654 cau·

1115 657 1141 687 sa
1155 661 1327 698 quempiam
1340 660 1471 700 diligunt
1487 673 1550 692 :aut
1562 665 1663 693 lionoris
1675 685 1682 697 .
1697 664 1717 694 si
1727 667 1812 704 cujus
1822 667 1963 695 virtutem
1978 665 2071 705 suspi-

1114 701 1201 729 ciunt
1213 720 1221 735 ‚
1245 704 1269 720 ¹¹
1282 701 1313 730 δε
1328 700 1448 742 liquem
1461 703 1586 745 dignum
1597 704 1717 736 fortuna
1725 708 1814 747 quam
1826 706 2004 747 ampliffima
2016 717 2070 746 pu.-

1112 750 1183 771 tant:
1196 750 1244 772 aut
1252 742 1389 781 cuifidem
1400 745 1518 778 habent,
1532 746 1563 775 δε
1576 746 1650 777 bene
1660 748 1748 777 rebus
1758 749 1816 778 suis
1826 749 1978 778 consulere
1988 749 2069 779 arbi-

1111 791 1230 813 trantur:
1240 794 1288 814 aut
1298 787 1383 824 cujus
1393 795 1464 825 opes
1475 795 1615 816 metuunt:
1628 799 1675 819 aut
1686 791 1800 823 contra,
1811 790 1826 820 a
1835 791 1943 830 quibus
1954 791 2068 831 aliquid

1111 824 1270 867 exsped'tant
1283 837 1288 854 :
1310 836 1340 855 ut
1350 837 1420 857 cum
1432 838 1512 868 reges
1522 849 1530 862 ‚
1543 831 1733 868 popularesve
1743 832 1884 861 homiues
1897 833 2069 873 largitiones

1109 867 1219 908 aliquas
1229 877 1404 907 proponunt
1417 880 1422 897 :
1443 880 1492 899 aut
1502 871 1654 910 postremo
1668 892 1676 905 ,
1692 874 1781 913 pretio
1793 894 1801 906 ,
1821 884 1853 903 ac
1865 873 2002 904 mercede
2010 874 2070 904 du-

1109 918 1222 939 cuntur
1238 921 1242 937 z
1256 919 1320 949 quat
1336 910 1534 942 sordidissima
1543 912 1586 942 est
1596 914 1647 943 illa
1657 914 1781 953 quidem
1793 915 1914 948 ratim&
1926 918 2069 956 inquina-

1109 949 1263 983 tiffima,&
1273 953 1322 984 iis,
1334 950 1389 991 qui
1398 963 1430 982 ea
1439 955 1626 988 tenentur‚&
1637 956 1706 989 illis,
1719 966 1770 996 qui
1783 957 1818 987 ad
1828 967 1892 986 earn
1905 962 2068 998 coningere

1110 1002 1266 1022 conantur.
1290 995 1394 1022 MALE
1406 1003 1495 1024 εΝιΜ
1516 1005 1551 1025 sa
1569 1006 1614 1026 res
1633 998 1720 1027 habet
1732 1018 1738 1030 ‚
1751 997 1821 1027 cum
1835 1019 1843 1031 ,
1861 999 1943 1038 quod
1957 1008 2066 1029 Virtute

1107 1032 1184 1063 effici
1196 1034 1282 1064 debet
1294 1055 1303 1068 ‚
1326 1035 1356 1065 id
1375 1044 1504 1066 tentatur
1521 1041 1654 1077 pecunia.
1676 1039 1731 1069 Sed
1751 1042 1894 1080 quoniam
1905 1050 2063 1070 nonnum-

1105 1085 1194 1117 quam
1207 1078 1264 1106 hoc
1284 1076 1447 1107 subsidium
1469 1077 1663 1110 necessai‘ium
1684 1080 1726 1111 est
1739 1093 1743 1110 :
1756 1082 2016 1122 quemadmodum
2030 1081 2063 1111 sit

1105 1118 1248 1148 utendum
1260 1128 1308 1152 eo,
1320 1119 1491 1153 dicenius,si
1503 1120 1584 1160 prius
1595 1124 1630 1151 iis
1642 1123 1678 1152 de
1693 1123 1790 1156 rebrm,
1803 1134 1867 1163 quae
1879 1126 1983 1153 virtuti
1994 1134 2066 1164 pro-

1104 1161 1204 1198 piores
1217 1160 1294 1193 sunt,
1306 1161 1486 1195 dixerimus-
1507 1165 1604 1203 Atque
1613 1166 1702 1194 etiarn
1710 1164 1869 1203 subjiciunt
1880 1166 1907 1195 se
1919 1167 2062 1195 homines

1103 1203 1233 1241 imperio
1250 1202 1371 1233 alterius
1383 1222 1390 1236 ,
1416 1203 1449 1232 &
1465 1204 1602 1243 potestati
1622 1206 1658 1235 de
1676 1205 1766 1236 causis
1778 1207 1924 1246 pluribus.
1944 1207 2064 1237 ducum

1103 1252 1150 1272 tur
1158 1245 1242 1273 enim
1254 1253 1302 1274 aut
1312 1244 1533 1279 benevolentia,
1554 1257 1602 1276 aut
1614 1247 1831 1278 beneficiorum
1842 1249 2062 1289 magnitudine.

1104 1295 1152 1314 aut
1162 1285 1314 1326 dignitatis
1324 1285 1490 1325 praestantia
1502 1307 1510 1321 ‚
1525 1298 1574 1318 aut
1584 1289 1631 1330 spe
1642 1309 1651 1322 ‚
1663 1287 1716 1319 fibi
1726 1290 1756 1319 id
1771 1292 1843 1320 utile
1852 1289 2002 1324 futurum,
2011 1300 2062 1321 aut

1104 1336 1188 1356 metu
1198 1347 1206 1360 ‚
1226 1337 1263 1357 ne
1275 1330 1304 1357 vi
1317 1327 1416 1367 parere
1425 1338 1568 1370 cogantur
1580 1350 1588 1363 ,
1610 1341 1659 1361 aut
1681 1331 1729 1371 spe
1743 1335 1769 1351 ¹²
1782 1333 1950 1372 largitionis
1962 1352 1969 1365 ,
1991 1342 2065 1372 pro-

1105 1366 1310 1410 miffionisque
1321 1370 1397 1409 capti
1412 1371 1640 1410 :autpostremo
1656 1393 1664 1406 ,
1677 1383 1709 1402 ut
1720 1373 1836 1413 saepein
1847 1373 1944 1404 nostra
1955 1374 2059 1414 repub.
2088 1408 2093 1413 f

1106 1410 1246 1440 videmus
1258 1431 1265 1444 ,
1291 1411 1427 1441 mercede
1445 1413 1600 1444 conducti.
1624 1417 1773 1445 Omnium
1784 1425 1882 1446 autem
1894 1426 1993 1445 rerum
2005 1425 2059 1446 ncc
2082 1425 2097 1458 7

1101 1454 1196 1490 aptius
1217 1451 1258 1482 est
1276 1453 1443 1493 quidquam
1467 1454 1502 1484 ad
1521 1465 1591 1495 opes
1613 1456 1737 1486 tuendas
1748 1477 1756 1490 ,
1775 1457 1866 1497 quarn
1887 1457 1973 1498 diligi
1987 1469 1992 1486 2
2005 1467 2062 1487 nec

1103 1494 1231 1523 alienius
1243 1513 1250 1527 ‚
1271 1495 1359 1533 quam
1373 1497 1482 1524 timeri.
1504 1498 1643 1526 Praeclare
1654 1500 1736 1527 enim
1750 1501 1881 1528 Ennius:
1896 1498 2062 1538 Qemme-

1103 1541 1188 1563 tuum
1199 1555 1208 1568 ,
1231 1535 1345 1564 oderunt
1354 1548 1364 1563 .·
1375 1547 1458 1577 quem
1467 1539 1586 1578 quifiJue
1595 1538 1654 1567 odit
1664 1559 1673 1571 ,
1683 1538 1792 1579 periisse
1803 1540 1919 1579 expetit.
1944 1541 2062 1570 Multo-

1105 1586 1171 1605 rum
1191 1586 1288 1606 autem
1307 1578 1386 1607 odiis
1406 1580 1503 1608 nullas
1523 1589 1594 1618 opes
1605 1578 1687 1618 posse
1699 1580 1855 1613 obsistere,
1877 1579 1989 1611 fiantea
2002 1580 2060 1610 fuit

1105 1618 1245 1658 ignotum
1258 1637 1267 1651 ,
1281 1629 1374 1659 nuper
1384 1619 1424 1649 est
1434 1621 1604 1659 cognitum.
1627 1624 1692 1652 Nec
1702 1621 1773 1652 verb
1782 1623 1873 1662 hujus
1883 1624 2003 1662 tyranni
2013 1623 2063 1653 so-

1102 1660 1167 1688 lum
1181 1680 1190 1692 ‚
1214 1670 1307 1700 quem
1324 1670 1417 1691 armis
1435 1660 1568 1701 oppreffa
1586 1664 1708 1702 pertulit
1724 1664 1828 1694 civitas
1840 1684 1849 1698 ,
1868 1667 1895 1692 ¹3
1917 1666 2058 1695 interitus

1100 1701 1244 1735 declarat,
1257 1711 1404 1743 quantum
1413 1704 1519 1734 odium
1532 1705 1697 1735 hominum
1709 1706 1801 1735 valeat
1812 1706 1846 1736 ad
1856 1705 1968 1746 pestem
1983 1726 1992 1741 ,
2007 1705 2057 1737 sed

1101 1743 1287 1783 reliquorum
1304 1743 1417 1774 similes
1427 1747 1526 1775 exitus
1536 1755 1733 1786 tyrannorum
1746 1757 1892 1787 :quorum
1906 1748 1982 1779 haud
1992 1748 2057 1779 fere

1098 1785 1256 1824 quisquam
1270 1787 1427 1815 interitum
1438 1785 1567 1817 similem
1576 1786 1690 1828 effugit.
1702 1790 1820 1819 MAnus
1832 1799 1925 1819 i-:Nzivi
1938 1800 2056 1820 cusi-os

1101 1826 1303 1855 diuturnitatis
1313 1836 1411 1856 metus
1423 1836 1601 1869 :contraque
1611 1849 1620 1863 ,
1641 1831 1873 1864 benevolentia,
1893 1829 1991 1861 fidelis
2001 1829 2055 1865 est,

1098 1866 1145 1895 vel
1168 1867 1203 1896 ad
1219 1870 1458 1907 perpetuitatem.
1479 1869 1537 1899 Sed
1556 1872 1594 1900 iis
1604 1890 1612 1904 ,
1633 1873 1685 1911 qui
1701 1873 1734 1902 vi
1753 1872 1906 1912 oppressos
1925 1875 2056 1914 imperio

1098 1909 1237 1938 co'e'rcent
1248 1928 1256 1942 ,
1275 1908 1309 1939 sit
1319 1912 1386 1940 sanc
1397 1910 1564 1942 adhibenda
1573 1912 1686 1943 saevitia
1700 1933 1709 1947 ,
1734 1922 1766 1943 ut
1777 1916 1854 1944 heris
1863 1918 1896 1945 in
1909 1914 2053 1950 famulos,

1100 1947 1120 1978 fi
1138 1950 1225 1980 aliter
1242 1954 1335 1981 teneri
1355 1961 1419 1981 nen
1441 1952 1572 1992 possunt.
1590 1954 1724 1995 quivero
1741 1957 1771 1985 in
1783 1956 1873 1987 libera
1882 1959 2054 1989 civitateita

1098 1991 1127 2021 se
1145 1991 1319 2027 instruunt,
1341 2002 1373 2023 ut
1393 2003 1566 2025 metuantur
1582 2006 1587 2025 :
1606 1998 1654 2026 his
1664 1998 1742 2027 nihil
1754 1997 2055 2038 ess'epotestdemen-

1091 2035 1159 2063 tius.
1183 2037 1321 2073 quamvis
1341 2037 1426 2065 enim
1449 2036 1591 2068 demersae
1614 2037 1671 2068 sint
1689 2039 1768 2079 leges
1789 2040 1912 2079 alicujus
1927 2041 2049 2081 opibus,

1088 2076 1413 2114 quamviswiimefaaeta
1424 2077 1720 2121 libertas,emergunt
1731 2091 1831 2111 tamen
1843 2084 1904 2113 haec
1913 2084 2052 2124 aliquan-

1089 2117 1128 2146 do
1147 2126 1196 2146 aut
1214 2118 1337 2157 judiciis
1361 2121 1459 2149 tacitis
1469 2140 1477 2153 ,
1499 2129 1548 2150 aut
1570 2125 1695 2152 occultis
1714 2123 1750 2152 de
1762 2124 1878 2154 honore
1890 2123 2046 2165 suffragiis.

1089 2161 1266 2190 Aenioruts
1277 2169 1375 2191 autem
1388 2162 1504 2192 morsus
1515 2163 1581 2194 sunt
1591 2162 1766 2195 intermiffae
1778 2165 1922 2197 libertatis
1933 2186 1941 2200 ,
1955 2167 2048 2207 quam

1916 2217 2046 2239 retentae.

1128 2260 1168 2277 io.
1187 2254 1229 2279 Ad
1239 2258 1317 2280 exitus
1324 2257 1477 2287 pervehimur
1485 2260 1602 2290 optatos.)
1623 2258 1666 2282 Sic
1680 2261 1691 2282 ν
1702 2257 1792 2284 ictor-ii
1806 2277 1813 2289 ‚
1826 2259 1948 2284 Lambini
1961 2278 1968 2290 ,
1981 2258 2047 2285 Aldi

1087 2288 1202 2324 Nepotis
1213 2289 1308 2316 editio.
1327 2292 1492 2326 antiquiores
1503 2300 1589 2319 tamen
1607 2294 1759 2325 provehimur
1771 2313 1779 2325 ‚
1798 2294 1869 2328 quod
1890 2295 1917 2319 δεῖ
1937 2294 1962 2320 iii
1976 2295 2046 2321 Pali.

1085 2323 1241 2361 aliquotque
1251 2326 1310 2352 aliis
1323 2326 1380 2352 mll'.
1390 2328 1529 2355 annot-ivit
1540 2328 1719 2361 Gulielmius,
1727 2332 1825 2362 pervehi
1833 2339 1866 2357 ex
1877 2330 1932 2357 alto
1942 2331 1968 2357 in
1980 2340 2045 2367 por—

1087 2363 1262 2394 tum,pro-rehi
1272 2372 1305 2388 ex
1316 2370 1394 2398 portu
1405 2363 1431 2390 in
1443 2364 1538 2390 altuni.

1124 2405 1164 2422 11.
1175 2399 1308 2432 Etfiquem
1317 2400 1437 2434 dignum]
1450 2401 1493 2426 Sic
1504 2400 1640 2427 nonnullae
1650 2400 1793 2431 editiones.
1805 2409 1835 2428 ut
1845 2403 1872 2428 δε
1885 2403 2044 2430 Camerarii.

1085 2439 1112 2458 at
1123 2432 1237 2473 vietor-ii
1247 2434 1345 2461 omiffis
1355 2434 1457 2462 duobus
1468 2436 1600 2472 prioribus
1612 2437 1697 2463 vei-bis
1710 2457 1717 2469 ,
1728 2448 1837 2473 quemque
1846 2439 1939 2472 dignum
1951 2459 1959 2472 ,
1971 2436 2044 2476 quod

1084 2468 1110 2494 &
1122 2478 1148 2495 iii
1160 2469 1245 2496 Palat.
1256 2472 1292 2497 D.
1303 2472 1344 2497 M.
1355 2472 1386 2498 F.
1398 2471 1463 2498 item
1473 2473 1641 2509 impressione
1653 2474 1775 2500 Romana
1786 2476 1880 2509 prima.

1122 2513 1164 2531 12.
1175 2506 1544 2543 Laigitionis‚promiffionifiquej
1557 2509 1916 2544 Vulgpromffonihufiluestd
1926 2511 2041 2538 alterum

1084 2539 1164 2567 haeret
1174 2542 1200 2568 in
1211 2541 1254 2567 ed.
1265 2541 1337 2568 vict.
1349 2544 1377 2569 Sc
1388 2544 1444 2570 inss'.
1458 2546 1497 2570 M.
1510 2546 1540 2571 F.
1553 2545 1585 2571 D.
1607 2546 1727 2580 olimque
1738 2546 1802 2572 culis
1815 2566 1824 2578 ,
1843 2547 1907 2573 iteui
1921 2547 2042 2575 Pallec.

1122 2585 1164 2612 13.
1184 2580 1301 2604 [meritus
1310 2579 1419 2604 declarat
1431 2599 1438 2612 ‚
1448 2588 1565 2614 quantum
1577 2600 1584 2613 ‚
1593 2582 1662 2615 &ej
1683 2583 1785 2608 Locum
1798 2582 1867 2609 hunc
1878 2584 2041 2611 Gulielmius

1081 2614 1237 2649 compungit
1248 2615 1347 2641 notulis
1359 2624 1411 2641 non
1428 2617 1558 2643 Threiciis
1571 2636 1579 2649 ,
1598 2616 1639 2643 std
1652 2617 1691 2643 his
1709 2618 1802 2644 nostris
1812 2618 1939 2646 censoriis
1950 2629 1958 2650 ς
1981 2628 2042 2648 tau·-

1080 2657 1159 2684 quam
1172 2649 1329 2677 hauddubie
1339 2651 1464 2679 mutilum
1475 2652 1572 2679 clamet
1584 2653 1695 2680 varietas
1707 2653 1849 2685 leffioiiis3
1871 2655 1921 2682 alia
1931 2656 2039 2691 quidem

1080 2684 1148 2720 apud
1161 2686 1293 2721 Langium
1306 2705 1315 2718 ,
1332 2687 1385 2713 alia
1394 2688 1421 2714 iii
1435 2688 1491 2714 mss.
1512 2689 1568 2723 ejus
1581 2697 1588 2719 ς
1609 2689 1655 2716 ista
1667 2699 1779 2725 nempe3
1801 2694 1848 2716 Nec
1856 2693 1913 2717 verb
1922 2694 1993 2726 hnjm
2003 2700 2040 2726 ry-

1079 2722 1181 2755 ranm's.
1192 2733 1215 2756 q.
1228 2732 1255 2748 a.
1267 2731 1302 2756 op.
1309 2730 1372 2756 pert.
1383 2726 1472 2749 civitas
1481 2743 1490 2755 ,
1502 2732 1602 2758 apparet
1611 2727 1679 2760 cujus
1692 2729 1798 2752 maxima
1805 2731 1883 2759 portui
1891 2731 2004 2754 interitus
2014 2730 2040 2755 di

1076 2759 1169 2790 claras,
1178 2766 1304 2793 quantum.
1326 2759 1462 2790 tentabam
1479 2763 1580 2794 pertulit
1600 2764 1687 2787 civitas
1699 2781 1707 2793 ‚
1727 2770 1842 2796 apparere
1851 2765 1926 2791 cuivis
1935 2765 2039 2791 maxime

1073 2797 1150 2825 potuit
1161 2812 1168 2826 ,
1187 2802 1313 2829 quantum.
1333 2795 1361 2821 ὅ(
1375 2795 1503 2832 aptissime
1523 2796 1629 2833 quidem
1642 2798 1691 2824 hoc
1702 2798 1841 2834 respondet
1859 2799 1890 2826 iis
1900 2809 1957 2836 quae
1968 2809 2037 2837 prae-

1077 2828 1175 2857 cedunt
1186 2839 1193 2861 ς
1216 2829 1257 2856 sed
1271 2838 1357 2857 tamen
1369 2839 1397 2858 tu
1417 2833 1505 2868 cogita
1516 2851 1524 2865 ‚
1544 2833 1650 2859 erudite
1669 2833 1766 2860 le&or.
1787 2835 1922 2862 Palatinus
1934 2838 2035 2872 primus

1077 2873 1129 2891 non
1139 2865 1267 2902 discrepat
1278 2868 1293 2893 ἐι
1308 2867 1415 2902 vulgato
1426 2887 1436 2901 ,
1454 2869 1500 2895 nisi
1512 2868 1583 2904 quod
1604 2878 1667 2896 inox
1686 2869 1814 2897 excludat
1832 2879 1923 2898 vocem
1937 2874 2037 2906 similes.

1075 2900 1227 2937 iterumque
1237 2902 1289 2929 fine
1300 2903 1400 2938 periodi
1411 2904 1521 2931 eandem
1531 2904 1678 2931 diffinirem
1690 2907 1789 2940 similem
1801 2926 1809 2937 ,
1829 2907 1881 2934 sive
1897 2910 1968 2934 talem
1979 2928 1987 2941 ,
2007 2917 2038 2936 ut

1077 2938 1200 2964 nonnulli
1212 2938 1390 2974 publicarunt.
1410 2941 1537 2967 &utrum
1561 2950 1592 2967 ue
1605 2941 1712 2968 verbum
1731 2941 1814 2968 abesse
1823 2943 1947 2979 profeClo
1959 2952 2037 2980 pote—

1078 2980 1118 2999 rat
1127 2972 1255 3001 sententia
1266 2974 1343 3001 salva.
1365 2976 1450 3003 l’alat.
1461 2976 1534 3003 secun
1560 2978 1686 3013 .praefert
1699 2989 1704 3005 :
1727 2981 1818 3004 civitas
1829 2999 1838 3012 ‚
1857 2989 1959 3013 apparet
1968 2983 2036 3015 cujus

1078 3010 1178 3036 maxim?
1182 3014 1291 3042 protervi
1298 3014 1415 3037 imeritus
1423 3012 1543 3045 declarat,
1551 3014 1604 3045 &a

1116 3052 1157 3078 14.
1176 3047 1305 3079 Timefass‘a
1312 3048 1438 3082 liberm]
1459 3048 1590 3076 Publicati
1599 3057 1661 3077 ante
1671 3048 1823 3078 Visioriiim
1835 3053 1984 3086 tremissam«,
1995 3053 2035 3078 ei-

1075 3090 1126 3116 que
1136 3080 1270 3118 scriptura:
1281 3083 1409 3110 accedunt
1427 3094 1534 3121 quoque
1551 3086 1728 3118 membranoe,
1752 3087 1820 3113 haud
1832 3095 1919 3115 tamen
1940 3088 2035 3123 desunt

1072 3117 1100 3146 iii
1113 3117 1206 3154 quibus
1217 3118 1314 3148 haereat
1324 3119 1452 3185 εὐτυ-Ἥ.
1474 3125 1546 3148 certe
1557 3122 1596 3149 ita
1606 3122 1662 3152 Pal.
1675 3125 1703 3151 ὃ(
1714 3124 1805 3154 Maur.
1815 3124 1963 3160 exemplar.

1323 3158 1325 3160 '
1451 3165 1466 3184 i·
1475 3166 1488 3185 i·
1497 3166 1510 3185 i·
1521 3167 1533 3186 r
1543 3167 1556 3186 i·
1566 3167 1581 3186 r
1937 3161 2039 3188 iscam·
