2337 3400
126 705 163 730 15

176 159 273 222 636
341 159 424 201 An
459 152 594 198 Pop.
627 159 705 194 13⁸1·
739 121 1691 206 EQirns‘R0M.AN·i·2Q1122-1·
1726 156 1793 190 iit
1827 155 2004 190 Exn„

181 237 316 278 meisque
324 233 470 265 fortunis:
489 227 611 260 resistite
630 226 791 259 tribunitio
809 225 922 256 furori:
939 221 1141 254 faveteinno-
1178 222 1336 253 benaici-n.

181 288 287 312 centia:
300 297 308 310 ‚
329 275 483 306 subvenite
493 270 649 302 solitudini
660 289 668 303 ‚
682 268 871 299 miseremini
882 264 1061 297 seneehitis:
1083 273 1141 293 no-

181 322 233 351 lite
245 328 313 349 cum
329 316 492 356 supplicem
509 313 525 343 {i
541 313 632 343 vobis
644 310 802 342 absterrere
814 330 823 343 ,
844 306 1045 339 &excludere
1060 324 1069 339 ‚
1087 306 1142 346 qui

183 366 215 393 -ὶη
228 362 278 392 suo
290 358 458 399 magistratu
474 353 627 386 funestam
639 353 736 384 facem
750 353 765 383 {i
776 350 879 382 vestris
892 349 1000 390 repulit
1010 349 1143 388 templis.

182 405 258 434 ·.-'.iC.
270 404 368 431 Mario
384 398 500 430 auxilio
511 395 610 427 fuistis
621 415 629 430 ‚
647 394 730 437 quod
748 397 781 424 in
798 394 881 424 clivo
893 390 1068 432 Capitolino
1083 392 1143 419 im-

185 443 352 485 proborum
363 443 478 471 civium
488 438 599 470 caedem
610 437 717 469 fecerat
730 447 735 466 :
746 435 766 466 si
774 436 958 475 P.Scipioni,
967 431 1049 473 quod
1061 433 1145 461 Han-

183 485 294 517 nibalis
313 481 507 514 furibundam
526 489 662 511 mentem
682 479 698 509 ἐι
717 477 822 509 vestris
840 476 949 517 repulit
965 474 1104 514 templis:
1125 470 1147 501 sl

185 528 318 567 denique
332 528 386 555 Cn,
398 525 543 563 Pompejo
554 542 563 557 ‚
582 522 663 563 quod
674 530 748 551 terra
759 540 768 554 ‚
781 521 916 559 marique
927 515 1147 548 bosteisreddi-

185 570 229 600 dit
245 577 378 608 pacatos:
401 564 439 596 fic
461 575 543 595 nunc
562 567 594 594 in
609 565 687 594 meis
701 562 918 594 calamitatibus
933 560 1064 599 aliquam
1075 557 1148 587 ferte

184 620 263 650 opem
278 610 428 642 divinam,
449 617 480 638 ut
497 607 569 647 saepe
581 606 750 637 multorum
762 607 794 634 in
813 599 1089 643 periculisfecistis:
1110 597 1148 629 slc

187 654 312 683 nuncin
325 653 402 680 meis
421 650 550 680 miseriis
567 648 708 678 divinum
722 645 844 687 aliquod
854 645 1003 675 auxilium
1017 662 1026 675 ‚
1049 641 1082 671 &
1092 650 1149 671 nu·

188 704 260 725 men
271 693 428 724 ostendite.
453 690 574 721 Deinde
585 700 640 720 vos
650 709 659 723 ,
678 698 810 730 quorum
822 685 948 727 potestas
963 684 1103 724 proxime
1113 682 1148 712 ad

187 737 315 767 deorum
326 734 548 764 immortalium
561 741 677 763 numen
688 730 802 761 accedit
812 749 820 762 ,
833 739 887 758 oro
898 748 905 761 ‚
919 736 1005 767 atque
1015 724 1149 757 obsecro,

186 778 297 819 quibus
315 775 488 818 singillatim
509 775 581 815 saepe
601 773 726 813 supplex
746 771 781 802 ad
800 771 889 811 pedes
908 769 1003 807 jacui,
1024 775 1057 797 ut
1075 776 1147 796 eum

186 830 277 861 quem
294 817 398 860 singuli
413 816 534 848 stratum
549 836 558 850 ,
576 825 663 856 atque
681 813 832 853 abjeetum
853 808 1044 842 sublevastis,
1067 817 1149 838 nunc

189 859 320 893 universi
339 859 550 890 conservatum
567 859 677 888 velitis.
709 857 739 887 Si
758 855 915 884 neminem
934 860 1079 892 umquam
1098 859 1151 879 ve-

188 902 284 936 strum
302 901 359 932 laesi
370 921 378 936 ‚
399 899 419 931 si
439 902 557 930 nemini
571 900 729 929 innocenti
745 896 850 929 obfui,
870 893 992 924 siet'iam
1003 894 1148 923 econtra-

187 948 235 977 rio
247 965 255 979 ‚
275 954 308 975 ut
326 944 450 984 quisque
470 943 619 973 auxilium
636 949 741 970 mcum
754 937 929 968 desideravit
941 956 950 970 ‚
970 944 1062 975 opem
1071 932 1149 963 ferre

188 998 254 1019 non
267 986 421 1017 dubitavi:
442 983 461 1014 si
482 984 612 1024 denique
624 1002 632 1015 ,
652 989 849 1022 quaecumque
866 976 1092 1009 administravi,
1111 984 1150 1004 ex

187 1029 285 1062 vestra
293 1027 467 1058 auiloritate
480 1045 489 1059 ,
504 1025 537 1055 &
548 1028 667 1055 Parrum
678 1023 929 1062 Conscriptorum
940 1020 1096 1050 voluntate
1105 1016 1151 1046 fe-

188 1075 218 1103 ci
229 1082 234 1100 :
247 1069 373 1100 si-malui
382 1069 582 1098 inimicorum
594 1065 767 1106 cupiditati,
780 1068 869 1105 quam
881 1064 952 1102 reip.
964 1061 998 1091 ὃς
1007 1061 1151 1101 legitimae

187 1112 359 1144 auetoritati
369 1119 474 1150 poenas
484 1106 604 1139 sufferre
619 1118 624 1136 ι
644 1116 677 1137 ut
687 1105 866 1137 existimetis
876 1114 914 1135 ex
925 1104 979 1133 illo
988 1097 1151 1132 crudelissi-

189 1166 245 1186 mo
254 1154 453 1184 inimicorum
467 1153 583 1190 impetu
594 1158 729 1189 ereptum
741 1168 750 1183 ‚
770 1149 972 1187 inantiquum
985 1143 1093 1174 statum
1104 1141 1152 1171 di-

189 1197 311 1239 gnitatis
323 1193 437 1224 restitui
447 1194 621 1223 convenire.
638 1191 695 1222 Sed
704 1192 851 1231 quoniam
863 1197 959 1228 neque
969 1186 1046 1215 mihi
1057 1181 1150 1213 libere

190 1237 335 1279 loquendi
347 1255 355 1269 ‚
377 1245 475 1277 neque
485 1234 572 1264 vobis
581 1234 746 1264 clementer
755 1230 897 1262 audiendi
909 1249 921 1263 ,
938 1237 1037 1268 neque
1048 1226 1152 1256 omni-

190 1291 234 1312 no
243 1277 399 1320 judicandi
411 1297 419 1311 ‚
431 1285 594 1317 paucorum
606 1274 706 1305 furore
716 1295 725 1309 ,
737 1274 770 1304 &
780 1273 899 1304 audacia
909 1291 917 1304 ,
931 1269 1007 1300 saera
1015 1267 1058 1298 est
1068 1275 1152 1307 pote·

192 1322 258 1353 ssas:
269 1320 316 1352 sed
327 1317 460 1360 oppressa
469 1317 511 1348 est
521 1318 594 1358 resp.
606 1319 697 1348 armis
709 1336 717 1350 ,
731 1325 813 1346 metu
823 1313 975 1345 debilitata
985 1311 1098 1343 servili,
1107 1311 1150 1340 uti

192 1364 324 1394 liberum
345 1363 483 1401 spiritum
499 1359 631 1390 ducendi
646 1359 763 1389 nullam
774 1357 878 1388 habeat
886 1352 1084 1396 potestatem:
1103 1360 1152 1381 ce-

192 1407 264 1437 dam
276 1405 404 1434 inermis
414 1403 532 1433 armatis
541 1422 549 1435 ,
567 1403 713 1432 innocens
725 1398 906 1431 nocentibus
916 1397 1068 1437 ..privatus
1076 1392 1154 1423 furi-

193 1446 299 1478 bundo
310 1444 503 1486 magistratui.
525 1446 635 1484 Neque
645 1445 728 1473 enim
739 1440 929 1482 QMetellus
941 1437 1106 1479 quidquam
1116 1435 1153 1466 de

194 1491 308 1521 virtute
320 1488 365 1518 sua
375 1487 504 1518 detraxit
514 1505 522 1519 ‚
537 1485 620 1527 quod
629 1483 708 1516 ceffit
719 1483 894 1515 L-Saturnio
903 1480 1017 1511 furenti
1031 1489 1037 1507 t
1056 1487 1155 1519 neque

196 1534 339 1563 C.Cotta‚‘
361 1528 442 1570 quod
454 1530 586 1567 Q.Vario
596 1527 719 1557 tribuno
729 1526 809 1566 pleb.
821 1523 963 1554 inferiore
972 1530 1080 1563 genere
1089 1528 1156 1550 orto

168 1581 169 1584 ’
194 1572 362 1605 cedendum
376 1573 508 1611 putavit:
528 1579 625 1611 neque
635 1570 787 1599 C.Marius
799 1577 804 1595 z
822 1567 893 1607 qui,
904 1573 1028 1606 quantas
1038 1571 1084 1593 res
1092 1561 1156 1602 ges-

196 1616 268 1647 serit
275 1634 284 1648 ,
306 1612 400 1643 vestra
407 1612 496 1643 vobis
505 1611 624 1641 libertas
634 1611 641 1648 j
647 1609 751 1640 udicio
760 1607 819 1638 effe
828 1610 937 1648 poterit
948 1617 953 1635 :
975 1613 1074 1645 neque
1083 1601 1155 1634 vero

199 1656 371 1687 M’ruilius
384 1655 472 1685 suum
483 1654 621 1683 animum
633 1651 726 1682 vestra
734 1650 913 1681 abalienavit
923 1644 1154 1689 potestate‚cum

1316 266 1320 269 η
1359 222 1566 262 Qamobrem
1586 223 1677 255 testor
1693 224 1766 256 deos
1777 244 1786 260 ,
1808 224 1934 266 deasque
1944 223 2136 256 omneisim-

1183 264 1338 295 mortaleis
1348 283 1357 298 ‚
1372 263 1538 306 vestrasque
1549 267 1685 297 maxime
1695 269 1825 298 menteis
1835 288 1844 301 ,
1863 277 1916 298 me
1926 277 1990 297 non
2002 269 2070 298 vitae
2081 273 2144 297 tur-

1185 306 1322 355 pitudine·
1333 325 1341 339 »
1357 315 1420 353 uon
1431 315 1484 350 ΡΨ
1493 308 1700 353 magnitudine
1712 309 1855 340 scelerum
1869 329 1877 344 ‚
1889 319 1954 340 non
1967 318 2087 349 propter
2096 317 2146 337 re·

1184 351 1273 389 liquae
1289 356 1383 394 aetatis
1401 349 1559 395 ini-amiam
1571 357 1674 388 poenas
1684 352 1750 390 jure
1766 351 1799 381 &
1816 352 1881 392 lege
1889 351 2073 392 persolvere:
2096 349 2146 380 sed

1185 399 1304 431 propter
1314 398 1434 419 Virtutis
1444 389 1591 419 invidiam
1603 409 1612 424 2
1632 401 1753 432 propter
1766 393 2012 432 jucundissimam
2029 392 2148 433 ingenii

1186 433 1304 480 laudem
1321 451 1330 478 ,y
1347 440 1468 478 propter
1483 433 1725 471 magnitudinem
1740 444 1839 464 rerum
1852 435 1998 476 gestarum
2011 454 2019 468 ‚
2042 433 2151 465 crude-

1188 472 1296 520 ]iffime
1307 481 1428 503 civitate
1439 474 1560 513 privari.
1581 474 1673 511 Quod
1683 474 1702 504 fi
1716 475 1797 506 idem
1809 477 1914 507 accidit
1923 472 2150 516 QrCaepioniAi

1188 519 1334 546 Mancino
1345 513 1396 562 '.s¹
1406 515 1545 549 Rutilio;
1565 517 1642 545 mihi
1663 526 1784 557 quoque
1794 519 1853 548 hoc
1865 517 1999 549 accidiffe
2011 528 2074 548 non
2086 525 2151 546 rna-

1186 567 1317 603 gnopcre
1327 566 1382 586 erit
1392 556 1567 586 mirandum
1579 575 1589 590 ‚
1607 556 1679 587 curn
1693 559 1855 598 praesertim
1873 570 1936 590 non
1951 570 2054 601 genem
2071 558 2153 588 anti-

1187 607 1302 641 quitate
1310 619 1317 632 ‚
1333 599 1381 629 sed
1392 601 1510 629 virtutis
1520 608 1706 629 ornamentis
1716 601 1867 630 summam
1881 602 1999 632 laudem
2010 601 2063 631 sim
2073 609 2152 632 con-

1186 644 1310 673 secutus.
1324 643 1416 671 Nunc
1424 650 1480 681 ego
1491 650 1545 670 vos
1555 643 1676 681 Equites
1686 644 1781 671 Rom.
1793 642 1938 677 obtestor,
1949 653 2079 684 quorum
2088 645 2152 674 vir-

1187 694 1248 715 tute
1258 693 1374 713 nornen
1386 685 1565 713 Romanum
1578 682 1736 713 viROi-'iam
1748 693 1818 713 cum
1841 684 1926 714 laude
1939 683 2062 724 poffidet
2076 692 2155 715 con-

1185 725 1321 766 junfihim
1333 744 1341 757 .
1362 733 1494 764 quorum
1512 722 1598 754 faffis
1614 726 1779 765 gloriantur
1797 726 1879 755 cives
1890 745 1898 759 ‚
1921 726 2055 756 laetantur
2066 725 2153 758 socii,

1187 776 1315 810 gemunt
1325 766 1442 797 hostes:
1461 775 1513 801 ut,
1534 764 1555 795 fi
1575 775 1642 807 erga
1660 774 1714 796 vos
1729 768 1817 797 omni
1832 776 1966 807 tempore
1980 767 2098 807 optime
2106 765 2155 796 fui

1187 818 1336 840 animatus
1346 828 1355 842 ‚
1379 807 1399 838 si
1414 818 1480 838 mea
1490 808 1621 848 pericula
1631 809 1753 849 neglexi
1765 828 1773 842 ‚
1795 809 1870 839 dum
1882 818 2026 839 timorem
2038 810 2053 839 a
2064 810 2156 849 patria

1187 851 1390 893 propulsarem
1403 861 1408 879 z
1420 848 1440 879 si
1451 860 1533 890 aeque
1546 849 1649 880 liberis
1659 849 1761 880 vestris
1771 852 1909 891 prospexi
1921 871 1929 886 ‚
1941 862 1973 882 ac
1984 861 2038 881 vos
2047 859 2156 891 paren-

1190 893 1272 924 tibus
1289 891 1454 923 consuestis
1468 902 1473 920 :
1493 901 1525 922 ut
1543 901 1625 922 nunc
1639 902 1688 922 me
1702 893 1801 923 velitis
1813 892 1919 924 vestris
1930 893 2036 933 opibus
2050 891 2158 923 defen·

1191 936 1256 966 sum
1268 955 1277 968 ,
1299 935 1533 965 incolumemin
1544 935 1597 964 hac
1606 936 1725 964 civitate
1740 937 1868 966 retinere
1881 947 1885 964 ;
1906 946 1972 976 quae
1983 934 2054 965 cum
2067 936 2082 964 τὶ
2092 934 2159 964 sce-

1192 978 1281 1007 lerata
1296 977 1509 1016 conjuratione
1524 973 1596 1005 esset
1611 977 1730 1006 incensa
1741 996 1749 1010 ‚
1769 987 1839 1006 meo
1851 977 1945 1007 dueta
1955 987 1986 1007 ac
1997 977 2099 1007 labore
2109 985 2157 1006 re-

1192 1017 1299 1065 stineka
1320 1017 1380 1048 est:
1402 1027 1457 1048 nec
1468 1019 1626 1058 patiamini
1637 1028 1686 1048 me
1696 1018 1712 1048 ὲ
1721 1019 1822 1048 liberis
1834 1022 1910 1048 meis
1920 1017 2098 1049 abstraE'tum
2110 1037 2118 1052 ‚
2138 1019 2156 1052 ὲ

1187 1069 1316 1100 coniuge
1327 1060 1498 1099 abreptum,
1513 1059 1549 1089 ab
1558 1060 1764 1100 aris‚focisque
1775 1062 1971 1091 innocentem
1986 1060 2158 1100 proieaum

1188 1104 1283 1132 vitam
1297 1102 1401 1142 degere
1417 1103 1450 1130 in
1460 1101 1597 1134 exsulio,
1613 1102 1775 1132 miserrimi
1788 1106 1923 1132 mortalis
1933 1103 2034 1133 casum
2046 1095 2156 1133 subire.

1189 1142 1480 1188 ProjiciturTullius
1491 1144 1523 1171 in
1534 1142 1696 1172 exsolium.
1718 1147 1758 1173 At
1770 1145 1786 1173 ὲ
1796 1147 1877 1184 quo?
1901 1147 2051 1174 nimirum
2061 1153 2156 1174 inno-

1189 1184 1305 1232 censab
1315 1186 1445 1214 inimico
1455 1203 1464 1216 ‚
1483 1184 1639 1223 religiosus
1651 1187 1666 1215 ii
1675 1184 1814 1215 scelerato
1825 1205 1834 1218 ,
1856 1185 2022 1216 benevolus
2033 1187 2102 1216 huic
2110 1187 2157 1216 ci-

1190 1235 1275 1257 vitati
1284 1225 1320 1256 ab
1331 1224 1426 1256 hoste.
1450 1227 1477 1255 O
1489 1225 1594 1269 misera
1605 1228 1673 1257 vitae
1685 1229 1760 1256 ratio
1771 1246 1779 1260 ‚
1800 1237 1867 1266 quae
1881 1227 1996 1257 tamdiu
2006 1226 2112 1257 resides
2124 1229 2160 1258 in

1191 1269 1363 1314 voluptate,
1375 1267 1520 1308 quamdiu
1530 1267 1659 1298 fortunae
1670 1269 1766 1308 poscit
1775 1268 1871 1298 libido
1889 1271 1894 1297 !
1907 1279 2002 1311 egone
2013 1271 2161 1299 inimicus

1191 1312 1268 1357 huic⁴
1280 1310 1416 1340 civitati?
1433 1309 1655 1350 quamobrem?
1674 1312 1745 1351 quia
1762 1312 1907 1340 inimicos
1922 1313 2036 1341 necavi.
2061 1319 2159 1351 egone

1191 1351 1287 1400 liostis
1298 1354 1308 1381 ?
1318 1352 1391 1392 quid
1403 1353 1441 1382 ita
1450 1355 1460 1381 ?
1470 1354 1540 1392 quia
1548 1351 1646 1382 hostes
1656 1351 1804 1382 interfeci.
1821 1355 1866 1383 En
1876 1352 2088 1383 conditionem
2100 1354 2161 1382 hu-

1189 1404 1238 1435 jus
1257 1396 1414 1434 temporis:
1438 1403 1523 1424 antea
1531 1393 1626 1434 glorta
1638 1394 1764 1427 &laude
1777 1393 1946 1436 dignissimi
1959 1394 2157 1429 ducebantur,

1191 1438 1245 1478 qui
1256 1437 1317 1466 haec
1326 1435 1530 1476 perfecerunt:
1544 1446 1626 1466 nunc
1634 1437 1766 1467 scelerati
1777 1436 1809 1466 ὃς
1820 1436 1971 1476 parricidae
1980 1434 2038 1466 effe
2048 1435 2161 1467 dicun-

1193 1487 1243 1509 tur
1253 1497 1266 1512 ,
1285 1481 1339 1518 qui
1357 1479 1420 1508 haec
1438 1476 1696 1508 administrarant.
1719 1480 1785 1508 Sint
1796 1478 1865 1508 sane
1875 1478 2004 1509 scelerati
2017 1489 2023 1507 :
2042 1478 2162 1518 superet

1194 1519 1321 1568 istorum
1331 1519 1458 1550 vietoria
1471 1539 1480 1553 ,
1499 1517 1519 1548 si
1534 1519 1629 1551 mode>
1642 1519 1768 1550 visitoria
1782 1519 1956 1561 appellanda
1968 1519 2011 1550 est
2023 1539 2032 1554 ,
2053 1522 2086 1549 in
2102 1529 2163 1560 qua

1192 1564 1321 1594 civitatis
1335 1560 1413 1592 inest
1427 1560 1524 1591 lueriis
1536 1581 1544 1594 ‚
1567 1563 1693 1593 habeant
1705 1563 1780 1592 hanc
1791 1562 1922 1602 palmam
1934 1572 1972 1592 ex
1987 1563 2168 1592 innocentis

1194 1613 1308 1635 cruore.
1331 1606 1468 1634 Tantum
1479 1604 1494 1632 a
1505 1603 1591 1634 vobis
1601 1604 1677 1634 illud
1688 1623 1697 1637 ‚
1709 1605 1833 1643 Equites
1843 1606 1938 1633 Rom.
1949 1612 2019 1643 peto
2029 1603 2062 1632 &
2073 1611 2159 1644 rogo,

1199 1654 1251 1679 ut,
1264 1655 1355 1686 quem
1368 1646 1573 1685 saepenumero
1584 1645 1678 1675 vestra
1689 1645 1776 1675 laude
1786 1643 2014 1679 cohonestastis,
2025 1643 2161 1678 eundem

197 1701 382 1742 praecipuum
393 1697 480 1730 vobis
500 1693 614 1737 obsidem
628 1695 645 1728 s
642 1695 671 1726 ui
683 1694 778 1727 animi
790 1711 799 1728 ‚
817 1690 946 1724 vestram
955 1689 1109 1733 reliquerit
1121 1688 1158 1724 li=
1198 1689 1233 1723 in
1241 1687 1343 1724 dubiis
1357 1689 1425 1724 vitae
1433 1687 1576 1731 periculis
1587 1687 1681 1722 vestra
1691 1688 1799 1722 virtute
1809 1687 2003 1721 conservetis.

1922 2908 2174 2979 MARci
