2360 3400
702 46 1568 93 FRAGMENTA.

1980 63 2097 112 13¹3

139 140 230 166 mus,v
252 135 378 171 eamque
397 124 636 160 admonuimus,
655 133 689 156 ut
707 124 921 166 quodcumque
930 133 1006 164 opus
1016 122 1100 157 effer,
1123 127 1204 166 ¹erga
1214 125 1403 166 Lysandrum
1425 135 1512 169 atque
1531 127 1683 159 humanus
1701 136 1753 160 rex
1764 126 1841 162 fuit,
1867 126 1938 159 &ei
1948 129 2101 170 quendam

137 174 226 205 sciret
235 172 314 204 unde
325 171 424 201 daret:
442 169 474 199 &
486 165 671 199 meminisset
679 176 764 208 atque
774 166 930 197 adnotaret
939 185 947 200 ‚
958 165 1031 207 quid
1042 187 1050 199 ‚
1064 165 1097 196 ὃς

138 214 279 255 quando,
303 213 337 243 &
353 213 403 243 cui
421 209 544 242 dediffet
557 231 566 245 ,
588 210 622 241 ὃς
640 208 712 241 cum
729 206 900 249 recepisset,
921 216 953 238 ut
965 207 1097 250 quidque

138 257 194 288 suo
203 256 272 286 loco
281 264 446 296 reponeret.

359 298 403 325 M.
434 297 603 326 Τσιωι
633 295 878 324 Crcznonrs

139 338 594 371 OECONOMICORUM
633 337 697 366 EX
741 334 1100 366 XENOPHONTE

516 380 542 408 L
553 388 563 407 ι
576 388 594 407 13
604 387 624 407 ε
633 387 656 407 R
673 379 688 407 1
696 379 720 407 1.

180 425 312 454 Cocum.
324 420 374 451 lib.
387 431 416 451 2.
427 428 487 462 cap.
504 419 548 461 1.]
573 419 725 450 Utrumne
734 417 946 450 Ischomache,
959 418 1096 457 inquam,

138 462 160 495 fi
181 474 226 494 res
244 463 401 495 familiaris
419 460 603 492 desiderasset
612 480 622 494 ,
653 461 775 490 mercari
794 460 932 490 villicum
957 468 1097 499 tanquam

135 505 271 540 fabrum,
281 516 320 536 an
329 505 390 545 ipse
399 503 553 534 instituere
564 501 745 533 consuevisti
757 502 767 528 ?
778 504 841 542 Ego
855 500 927 530 vero
939 501 1000 539 ipse
1011 499 1097 530 insti-

138 557 202 579 tuo.
227 549 352 579 Etenim
369 548 421 586 qui
444 555 493 574 me
509 545 631 576 absente
650 545 682 573 in
700 553 806 573 meum
827 544 928 573 iocum
942 541 1098 572 substitui-

137 597 186 620 tur
199 610 208 623 ,
219 590 252 620 &
261 590 390 620 vicarius
398 596 475 617 meae
484 586 647 628 diligentiae
659 585 786 616 succedit
798 605 808 619 ,
822 586 846 616 is
860 593 892 615 ea
902 593 968 625 quae
977 594 1032 624 ego
1041 583 1097 614 sci-

135 641 169 664 re
182 631 281 662 debet.

455 672 480 700 E
510 679 525 708 J
555 680 579 700 u
609 680 622 700 s
652 679 673 699 n
704 679 724 698 Ε
756 678 783 698 M

135 713 595 746 OECONOMICORUM
625 713 682 742 EX
715 711 1096 743 XENOPHONTE‚

495 755 521 783 L
534 763 544 782 r
557 764 573 782 Β
584 763 602 783 ε
614 763 634 782 n
667 755 736 782 111.

177 794 491 835 Nomoanrerfici]
516 795 615 824 Nullo
634 794 729 824 modo
744 793 863 824 facilius
881 792 1005 823 arbitror
1014 789 1096 832 poffe

134 850 235 882 neque
246 839 349 869 herbas
371 837 518 870 arescere,
541 836 576 867 &
595 834 741 866 interfici:
763 845 860 876 neque
871 844 977 865 terram
988 834 1024 865 ab
1035 834 1097 865 sole

136 883 293 924 percoqui.
688 920 692 924 ι
956 917 965 925 ἱ

181 926 309 963 Qun-r.
325 921 344 950 l.
360 931 406 951 12.
426 931 454 950 c.
467 929 495 957 5.
509 929 587 950 nort.
606 917 785 962 profligare]
809 918 888 948 cum
902 928 974 949 vero
995 916 1098 948 affecta

131 965 197 1006 jam
207 964 300 1005 prope
310 962 407 993 aestate
418 982 426 996 ‚
439 972 510 992 uvas
519 963 536 992 a
546 962 608 992 sole
617 961 770 992 mitescere
781 970 900 1000 tempus
909 959 961 990 est.

177 1008 294 1037 Maca.
305 1004 355 1035 lib.
369 1014 395 1045 3.
406 1013 464 1046 cap.
481 1003 544 1045 io]
579 1005 639 1042 Qui
661 1012 758 1043 neque
778 1002 845 1032 serit
863 1003 957 1032 vitem
968 1022 977 1036 ‚
1000 1010 1097 1042 neque

131 1058 199 1091 quae
211 1049 267 1079 sata
276 1047 328 1080 est.
340 1047 500 1087 diligenter
508 1046 590 1076 colit:
601 1046 718 1077 oleum.
730 1043 814 1077 ficus,
824 1053 914 1084 poma
926 1053 989 1074 non
1000 1043 1098 1074 habet.

176 1092 296 1121 Carus.
308 1088 358 1118 lib.
373 1088 416 1129 r]
439 1097 506 1127 apes
532 1090 563 1117 in
573 1088 735 1117 alvearium
745 1084 965 1116 concesserunt.

182 1134 312 1163 Cxcnno
323 1131 356 1160 de
365 1128 533 1170 fenestrata]
556 1129 636 1159 cum
657 1128 692 1158 ad
703 1131 816 1167 Cyrum
828 1130 981 1158 minorem
996 1135 1097 1167 regem

132 1174 289 1205 Persarum
302 1193 311 1207 ‚
330 1171 518 1212 praestantem
537 1172 662 1213 ingenio
674 1190 683 1204 ,
704 1180 791 1211 atque
803 1169 1026 1210 imperiigloria
1037 1170 1098 1207 Ly-

133 1215 239 1246 sander
248 1215 496 1246 Lacedaemonius
511 1232 520 1246 ‚
542 1215 588 1242 vir
607 1213 733 1243 summae
741 1220 859 1242 virtutis
870 1232 878 1245 ‚
897 1209 1024 1241 venisset
1034 1213 1097 1241 Sar-

133 1256 180 1288 dis
193 1260 279 1299 eique
290 1256 370 1288 dona
389 1256 405 1286 a
424 1255 516 1286 sociis
524 1252 680 1285 attulisset:
703 1255 736 1286 Sc
745 1255 848 1284 ceteris
858 1255 890 1284 in
900 1253 987 1284 rebus
998 1253 1098 1284 comis

172 1373 703 1461 FRUSTA
751 1438 770 1465 ‚
839 1370 1071 1456 SEU

1137 167 1321 207 consaepwm
1342 177 1465 209 agrum.
1486 169 1645 211 diligenter
1662 169 1810 201 consitum
1823 190 1832 204 ,
1856 170 1997 201 ostendit.
2021 170 2103 202 cum

1137 217 1236 238 autem
1246 209 1441 240 admiraretur
1451 211 1603 251 Lysander
1622 212 1655 242 &
1672 214 1861 253 proceritates
1879 212 2018 243 arborum
2031 232 2040 246 ‚
2061 212 2096 243 Sc

1137 249 1269 281 dire&os
1290 254 1321 281 in
1339 254 1543 292 quincuncem
1561 253 1684 284 ordines
1697 274 1706 288 ,
1730 255 1764 285 δε
1781 255 1912 284 humum
1934 253 2099 288 subactam,

1138 300 1224 331 atque
1242 301 1345 332 puram
1359 313 1369 327 ,
1396 293 1429 324 &
1449 294 1620 326 suavitatem
1647 295 1776 326 odorum
1789 316 1798 330 ,
1825 298 1877 337 qui
1895 295 2063 327 afflarentur
2081 296 2101 326 ὲ

1139 331 1267 363 floribus
1286 354 1294 368 ,
1308 343 1373 365 tum
1386 334 1483 370 dixit,
1497 338 1600 367 Mirari
1611 338 1639 367 se
1649 347 1712 368 non
1723 337 2018 378 modo-diligentiam
2030 358 2040 372 ‚
2052 336 2101 368 sed

1137 376 1228 404 etiam
1239 375 1402 407 sollertiam
1415 378 1477 417 ejus
1489 398 1497 412 ‚
1519 378 1534 408 a
1566 388 1606 410 uo
1616 376 1709 410 ess'ent
1722 380 1771 409 illa
1781 379 1918 410 dimensa
1930 399 1939 413 ‚
1950 390 2036 421 atque
2046 380 2102 410 de-

1137 416 1251 457 scripta.
1275 417 1413 458 &Cyrus
1434 388 1604 459 respongit:
1627 419 1849 462 Atquiegoista
1860 422 1925 451 sum
1936 421 2101 452 omniadi-

1138 458 1260 488 mensus
1271 478 1279 492 ‚
1300 462 1362 489 mei
1380 460 1446 491 sunt
1456 461 1576 493 ordines
1587 482 1596 496 .
1616 472 1683 493 mea
1693 462 1868 504 descriptio:
1889 464 1992 494 multae
2004 465 2096 495 etiam

1137 498 1260 530 istarum
1278 501 1416 531 arborum
1439 513 1505 534 mea
1524 514 1616 534 manu
1637 504 1704 535 sunt
1724 504 1799 535 satae-
1832 507 1917 535 Tum
1936 505 2099 545 Lysander,

1136 543 1258 571 intuens
1268 543 1330 582 ejus
1340 553 1499 583 purpuram
1513 565 1521 579 ‚
1544 546 1575 576 &
1588 548 1719 577 nitorem
1730 548 1863 586 corporis
1873 567 1881 580 ,
1893 556 2096 587 ornatumque

1135 581 1283 613 Pei-ficum
1295 604 1304 618 ‚
1315 585 1413 615 multo
1423 596 1493 616 auro
1505 607 1513 620 .
1536 589 1700 628 multisque
1711 590 1841 628 gemmis
1852 608 1860 622 ‚
1880 588 1975 619 dixit:
1998 587 2095 619 Reae

1138 623 1210 654 verb
1221 644 1229 658 2
1241 634 1271 655 te
1283 645 1292 658 ‚
1311 628 1389 664 Cyre
1403 647 1413 660 ,
1433 627 1552 659 beatum
1562 628 1683 664 ferum,
1695 632 1841 671 quoniam
1854 632 1956 661 virtuti
1965 639 2022 661 tua:
2031 629 2094 660 for-

1139 674 1210 697 tuna
1220 668 1288 706 conj
1295 667 1384 697 uncta
1397 668 1454 698 est.

1180 710 1328 739 Sniwms
1340 709 1368 738 in
1380 719 1408 739 2.
1422 710 1540 752 Georg]
1564 710 1580 726 ‘
1601 712 1738 743 Sci-obes.

1341 753 1385 780 M.
1417 755 1597 783 Tvnnrr
1630 757 1889 786 thzaotrrs

1239 794 1592 826 PROTAGORAS
1630 799 1694 826 EX
1730 799 1991 829 PLATONE.

1177 835 1292 864 Piusc.
1312 834 1421 876 lib-6]
1443 836 1566 877 Qidtu
1581 839 1592 866 ?
1610 838 1689 868 unde
1710 839 1829 869 tandem
1840 849 1977 880 appares,
2002 839 2021 870 ὃ
2040 842 2097 871 So-

1133 884 1213 948 {rage
1224 878 1245 938 i*>
1265 886 1302 907 an
1321 876 1351 906 id
1370 877 1495 918 quidem
1517 878 1646 910 dubium
1673 889 1738 910 non
1755 879 1797 911 est
1815 901 1824 915 ‚
1855 884 1931 922 quin
1948 883 1986 912 ab
2014 883 2098 913 Alci-

1158 927 1184 948 1a
1207 927 1240 947 e.

1177 959 1365 990 Piuscdibr.
1380 961 1427 1002 8.]
1451 964 1543 993 Nunc
1561 962 1578 994 a
1595 963 1702 996 vobis,
1727 967 1900 1006 Protagora,
1921 965 1956 994 ὃς
1968 967 2095 997 Socrate.

1134 999 1254 1041 postulo
1267 1020 1276 1035 ,
1286 1003 1458 1034 concedatis
1467 1005 1538 1034 alter
1554 1006 1637 1035 aloeri
1649 1025 1658 1039 ‚
1673 1006 1704 1036 &
1718 1009 1795 1036 inter
1805 1016 1861 1037 vos
1875 1007 1911 1037 de
1921 1007 2097 1047 hujusmodi

1134 1042 1223 1073 rebus
1232 1047 1469 1075 controversemi
1477 1056 1507 1075 ni
1517 1066 1525 1080 ,
1542 1057 1605 1078 non
1615 1050 1804 1077 concertetit⁸

1177 1087 1291 1115 Parsc.
1302 1084 1350 1114 rib.
1364 1088 1410 1127 6.]
1435 1089 1508 1128 Qiae
1530 1089 1617 1129 igitur
1641 1089 1737 1128 potest
1755 1088 1812 1122 esse
1834 1089 1998 1131 indignitas
2008 1090 2099 1119 volu-

1132 1127 1220 1166 ptatis
1231 1126 1265 1156 ad
1278 1128 1450 1159 molestiam
1464 1149 1473 1162 ,
1490 1129 1546 1160 nisr
1559 1132 1591 1160 in
1603 1131 1810 1172 magnitudine
1823 1151 1832 1165 ,
1842 1141 1894 1162 aut
1905 1131 2098 1173 longitudine

1132 1169 1349 1200 alteriusutrius
1363 1168 1469 1210 pofita?

1154 1212 1338 1282 lominus
1354 1213 1385 1243 in
1407 1213 1616 1255 rrroamorr]
1647 1214 1856 1246 confirmandi
1879 1225 1987 1257 genera
2007 1224 2097 1246 com·

1132 1261 1152 1293 p
1166 1261 1237 1283 uria.

1147 1372 2055 1463 FRAGMENTA

576 1547 577 1551 Ἰ
727 1494 798 1539 Μ.
874 1494 936 1539 T.
1008 1499 1517 1545 cicERole

364 1587 960 1644 LIBRORUM
1035 1591 1222 1648 SEX
1298 1592 1421 1648 DE
1497 1593 1858 1649 REPUB.

584 1713 605 1734 E
627 1710 649 1733 X

351 1748 400 1778 M.
419 1749 567 1779 Tunnr
582 1756 593 1777 r
617 1744 886 1782 Crcanoffrsl

305 1791 338 1821 D
389 1791 415 1820 Ε
498 1791 528 1819 R
578 1790 603 1818 E
655 1790 677 1818 P
726 1789 757 1817 U
808 1789 832 1818 B
882 1787 919 1819 L.

484 1832 511 1861 L
534 1839 546 1859 1
570 1840 588 1860 n
611 1838 631 1858 E
653 1838 675 1858 R
717 1831 742 1858 1.

173 1873 339 1915 Fame-ro]
363 1873 548 1904 Nuntiatum
569 1869 633 1905 est,
653 1872 756 1902 venire
767 1872 901 1904 Laeliurn
913 1892 923 1907 ‚
941 1870 1096 1914 domoque

132 1915 196 1958 jam
209 1914 310 1946 exisse.

173 1961 206 1988 N
208 1967 260 1988 on.
271 1957 412 1999 Prqprer]
439 1959 518 1987 Eum
527 1964 648 1997 quoque
659 1963 692 1986 ut
703 1954 849 1990 salutavit,
860 1964 980 1997 propter
991 1955 1096 1988 ’rube-

131 2009 240 2032 xonem
256 1997 482 2040 jufliraffidfire.

173 2041 335 2082 Fadum]
360 2041 485 2080 Negotii
496 2039 613 2080 publici
623 2048 743 2079 expers.

172 2085 260 2113 Non.
273 2082 416 2123 crtum]
440 2080 567 2121 Qarefi
588 2082 704 2122 piacet,
723 2080 819 2112 deduc
831 2082 1001 2113 orationem
1011 2089 1094 2113 tuam

133 2124 171 2157 de
179 2126 254 2155 caelo
262 2125 297 2155 ad
307 2125 370 2155 haec
378 2127 502 2154 cituma.

173 2166 346 2208 Dromm]
370 2164 457 2206 Qafi
466 2165 541 2196 alius
551 2164 718 2196 assimulare
729 2175 822 2206 remp.
845 2173 895 2196 aut
905 2165 1017 2196 melius
1027 2174 1093 2196 non

128 2206 224 2250 poffit
233 2228 243 2242 ,
263 2217 312 2238 aut
321 2210 454 2238 omnino
464 2217 528 2237 non
538 2206 637 2247 possit.

172 2249 558 2290 Nox..Accommodatum.]
580 2248 597 2263 *
619 2247 844 2289 expositamque
862 2248 897 2279 ad
915 2249 1092 2290 exemplum

129 2290 239 2323 nostrae
248 2294 320 2332 reip.
342 2291 582 2322 accommodabo
591 2291 626 2321 ad
636 2300 700 2320 eam
713 2310 721 2324 ‚
743 2289 764 2320 fi
774 2300 899 2331 potero,
917 2301 1045 2321 omnem
1056 2291 1093 2320 il-

129 2334 193 2364 iam
204 2335 374 2365 orationem
386 2353 396 2368 ,
415 2343 482 2374 quae
500 2333 543 2364 est
554 2335 635 2364 mihi
644 2333 778 2363 habenda
788 2333 824 2363 de
837 2334 957 2373 optimo
965 2334 1094 2363 civitatis

132 2374 218 2407 statu.

173 2420 259 2448 Non.
271 2413 373 2446 vrbs&
385 2416 535 2458 civitam]
558 2418 658 2458 Qam
678 2415 749 2448 cum
763 2417 837 2446 locis
848 2435 857 2449 ‚
879 2425 1029 2457 manuque
1043 2415 1094 2446 sae-

128 2457 270 2499 psiss'ent,
292 2457 443 2498 ejusmodi
460 2460 716 2499 conjunctionem
734 2457 903 2492 terstorum,
933 2458 1094 2498 oppidum,

129 2501 181 2531 vel
202 2500 308 2530 urbem
327 2500 535 2540 appellarunt,
568 2500 700 2531 delubris
719 2499 891 2530 distinctam
904 2520 914 2534 ‚
934 2500 1094 2540 spatiisque

131 2540 363 2572 communibus.
395 2543 498 2572 omnis
520 2552 592 2583 ergo
609 2543 760 2583 populuS,
779 2545 832 2583 qui
853 2541 896 2571 c'st
914 2542 980 2572 talis
999 2550 1094 2571 coetus

132 2582 341 2613 multitudinis
351 2602 360 2617 ‚
371 2583 489 2623 qualem
501 2584 644 2624 exposui,
662 2585 766 2614 civitas
779 2582 837 2614 est:
863 2593 890 2612 x.
903 2584 1007 2613 omnis
1015 2585 1093 2614 civi-

128 2632 173 2656 tas
185 2644 193 2658 ,
204 2634 270 2665 quae
280 2623 323 2655 est
331 2624 507 2655 constitutio
517 2627 622 2665 populi
630 2646 640 2660 ,
662 2626 738 2666 resp.

174 2668 215 2697 D.
229 2669 370 2696 Aucus-r.
384 2665 458 2708 eprst.
474 2667 523 2707 5.]
546 2667 562 2681 ⁸⁸
584 2667 668 2698 brevi
688 2666 856 2698 multitudo
873 2666 988 2697 diversa
1005 2675 1093 2708 atque

132 2718 204 2750 vaga
215 2727 224 2742 ,
236 2707 398 2738 concordia
407 2710 512 2738 civitas
522 2707 673 2739 factaerat.

175 2753 263 2780 Non.
277 2749 460 2791 Cognofiere]
483 2751 671 2791 Cognoscere
680 2752 851 2782 mehercule
864 2771 873 2786 ‚
885 2751 984 2792 inquit
994 2770 1002 2785 ‚
1015 2760 1093 2781 con-

133 2791 325 2824 suetudinem
338 2791 424 2822 istam
436 2811 445 2826 ,
458 2791 490 2821 ὃ(
502 2790 634 2822 studium
646 2812 655 2826 ‚
667 2793 898 2834 sermonemque

173 2836 308 2865 SENECA
327 2832 377 2862 lib.
394 2843 438 2872 19.
460 2832 554 2874 epist]
588 2834 605 2847 ³*
635 2834 712 2865 duos
734 2837 892 2865 Romanos
920 2843 1001 2876 reges
1021 2833 1090 2869 effe,

128 2885 263 2916 quorum
282 2876 355 2906 alter
373 2884 486 2915 patrem
509 2885 574 2905 non
596 2876 702 2909 habet,
720 2876 792 2906 alter
802 2886 938 2907 matrem.
963 2879 1043 2906 Nam
1055 2876 1092 2906 de
1110 2873 1113 2909 ἶ

128 2919 331 2948 serviimatre
352 2916 649 2947 dubitatur-zAncii
669 2919 773 2948 Marcii
786 2921 1092 2960 paterquoqueigno·

124 2967 219 2990 ratur.
243 2958 359 2990 tantum
370 2960 418 2988 hic
430 2961 561 2989 Marcius
570 2979 578 2993 ,
594 2962 705 2990 Numae
717 2969 811 3000 nepos
820 2960 937 2990 dicitur.

125 3012 128 3016 ·
174 3002 259 3030 Nou⁴
273 3000 460 3041 Dimirrere]
483 3003 568 3033 Tum
586 3000 718 3033 instituti
738 3001 1004 3039 annuiconsules,
1026 3010 1092 3034 tum

131 3040 374 3085 dimiffipopulo
389 3042 494 3074 fasces.

1179 1709 1312 1739 Seneca
1329 1707 1349 1737 l.
1367 1714 1414 1747 19.
1431 1707 1524 1750 epist]
1554 1708 1573 1725 '⁸
1601 1711 1849 1751 provocationem
1874 1709 1911 1741 ad
1947 1711 2097 1753 populum

1134 1751 1224 1780 etiam
1236 1749 1253 1779 a
1266 1750 1386 1789 regibus
1398 1749 1497 1780 fuiffe.

1177 1793 1263 1821 Non.
1275 1792 1437 1821 horrendum
1453 1790 1490 1821 ab
1506 1792 1643 1835 horrido]
1666 1793 1790 1826 Horum·
1805 1795 1891 1826 enirn
1908 1795 2096 1827 severitatem

1133 1831 1244 1864 dicitur
1254 1832 1436 1863 inhorruisse
1446 1835 1523 1873 prim
1529 1834 1581 1864 um
1592 1836 1708 1866 civitas.

1174 1874 1368 1905 Senecalih.
1384 1874 1539 1917 ¹9=ep1st·]
1562 1878 1662 1918 Qem
1684 1886 1741 1908 nos
1758 1876 1938 1910 dictatorem
1951 1879 2094 1914 dicimus,

1134 1916 1167 1947 &
1177 1925 1210 1946 in
1222 1913 1344 1947 historia
1354 1918 1393 1947 ita
1402 1919 1554 1948 nominari
1565 1918 1694 1958 legimus
1705 1938 1714 1953 ‚
1723 1920 1800 1960 apud
1808 1923 1946 1962 antiquos
1957 1921 2098 1961 magister

1133 1958 1237 1998 populi
1247 1967 1371 1989 vocatus
1382 1958 1445 1994 est,
1468 1958 1550 2001 quod
1563 1960 1727 2001 quiabillo
1743 1964 1939 1998 nominatur,
1957 1961 2098 2004 magister

1132 2001 1270 2041 equitum
1278 1998 1332 2031 est.

1175 2043 1249 2072 Cic·
1261 2042 1291 2071 6.
1303 2042 1449 2072 „Atticum
1457 2042 1506 2085 9.]
1526 2041 1547 2057 ‘¹'
1567 2045 1623 2074 Cn.
1635 2044 1755 2075 Flavius
1763 2044 1854 2077 fastos
1862 2047 1998 2088 protulit.

1175 2083 1341 2124 Fauna-o]
1364 2084 1425 2124 ipsa
1433 2086 1568 2126 cognitio
1579 2096 1636 2116 nos
1646 2085 1815 2118 deleRavit.

1175 2126 1453 2168 Non.‹AEmulus.]
1485 2128 1653 2170 Qomodo
1675 2132 1758 2159 enim
1778 2129 1925 2168 judicatur
1941 2129 1996 2161 iste
2014 2132 2096 2171 opti-

1135 2176 1198 2197 mas
1208 2186 1217 2201 ‚
1244 2170 1495 2208 autoptimatium
1507 2170 1637 2201 aemulus
1646 2169 1803 2206 doctrina,
1823 2172 1935 2202 artibus
1945 2191 1954 2207 ‚
1976 2171 2095 2204 studiis.

1132 2208 1224 2239 audio
1237 2228 1245 2243 ‚
1254 2209 1390 2249 quando-²

1176 2251 1282 2292 Nou-J
1315 2250 1409 2291 3-Sed
1429 2251 1540 2283 audiffe
1562 2261 1590 2284 te
1608 2252 1697 2285 credo
1711 2273 1721 2289 ‚
1749 2263 1811 2285 tum
1833 2255 1905 2286 vero
1925 2256 2094 2290 Platonem.

1133 2294 1251 2323 Socrate
1261 2301 1395 2327 mortuo,
1407 2296 1487 2334 prim
1494 2293 1547 2325 um
1556 2297 1589 2326 in
1600 2298 1764 2338 AEgyptum
1778 2296 1912 2328 discendi
1922 2299 2015 2333 causa,
2026 2298 2095 2339 post

1132 2335 1165 2363 in
1179 2335 1296 2365 Italiam
1307 2334 1504 2366 contendisse.

1174 2377 1260 2406 Nou.
1272 2377 1407 2419 Anima]
1430 2380 1514 2408 Tum
1525 2379 1636 2409 virtute
1647 2399 1657 2414 ‚
1670 2379 1779 2413 labore,
1797 2380 1940 2411 industria
1949 2391 2095 2422 quaereret

1131 2417 1244 2448 summi
1255 2419 1316 2449 viri
1326 2418 1536 2453 indolem‚nifi
1545 2422 1640 2451 nimis
1650 2422 1788 2452 animose
1798 2422 1880 2454 ferax
1890 2432 1992 2455 natura
2002 2426 2092 2457 illum

1132 2460 1234 2490 nescio
1244 2469 1307 2501 quo
1320 2460 1418 2500 pacto.

1174 2501 1440 2544 Nomconsstura]
1483 2505 1560 2546 Qae
1578 2504 1718 2536 videlicet
1737 2506 1788 2536 ille
1808 2516 1872 2537 non
1892 2517 1931 2538 ex
1949 2509 2008 2548 agri
2018 2515 2094 2539 con-

1131 2540 1236 2614 fitgm’
1255 2553 1347 2584 quam
1365 2544 1522 2580 cernebat,
1544 2545 1594 2577 sed
1611 2556 1649 2577 ex
1660 2546 1805 2578 doERr'rnae
1818 2549 2096 2592 indiciisinterpre-

1133 2594 1162 2615 ta
1184 2594 1259 2616 atur.

1173 2627 1615 2672 NoN.-Antiquu5.Antiqu1'or.
1656 2630 1713 2661 Sed
1733 2633 1879 2672 quoniam
1898 2634 2030 2674 plurima
2039 2635 2094 2666 be-

1130 2667 1383 2700 neficiacontinet
1398 2673 1507 2710 patria,
1533 2672 1566 2702 &
1585 2682 1601 2702 e
1645 2675 1797 2714 antiquior
1806 2684 1930 2714 parens,
1952 2671 2042 2717 quarn
2054 2676 2092 2711 is.

1128 2712 1181 2751 qui
1193 2731 1201 2744 ,
1214 2719 1244 2741 ut
1253 2712 1338 2751 ajunt
1348 2731 1357 2745 ‚
1368 2715 1528 2748 creaverit,
1540 2714 1638 2754 major
1650 2716 1677 2744 ei
1687 2715 1825 2755 profecto
1836 2736 1846 2751 ,
1861 2717 1950 2758 quam
1963 2722 2090 2759 parenti,

1131 2751 1258 2782 debetur
1265 2754 1368 2794 gratia,

1172 2796 1260 2824 Non.
1272 2795 1450 2837 Pignerarssj
1472 2796 1530 2828 Sed
1550 2803 1583 2828 ut
1599 2798 1744 2839 plurimas
1755 2820 1764 2833 ,
1788 2800 1820 2831 &
1835 2803 1985 2834 maximas
1997 2803 2091 2836 nostri

1129 2836 1225 2867 animi
1240 2855 1250 2871 ,
1269 2838 1385 2879 ingenii
1398 2857 1407 2872 ‚
1424 2837 1546 2869 confilii
1564 2843 1664 2880 prima
1680 2842 1741 2882 ipsa
1764 2840 1817 2873 sibi
1827 2843 1863 2874 ad
1875 2844 2032 2876 utilitatem
2043 2848 2092 2887 pi-

1128 2886 1310 2919 gnel'arel'ul'·

1171 2921 1259 2950 Nou.
1270 2919 1447 2963 Candacen]
1470 2922 1659 2955 Facillimam
1670 2934 1771 2956 autem
1782 2927 1814 2957 in
1824 2936 1856 2958 ea
1866 2936 1926 2968 rep.
1942 2927 1999 2959 effe
2008 2928 2093 2970 posse

1127 2961 1325 2993 concordiam
1337 2982 1346 2997 ,
1366 2964 1398 2993 in
1409 2973 1466 3004 qua
1477 2963 1558 2995 idem
1569 2966 1717 2999 conducat
1725 2969 1881 3000 omnibus.

1172 3004 1260 3034 Nou.
1272 3005 1461 3052 Fir-mitada]
1485 3006 1606 3052 Habent
1615 3009 1846 3050 aequabilitatem
1856 3011 2004 3052 quandam
2015 3033 2025 3046 2
2036 3022 2094 3053 qua

1128 3053 1226 3078 carere
1235 3045 1353 3079 diutius
1371 3048 1426 3080 vix
1442 3044 1570 3088 possunt
1590 3049 1676 3080 liberi
1692 3072 1701 3086 ,
1722 3052 1833 3085 deinde
1856 3054 2092 3086 firmitudinem.

1441 3091 1474 3122 D
1481 3088 1502 3121 d
1511 3090 1530 3122 d
1541 3090 1561 3123 d
1572 3090 1592 3123 d
1601 3091 1620 3123 d
1630 3091 1676 3125 dd
2004 3097 2094 3127 Nos.
