2301 3395
174 899 185 923 1
197 899 219 932 4
238 890 346 920 idonea
353 888 560 930 pronuntiatio
571 885 614 919 sit,
626 882 893 914 demonstrandum
904 880 1031 910 videtur.

230 100 283 149 18

222 189 371 224 quattuor,
382 179 568 221 dignitatem,
579 174 869 206 demonstiationem
882 191 890 204 ,
903 170 1102 200 narrationem
1114 187 1122 200 ,
1134 166 1183 206 jo-

224 225 388 254 cationem.
411 222 560 261 Dignitas,
572 217 614 248 est
624 218 719 247 oratio
728 225 798 245 cum
809 215 905 253 aliqua
915 214 1055 253 gravitate
1066 230 1073 243 ‚
1087 209 1119 238 δε
1129 218 1185 238 νο-

227 267 270 296 cis
283 261 464 295 remiffione.
489 258 716 291 Demonstratio
726 278 734 291 ,
749 256 790 287 est
800 265 864 296 quae
875 254 962 284 docet
971 250 1089 282 remissa
1097 261 1183 284 voce,

229 305 388 349 quomodo
397 304 469 346 quid
483 303 544 333 fieri
554 302 700 342 potuerit,
724 307 774 329 aut
784 307 847 327 non
857 297 998 336 potuerit.
1030 296 1183 326 Narratio,

227 348 271 379 est
281 358 380 379 rerum
391 345 548 388 gestarum,
559 353 606 373 aut
616 340 738 382 perinde
749 349 781 369 ut
788 338 946 380 gestarum,
959 334 1116 376 expositio.
1134 336 1189 376 Jo-

231 392 318 423 catio,
330 389 373 419 est
383 391 487 420 oratio,
503 390 511 406 ¹
525 395 589 426 quie
598 394 636 414 ex
646 384 742 423 aliqua
752 392 781 411 re
792 381 881 420 rtfiim
889 378 1101 420 pudente-nn&
1113 377 1188 406 libc-

230 432 324 464 ralem
344 428 440 471 potest
460 436 638 467 comparare.
662 425 824 454 Contentio
833 421 979 452 dividitur
987 422 1019 450 in
1030 420 1189 450 continua-

232 472 398 506 tionem,&
407 469 662 500 distributionem.
676 462 927 497 Continuatio‚est
937 464 1081 493 orationis
1091 470 1189 491 enun-

232 514 339 546 tiandae
349 513 518 544 acceleratio
528 508 663 540 clamosa.
696 506 888 538 Distributio,
899 504 942 535 est
952 506 984 534 in
993 504 1190 534 contentione

232 558 327 587 oratio
337 554 487 595 frequens,
498 562 569 581 curn
579 552 658 583 raris,
671 549 703 580 &
716 548 854 579 brevibus
866 546 1028 577 intervallis
1039 565 1046 578 ,
1067 546 1124 574 acri
1137 553 1191 573 vo-

231 597 416 629 ciferatione.
440 592 647 633 Amplificatio
665 590 809 622 dividitur
826 592 860 619 in
880 589 1118 618 cohortationem
1130 606 1139 619 ‚
1159 585 1192 615 &c

231 637 492 680 conquestionem.
515 635 687 666 cohortatio
698 632 749 665 est,
761 642 824 673 quae
833 630 953 672 aliquod
963 638 1116 670 peccatum
1128 637 1192 657 am-

233 680 380 722 plificans,
392 678 559 710 auditoiem
570 677 604 707 ad
616 675 792 704 iracundiam
802 673 929 703 adducit.
954 669 1137 712 Conquestio
1147 668 1191 698 est

234 724 338 755 oratio,
350 731 417 763 quae
429 718 700 750 incommodorum
710 714 943 757 amplificatione
953 716 1091 743 animum
1110 711 1194 741 audi-

234 766 306 795 toris
317 763 351 794 ad
363 761 599 793 misericordiam
611 759 754 799 perducit.
779 758 931 798 Qoniam
954 758 1042 797 igitur
1057 753 1195 783 mollitu-

238 807 278 836 do
287 808 371 837 vocis
382 807 415 835 in
425 805 492 834 treis
503 804 609 843 parteis
620 801 713 831 divisa
723 799 766 830 est
777 820 785 833 ,
800 802 832 829 ὅς
844 800 887 828 hae
898 806 989 838 partes
1000 797 1068 836 ipsa:
1080 798 1111 825 in
1122 793 1194 824 06ὶο

235 850 342 889 parteis
352 848 421 878 alias
430 844 592 876 distributae
604 864 612 877 ,
641 844 747 872 harum
759 841 830 871 oCto
840 842 968 880 partium
979 848 1043 879 quae
1053 837 1195 877 cujusque

1077 882 1192 910 Sermo,

237 930 309 963 curn
320 930 362 962 est
372 933 405 960 in
414 929 555 970 dignitate
566 949 573 961 ,
593 928 691 968 plenis
702 925 836 956 faucibus
847 923 938 965 quarn
950 919 1123 952 sedatiffima
1134 940 1142 953 ,
1163 919 1195 948 &

237 971 526 1014 depreffiffimavoce
537 971 579 999 uti
590 970 752 999 conveniet
764 978 768 996 :
792 975 831 996 ita
841 975 952 998 tamen,
964 973 996 993 ut
1006 973 1043 993 ne
1053 963 1088 993 ab
1098 969 1197 991 orato-

239 1018 282 1047 ria
299 1013 516 1045 consuetudine
536 1011 571 1041 ad
591 1012 730 1051 tragicam
741 1009 930 1039 transeamus.
955 1004 1034 1035 Cam
1044 1014 1143 1034 autern
1154 1001 1196 1032 est

239 1060 272 1088 in
283 1055 547 1087 demonstratione,
558 1063 632 1082 voce
642 1052 810 1091 paullulum
819 1057 973 1081 attenuata,
987 1046 1096 1077 crebris
1106 1048 1198 1075 inter-

240 1100 335 1132 vallis,
349 1099 381 1128 ἃ
392 1095 587 1127 divisionibus
599 1096 640 1123 uti
652 1092 801 1132 oportebit
813 1102 818 1120 z
841 1100 874 1120 ut
884 1091 943 1130 ipsa
953 1089 1198 1129 pronuntiatione

239 1151 286 1172 eas
297 1151 353 1174 res,
365 1149 435 1181 quas
447 1135 718 1167 demonstrabimus
730 1154 737 1167 ‚
757 1137 771 1153 2
782 1134 920 1165 inserere,
931 1140 1016 1171 atque
1028 1130 1197 1160 intersecare

240 1183 398 1213 videamur
407 1183 439 1210 in
449 1180 558 1210 animis
568 1177 750 1208 auditorum.
777 1175 857 1205 Cum
869 1182 966 1204 antem
981 1173 1078 1202 sermo
1089 1173 1122 1200 in
1132 1179 1198 1199 nat-

240 1227 357 1256 ratione
369 1222 420 1256 est,
433 1231 498 1251 tum
508 1229 620 1250 vocum
634 1219 771 1247 varietate
780 1227 854 1257 opus
866 1215 917 1249 est,
937 1223 968 1244 ut
979 1235 986 1247 ,
999 1223 1059 1254 quo
1069 1211 1200 1253 quidque

241 1266 328 1307 pasto
346 1264 463 1306 gestum
482 1261 514 1292 fit
526 1283 534 1295 ,
555 1264 594 1291 ita
603 1262 709 1291 narrari
719 1259 864 1289 videatur.
887 1256 1012 1288 Strenue
1021 1254 1102 1296 quod
1113 1258 1201 1283 volu-

243 1318 312 1338 mus
330 1306 486 1337 ostendere
503 1303 615 1334 faustum
626 1324 634 1336 ,
657 1300 849 1331 celerinscule
868 1299 1021 1330 dicemus:
1048 1300 1060 1323 3
1075 1304 1102 1325 at
1119 1294 1199 1325 aliud

243 1349 352 1382 otiose,
364 1346 588 1379 retardabimus.
612 1343 733 1374 Deinde
743 1341 838 1374 modo
849 1343 952 1372 acriter
962 1360 970 1373 ,
990 1348 1055 1369 tum
1065 1338 1200 1368 clemen-

243 1400 289 1422 ter
299 1412 307 1426 ,
319 1389 421 1421 rnaeste
434 1410 441 1423 ‚
453 1389 584 1418 hilariter
593 1389 625 1416 in
636 1387 754 1416 omneis
765 1385 869 1424 parteis
881 1381 1137 1413 commutabimus
1149 1398 1157 1411 ‚
1170 1387 1203 1407 ut

245 1434 334 1464 verba
344 1453 352 1466 ,
366 1434 404 1462 ita
412 1431 703 1472 pronuntiationem.
726 1429 814 1467 Siqua
824 1425 984 1455 inciderint
994 1426 1026 1452 in
1036 1423 1201 1452 narratione

245 1475 335 1508 dieta,
346 1483 451 1515 rogata,
464 1471 609 1512 responsa,
621 1469 641 1499 si
651 1480 714 1510 quae
726 1469 937 1498 admirationes
949 1486 957 1499 ,
980 1465 1015 1495 de
1026 1464 1134 1505 quibus
1145 1471 1201 1492 nos

246 1517 431 1548 narrabimus
443 1526 447 1544 :
467 1514 625 1554 diligenter
633 1521 771 1541 animum
780 1509 966 1540 advertemus
977 1527 986 1541 ,
1006 1515 1038 1536 ut
1056 1507 1198 1535 omnium

242 1559 422 1601 perfhnarum
441 1556 540 1586 sensus
551 1575 560 1588 ,
580 1562 665 1594 atque
683 1555 800 1583 animos
819 1561 893 1581 voce
911 1551 1126 1589 exprimamus.
1149 1549 1202 1576 Sin

246 1603 303 1631 erit
312 1601 409 1630 sermo
419 1601 452 1628 in
459 1598 619 1638 jocatione,
630 1596 737 1625 leniter
746 1592 941 1624 tremebunda
949 1601 1024 1621 voce
1036 1611 1044 1624 ,
1057 1599 1127 1619 cum
1137 1598 1202 1629 par-

246 1652 283 1673 va
291 1640 505 1683 significatione
515 1638 589 1668 risus
601 1658 609 1671 ,
630 1641 647 1663 4
655 1636 714 1666 fine
725 1636 784 1665 ulla
794 1636 958 1674 suspicione
969 1634 1073 1662 mimae
1083 1632 1201 1662 cachin-

247 1685 379 1714 nationis
390 1683 497 1712 leniter
507 1679 656 1721 oportebit
665 1678 681 1708 a
691 1679 827 1709 sermone
838 1677 913 1706 serio
927 1684 1064 1716 torquere
1082 1674 1115 1704 ad
1127 1673 1203 1702 libe—

248 1727 341 1756 ralem
357 1725 463 1765 jocum
479 1732 599 1753 vocem.
623 1719 702 1750 Gum
721 1728 821 1749 autem
840 1717 1020 1748 contendere
1039 1714 1200 1756 oportebit,

246 1769 392 1809 quoniam
412 1765 443 1795 id
462 1774 512 1795 aut
527 1774 579 1804 per
598 1763 860 1793 continuationem
871 1780 879 1794 ,
899 1767 949 1789 aut
957 1769 1009 1798 per
1017 1758 1204 1788 distributio-

247 1819 322 1840 nem
332 1807 503 1838 faciendum
514 1805 565 1839 est,
587 1808 620 1835 in
630 1805 865 1836 continuatione,
877 1801 1001 1832 admeto
1012 1799 1204 1830 mediocriter

245 1852 322 1882 sono
331 1852 414 1880 vocis
426 1869 434 1882 ‚
454 1848 551 1879 verbis
560 1845 772 1878 continuandis
784 1865 792 1879 ,
815 1853 923 1874 vocem
933 1853 1052 1883 quoque
1063 1842 1204 1884 adaugere

248 1893 399 1933 oportebit
408 1911 416 1925 ,
438 1891 470 1921 δε
489 1899 623 1931 torquere
646 1889 753 1919 sonum
765 1907 773 1920 ,
798 1887 831 1916 &
850 1886 984 1916 celeriter
993 1895 1064 1914 cum
1074 1884 1203 1913 clamore

246 1935 336 1965 verba
355 1932 501 1964 conficere
512 1952 520 1965 ‚
542 1941 576 1962 ut
592 1933 658 1961 vim
676 1929 845 1959 volubilem
866 1929 1009 1957 orationis
1029 1925 1204 1956 vociferatio

247 1976 391 2017 consequi
410 1972 505 2015 pofiit.
534 1977 572 2004 In
591 1972 806 2009 distributione
826 1979 934 2005 vocem
944 1969 980 1998 ab
990 1970 1060 1997 imis
1069 1967 1204 1998 faucibus

247 2018 466 2049 exclamatione
498 2015 568 2046 uam
579 2012 733 2045 clariisima
742 2012 881 2043 adhibere
900 2019 1018 2051 oportet
1031 2021 1035 2039 :
1060 2011 1092 2040 &
1110 2020 1205 2050 quan-

248 2070 314 2092 tum
326 2060 408 2100 spatii
417 2068 469 2098 per
490 2057 602 2098 iugulas
611 2056 844 2085 exclamationes
855 2053 1047 2083 sumserimus
1058 2072 1066 2086 ‚
1087 2060 1204 2082 tantum

251 2104 287 2133 in
295 2100 405 2142 singula
415 2100 567 2129 intervalla
577 2099 659 2137 spatii
669 2096 846 2126 consumere
854 2095 1008 2133 jubemur.
1028 2097 1065 2123 In
1074 2092 1205 2132 amplifi-

249 2142 427 2174 cationibus,
440 2151 508 2170 cum
522 2140 725 2170 cohortatione
735 2145 856 2166 utemur
865 2140 878 2162 5
889 2145 960 2165 voce
970 2134 1204 2172 arteriuatiffimei,

251 2186 380 2215 clamore
391 2184 464 2216 leni,
476 2183 550 2212 sono
562 2180 678 2221 aequali,
689 2177 979 2208 commutationibus
991 2176 1099 2206 crebris
1110 2196 1118 2208 ‚
1143 2186 1206 2205 ma-

251 2229 334 2257 xima
344 2226 499 2255 celeritate.
523 2226 559 2253 In
571 2220 788 2262 conquestione
800 2228 920 2248 utemur
929 2228 1002 2248 voce
1015 2216 1206 2257 depi·ess{i,in-

250 2269 362 2299 clinato
382 2267 456 2296 sono
468 2286 475 2299 ,
497 2265 606 2295 crebris
626 2262 788 2293 intervallis
800 2281 808 2294 ,
833 2260 930 2300 longis
950 2260 1048 2298 spatiis
1059 2279 1066 2292 ‚
1092 2260 1206 2299 magnis

187 2321 197 2344 1
211 2320 229 2351 5
252 2307 550 2341 commutationibus.
594 2309 640 2335 De
654 2303 745 2345 figura
753 2304 836 2332 vocis
847 2301 913 2332 satis
923 2302 1039 2331 dietum
1051 2300 1093 2330 est
1105 2311 1109 2328 :
1125 2310 1206 2329 nunc

251 2352 287 2383 de
307 2351 440 2391 corporis
460 2358 546 2378 motu
566 2346 727 2377 dicendum
748 2343 874 2373 videtur.
913 2345 1014 2373 Morus
1023 2342 1066 2372 est
1077 2344 1207 2381 corporis

250 2392 347 2435 gestus
359 2413 366 2425 ‚
389 2391 422 2422 &5
439 2391 540 2420 vultus
561 2388 728 2418 moderatio
746 2385 900 2427 quaedam,
920 2395 984 2426 quae
1003 2385 1207 2424 pronuntianti

251 2436 414 2466 convenit,
435 2432 467 2462 &
487 2431 688 2472 probabiliora
707 2428 803 2458 reddit
822 2437 872 2460 ea,
893 2437 957 2467 quae
967 2428 1205 2466 pronuntiantur.

252 2476 502 2515 Convenitigitur
512 2475 545 2502 in
554 2473 639 2503 vultu
650 2470 795 2512 pudorem
809 2469 840 2498 8(-
858 2470 1056 2498 acrimoniam
1075 2467 1149 2497 effe:
1171 2470 1207 2496 In

252 2517 333 2559 gestu
344 2527 398 2546 nec
407 2514 593 2545 venustatem
605 2512 795 2552 conspicuam
808 2531 815 2543 ‚
839 2521 894 2540 nec
905 2507 1124 2550 turpitudinem
1136 2507 1203 2541 effe,

254 2570 291 2591 ne
302 2557 537 2591 :iuthistiioncs,
557 2556 741 2596 autoperarii
751 2553 906 2583 videamur
923 2550 990 2582 ess'e.
1024 2552 1071 2582 Ad
1091 2551 1207 2581 easdem

296 2668 316 2685 i.
336 2660 391 2691 ἕψε
408 2667 435 2681 cx
455 2658 536 2689 alil-na
555 2665 578 2680 re
598 2654 693 2688 ristun]
716 2653 772 2678 Pal.
783 2659 872 2688 quart.
883 2649 1046 2677 sexum-un.
1059 2660 1082 2675 νε
1090 2651 1212 2684 vei-Uimi?

254 2697 276 2720 rf
288 2705 335 2720 um.
356 2694 400 2729 qui
413 2693 471 2718 libri
484 2691 548 2718 nihil
560 2694 659 2716 temere
672 2688 782 2715 addunt.
1025 2714 1030 2715 ⁷

293 2740 320 2757 2.
339 2731 440 2763 lnfhrere
450 2736 520 2762 atquc
529 2727 692 2760 iliter-setam]
715 2727 757 2751 Ita
769 2724 828 2750 libri
841 2723 932 2754 nostri,
943 2729 1038 2760 proeter
1049 2723 1128 2757 quani
1141 2720 1211 2757 quod

256 2767 282 2793 in
294 2765 446 2802 quibusdam
457 2764 559 2797 inseram
571 2782 579 2794 ‚
600 2762 636 2787 rel
648 2762 796 2794 inti-›setm-e.
815 2759 975 2786 Gulielmius
987 2758 1081 2784 maluit
1091 2759 1211 2792 hriet‘lare.

255 2803 336 2829 etiam
348 2802 401 2836 legi
410 2799 493 2836 posset
503 2800 651 2831 interp-Have
662 2817 669 2828 ‚
693 2797 812 2832 argutius
825 2795 910 2822 forsan
921 2797 947 2821 δε
961 2794 1092 2820 Latinius.

292 2846 306 2874 3
314 2859 319 2864 .
337 2842 372 2865 A!
381 2833 732 2868 aliudotiosi·,ri>1ardal1i2nm.]
746 2831 886 2858 Distiiitstio
897 2832 931 2859 est
944 2832 958 2857 a
969 2829 1126 2857 Gulielinio.
1145 2833 1211 2854 Stre-

254 2875 316 2906 nuie5
328 2874 362 2900 cst
374 2871 506 2901 celeriter,
518 2869 660 2896 industrie:
675 2875 764 2894 contra
774 2869 849 2900 otiose,
859 2867 959 2899 secure,
969 2866 1144 2902 negligenter.
1166 2874 1212 2891 nec

258 2910 336 2937 aliter
347 2909 455 2935 Plautus
466 2914 511 2932 aut
524 2905 676 2930 '‘sermitius.

292 2954 320 2978 4.
340 2948 393 2971 Sine
410 2945 458 2968 ulla
469 2942 597 2975 firſjvirione
616 2944 697 2966 anime
715 2939 926 2974 cachinnationis]
947 2937 1117 2975 Manuscripti
1129 2936 1209 2963 nostri

257 2982 294 3007 ita
307 2981 394 3016 scripti
404 2978 462 3005 suut
474 2997 482 3010 ,
502 2985 531 3003 ut
544 2976 624 3002 iideri
636 2976 710 3012 punit
721 2978 795 3001 nimir
810 2995 818 3006 ,
838 2973 1060 3011 quemadmodum
1072 2973 1208 3009 vulgatum

258 3016 394 3043 infit-nus.
413 3022 457 3041 aut
469 3012 534 3040 adeo
545 3016 615 3038 mima
627 3031 634 3044 ,
655 3012 693 3038 uti
705 3019 761 3038 erat
771 3011 866 3038 diserte
877 3012 903 3037 in
915 3010 1069 3038 fabricatio
1081 3029 1089 3042 ,
1109 3011 1137 3035 δε
1156 3009 1214 3035 heic

260 3053 364 3090 proprie
375 3050 497 3088 quadrat.

298 3099 324 3122 5.
344 3091 396 3115 Voce
407 3085 616 3119 attenuatiffimas]
638 3083 723 3110 Palat.
735 3090 821 3119 quart.
833 3083 858 3109 δε
871 3081 938 3109 sext.
950 3084 1116 3117 attentiffima5
1127 3089 1211 3117 neque

259 3126 336 3153 aliter
348 3122 522 3152 Bruilcrienic
533 3120 680 3156 exemplar.

638 3162 666 3177 dn

638 96 721 141 Ao
755 93 1181 142 HERENNIUM‚
1221 90 1418 135 LiBER
1453 86 1761 134 TER-rius.

1228 169 1317 210 igitur
1325 169 1478 209 parteis‚in
1488 179 1559 210 quas
1567 177 1632 199 vox
1640 167 1683 198 est
1693 166 1848 198 distributa
1858 187 1865 202 ,
1878 175 1979 199 motus
1990 178 2109 215 quoque
2121 179 2188 202 eor-

1231 212 1311 250 poris
1319 213 1396 246 ,ratio
1406 211 1526 241 videtur
1535 210 1594 241 esse
1604 209 1874 241 accommodanda.
1899 213 1979 241 Nam
1993 212 2012 241 11
2026 221 2081 242 erit
2091 213 2190 244 sermo

1232 262 1303 282 cum
1313 252 1468 294 dignitate,
1482 252 1602 283 stanteis
1615 254 1648 282 in
1658 251 1858 293 veihgio‚levi
1869 251 1997 284 dexterae
2007 264 2093 285 motu
2106 255 2190 296 loqui

1232 295 1395 334 oportebit,
1407 295 1562 329 hilaritate,
1573 293 1913 328 tristitia‚mediocritate
1920 296 2019 325 vultus
2030 296 2067 326 ad
2077 297 2194 326 sei-rno-

1232 339 1280 366 nis
1292 337 1449 367 sententias
1459 336 1692 367 accommodata.
1724 337 1781 366 Sin·
1795 338 1850 365 erit
1868 337 1901 366 in
1922 336 2193 372 demonstratione,

1234 379 1332 408 sermo
1343 399 1350 411 ‚
1371 379 1540 419 paullulum
1550 388 1656 418 corpus
1666 378 1683 409 a
1691 378 1856 408 cervicibus
1867 377 2072 410 demitternus.
2107 383 2189 410 Nam

1235 421 1293 449 hoc
1304 419 1346 450 est
1355 420 1371 450 {i
1382 430 1483 451 natura
1492 421 1596 450 datum
1608 441 1617 454 ,
1639 429 1671 449 ut
1681 420 1771 461 quarn
1782 420 1923 459 proxime
1933 429 1998 450 tum
2010 422 2129 452 vultum
2140 422 2192 452 ad-

1236 471 1412 491 moveamus
1422 463 1459 491 ad
1467 462 1605 492 auditores
1616 482 1624 495 ,
1645 460 1666 491 si
1676 472 1764 503 quam
1776 472 1839 491 rem
1851 461 1957 495 docere
1967 473 2018 492 eos
2030 483 2039 496 ‚
2060 464 2092 493 δε
2101 465 2193 494 vehe-

1237 512 1354 533 menter
1373 503 1510 545 instigare
1529 504 1670 533 velimus.
1694 506 1747 533 Sin
1765 506 1821 533 erit
1839 505 1871 533 in
1891 506 2056 534 narratione
2074 506 2171 535 sermo
2183 517 2196 539 ·,

1236 544 1319 574 idern
1331 554 1430 575 motus
1440 547 1550 585 poterit
1559 544 1687 575 idoneus
1696 544 1754 575 ess'e
1767 564 1775 578 ‚
1796 547 1847 586 qui
1865 546 1966 585 paullo
1985 546 2051 576 ante
2063 546 2197 577 demon--

1236 586 1377 616 strabatur
1387 589 1420 617 in
1430 587 1580 628 dignitate.
1602 588 1654 616 Sin
1664 587 1855 626 injocatione
1868 600 1875 621 3
1886 588 1972 618 vultu
1982 589 2130 629 quandam
2142 588 2194 618 de-

1237 628 1378 659 bebimus
1392 630 1571 659 hilaritatem
1582 627 1755 669 significare,
1768 627 1828 658 fine
1838 633 2075 660 commutatione
2085 629 2195 672 gestus⁷

1237 672 1267 701 Si
1278 670 1498 700 contendemus
1509 681 1559 710 per
1569 672 1830 700 continuationem
1841 690 1849 704 ‚
1874 670 1995 701 brachio
2003 672 2092 702 celeri
2103 692 2111 706 ,
2125 682 2193 702 mo-

1239 712 1292 742 bili
1314 713 1398 742 vultu
1411 733 1419 746 ,
1439 715 1497 742 acri
1516 712 1633 752 aspediu
1643 721 1774 742 utemur.
1798 716 1849 742 Sin
1860 715 2016 743 contentio
2028 712 2078 743 fiet
2087 724 2139 754 pei·
2149 714 2197 744 di-

1239 753 1449 784 stributionem
1462 775 1470 788 ,
1491 755 1579 784 celeri
1591 753 1779 794 porrectione
1791 755 1901 784 brachii
1913 775 1922 788 ,
1945 756 2197 790 inambulatione,

1239 796 1322 836 pedis
1332 796 1430 826 dextri
1440 807 1499 826 rara
1510 794 1713 836 supplaufione
1724 817 1732 829 ,
1755 798 1812 826 acri
1823 816 1831 830 ,
1854 797 1886 827 &
1905 796 2007 827 defixo
2025 796 2142 837 aspec'lzu
2153 800 2197 828 uti

1239 838 1398 877 oportebit.
1428 840 1480 868 Sin
1500 847 1621 868 utemur
1636 836 1868 877 amplificatione
1881 848 1931 878 per
1940 840 2195 873 cohortationem,

1239 879 1339 925 paullo
1350 879 1476 909 tardiore
1488 880 1520 909 δε
1531 878 1757 909 consideratiore
1768 879 1849 919 gestu
1860 883 2021 910 conveniet
2032 883 2073 911 uti
2086 901 2093 914 ‚
2114 879 2199 910 simi-

1240 923 1319 950 libus
1339 923 1443 951 ceteris
1462 922 1547 951 rebus
1559 942 1566 954 ‚
1587 930 1672 961 atque
1684 923 1715 951 in
1725 924 1921 952 contentione
1930 925 2197 962 percontinuatio-

1241 973 1322 1009 nem.
1346 965 1399 994 Sin
1417 972 1538 993 utemur
1554 962 1786 1003 amplificatione
1797 973 1848 1003 per
1857 963 2105 1005 conquestionem
2116 985 2124 998 ,
2145 964 2198 994 fae‘-

1243 1014 1348 1034 mineo
1365 1005 1505 1046 plangore
1516 1026 1524 1038 ,
1545 1005 1578 1034 ὃς
1596 1007 1699 1045 capitis
1718 1005 1779 1035 inu
1792 1026 1799 1039 ,
1823 1015 2044 1047 nonnunquam
2056 1006 2154 1036 sedato
2165 1007 2198 1036 &

1242 1045 1388 1077 constanti
1399 1047 1480 1087 gestu
1492 1067 1499 1081 ,
1520 1046 1625 1077 maesto
1637 1068 1644 1080 ‚
1659 1047 1690 1076 &
1701 1047 1879 1077 conturbato
1888 1048 1972 1077 vultu
1985 1050 2027 1078 uti
2038 1048 2199 1088 oportebit.

1243 1090 1318 1117 Non
1329 1088 1395 1118 sum
1405 1089 1532 1122 nescius,
1543 1098 1689 1129 quantum
1701 1089 1878 1128 susceperim
1889 1091 2001 1130 negotii
2014 1110 2023 1124 ,
2034 1093 2086 1131 qui
2097 1098 2199 1120 motus

1242 1132 1374 1169 corporis
1385 1132 1553 1170 exprimere
1563 1130 1785 1163 verbis‚imitari
1796 1132 1935 1170 scriptura
1944 1141 2066 1167 conatus
2077 1131 2130 1162 sim
2140 1142 2200 1161 vo-

1242 1182 1298 1201 ces.
1312 1175 1427 1202 Verum
1437 1182 1492 1202 nec
1502 1172 1558 1201 hoc
1568 1170 1696 1201 confisus
1708 1173 1772 1201 sum
1782 1182 1822 1212 po
1828 1171 1864 1201 [Te
1877 1171 1950 1206 fieri,
1963 1181 1997 1203 ut
2007 1173 2042 1203 de
2052 1174 2101 1203 his
2112 1173 2200 1203 rebus

1243 1214 1307 1243 satis
1318 1213 1483 1243 commode
1495 1213 1582 1243 scribi
1592 1211 1687 1253 pofl'et
1699 1223 1703 1241 :
1718 1223 1783 1247 nec,
1793 1212 1816 1243 si
1826 1213 1856 1243 id
1868 1212 1931 1243 fieri
1941 1225 2005 1244 non
2014 1214 2117 1248 postet,
2127 1216 2198 1249 hoc,

1243 1255 1324 1296 quod
1335 1255 1392 1285 feci
1405 1275 1413 1288 ,
1425 1255 1488 1284 fore
1498 1255 1606 1284 inutile
1614 1254 1754 1294 putabam
1763 1275 1771 1288 ,
1783 1264 1935 1295 propterea
1944 1247 2026 1297 quod
2038 1255 2085 1286 hic
2094 1257 2202 1286 admo-

1243 1307 1313 1326 nere
1322 1297 1490 1330 voluimus,
1504 1296 1586 1337 quod
1598 1305 1747 1336 oporteret
1758 1298 1888 1338 :reliqua
1897 1298 2046 1328 trademus
2057 1301 2202 1328 exercita-

1243 1340 1329 1368 tioni.
1357 1341 1425 1368 Hoc
1435 1339 1506 1368 scire
1517 1347 1618 1368 tamen
1629 1347 1744 1378 oportet
1753 1341 2030 1378 pronuntiationem
2042 1340 2158 1370 bonam
2170 1340 2201 1370 id

1244 1379 1394 1421 perficere,
1409 1389 1440 1410 ut
1449 1390 1493 1410 res
1503 1390 1537 1409 ex
1552 1381 1647 1409 animo
1658 1382 1703 1421 agi
1712 1381 1854 1410 videatur.
1880 1383 1972 1411 Nunc
1981 1381 2016 1412 ad
2029 1382 2201 1412 thesaurum

1244 1425 1440 1452 inventorum
1452 1442 1460 1455 ‚
1481 1430 1566 1463 atque
1577 1424 1719 1452 omnium
1729 1424 1858 1462 partium
1869 1424 2026 1454 rhetoricae
2033 1423 2198 1457 custodem,

1246 1467 1427 1495 memoriam
1437 1465 1628 1494 transeamus.
1669 1465 1843 1494 MEMORIA
1863 1463 1965 1495 utrum
1975 1464 2103 1496 habeat6
2112 1465 2200 1506 quid-

1245 1516 1336 1548 quam
1345 1504 1491 1536 artificiofi
1503 1526 1512 1539 ‚
1522 1516 1560 1535 an
1570 1507 1675 1536 omnis
1685 1505 1700 1535 a
1711 1515 1812 1536 natura
1820 1505 2038 1547 proficiscatur,
2061 1507 2143 1537 aliud
2154 1507 2201 1536 di-

1244 1548 1332 1578 cendi
1343 1557 1460 1588 tempus
1472 1549 1564 1589 magis
1575 1547 1721 1577 idoneum
1732 1547 1858 1578 dabitur.
1883 1551 1976 1579 Nunc
1983 1548 2107 1588 perinde
2116 1557 2202 1589 atque

1244 1589 1359 1620 constet
1369 1592 1401 1620 in
1411 1591 1464 1620 hac
1473 1600 1503 1619 re
1514 1590 1650 1621 multum
1659 1589 1755 1619 valere
1766 1598 1858 1620 artem
1874 1590 1906 1620 δε
1919 1592 2206 1630 praeceptionem,ita

1245 1643 1278 1663 ea
1287 1632 1324 1662 de
1335 1642 1365 1662 re
1376 1632 1546 1673 loquemur.
1577 1631 1671 1671 placet
1681 1633 1764 1661 enim
1775 1631 1864 1670 nobis
1874 1636 1889 1660 7
1897 1630 1956 1662 esse
1966 1630 2126 1662 artificium
2138 1642 2207 1662 me-

1247 1676 1351 1704 moriae
1362 1684 1368 1703 :
1380 1684 1467 1718 quare
1479 1674 1599 1713 placeat,
1610 1674 1680 1703 alias
1689 1672 1891 1703 ostendemus:
1903 1684 1935 1703 in
1944 1675 2097 1713 praesentia
2105 1673 2206 1714 cujus-

1247 1716 1332 1746 modi
1344 1726 1376 1746 ea
1386 1718 1428 1749 iit,
1440 1717 1618 1756 aperiemus.
1640 1718 1715 1746 Sunt
1723 1717 1811 1756 igitur
1821 1715 1886 1746 duae
1896 1718 2053 1746 memoriae
2067 1726 2072 1744 :
2084 1725 2143 1745 una
2152 1725 2208 1745 na—

1246 1759 1357 1791 turalis,
1374 1758 1462 1788 altera
1470 1757 1638 1787 artificiosa.
1661 1759 1694 1787 N
1695 1757 1814 1787 aturalis
1822 1756 1864 1787 est
1873 1768 1905 1787 ea
1914 1777 1922 1790 ‚
1943 1767 2007 1798 quae
2021 1756 2128 1787 nostris
2139 1759 2205 1786 ani-

1248 1802 1307 1830 mis
1318 1798 1403 1830 infita
1413 1799 1456 1830 est
1469 1819 1477 1833 ,
1499 1794 1512 1818 ⁸
1524 1799 1556 1829 δε
1566 1797 1655 1829 simul
1665 1808 1737 1828 cum
1747 1800 1927 1839 cogitatione
1937 1808 2012 1829 nata.
2036 1798 2208 1829 Artificiosa

1247 1842 1290 1873 est
1298 1853 1331 1873 ea
1341 1862 1350 1876 ,
1369 1852 1459 1883 quam
1471 1839 1630 1871 confirmat
1638 1839 1777 1870 induetio
1787 1840 1922 1881 quaedam
1934 1861 1942 1873 ,
1967 1841 2000 1870 &
2009 1843 2084 1870 ratio
2095 1850 2204 1881 praece-

1246 1886 1367 1924 ptionis.
1391 1883 1447 1914 Sed
1458 1885 1527 1924 quia
1536 1885 1568 1912 in
1578 1884 1681 1912 ceteris
1700 1882 1787 1912 rebus
1809 1892 1959 1911 1NGEN11'
1969 1882 2086 1912 bonitas
2104 1883 2205 1912 imita-

1246 1935 1293 1956 tur
1304 1925 1376 1966 saepe
1388 1924 1567 1958 doetrinam,
1578 1934 1621 1954 ars
1630 1922 1720 1963 porro
1732 1943 1740 1957 ,
1752 1933 1860 1954 naturae
1870 1923 2034 1955 commoda
2043 1923 2204 1954 confirmat

1249 1969 1280 1998 &
1290 1978 1325 1998 au
1348 1976 1376 1997 et
1386 1978 1391 1996 :
1403 1969 1442 1997 ita
1454 1966 1486 1997 fit
1496 1969 1528 1996 in
1539 1967 1592 1996 hac
1602 1976 1645 1999 re,
1658 1975 1691 1995 ut
1700 1975 1919 2006 nonnunquam
1930 1965 2069 1995 naturalis
2079 1975 2202 1995 memo—

1247 2012 1288 2040 ria
1298 2030 1306 2043 ,
1318 1978 1396 2039 sigcui
1407 2009 1472 2039 data
1482 2008 1524 2038 est
1534 2010 1646 2049 egregia
1657 2028 1664 2040 ‚
1676 2006 1781 2036 similis
1792 2006 1825 2037 sit
1834 2009 1904 2037 huic
1913 2006 2086 2037 artificiosae.
2109 2005 2205 2037 Porro

1248 2053 1310 2081 haec
1319 2050 1475 2081 artificiosa
1485 2070 1493 2083 ,
1515 2059 1624 2079 natura:
1637 2048 1799 2079 commoda
1807 2051 1932 2081 retinet,
1946 2049 1978 2078 &
1989 2046 2150 2088 amplificat
2158 2059 2203 2078 ia-

1247 2096 1330 2124 tione
1349 2091 1501 2121 do&ri11ae.
1534 2094 1719 2130 Quapropter
1738 2089 1769 2118 ὃς
1789 2090 1928 2119 naturalis
1940 2091 2088 2120 memoria
2096 2100 2207 2130 praece-

1248 2136 1351 2175 ptione
1362 2132 1567 2163 confirmanda
1577 2132 1629 2164 est,
1641 2141 1673 2161 ut
1683 2130 1716 2160 fit
1725 2132 1855 2172 egregia:
1867 2131 1900 2161 &
1909 2132 1982 2164 ᾔτεε,
1994 2142 2058 2171 quae
2068 2131 2206 2162 destrina

1250 2176 1333 2205 datur
1344 2194 1351 2207 ‚
1373 2174 1488 2215 indiget
1497 2175 1620 2214 ingenii.
1653 2175 1719 2202 Nec
1729 2174 1787 2202 hoc
1797 2175 1891 2213 inagis
1902 2193 1910 2206 ‚
1932 2182 1981 2203 aut
1993 2170 2095 2203 minus
2106 2175 2139 2203 in
2150 2174 2204 2203 hac

1250 2228 1289 2250 re,
1302 2215 1392 2256 qnam
1403 2218 1435 2244 in
1446 2218 1548 2245 ceteris
1560 2215 1670 2244 artibus
1683 2213 1714 2244 fit
1724 2234 1731 2247 ,
1743 2218 1758 2240 9
1770 2223 1800 2244 ur
1811 2215 1930 2255 ingenio,
1940 2214 2066 2244 dash-ina
2076 2227 2084 2249 3
2095 2225 2204 2255 praecc-

1250 2261 1363 2298 ptione,
1374 2265 1476 2286 natura
1485 2257 1614 2286 nitescat.
1639 2258 1736 2297 Qare
1747 2256 1850 2285 &illis
1863 2277 1870 2290 ,
1881 2259 1933 2297 qui
1943 2265 2044 2287 natura
2052 2266 2206 2286 memores

1253 2301 1319 2330 sunt
1329 2320 1336 2333 ,
1358 2299 1438 2328 utilis
1450 2300 1512 2329 haec
1523 2300 1577 2327 erit
1588 2297 1751 2327 institutio:
1773 2297 1851 2338 quod
1864 2307 1924 2328 tute
1934 2298 2036 2337 paullo
2046 2298 2112 2339 post
2121 2307 2206 2338 pote—

1251 2344 1289 2372 ris
1302 2341 1475 2381 intelligere.
1499 2338 1588 2381 Qod
1601 2338 1621 2369 si
1631 2340 1676 2368 illi
1686 2339 1754 2369 freti
1763 2342 1887 2380 ingenio
1897 2339 1996 2370 nostra
2005 2341 2205 2380 praeceptione

1252 2394 1316 2413 non
1328 2382 1513 2422 indigerent,
1535 2380 1718 2421 tamenjusta
1726 2382 1809 2411 causa
1819 2381 1954 2414 daretur,
1974 2392 2062 2422 quare
2073 2384 2110 2411 iis
2120 2401 2128 2415 ‚
2152 2383 2203 2422 qui

1251 2428 1353 2454 minus
1364 2426 1477 2463 ingenii
1489 2423 1598 2453 habent
1607 2444 1615 2457 ‚
1635 2423 1813 2462 adjumento
1825 2424 1955 2452 velimus
1967 2422 2034 2453 eise.
2065 2426 2157 2453 Nunc
2168 2423 2204 2452 de

1249 2466 1401 2506 artificiofiz
1411 2466 1543 2494 memoria
1554 2465 1721 2506 loquemur.
1746 2464 1866 2494 Constat
1876 2467 1963 2505 igitur
1972 2463 2128 2495 artificiosa
2137 2474 2206 2494 me-

1250 2510 1345 2538 moria
1354 2518 1392 2537 ex
1404 2508 1477 2537 locis
1488 2508 1519 2536 ὃς
1531 2506 1721 2547 imaginibus.
1753 2508 1852 2536 Locos
1863 2506 2043 2546 appellamus
2055 2516 2106 2536 eos
2121 2526 2129 2540 ,
2152 2508 2205 2547 qui

1248 2551 1384 2583 breviter,
1396 2548 1526 2589 pertesi&
1540 2569 1547 2582 2
1559 2548 1696 2590 insignite
1708 2569 1716 2583 ,
1727 2557 1777 2579 aut
1785 2557 1886 2579 natura
1896 2568 1905 2581 ,
1916 2556 1965 2577 aut
1975 2558 2066 2578 manu
2078 2549 2145 2578 sunt
2155 2548 2210 2577 ab—

2105 2589 2206 2622 soluti,

1265 2684 1269 2688 ι
1290 2649 1316 2673 6.
1335 2649 1451 2681 QiJa'Jm
1470 2649 1615 2682 arrisit-rufi]
1638 2634 1756 2673 Sic'Pal.
1776 2655 1863 2682 quart.
1874 2646 1942 2672 sext.
1954 2645 2050 2672 Gemb.
2062 2646 2107 2671 ΒΓ.
2119 2646 2145 2671 8:
2157 2633 2213 2670 isi-⁴

1253 2684 1453 2718 lienlis‚a›·tifici0
1464 2694 1513 2716 um,
1524 2683 1594 2720 quod
1605 2693 1637 2710 ex
1650 2691 1706 2711 arte
1717 2683 1818 2710 sagium
1830 2692 1838 2714 3
1851 2684 1892 2709 cui
1903 2682 2065 2708 contrarium
2076 2681 2208 2708 naturale.

1254 2720 1361 2755 vulgata
1373 2723 1480 2754 artificii.
2140 2734 2143 2735 ⁷

1279 2764 1315 2796 7
1336 2757 1386 2788 Effe
1396 2759 1523 2790 artificium
1532 2757 1665 2791 memoria]
1697 2757 1737 2782 Ita
1748 2754 1828 2781 iidem
1839 2754 1927 2791 scripti
1939 2773 1947 2786 ,
1968 2762 2015 2781 nec
2024 2763 2077 2781 non
2089 2753 2147 2780 Pal.
2158 2752 2207 2779 see.

1252 2791 1296 2818 :ilii
1308 2799 1395 2818 tamen
1407 2795 1549 2823 memoriam,
1560 2792 1630 2827 quod
1641 2792 1748 2818 exhibet
1758 2791 1842 2818 editio
1852 2790 1976 2817 Vitrea-ii.

1290 2828 1318 2854 8.
1337 2829 1443 2860 Esfimul
1452 2838 1501 2853 cnm
1511 2832 1643 2861 cogitatione
1652 2828 1738 2862 natm]
1760 2828 1817 2854 Pal.
1828 2834 1916 2863 quart.
1928 2825 2012 2853 Bruil.
2023 2824 2131 2851 Gembl.
2142 2824 2208 2851 item

1254 2873 1346 2899 margo
1358 2864 1455 2890 Liliani
1466 2865 1494 2890 8<
1504 2864 1600 2890 Toiiiiii
1615 2884 1621 2896 ,
1640 2866 1669 2895 (ly
1678 2865 1730 2897 fine
1739 2865 1814 2890 multa
1823 2865 1982 2889 concitatione.
2001 2860 2043 2887 sed
2054 2871 2105 2887 non
2117 2861 2180 2886 abeo
2191 2863 2207 2887 a

1255 2900 1361 2935 vulgata
1372 2909 1428 2935 quac
1439 2901 1466 2925 ὃ(
1477 2899 1529 2935 ipsa
1540 2900 1679 2926 commoda
1689 2900 1735 2926 est.

1289 2944 1317 2970 9.
1340 2940 1367 2960 Ut
1375 2938 1463 2968 iugenio
1472 2937 1590 2967 dim-ina,
1596 2939 1742 2969 funestiore
1750 2942 1842 2961 natura
1850 2933 1974 2967 nitescat]
1995 2933 2036 2958 Ita
2048 2940 2139 2958 omnes
2150 2930 2209 2958 mss.

1254 2971 1344 2998 nostri.
1366 2971 1492 2997 sententia
1504 2972 1538 2998 est
1551 2980 1558 3001 3
1580 2979 1608 2997 iit
1620 2972 1643 2998 in
1656 2971 1776 2998 omnibus
1787 2970 1887 2997 artibus
1899 2989 1907 3001 ,
1926 2969 1963 2995 ita
1974 2969 1999 2993 8(
2012 2968 2038 2994 in
2049 2968 2096 2994 liae
2106 2976 2210 2993 meino-

1255 3008 1297 3033 riae
1311 3027 1318 3039 ‚
1331 3006 1454 3033 nitescere
1466 3006 1615 3032 doeh-iiiam
1629 3027 1637 3038 ,
1649 3008 1665 3033 si
1677 3007 1767 3034 sortita
1779 3007 1809 3032 sit
1819 3006 1953 3041 ingenium
1966 3003 2051 3029 docile
2063 3023 2071 3035 ‚
2091 3004 2117 3029 &
2130 3011 2209 3029 natu-

1254 3052 1308 3083 ram
1323 3043 1362 3082 vel
1373 3044 1500 3079 optiinaiu
1512 3043 1595 3079 inagis
1607 3043 1817 3079 exspleiidei'cere
1830 3062 1838 3076 ,
1850 3042 1866 3069 si
1877 3040 2081 3078 praeceptionum
2092 3038 2210 3066 adhibita

1254 3085 1285 3107 iit
1296 3086 1375 3106 ratio.

2114 3155 2123 3174 3
2133 3167 2137 3172 .
2147 3145 2214 3180 924⁰AE

2224 1464 2267 1498 1‘6
