2337 3400
1051 25 1103 76 k

169 126 270 188 726
573 115 642 161 M.
714 111 764 158 T
803 125 836 156 u
872 123 901 154 t.
940 123 969 153 L
1009 123 1026 152 1
1065 123 1082 153 1

173 204 255 246 quod
266 200 378 243 praestat
389 218 395 233 ,
407 198 477 239 quid
490 205 537 227 me
550 195 649 225 velitis
659 192 753 225 facere
763 213 771 228 ,
781 190 964 224 constituite.
988 190 1077 221 Treis
1087 188 1131 219 le·

176 250 280 287 gion-:s
302 243 401 272 firmas
421 241 537 271 habeo:
563 247 688 280 quarum
710 245 800 266 unam
819 231 1132 265 vicefimamodlfflvam

175 288 247 318 cum
265 285 301 315 ad
319 285 347 314 se
361 285 452 314 initio
468 281 538 312 belli
553 279 868 312 arcessiss'ctAntonius
879 278 931 306 hac
940 275 1134 315 pollicitatio-

176 339 215 359 ne
226 348 234 361 ‚
255 336 315 367 quo
324 325 373 356 die
384 327 416 355 in
426 323 515 355 castra
526 321 651 353 veniss'et
661 341 669 355 ,
688 321 826 351 denarios
837 320 1005 360 quingenos
1016 315 1137 358 singulis

178 369 327 399 militibus
345 368 500 398 daturum:
521 366 553 395 in
565 363 690 395 viiioiia
699 362 772 393 vero
785 362 889 393 eadem
909 360 1052 401 praemia,
1072 368 1138 399 quae

178 412 237 442 suis
248 410 418 451 legionibus
429 408 569 450 (quorum
605 408 649 436 uis
659 405 749 435 ullam
763 403 857 434 finem
869 423 877 437 ‚
891 412 938 433 aut
951 401 1078 432 modum
1091 399 1139 430 fu-

179 462 280 485 turum
291 455 407 491 putavit
417 452 446 491 ?)
461 451 577 480 incitati
603 447 700 478 'imam
712 448 842 479 retinui,
855 445 930 486 aegre
941 443 1138 475 mehercules:

180 505 236 525 nec
248 491 433 524 retinuissem
443 512 451 526 ,
465 491 484 522 si
495 501 558 522 uno
567 491 635 521 loco
647 487 811 519 habuiss'em
823 508 831 522 ,
844 496 948 528 utpote
960 496 1030 517 curn
1042 484 1138 524 singu-

179 538 215 567 1ae
227 535 363 577 quaedam
374 536 512 565 cohortes
523 533 703 564 seditionem
714 530 852 561 fecerint.
864 530 1007 570 Reliquas
1018 536 1139 569 quoque

179 580 315 619 legiones
328 587 391 607 non
401 576 514 607 destitit
528 576 634 605 litteris
645 595 654 607 ,
675 582 760 615 atque
772 571 902 603 infinitis
911 570 1141 612 pollicitationi-

180 621 236 650 bus
251 622 382 649 incitare.
406 622 473 649 Nec
483 617 553 648 vero
565 615 668 647 minsis
680 615 812 656 Lepidus
823 613 891 645 ursit
902 623 951 643 me
963 614 996 643 δε
1007 613 1064 642 suis
1078 632 1086 643 ,
1107 610 1139 640 &

181 664 308 692 Antonii
327 662 432 692 litteris
449 681 457 693 .
481 669 514 690 ut
531 660 685 701 legionem
704 655 884 699 trigesimam
904 657 1056 685 mitterem
1075 651 1140 682 sibi.

180 707 283 745 Itaque
301 713 391 744 quem
407 703 575 732 exercitum
587 711 685 742 neque
703 699 832 730 vendere
850 699 920 728 ullis
938 698 1070 737 praemiis
1087 704 1143 725 vo-

181 746 245 780 lui,
265 755 321 775 nec
339 755 444 775 eorum
463 743 667 785 periculorum
686 750 788 775 metu,
816 751 881 781 quae
901 738 1067 769 vinitoribus
1084 737 1145 766 illis

182 788 438 828 portendebantur
455 807 464 821 ‚
492 785 665 817 diminuere
684 804 693 817 ,
721 783 837 814 debetis
856 780 1027 811 existimare
1045 788 1144 809 reten-

183 839 249 860 tum
262 850 270 863 ‚
289 829 540 860 &conservatum
562 829 625 867 reip
655 825 730 856 ess'e:
750 834 778 855 at
801 834 834 854 ue
847 825 886 854 ita
894 820 1145 892 &derenci-luod-

182 878 315 913 cumque
328 869 542 912 imperassetis,
561 868 712 899 faEturum
729 865 773 897 fui
800 864 835 899 e,
854 863 892 899 si,
911 864 993 905 quod
1002 864 1034 904 ju
1060 861 1142 895 istis,

181 914 251 944 feci.
276 917 355 944 Nam
375 914 408 944 &
427 913 614 954 provinciam
634 912 667 940 in
688 912 774 942 otio,
796 908 829 938 δε
847 908 1013 937 exercitum
1029 908 1061 935 in
1080 914 1147 934 mea

184 955 329 996 potestate
359 958 466 986 tenui:
499 953 611 983 finibus
635 962 710 982 meae
737 951 900 991 provinciae
923 948 1070 989 nusquam
1093 956 1147 977 ex-

181 996 264 1029 cessi.
298 998 429 1027 Militem
451 1006 515 1026 non
534 992 629 1025 modo
648 994 848 1034 legionarium
860 1002 883 1026 ‚3
898 991 948 1021 scd
967 1001 1004 1020 ne
1021 990 1148 1020 auxilia-

184 1043 264 1070 rium
284 1040 408 1081 quide-m
429 1038 525 1068 ullum
537 1045 691 1078 quoquam
710 1033 794 1065 misi:
810 1034 862 1067 ὃς,
884 1032 905 1063 si
923 1042 998 1074 quos
1018 1033 1146 1072 equiteis

183 1081 374 1112 decedenteis
392 1080 498 1110 nasitus
519 1080 587 1110 sum
610 1098 618 1112 ,
648 1077 794 1118 supplicio
813 1074 906 1107 affeci.
945 1077 1082 1116 Qarum
1103 1082 1147 1102 re-

185 1133 254 1154 rum
264 1122 397 1153 frutium
409 1123 474 1153 satis
485 1130 632 1163 magnum
642 1119 794 1160 republica
805 1118 881 1149 salva
892 1115 990 1147 tuliss'e
1003 1125 1053 1145 me
1063 1122 1149 1155 puta-

186 1166 238 1195 bo.
257 1165 314 1196 Sed
325 1164 451 1205 respubl.
465 1162 484 1193 si
496 1174 545 1193 me
558 1163 624 1193 satis
636 1159 775 1194 noviffet,
789 1161 821 1190 &
832 1161 927 1199 major
936 1168 999 1198 pars
1010 1158 1126 1187 senatus
1140 1166 1146 1184 2

185 1208 314 1246 majores
334 1217 373 1236 ex
386 1216 436 1236 me
451 1204 566 1236 fructus
584 1202 704 1234 tuliss'et.
737 1202 902 1243 Epistolam
914 1222 921 1234 ,
941 1210 1031 1241 quarn
1042 1198 1146 1231 Balbo,

184 1249 255 1280 ci'im
268 1251 443 1279 etiamnunc
461 1249 492 1277 in
504 1248 662 1287 provincia
672 1243 744 1275 effet
755 1265 763 1279 ‚
786 1242 881 1284 scripsi
894 1264 902 1277 ,
923 1241 1080 1283 legendam
1093 1240 1149 1270 tibi

186 1289 272 1320 misi:
292 1293 381 1321 etiam
394 1298 587 1330 praetextam,
610 1286 631 1318 si
648 1287 732 1318 voles
754 1288 868 1328 legere,
890 1285 1014 1316 Gallum
1035 1285 1150 1313 Corne-

185 1333 264 1406 ldiussn
276 1353 284 1367 ‚
307 1332 490 1364 familiarem
501 1341 607 1362 meum
617 1351 626 1365 ‚
651 1330 777 1371 poscito.
799 1338 850 1359 vr.
861 1327 1042 1368 'idusJunias
1053 1345 1061 1359 ‚
1075 1326 1150 1355 Cor-

210 1385 228 1405 u
252 1386 275 1406 a.

363 1461 578 1492 POLLIO,
599 1457 876 1489 CICERONI,
900 1456 973 1485 s.1>.

268 1525 508 1564 U-BEEQU.
531 1525 603 1562 Qio
625 1520 738 1552 tardius
757 1521 867 1550 certior
889 1517 993 1548 fierem
1014 1517 1051 1548 de
1073 1525 1154 1556 proe-

255 1567 318 1595 ‘liis
329 1565 405 1606 apud
417 1566 570 1595 Mutinam
581 1563 666 1594 factis
679 1583 687 1596 ,
710 1562 842 1603 Lepidus
860 1559 980 1593 effecit,
997 1561 1050 1600 qui
1069 1567 1154 1588 meos

192 1608 381 1641 tabellarios,
402 1617 514 1637 novem
527 1605 590 1635 dies
601 1606 741 1635 retinuit:
761 1612 862 1634 tamen
881 1600 932 1632 etsi
949 1611 1060 1631 tantam
1080 1600 1155 1630 cala-

193 1653 332 1680 mitatem
343 1651 415 1689 reip.
428 1648 518 1690 quam
537 1645 697 1678 tardissime
715 1646 817 1676 audire
835 1643 1004 1684 optandum
1023 1641 1079 1673 est:
1105 1641 1154 1673 sed

191 1692 253 1722 illis
265 1712 272 1725 ‚
285 1693 335 1732 qui
347 1689 481 1731 prodefl'e
492 1690 570 1719 nihil
580 1687 700 1729 poss'unt
711 1708 719 1722 ,
732 1697 830 1728 neque
840 1685 965 1716 mederi.
989 1688 1086 1725 Atque
1097 1685 1156 1714 uti-

192 1743 264 1764 nam
283 1733 391 1763 eodem
406 1731 661 1762 senatusconsulto
672 1751 680 1764 ‚
702 1740 763 1771 quo
774 1730 918 1760 Plancum
930 1748 938 1761 ‚
959 1728 991 1758 &
1002 1726 1153 1767 Lepidum

189 1778 225 1806 in
237 1775 352 1806 Italiam
362 1772 515 1805 arcefl‘istis
527 1793 535 1806 ‚
555 1782 604 1802 me
617 1782 738 1813 quoque
749 1769 903 1811 juss'rffetis
917 1771 1031 1800 venire.
1053 1767 1154 1808 profe-

180 1816 244 1848 -ἃὸ
259 1827 323 1847 non
339 1814 495 1856 accepifl'et
508 1815 581 1854 resp.
594 1815 652 1844 hoc
665 1814 787 1844 vulnus.
810 1822 872 1853 quo
882 1810 902 1841 si
912 1813 964 1852 qui
976 1812 1112 1841 laetantur
1120 1811 1153 1839 in

190 1860 344 1900 praesentia
354 1879 362 1892 ‚
377 1860 447 1899 quia
457 1856 599 1888 videntur
609 1856 642 1886 δε
651 1855 743 1885 duces
754 1875 761 1888 ,
778 1855 810 1884 &
821 1855 954 1884 veterani
963 1853 1082 1883 Caesaris
1091 1861 1156 1891 par-

171 1939 174 1941 >
193 1903 272 1932 tium
292 1898 437 1930 interiisse
455 1920 464 1933 ‚
493 1908 594 1929 tamen
612 1897 811 1938 postmodum
830 1893 944 1926 necesse
961 1893 1005 1925 est
1023 1894 1154 1926 doleant,

193 1953 264 1974 cum
278 1942 444 1973 vastitatem
456 1941 549 1972 Italiae
558 1941 751 1980 respexerint.
775 1940 856 1968 Nam
868 1937 901 1967 δε
910 1937 1011 1971 robur,
1023 1937 1056 1967 &
1068 1935 1156 1965 sobo-

193 1985 238 2015 les
257 1985 394 2015 militum
410 1985 540 2014 interiit:
561 1980 581 2011 si
591 1981 715 2023 quidem
728 2001 736 2014 ‚
757 1990 822 2021 quae
834 1981 1008 2010 nuntiantur
1019 1998 1027 2012 ,
1047 1978 1109 2008 ulla
1118 1987 1156 2007 ex

192 2036 274 2068 parte
284 2037 352 2057 vera
362 2027 437 2056 sunt.
461 2028 570 2066 Neque
581 2035 636 2065 ego
646 2033 711 2054 non
721 2023 862 2054 videbam
875 2042 883 2055 ‚
922 2030 1012 2051 uanto
1023 2021 1089 2051 usui
1099 2022 1158 2050 rei-

195 2069 267 2110 pub.
285 2067 376 2099 ess'em
396 2067 514 2098 futurus
528 2086 536 2101 ‚
561 2065 583 2096 si
601 2066 635 2096 ad
655 2065 807 2105 Lepidum
827 2066 898 2096 veni
924 2062 989 2093 em.
1031 2071 1158 2092 omnem

194 2113 280 2141 enim
298 2109 525 2141 cunetationem
538 2109 601 2149 ejus
620 2105 816 2138 discussissem
827 2126 835 2140 ‚
854 2106 1017 2146 praesertim
1025 2105 1161 2144 adjutore

196 2152 317 2184 Planco.
340 2152 396 2182 Sed
411 2151 550 2182 scribenti
563 2150 598 2181 ad
610 2160 659 2180 me
670 2148 822 2190 ejusmodi
835 2149 946 2179 litteras
956 2167 964 2181 ‚
985 2157 1056 2188 quas
1068 2147 1158 2186 leges,

199 2193 234 2224 &
244 2194 443 2224 concionibus
456 2214 465 2228 ,
485 2193 628 2224 videlicet
639 2212 645 2225 ,
657 2201 727 2232 quas
739 2191 882 2221 Narbone
898 2187 1031 2220 habuifl'e
1041 2189 1161 2222 dicitur,

197 2239 208 2256 ¹
223 2234 330 2266 similis
341 2255 349 2269 ‚
368 2236 513 2275 palmarer
528 2234 616 2275 plane
631 2232 745 2264 necess'e
755 2242 815 2263 erat
826 2253 835 2266 .
855 2231 875 2262 fi
887 2231 997 2263 vellem
1008 2239 1164 2262 commea-

198 2287 258 2311 tus,
270 2287 322 2318 per
331 2279 518 2317 provinciam
530 2277 594 2316 ejus
606 2278 660 2306 iter
668 2275 780 2306 faciens
791 2294 799 2308 ‚
815 2274 934 2304 habere.
960 2272 1102 2303 Praeterea
1111 2282 1164 2302 ve-

197 2320 306 2353 rebar,
327 2329 366 2348 ne
378 2339 387 2352 ,
411 2318 508 2348 fiante
522 2338 531 2351 ,
553 2317 644 2358 quam
663 2327 718 2358 ego
734 2318 863 2356 incoepta
873 2313 1044 2355 perficerem
1055 2335 1064 2349 ,
1083 2323 1164 2354 proe-

200 2362 281 2392 lium
299 2358 475 2392 confestum
493 2358 563 2390 ess'et
573 2379 582 2393 ,
602 2360 689 2398 pium
701 2367 806 2388 meum
817 2356 978 2387 consilium
988 2364 1122 2396 raperent
1131 2356 1166 2385 in

198 2405 382 2435 contrariam
396 2411 510 2444 partem
524 2400 737 2432 oboeditum-es
755 2400 836 2433 mei,
857 2406 977 2439 propter
987 2399 1163 2430 amicitiam,

202 2456 271 2487 quae
284 2446 363 2475 mihi
372 2455 443 2475 cum
455 2444 592 2474 Antonio
602 2463 610 2476 ,
631 2452 695 2472 non
705 2442 802 2481 major
812 2450 912 2471 tamen
923 2460 932 2473 ,
956 2439 1047 2480 quam
1059 2439 1167 2469 Planco

197 2488 270 2519 fuit.
286 2490 387 2528 Itaque
396 2487 413 2517 a
422 2485 555 2517 Gadibus
569 2485 671 2515 mense
682 2483 778 2524 Aprili
788 2483 869 2513 binis
879 2482 1037 2512 tabellariis
1051 2482 1083 2510 in
1093 2480 1166 2511 duas

202 2531 308 2560 naveis
319 2527 465 2569 impositis
476 2548 484 2562 ,
498 2527 530 2558 &
541 2527 614 2560 tibi,
626 2527 659 2557 δε
668 2525 844 2557 consulibus
854 2544 863 2558 ‚
876 2524 908 2554 δε
921 2523 1087 2555 O&aviano
1098 2523 1168 2553 scri-

202 2570 244 2612 psi
256 2592 264 2604 ‚
287 2580 319 2601 ut
336 2581 386 2601 me
402 2569 536 2601 faceretis
551 2570 710 2600 certiorem
721 2587 729 2602 ‚
750 2577 882 2609 quonam
894 2566 988 2597 modo
998 2563 1168 2606 plurimum

203 2612 320 2653 poss'em
333 2611 469 2653 prodess'e
479 2614 552 2652 reip.
575 2610 650 2644 Sed,
664 2619 697 2640 ut
707 2611 855 2640 rationem
867 2611 949 2642 ineo,
959 2618 1020 2649 quo
1030 2606 1079 2637 die
1088 2616 1169 2647 proe-

204 2657 286 2685 lium
305 2655 394 2686 Pansa
410 2652 565 2684 commisit
579 2673 587 2686 ‚
609 2651 719 2683 eodem
736 2651 752 2682 a
766 2651 900 2682 Gadibus
920 2660 1010 2681 naves
1027 2647 1170 2690 prosefiae

206 2698 283 2728 sunt.
308 2697 402 2727 Nulla
419 2699 503 2726 enim
519 2694 585 2736 post
602 2697 736 2725 hiemem
750 2692 809 2724 fuit
823 2701 891 2723 ante
905 2703 971 2723 eam
986 2692 1070 2722 diem
1084 2692 1172 2721 navi·

205 2740 295 2778 gatio.
320 2741 357 2769 Et
368 2739 502 2768 hercules
515 2736 605 2779 longi}
616 2745 751 2767 remotus
761 2736 797 2766 ab
809 2745 896 2766 omni
910 2733 1077 2775 suspicione
1088 2732 1172 2763 futu-

207 2780 341 2811 ricivilis
353 2781 501 2812 tumultus
511 2799 519 2814 ,
539 2781 660 2820 penitus
674 2780 706 2809 in
715 2776 866 2808 Lusitania
876 2777 1010 2819 legiones
1027 2778 1060 2806 in
1073 2775 1173 2806 hiber-

1153 107 1722 156 CrcaRONEM

1173 189 1221 219 nis
1233 186 1424 236 collocaram.
1434 190 1477 219 Ita
1485 188 1576 230 porro
1585 189 1738 223 festinavit
1747 199 1870 233 uterque
1879 191 2052 233 confligere,
2065 200 2128 224 tan-

1175 240 1265 279 quam
1284 230 1363 261 nihil
1382 232 1465 271 pejus
1484 233 1646 267 timerent,
1667 234 1759 275 quam
1779 245 1817 265 ne
1839 233 1899 264 fine
1913 237 2050 264 maximo
2064 237 2136 275 reip.

1177 275 1361 320 detrimento
1381 273 1499 303 bellum
1517 283 1759 314 componeretur.
1783 277 1851 310 sed,
1873 275 1893 305 fi
1913 275 2136 316 properandum

1178 316 1235 347 fuit
1247 335 1255 350 ,
1275 314 1354 345 nihil
1372 324 1437 345 non
1455 315 1567 345 summi
1581 316 1665 346 ducis
1678 317 1804 348 consilio
1818 316 1928 359 geffiffe
1939 319 2076 348 Hirtium
2087 319 2136 348 vi-

1180 358 1247 388 deo.
1273 359 1365 387 Nunc
1375 357 1436 387 haec
1447 357 1526 386 mihi
1537 357 1705 388 scribuntur
1714 369 1750 390 ex
1761 361 1858 390 Gallia
1868 360 1993 401 Lepidi,
2012 359 2044 389 &
2057 369 2139 389 nun-

1181 402 1291 430 tiantur
1303 419 1311 432 ,
1331 399 1428 430 Pansae
1438 401 1603 429 exercitum
1615 401 1771 431 concisum
1783 400 1838 431 effe
1851 412 1856 431 :
1875 402 1998 432 Pansam
2018 411 2055 431 ex
2069 401 2138 431 vul·

1181 442 1302 473 neribus
1318 450 1492 471 mortuum:
1512 440 1621 471 eodem
1641 442 1749 481 proelio
1762 444 1901 474 Martiam
1920 444 2070 485 legionem
2089 445 2139 472 in-

1180 482 1278 514 teriss'e
1288 503 1296 517 ‚
1308 483 1339 513 &
1350 483 1532 514 LFabaturn
1542 502 1549 516 ,
1564 482 1595 512 &
1607 483 1830 518 C-Peducaeum‚
1843 485 1875 515 &
1885 484 2136 516 D.Cai·fulenum.

1183 528 1307 556 Hirtino
1326 534 1426 555 autem
1445 525 1555 565 proelio
1574 524 1607 555 &
1626 534 1759 565 quartam
1780 526 1950 567 legionem,
1971 527 2003 557 &
2017 529 2140 557 omneis

1181 568 1318 609 peraeque
1331 570 1460 598 Antonii
1477 567 1580 597 caesas:
1600 568 1674 596 item
1690 569 1794 597 Hirtii.
1816 570 1958 609 Qartam
1976 579 2048 599 vero
2065 578 2138 599 cum

1181 610 1270 641 castra
1286 620 1405 655 quoque
1425 610 1556 639 Antonii
1572 608 1694 649 cepisset
1711 628 1720 643 ,
1748 608 1764 639 a
1782 611 1886 655 quinta
1903 611 2020 651 legione
2035 612 2141 640 conci-

1184 654 1244 683 sam
1262 651 1330 682 esse.
1354 652 1398 682 Ibi
1411 653 1547 681 Hirtium
1561 661 1682 692 quoque
1691 650 1809 691 periisse
1821 671 1828 685 ,
1851 651 1884 681 δε
1895 654 2034 682 Pontium
2046 655 2141 692 Aqui·

1184 695 1243 724 lam
1259 705 1264 723 :
1283 695 1343 724 dici
1361 695 1450 724 etiam
1463 692 1664 723 Ostavianum
1681 692 1827 723 cecidiffe.
1851 695 1925 735 Qae
1943 691 1964 722 si
1986 693 2078 733 (quod
2096 693 2141 724 dii

1184 736 1372 777 prohibeant)
1382 745 1449 765 vera
1461 736 1546 765 sunt:
1566 745 1631 764 non
1643 734 1950 765 mediocriterdoleo:
1971 736 2143 766 Antonium

1186 781 1309 818 turpiter
1322 779 1449 808 Mutinae
1463 775 1661 807 obsessionem
1677 775 1826 818 reliquisse
1837 797 1845 811 ,
1865 777 1914 808 sed
1934 777 2040 807 habere
2057 778 2145 816 equi-

1186 830 1251 851 tum
1282 819 1443 860 *legiones
1460 819 1513 850 sub
1533 818 1622 860 signis
1641 828 1765 849 armatas
1783 821 1852 849 treis
1872 839 1880 853 ‚
1907 819 1940 849 &
1959 822 1988 850 P.
2002 819 2145 859 Bagienni

1186 872 1276 893 unam
1288 883 1296 897 ,
1317 863 1460 892 inei-meis
1474 861 1550 891 bene
1566 861 1689 891 multos.
1714 861 1893 891 Ventidium
1904 870 2025 901 quoque
2035 862 2062 891 se
2072 869 2143 890 cum

1186 906 1321 946 Legione
1332 905 1454 944 septima
1463 924 1470 937 ,
1483 902 1587 934 oetava
1597 923 1604 936 ‚
1617 912 1698 933 nona
1706 902 1912 943 conjunxisse:
1926 901 1945 932 si
1956 902 2034 932 nihil
2044 904 2075 932 in
2084 903 2145 931 Le-

1186 948 1257 987 pido
1277 947 1336 986 spei
1353 946 1385 976 sit
1395 966 1404 980 ‚
1424 946 1636 976 descensurum
1646 945 1682 975 ad
1692 954 1844 975 extrema:
1867 945 1900 975 δε
1910 954 1973 975 non
1985 942 2080 975 modo
2092 953 2145 974 na-

1187 991 1295 1023 tiones,
1307 988 1355 1018 sed
1366 998 1455 1018 etiarn
1467 988 1583 1018 servitia
1590 990 1826 1018 concitaturum:
1841 989 1974 1017 Parmam
1986 987 2145 1026 direptam:

1188 1033 1222 1061 L.
1235 1031 1409 1060 Antonium
1420 1029 1522 1069 Alpeis
1537 1027 1699 1068 occupasse.
1723 1025 1797 1070 Qae
1812 1027 1910 1059 fivera
1920 1028 1987 1059 sunt
1998 1048 2006 1062 ‚
2028 1028 2147 1058 nemini

1187 1070 1324 1102 nostrum
1337 1069 1509 1101 cessandum
1520 1070 1562 1100 est
1573 1090 1581 1104 ,
1597 1081 1652 1100 nec
1661 1070 1895 1110 exspeEiandum
1908 1091 1916 1104 ‚
1929 1070 2000 1111 quid
2011 1070 2149 1100 decernat

1189 1115 1314 1144 senatus.
1348 1115 1410 1142 Res
1428 1114 1513 1142 enirn
1531 1114 1613 1152 cogit
1630 1113 1701 1142 huic
1719 1121 1802 1142 tanto
1821 1114 1964 1142 incendio
1982 1112 2147 1142 succurrere

1188 1157 1321 1188 omneis,
1333 1156 1386 1194 qui
1395 1162 1444 1184 aut
1453 1156 1629 1193 imperium,
1641 1162 1690 1183 aut
1700 1163 1817 1183 nomen
1828 1153 1958 1194 denique
1967 1163 2039 1193 pop.
2050 1155 2146 1183 Rom.

1188 1198 1302 1228 salvum
1313 1196 1425 1226 volunt
1437 1194 1505 1225 esse.
1529 1197 1654 1225 Brutum
1665 1197 1749 1224 enim
1760 1196 1910 1225 coliorteis
1920 1205 1977 1225 Χνι
1987 1205 2010 1224 1.
2033 1195 2065 1224 δε
2075 1195 2148 1224 duas

1189 1249 1254 1270 non
1265 1238 1446 1280 frequenteis
1457 1240 1592 1268 tironum
1606 1237 1741 1278 legiones
1753 1256 1762 1271 ‚
1781 1246 1854 1277 quas
1863 1236 2074 1276 conscripserat
2084 1239 2149 1265 An-

1190 1284 1293 1312 tonius
1303 1301 1311 1314 ,
1324 1281 1431 1310 habere
1441 1279 1540 1310 audio.
1565 1281 1674 1320 Neque
1685 1287 1783 1309 tamen
1793 1278 1900 1308 dubito
1911 1298 1920 1312 ‚
1938 1279 2014 1319 quin
2026 1286 2148 1310 omnes,

1189 1325 1241 1365 qui
1259 1320 1400 1364 supersint
1419 1321 1455 1351 de
1467 1322 1562 1351 Hirtii
1580 1323 1732 1354 exercitu,
1751 1319 1908 1351 confluant
1917 1321 2043 1351 adeum.
2067 1322 2151 1349 Nam

1191 1369 1223 1396 in
1235 1364 1354 1396 delectu
1365 1374 1428 1394 non
1439 1364 1573 1393 multum
1584 1364 1643 1403 spei
1654 1372 1729 1403 puto
1741 1361 1815 1392 effe:
1839 1363 2000 1402 praesertim
2014 1361 2086 1392 curn
2102 1362 2151 1391 ni-

1192 1408 1236 1440 hil
1251 1406 1284 1437 sit
1296 1404 1492 1447 periculosius
1503 1426 1511 1439 ,
1530 1409 1622 1446 quarn
1632 1405 1758 1445 spatium
1774 1403 1976 1435 confirmandi
1991 1404 2046 1434 sese
2058 1424 2067 1437 ,
2087 1406 2152 1433 An-

1193 1450 1281 1481 tonio
1291 1449 1363 1479 dari.
1386 1449 1470 1478 Anni
1487 1456 1588 1477 autem
1603 1455 1722 1487 tempus
1736 1447 1904 1477 libertatem
1914 1447 2060 1486 majorem
2074 1445 2153 1481 mihi

1194 1493 1259 1524 dat,
1271 1489 1424 1531 propterea
1433 1491 1502 1530 quia
1510 1488 1660 1519 frumenta
1669 1498 1716 1519 aut
1727 1491 1760 1519 in
1769 1490 1844 1529 agris
1854 1508 1862 1522 ,
1873 1490 1964 1519 autin
1976 1488 2060 1518 villis
2073 1487 2102 1517 su
2108 1494 2152 1516 nt.

1192 1537 1294 1574 Itaque
1305 1534 1455 1573 proximis
1466 1532 1574 1561 litteris
1583 1530 1743 1561 consilium
1755 1540 1859 1560 meum
1869 1530 2053 1570 expedietur.
2069 1531 2153 1559 Nam

1194 1585 1293 1616 neque
1309 1572 1425 1607 deesse,
1446 1582 1544 1613 neque
1564 1571 1706 1612 superefl'e
1725 1573 1840 1611 reipub.
1853 1573 1935 1601 volo.
1959 1571 2097 1601 Maxime
2111 1578 2154 1600 ta-

1195 1628 1269 1648 men
1279 1616 1369 1647 doleo
1381 1635 1389 1649 ‚
1401 1613 1476 1645 adeo
1489 1615 1623 1655 &longo
1632 1634 1640 1647 ,
1657 1614 1689 1643 δε
1701 1613 1812 1643 infesto
1822 1614 1929 1643 itinere
1939 1613 1973 1642 ad
1984 1623 2034 1642 me
2045 1613 2152 1645 veniri,

1194 1669 1227 1690 ut
1236 1659 1285 1690 die
1294 1655 1515 1700 quadragesimo
1523 1655 1592 1697 post
1600 1675 1608 1690 ,
1620 1664 1670 1686 aut
1681 1655 1755 1686 ultra
1764 1657 1854 1686 etiarn
1865 1674 1873 1689 ,
1885 1654 1977 1696 quam
1987 1653 2063 1685 &Sta
2073 1653 2152 1688 sunt.
2186 1652 2193 1655 ‘⁴

1195 1711 1302 1733 omnia
1311 1707 1497 1730 nuntientur.

1258 1784 1488 1814 M.LEP1DUS
1509 1783 1592 1813 IMP.
1616 1784 1784 1814 ITERUM
1805 1801 1814 1815 ,
1839 1783 1964 1812 PONT.
1987 1781 2092 1809 MAX.
2118 1811 2124 1817 ⁶

1511 1826 1557 1854 M.
1571 1826 1610 1854 T.
1626 1827 1659 1854 C.
1703 1827 1731 1855 S.
1746 1827 1776 1855 P.
1793 1826 1836 1854 D.

1277 1893 1469 1923 V.B.E.E.V.
1494 1888 1572 1920 Cum
1583 1888 1729 1921 audiffem
1741 1911 1750 1924 ‚
1769 1891 1942 1920 Antonium
1954 1898 2024 1920 cum
2036 1888 2094 1919 suis
2103 1897 2157 1919 co-

1265 1936 1357 1976 ‘piis,
1377 1931 1527 1974 praernisso
1546 1934 1582 1962 L.
1592 1933 1732 1963 Antonio
1749 1942 1821 1963 cum
1839 1941 1918 1973 parte
1939 1933 2103 1972 equitatus,
2124 1932 2157 1961 in

1176 2002 1178 2007 .
1197 1978 1386 2018 provinciam
1396 1985 1496 2007 meam
1506 1976 1610 2005 venire
1621 1985 1626 2004 :
1637 1985 1707 2006 curn
1718 1977 1850 2005 exercitu
1860 1983 1931 2004 meo
1942 1974 1978 2004 ab
1986 1971 2160 2004 confluente

1199 2018 1351 2050 Rhodano
1360 2017 1450 2049 castra
1461 2019 1564 2050 movi,
1579 2027 1611 2047 ac
1621 2026 1724 2047 contra
1734 2026 1784 2047 eos
1794 2018 1897 2046 venire
1905 2014 2033 2046 institui.
2057 2017 2159 2055 Itaque

1197 2062 1356 2092 continuis
1368 2059 1530 2090 itineribus
1543 2058 1577 2089 ad
1588 2061 1701 2089 Forum
1711 2060 1901 2089 Vocontium
1914 2059 1985 2088 veni
1998 2076 2006 2091 ‚
2025 2056 2059 2087 &
2069 2055 2157 2089 ultra,

1199 2102 1288 2134 castra
1303 2102 1339 2134 ad
1360 2101 1476 2132 flumen
1492 2104 1678 2143 Argenteum
1698 2104 1826 2131 ²contra
1842 2101 2018 2130 Antoninos
2034 2098 2102 2128 feci.
2125 2099 2155 2127 P.

1200 2145 1364 2176 Ventidius
1380 2144 1444 2174 suas
1463 2144 1598 2184 legiones
1614 2144 1684 2173 treis
1700 2143 1769 2182 conj
1776 2143 1865 2173 unxit
1876 2152 1946 2172 cum
1961 2151 1997 2171 eo
2007 2159 2016 2174 ,
2039 2140 2071 2169 δε
2086 2138 2162 2169 ultra

1202 2197 1252 2218 me
1263 2186 1352 2218 castra
1361 2186 1470 2227 posuit.
1493 2185 1641 2216 habebant
1655 2184 1740 2215 antea
1755 2185 1908 2225 legionem
1927 2181 2084 2213 secundam
2097 2201 2105 2214 ,
2128 2179 2162 2211 δε

1202 2239 1241 2260 ex
1259 2230 1384 2270 reliquis
1400 2227 1573 2270 legionibus
1591 2236 1731 2268 magnam
1749 2225 1979 2257 multitudinem
1991 2243 1999 2257 ,
2021 2223 2068 2253 sed
2081 2224 2163 2252 iner-

1203 2282 1338 2302 motum.
1361 2272 1537 2311 Equitatum
1551 2268 1639 2299 habet
1648 2278 1806 2310 magnum.
1829 2270 1910 2297 Nam
1923 2267 2025 2296 omnis
2035 2275 2073 2295 ex
2083 2273 2163 2304 proe-

1187 2314 1247 2343 2110
1261 2315 1376 2355 integer
1388 2310 1506 2342 deceffit
1515 2331 1524 2345 ,
1544 2312 1627 2341 itaut
1638 2309 1695 2340 fint
1703 2309 1832 2349 amplius
1844 2310 1990 2349 equitum.
2035 2307 2051 2316 “
2062 2309 2162 2347 Itaque

1204 2355 1241 2386 ad
1253 2365 1302 2385 me
1311 2353 1483 2393 complures
1494 2352 1625 2385 milites,
1642 2351 1675 2382 &
1693 2353 1808 2392 equites
1824 2350 1860 2381 ab
1878 2347 2114 2380 eotransierunt:
2130 2348 2165 2379 &

1205 2398 1238 2426 in
1249 2396 1313 2426 dies
1323 2394 1453 2435 fingulos
1466 2394 1530 2433 ejus
1542 2394 1635 2433 copiae
1647 2394 1834 2423 minuuntur.
1857 2392 1975 2423 Silanus
1985 2411 1993 2425 ,
2015 2391 2049 2421 δε
2058 2390 2165 2421 Culleo

1205 2438 1242 2469 ab
1261 2447 1297 2467 eo
1314 2434 1516 2467 discesserunt.
1539 2438 1607 2466 Nos
1626 2433 1677 2465 etsi
1695 2436 1823 2475 graviter
1840 2434 1876 2464 ab
1896 2435 1942 2464 his
1961 2431 2018 2463 laesi
2035 2441 2162 2465 eramus,

1206 2478 1289 2521 quod
1303 2488 1405 2509 contra
1416 2476 1549 2508 nostram
1565 2477 1754 2507 voluntatem
1768 2476 1804 2507 ad
1813 2477 1985 2507 Antonium
1996 2477 2104 2505 ierant:
2122 2482 2166 2504 ta-

1209 2532 1282 2552 men
1292 2520 1400 2551 nostrae
1411 2521 1606 2550 humanitatis
1616 2519 1648 2550 &
1658 2517 1886 2549 necessitudinis
1894 2517 1978 2548 causa
1988 2537 1996 2551 ,
2008 2525 2112 2547 eorum
2121 2515 2167 2546 sa-

1209 2564 1281 2594 lutis
1290 2565 1439 2594 rationem
1449 2563 1626 2592 habuimus.
1641 2563 1708 2591 Nec
1717 2569 1820 2591 tamen
1829 2570 1936 2591 eorum
1947 2568 2034 2599 opera
2042 2559 2166 2588 utimur:

1210 2616 1307 2647 neque
1318 2606 1351 2635 in
1361 2604 1460 2636 castris
1470 2603 1615 2634 habemus
1625 2623 1634 2637 ,
1657 2613 1753 2644 neque
1765 2603 1820 2633 ulli
1830 2603 1953 2643 negotio
1965 2599 2165 2641 praefecimus.

1211 2647 1302 2689 Qod
1316 2647 1350 2678 ad
1365 2647 1481 2678 bellum
1495 2647 1553 2676 hoc
1564 2647 1687 2679 attinet,
1707 2655 1762 2675 nec
1771 2645 1886 2676 senatui
1896 2664 1905 2678 ,
1924 2653 1979 2673 nec
1988 2643 2060 2680 reip.
2072 2640 2167 2670 deeri-

1213 2700 1292 2720 mus.
1315 2700 1381 2731 quae
1392 2687 1492 2730 postea
1501 2690 1663 2728 egerimus,
1672 2687 1778 2718 faciam
1791 2697 1819 2718 te
1827 2687 1995 2717 certiorem.
2010 2681 2068 2713 Etsi
2078 2683 2169 2712 omni

1214 2741 1349 2772 tempore
1359 2732 1478 2762 summa
1491 2729 1587 2760 studia
1600 2728 1695 2759 officii
1706 2749 1714 2763 ,
1736 2728 1845 2759 mutuo
1863 2729 1941 2757 inter
1957 2734 2015 2755 nos
2032 2725 2168 2754 certatim

1213 2774 1430 2808 constiterunt,
1442 2782 1497 2813 pto
1506 2770 1607 2802 nostra
1616 2772 1694 2801 inter
1702 2781 1759 2801 nos
1768 2769 1968 2801 familiaritate
1977 2786 1986 2801 ‚
1999 2766 2031 2797 δε
2041 2765 2169 2838 prolirifle

2119 2818 2127 2837 l
2142 2818 2169 2837 i-

252 2923 276 2941 1.
292 2916 382 2955 similis
395 2935 402 2947 ,
419 2919 541 2947 palmarer
554 2919 627 2950 plane
636 2918 718 2950 meost&
737 2917 816 2950 emm]
842 2915 934 2942 Exstat
945 2915 998 2940 liaec
1008 2913 1134 2949 scriptura
1145 2914 1170 2941 in

210 2950 334 2992 Palatino
344 2953 430 2987 primo
441 2961 469 2978 ac
480 2953 644 2980 Gruteriaiio
656 2973 663 2985 ‚
674 2962 752 2989 quam
764 2962 796 2978 ex
808 2951 858 2978 suis
869 2960 974 2987 quoquc
985 2950 1113 2977 indicavit
1124 2951 1172 2976 Vi-

211 2986 315 3013 ἀοι-ωε
327 2998 333 3013 :
357 2996 434 3022 quein
447 2989 528 3014 miror
540 3008 548 3020 ‚
559 2989 625 3016 alias
637 2998 690 3016 tuin
702 2989 830 3016 libroruin
843 2989 870 3014 Sc
882 2987 1050 3022 antiquitatis
1062 2986 1172 3022 religio-

212 3022 268 3050 sum
282 3043 289 3055 ‚
303 3023 346 3049 hic
357 3023 401 3049 sibi
411 3031 514 3063 tantuin
525 3024 640 3051 licenti-1:
651 3025 792 3061 suinpsiss'e,
804 3024 1017 3058 utillegitiniuni
1032 3043 1039 3054 ,
1079 3023 1120 3049 uia.
1131 3032 1172 3049 ra-

210 3068 271 3085 rum
283 3059 330 3091 est,
341 3067 446 3095 putaret
462 3069 470 3090 ;
491 3068 594 3095 iretque
613 3061 748 3088 obtrusum
770 3061 845 3087 nobis
853 3062 967 3093 palparer
979 3080 986 3091 ‚
1008 3032 1079 3095 quod
1097 3059 1171 3085 illico

211 3095 356 3136 Lambinus
369 3115 377 3126 ,
396 3095 428 3121 de
439 3105 492 3131 quo
504 3097 627 3131 quiequid
639 3098 743 3136 pessiine
754 3096 848 3123 dixero
861 3116 868 3128 ,
880 3097 966 3122 ininiis
978 3096 1049 3126 erit5
1070 3096 1096 3121 iii
1110 3103 1169 3122 tex-

210 3138 267 3157 tum
279 3132 383 3173 recipit.
405 3131 536 3158 Adher-co
547 3141 611 3167 ergo
623 3133 665 3158 liic
678 3134 810 3159 Maiiutio.
831 3132 1020 3165 Fsstitilill‘iniuni
1034 3133 1095 3158 vero
1108 3132 1168 3157 Ste-

206 3167 357 3204 phaiiisciiin
368 3177 395 3196 in
406 3167 457 3196 suis
473 3168 574 3204 jejunis
592 3167 787 3198 seliediaiinitis
798 3169 889 3197 audire
908 3178 1004 3205 parce,
1023 3167 1169 3205 praesertiiu

1196 2919 1198 2938 Ι
1217 2913 1340 2941 adversus
1352 2912 1502 2939 Manutiuin
1513 2919 1560 2946 pro
1572 2908 1704 2935 Lainbiiio
1715 2907 1900 2934 mentientem.
1920 2905 2064 2941 vulgatum
2075 2905 2112 2933 est
2122 2906 2172 2940 :fi-

1216 2950 1305 2976 milch-.-
1318 2949 1532 2984 fimnlaremplam
1540 2946 1622 2978 necesse
1631 2951 1694 2971 crat.
1713 2943 1911 2971 Stewechiaiius
1930 2951 2036 2978 quoque
2046 2942 2074 2968 δε
2086 2941 2172 2969 Palat-

1216 2988 1293 3013 Sext.
1300 2987 1433 3018 palmarer.
1453 2982 1534 3018 prisca
1543 2980 1639 3013 editio,
1647 2983 1730 3014 palma
1740 2990 1829 3006 rerum.

1274 3042 1279 3048 .
1299 3025 1388 3047 Contra
1400 3021 1530 3046 Antoninos
1538 3017 1614 3051 feci]
1636 3016 1795 3049 Lec'tionem
1817 3017 1883 3042 lianc
1902 3021 1995 3052 utpote
2013 3013 2171 3040 verisliimin

1215 3031 1341 3084 degemus
1361 3055 1492 3091 excerptis
1512 3054 1650 3080 Vaticani:
1681 3054 1743 3079 cum
1762 3052 1898 3079 Victorius
1917 3051 2032 3077 ediderit
2048 3052 2172 3080 Antonios,

1213 3094 1351 3128 exstetque
1362 3092 1455 3127 vulgo,
1464 3093 1636 3118 antonianos.
1657 3089 1700 3115 Sic
1711 3089 1827 3125 Epistola
1838 3087 2002 3124 praecedente
2011 3089 2173 3118 Hir-‹inopiu-

1212 3132 1241 3155 lia
1253 3149 1260 3160 ,
1278 3137 1331 3164 prae
1350 3138 1403 3166 quo
1423 3127 1561 3164 vulgatum
1572 3129 1694 3155 Hirtiano.
1713 3126 1756 3154 Sic
1766 3125 1836 3154 libi-0
1845 3133 1903 3153 xri.
1922 3125 1973 3160 Ep.
1987 3130 2030 3157 14.
2050 3130 2080 3150 ut
2099 3120 2173 3148 vide-

1213 3165 1310 3194 bimus.

2098 3200 2120 3221 Κ.
2141 3193 2169 3218 U:

2173 1776 2220 1819 34
