2302 3353
644 148 737 180 ni:
817 135 1255 182 ORAToRn
1333 136 1583 184 L113.I.

143 215 259 257 pleius‚
279 211 532 246 noffevolumus:
552 218 681 241 attamen
699 211 752 242 ista
763 231 770 244 ‚
794 221 860 253 quae
870 213 921 242 abs
933 222 960 242 te
971 213 1099 244 breviter

142 257 181 288 de
190 266 249 288 arte
259 255 377 286 decursa
387 255 471 286 sunt,
488 253 588 283 audire
599 255 738 292 cupimus
749 273 757 286 ‚
770 263 951 293 quamquam
963 255 1030 283 sunt
1040 266 1098 284 no-

140 297 189 329 bis
198 307 318 342 quoque
328 306 391 326 non
402 294 542 325 inaudita.
565 292 681 323 Verum
700 295 752 324 illa
770 304 862 324 mox:
883 304 966 324 nunc
982 295 1018 324 de
1037 297 1098 334 ipsa

79 347 94 382 3
106 349 120 382 3
141 346 336 370 exercitatione
344 336 417 378 quid
430 337 554 380 sentias)
565 338 740 376 quaeri'mus.
764 335 914 376 Equidem
925 336 1021 376 probo
1032 336 1094 370 ista,

141 379 254 411 eraffus
263 380 372 419 inquit,
383 388 449 418 quat
459 387 512 407 vos
523 380 615 407 tacere
624 397 633 410 ,
648 377 747 407 soletis
756 397 764 410 ‚
780 386 813 406 ut
822 397 830 411 ‚
842 377 926 407 causa
934 378 1030 418 aliqua
1040 387 1095 417 po-

137 420 188 451 fica
196 417 346 450 consimili
360 420 510 449 causarum
522 428 622 448 earum
634 439 643 451 ‚
663 428 729 458 quae
740 420 773 448 iu
782 417 884 448 forum
903 418 1078 448 deferuntur
1087 439 1095 452 ,

137 462 240 493 dicatis
250 461 341 502 quarn
352 460 485 491 maxime
496 459 531 490 ad
541 462 694 490 veritatem
706 460 933 490 accommodate
946 471 952 490 z
970 460 1020 491 sed
1031 461 1096 500 ple—

135 505 221 544 rique
230 505 263 533 in
272 503 332 532 hoc
343 512 451 533 vocem
463 500 557 531 modo
567 521 576 534 ,
598 511 694 541 neque
715 512 780 531 earn
799 502 926 532 scienter
936 522 944 536 ‚
966 502 999 532 δε
1009 504 1097 531 vireis

137 554 278 575 exercent
288 545 362 577 suas,
374 544 407 574 &
418 545 527 584 linguae
537 543 718 573 celeritatem
729 545 863 576 incitant,
874 543 1097 584 verborumque

137 586 306 627 frequentia
315 585 508 616 delefihntur.
531 587 565 614 in
575 594 636 625 quo
647 584 725 614 fallit
735 595 785 614 eos
797 605 805 618 ,
825 585 906 625 quod
919 585 1076 614 audierunt
1087 604 1094 618 ‚

137 628 248 657 dicendo
258 648 267 661 ,
287 629 428 657 homines
439 647 447 661 ‚
467 635 500 656 ut
518 626 636 659 dicant,
657 625 773 656 efficere
783 627 889 666 solere.
922 626 998 656 Vere
1011 628 1095 656 enim

138 672 230 700 etiam
240 669 317 699 illud
327 669 436 698 dicitur
445 689 452 702 ‚
466 671 639 698 Peavmse
656 677 784 696 mcERE
793 686 801 699 ,
822 676 975 696 ΗΟΜΙΝΕε
985 687 994 700 ,
1015 677 1095 696 PER-

137 718 246 742 szsE
264 720 413 740 DICENDO
423 731 432 743 ,
453 718 648 739 FAchLIME
667 717 846 745 corrsssQr.
888 709 1094 749 Qamobrem

136 754 172 783 in
183 752 246 782 istis
257 750 322 792 ipsis
336 750 598 782 exercitationibus
608 768 616 782 ,
640 747 689 778 etsi
709 750 782 779 utile
800 748 843 779 cst
854 769 862 782 ,
887 759 977 780 etiarn
995 749 1093 780 subitb

138 795 214 834 saepe
225 794 322 824 dicere
333 814 341 827 ‚
361 802 461 823 tamen
479 791 555 821 illud
573 791 690 823 utilius,
714 791 902 830 fiamtospatio
913 791 948 821 ad
959 794 1092 833 cogitan-

137 836 213 867 dum
224 856 232 870 ‚
243 834 369 876 paratius
379 854 388 867 ,
410 843 495 874 atque
505 831 667 863 accuratius
677 832 783 862 dicere.
816 836 910 871 Caput
918 841 1020 864 autem
1029 832 1071 863 est
1082 853 1090 867 ‚

137 877 220 918 quod
232 878 241 916 (
253 881 263 896 ¹
275 885 306 906 ut
314 876 382 906 vere
394 875 490 904 dicam
502 875 511 915 )
529 874 660 903 minime
672 872 800 904 facimus
820 873 882 913 (est
895 876 978 904 enim
989 877 1091 915 magni

137 919 247 949 laboris
257 939 265 952 ‚
278 927 367 958 quem
377 917 510 957 plerique
520 915 664 957 fugimus)
674 915 763 956 quam
774 914 943 954 17l111·imEim
955 917 1089 946 scribere.

136 964 258 991 smnus
274 968 422 990 OPTIMUS
442 977 450 991 ‚
471 967 512 986 ET
532 967 854 987 rRAESTAN-rxssrmus
872 967 1015 987 meatim
1036 967 1091 987 EF-

1110 996 1111 1012 *
1134 999 1341 1038 cognoscenda
1350 998 1489 1032 historia,
1509 1000 1653 1028 omniurn
1665 997 1799 1028 bonarum
1807 1001 1916 1030 arrium
1936 1002 2088 1042 scriptores

135 1010 265 1031 raca-on
276 1019 284 1034 ‚
305 1009 350 1029 Ae
370 1008 562 1029 MAGISTER:
582 1008 679 1038 neque
690 999 809 1037 injuria.
833 1008 903 1028 nam
923 998 942 1028 si
963 999 1090 1029 subitam

138 1041 334 1072 &fortuitam
353 1043 521 1070 orationem
540 1042 778 1073 commentatio,
800 1040 833 1070 δε
844 1042 986 1081 cogitatio
1002 1040 1088 1071 facile

134 1085 249 1114 vincit:
268 1084 344 1112 hanc
360 1082 454 1122 ipsam
463 1080 600 1122 profecit>
610 1079 716 1112 affidua
727 1101 735 1114 ‚
755 1092 787 1112 ac
806 1081 934 1123 diligens
950 1083 1091 1122 scriptura

136 1124 294 1165 superabit.
313 1134 420 1154 omnes
430 1126 515 1153 enim
527 1122 585 1153 five
595 1125 663 1153 artis
675 1124 741 1153 sunt
751 1124 810 1153 loci
820 1144 828 1157 ‚
842 1121 900 1153 sive
910 1126 1026 1164 ingenii
1036 1134 1088 1153 cu-

133 1166 251 1208 jusdam
260 1175 347 1207 atque
356 1165 521 1206 prudentiae
531 1185 540 1199 ‚
559 1167 611 1205 qui
619 1163 715 1194 modo
725 1166 828 1195 insunt
838 1166 870 1194 in
880 1176 912 1195 ea
921 1175 951 1195 re
963 1186 972 1198 ,
988 1165 1024 1196 de
1034 1175 1091 1206 qua

133 1207 304 1241 scribimus²
314 1207 540 1248 anquirentibus
551 1206 650 1239 nobis,
663 1209 809 1247 omnique
818 1208 879 1237 acie
888 1209 1004 1248 ingenii
1015 1216 1090 1237 con-

133 1249 348 1290 templantibus
358 1248 521 1278 ostendunt
530 1249 559 1278 se
568 1268 576 1281 ,
596 1248 630 1277 &
639 1258 816 1278 occurrunt:
836 1249 1003 1289 omnesque
1021 1249 1090 1278 seri-

134 1294 234 1322 tentiae
244 1312 253 1325 ‚
266 1291 412 1331 verbaque
422 1291 527 1319 omnia
536 1309 544 1322 ,
563 1299 629 1329 quae
638 1290 707 1319 sunt
717 1291 857 1330 cujusque
866 1293 982 1330 generis
994 1310 1002 1322 ,
1023 1300 1090 1320 ma-

132 1333 220 1364 xime
232 1331 372 1365 illustria,
395 1332 448 1361 sub
458 1342 572 1360 acumen
583 1330 647 1366 stili
656 1331 796 1364 subeant,
820 1331 1019 1361 &succedant
1035 1341 1089 1361 ne-

133 1373 208 1405 cesse
218 1373 276 1404 est:
297 1382 363 1403 tum
373 1374 433 1412 ipsa
443 1373 600 1402 collocatio
610 1392 618 1405 ‚
643 1371 904 1413 conformatioque
924 1372 1087 1403 verborum

132 1414 284 1456 perficitur
291 1417 325 1444 in
335 1414 490 1445 scribendo
500 1434 509 1447 ‚
521 1424 584 1443 non
593 1415 714 1453 poetico
725 1434 733 1447 ,
754 1413 802 1443 sed
813 1413 943 1454 quodam
956 1416 1087 1444 oratorio

133 1467 262 1487 numero
275 1478 283 1490 ‚
296 1457 328 1486 δε
338 1455 443 1485 modo.
468 1458 541 1485 Haec
551 1456 619 1485 sunt
629 1475 638 1488 ,
658 1465 722 1496 quae
733 1456 878 1485 clamores
887 1475 896 1489 ,
920 1456 953 1486 ὃς
962 1456 1088 1485 admira-

131 1499 219 1528 tiones
227 1501 260 1529 in
270 1498 358 1528 bonis
368 1497 532 1527 oratoribus
543 1495 689 1529 efficiunt,
704 1507 800 1537 neque
810 1507 843 1527 ea
851 1497 1018 1538 quisquam,
1031 1496 1086 1527 nifi

131 1540 186 1571 diu
197 1561 206 1573 ,
217 1540 406 1580 multumque
416 1539 583 1578 scriptitarit
591 1559 600 1572 ,
613 1540 701 1568 etiam
714 1537 734 1568 fi
744 1538 1005 1569 vehementiffime
1017 1540 1086 1569 sein

132 1582 182 1613 his
199 1581 304 1612 subitis
322 1580 509 1611 diciionibus
527 1582 709 1614 exercuerit,
731 1581 944 1621 consequetur:
968 1581 1001 1611 δε
1009 1583 1060 1622 qui
1070 1580 1086 1611 a

134 1623 284 1655 scribendi
295 1622 510 1653 consuetudine
525 1622 560 1652 ad
571 1621 734 1651 dicendum
746 1624 830 1652 venit
840 1642 848 1655 ‚
861 1623 937 1652 hanc
949 1621 1032 1652 affert
1041 1622 1086 1653 fa—

135 1665 287 1698 cultatem,
299 1673 340 1698 ut,
352 1666 442 1694 etiarn
453 1662 551 1693 subito
562 1661 582 1693 fi
593 1663 785 1697 dicat‚tamen
797 1664 927 1704 illa,quae
937 1664 1082 1698 dicantur,

134 1705 242 1737 similia
250 1707 425 1746 scriptorum
436 1704 494 1735 effe
506 1705 680 1735 videantur:
700 1714 785 1746 atque
804 1708 894 1735 etiam
906 1725 914 1739 ‚
934 1704 954 1734 si
965 1706 1085 1747 quando

132 1749 167 1778 in
177 1748 306 1778 dicendo
317 1748 456 1788 scriptum
468 1747 601 1777 attulerit
609 1747 723 1787 aliquid
731 1746 802 1777 cum
813 1747 849 1777 ab
859 1758 895 1776 eo
905 1746 1064 1777 discess'erit
1074 1768 1082 1781 ‚

128 1791 244 1831 ,reliqua
261 1789 366 1819 similis
384 1791 478 1819 oratio
494 1789 699 1830 consequetur.
732 1792 774 1819 Ut
784 1791 932 1818 concitato
943 1792 1064 1829 navigio
1076 1810 1084 1823 ,
1103 1821 1104 1826 ¹

130 1835 147 1852 ²
158 1830 229 1862 cum
239 1832 351 1872 remiges
360 1830 557 1861 inhibuerunt
565 1851 573 1864 ,
594 1832 701 1860 retinet
719 1839 819 1860 tamen
836 1831 895 1870 ipsa
915 1834 999 1860 navis
1015 1841 1084 1861 mo-

132 1882 200 1904 tum
210 1893 218 1906 ‚
231 1873 264 1903 &
273 1874 392 1904 cursum
403 1873 490 1902 suum
501 1892 508 1906 ‚
531 1870 699 1902 intermiffo
718 1874 834 1912 impetu
844 1892 853 1905 ‚
875 1872 1020 1913 pulsuque
1037 1883 1084 1902 re-

136 1925 259 1945 morum
270 1925 276 1943 z
298 1913 336 1943 fic
345 1925 378 1943 in
388 1915 521 1943 oratione
531 1922 669 1953 perpetua
678 1933 686 1946 ‚
706 1912 778 1943 cum
797 1914 901 1953 scripta
918 1913 1062 1944 deficiunt
1074 1935 1082 1948 ‚

134 1965 236 1996 parem
247 1964 347 1985 tamen
357 1955 473 1984 obtinet
481 1957 576 1984 oratio
586 1955 699 1995 reliqua
708 1955 827 1984 cursum
837 1974 845 1987 ‚
862 1955 1037 1994 scriptorum
1049 1955 1084 1985 si-

75 2009 90 2043 3
100 2012 122 2043 4
138 1996 310 2027 militudine
321 2016 329 2030 ‚
343 1996 375 2026 δε
383 1997 414 2025 vi
424 1998 576 2028 concitata.
604 1999 616 2022 ³
628 1998 664 2025 In
671 1995 854 2035 quotidianis
863 2006 962 2026 autem
972 1999 1084 2036 cogita-

134 2038 270 2070 tionibus
281 2037 419 2079 equidem
431 2037 511 2067 mihi
520 2036 757 2067 adolescentulus
768 2046 933 2077 proponere
954 2038 1085 2068 solebam

131 2081 219 2111 illam
230 2081 473 2110 exercitationem
485 2078 618 2109 maxime
630 2099 638 2112 ‚
659 2089 715 2119 qua
725 2081 755 2109 C.
771 2079 939 2110 Carbonem
949 2079 1085 2111 nostrum

132 2123 223 2153 illum
242 2124 405 2153 inimicum
424 2120 547 2153 solitum
567 2119 623 2153 effe
634 2130 678 2154 uti
688 2120 834 2159 sciebam,
856 2133 889 2155 ut
898 2135 947 2156 aut
955 2124 1085 2156 versibus

129 2162 291 2205 propositis
299 2168 390 2205 quam
400 2165 533 2195 maxime
545 2166 693 2206 gravibus,
704 2176 752 2196 aut
761 2169 894 2197 oratione
904 2168 1001 2208 aliqua
1011 2167 1086 2198 lecta

131 2206 168 2236 ad
177 2216 249 2236 eum
267 2205 359 2235 finem
372 2227 380 2240 ‚
401 2216 491 2247 quem
512 2210 659 2237 memoria
677 2206 792 2247 poss'em
811 2209 1065 2248 comprehendere
1076 2230 1083 2243 ‚

130 2257 197 2278 eam
209 2258 271 2277 rem
282 2248 374 2287 ipsam
385 2268 393 2282 ‚
406 2258 495 2288 quam
507 2248 641 2289 legissem
653 2270 661 2282 ,
683 2248 769 2278 verbis
777 2249 839 2279 aliis
848 2260 937 2291 quam
948 2251 1084 2281 maxime

130 2287 246 2330 postem
256 2289 341 2319 lestis
352 2292 586 2329 pronuntiarem.
611 2291 658 2320 sed
668 2290 737 2331 post
746 2293 951 2326 animadverti,
962 2293 1018 2323 hoc
1027 2292 1085 2323 ess‘e

131 2333 165 2361 in
174 2332 232 2361 hoc
241 2333 307 2361 vitii
318 2351 327 2364 ,
337 2329 419 2372 quod
430 2341 463 2361 ea
472 2331 654 2372 verba-{quae
666 2333 802 2363 maxime
813 2334 952 2374 cujusque
962 2337 1005 2364 rei
1014 2345 1084 2375 pro-

128 2375 191 2414 pria
201 2393 210 2406 ,
222 2383 343 2414 quaeque
354 2372 448 2403 ess'ent
457 2372 637 2404 ornatiffima
648 2393 657 2407 ‚
668 2385 753 2415 atque
763 2377 877 2414 optima
886 2395 894 2409 ,
907 2375 1083 2416 occupasset,

129 2422 180 2444 aut
190 2417 305 2445 Ennius
315 2434 323 2448 2
335 2413 356 2444 si
366 2414 400 2445 ad
410 2416 475 2455 ejus
483 2416 584 2445 vei-sus
596 2426 644 2445 me
653 2426 822 2447 exercerem
835 2436 843 2450 ‚
855 2426 903 2447 aut
914 2419 1063 2448 Gracchus
1074 2438 1082 2452 ,

130 2454 153 2485 fi
162 2456 224 2495 ejus
234 2458 402 2487 orationem
416 2457 494 2487 mihi
513 2456 590 2487 forte
611 2457 839 2498 proposuiffem.
862 2461 901 2489 ita
911 2480 918 2493 ‚
938 2458 958 2489 fi
976 2458 1083 2490 iisdem

130 2497 230 2528 verbis
241 2507 336 2528 uterer
345 2519 354 2532 ,
375 2499 451 2528 nihil
461 2497 594 2538 prodefle
607 2510 612 2527 ε
632 2498 653 2529 fi
663 2500 728 2530 aliis
739 2520 747 2534 ‚
769 2501 860 2530 etiarn
870 2500 969 2531 obeffe
980 2521 988 2535 ,
1009 2500 1080 2531 cum

129 2541 233 2569 minus
241 2540 358 2570 idoneis
369 2542 412 2569 uti
422 2541 656 2570 consuescerem.
687 2541 790 2572 Postea
799 2543 877 2572 mihi
887 2543 998 2582 placuit
1009 2564 1017 2576 ‚
1029 2553 1081 2573 eo-

128 2590 187 2621 que
196 2581 262 2611 sum
274 2582 340 2611 usus
351 2581 520 2611 adolescens
532 2603 539 2615 ‚
558 2591 589 2612 ut
601 2583 791 2613 summorum
801 2593 953 2614 oratorum
963 2587 1080 2615 Graecas

128 2624 279 2653 orationes
296 2624 486 2663 explicarem.
508 2624 617 2665 quibus
636 2624 722 2655 lcfilis
740 2626 799 2656 hoc
819 2624 984 2667 ass'equebar
995 2646 1004 2660 ,
1025 2636 1057 2657 ut
1069 2647 1078 2660 ‚

161 2726 190 2758 ἰ,
204 2721 239 2758 *Ut
246 2720 302 2745 vere
310 2720 413 2755 dicam]
425 2721 548 2748 Memmii
558 2721 623 2748 liber
633 2722 701 2749 alter
710 2732 803 2748 verum.
818 2721 888 2758 quod
899 2722 1081 2759 praeposuerim

126 2760 210 2789 priori
222 2754 363 2791 scripturae.

147 2824 153 2830 ι
165 2798 193 2816 2.
212 2794 269 2816 Cum
279 2796 370 2824 remiges
377 2793 556 2828 inhibuerunt]
569 2794 634 2820 Haec
643 2793 678 2822 est
690 2792 770 2821 lectio
780 2794 899 2821 omnium
910 2794 978 2821 Pau.
998 2795 1081 2821 Lam-

128 2822 204 2852 binus
215 2828 318 2862 reponit
328 2828 494 2861 fiaestinuerunt.

162 2869 190 2901 33
209 2865 238 2888 In
246 2863 386 2897 quotidianis
396 2871 473 2890 autem
484 2865 700 2900 concitationibus]
715 2866 780 2892 Non
791 2865 845 2891 abit
856 2865 888 2892 ab
897 2865 944 2892 hac
954 2865 1081 2902 scriptura

126 2894 210 2923 editio
229 2899 340 2924 vetus&
352 2899 419 2925 Pali.
434 2901 525 2927 nostri.
544 2902 599 2938 post
618 2901 669 2928 cufi
688 2904 873 2935 cogitationibm.
901 2903 932 2928 Ρ.
944 2903 1081 2929 Manutius

125 2931 213 2960 edidit
221 2937 458 2962 commentationibus.

161 2975 190 3001 4..
219 2970 365 2995 Eliciendum
386 2978 456 3005 arque
473 2972 602 2999 dicendum.
645 2973 824 3006 Perdisrendum
834 2974 880 3007 jus
897 2975 965 2999 civile
984 2992 992 3005 ‚
1012 2973 1079 3007 ism]

125 3002 212 3030 Palat.
229 3004 298 3031 sext.
316 3006 343 3030 &
355 3005 443 3033 octav:
462 3015 533 3041 atque
549 3009 680 3041 &scendum
691 3011 745 3043 jm.
765 3016 829 3035 tert,
849 3009 937 3044 quint.
954 3009 1018 3046 sept.
1038 3012 1081 3034 eli-

127 3039 232 3078 fimdum
248 3048 318 3075 atque
331 3043 505 3076 perdifi'endum
515 3046 559 3077 jus·
578 3047 647 3069 civile
657 3063 667 3077 ‚
683 3046 735 3076 εἶχε.
757 3045 824 3071 Pall.
839 3046 918 3074 prim.
936 3046 964 3071 8(
975 3044 1080 3071 secund.

129 3081 193 3100 ntem
204 3075 274 3101 Pith.
285 3077 313 3101 &
324 3078 435 3104 Memm.
446 3088 498 3105 non
509 3080 626 3114 migrant
635 3090 651 3106 a
663 3080 772 3116 vulgato
784 3100 792 3112 ,
812 3076 892 3116 quam
904 3080 975 3116 quod
985 3080 1081 3116 praefe-

129 3116 192 3136 runt
204 3129 211 3141 ,
219 3112 351 3142 eligendum.

163 3152 190 3179 5.
208 3147 333 3173 tahtmdns
343 3140 413 3176 iilam
422 3158 451 3176 ex
461 3169 469 3182 ,
479 3150 548 3186 ἀι]
560 3151 639 3178 Hanc
648 3150 793 3180 lefkioiiem
803 3148 1002 3188 amplestuntur
1013 3152 1081 3179 ml.

2039 152 2102 200 77

1143 212 1215 243 cum
1227 223 1278 248 ea,
1296 224 1362 254 quae
1379 215 1508 256 legerem
1519 209 1639 245 Graece,
1661 210 1769 243 Latine
1779 211 1934 244 redderem
1946 232 1957 247 ,
1976 223 2040 245 non
2052 216 2100 246 so·-

1143 254 1209 284 liim
1229 257 1353 295 optimis
1369 257 1466 286 verbis
1488 264 1584 286 uterer
1594 274 1602 287 ‚
1621 254 1654 283 &
1673 262 1774 284 tamen
1788 253 1898 285 usitatis
1916 275 1926 288 2
1945 255 1991 286 scd
2007 258 2099 287 etiam

1143 298 1345 340 exprimerem
1362 298 1499 337 quaedam
1515 295 1604 326 verba
1620 295 1789 329 imitando,
1808 306 1874 336 quae
1892 306 1972 327 nova
1989 297 2099 329 nostris

1144 335 1237 366 essent
1248 357 1256 369 ‚
1268 337 1439 368 dummodo
1449 337 1542 368 essent
1551 337 1669 368 idonea.
1686 338 1755 379 Jam
1765 340 1849 367 vocis
1859 357 1867 372 ,
1880 338 1913 368 «Sc
1922 338 2053 378 spiritus,
2065 339 2099 370 &

1143 379 1236 406 totius
1245 381 1379 417 coi-poris
1391 399 1399 412 ,
1411 380 1443 409 δε
1453 378 1542 419 ipsius
1550 379 1662 420 linguae
1674 387 1776 409 motus
1784 398 1792 412 ‚
1806 379 1839 409 δε
1849 383 2078 411 exercitationes
2086 401 2097 415 .

1144 427 1210 446 non
1221 427 1280 447 tam
1292 422 1359 448 artis
1370 421 1505 461 indigent
1515 441 1523 454 ‚
1542 420 1633 461 quam
1644 419 1759 449 l'aboris:
1774 421 1884 462 quibus
1895 423 1927 451 in
1938 422 2025 452 rebus
2044 423 2097 452 ha-

1143 458 1240 488 benda
1251 458 1293 488 est
1303 462 1375 504 ratio
1385 461 1544 502 diligenter
1552 482 1560 494 ,
1573 472 1648 502 quos
1658 463 1826 496 imitemur,
1843 473 1974 504 quorum
1985 462 2099 494 similes

1141 500 1272 530 velimus
1282 499 1350 530 esse.
1373 502 1515 532 Intuendi
1525 503 1613 532 nobis
1624 504 1690 533 sunt
1699 513 1764 533 non
1775 503 1874 534 solum
1885 514 2016 535 oratores
2027 526 2035 539 ‚
2048 505 2098 537 sed

1141 544 1233 572 etiam
1245 540 1359 571 actores
1370 562 1379 575 ,
1400 553 1438 571 ne
1449 544 1525 573 mala
1534 544 1750 574 consuetudine
1759 545 1795 575 ad
1805 546 1936 587 aliquam
1946 546 2094 577 deformi-

1143 592 1230 613 tatem
1241 602 1249 617 ,
1261 585 1496 624 pravitatemque
1504 587 1671 614 veniamus.
1695 588 1867 618 Exercenda
1883 587 1926 618 est
1935 590 2027 618 etiam
2037 599 2096 618 ›m-

1139 625 1240 657 moria,
1253 624 1418 654 ediscendis
1428 625 1463 654 ad
1472 625 1600 655 verbum
1610 636 1697 666 quam
1708 628 1848 667 plurimis
1859 630 1892 660 &
1902 629 2012 660 nostris
2022 631 2094 661 scri-

1138 668 1196 705 ptis
1208 686 1215 699 ,
1229 666 1386 696 &alienis.
1417 668 1456 696 At
1478 676 1514 695 ue
1525 668 1557 695 in
1573 677 1606 696 ea
1615 671 1825 700 exercitatione
1843 681 1908 701 non
1926 671 1994 702 sane
2015 673 2094 702 mihi

1139 708 1274 747 displicet
1284 707 1421 738 adhibere
1433 727 1441 741 ‚
1457 677 1640 737 iliconsueiis
1652 728 1659 740 ‚
1680 711 1769 739 etiam
1780 711 1865 742 istam
1877 713 2013 743 locorum
2024 734 2032 747 .
2053 712 2094 743 si-

1138 750 1401 789 mulacrorumque
1412 751 1558 779 rationem
1571 768 1579 782 ‚
1592 758 1656 789 qua:
1667 751 1698 778 in
1709 759 1767 780 arte
1778 753 1909 784 traditur.
1934 755 2095 785 Educenda

1136 790 1246 820 deinde
1262 789 1359 820 diffio
1377 790 1420 820 est
1435 801 1473 821 ex
1490 791 1542 820 hac
1560 790 1723 821 domestica
1732 796 1943 825 exercitatione
1954 817 1963 829 ‚
1985 797 2094 826 &um-

1137 831 1235 861 bratili
1245 852 1254 866 ‚
1273 831 1411 862 medium
1423 834 1455 862 in
1464 842 1571 876 agmen
1581 852 1589 864 ‚
1601 834 1634 861 in
1643 833 1798 871 pulverem
1810 855 1817 867 ‚
1830 837 1862 865 in
1870 837 2044 872 clamorem,
2056 840 2089 868 in

1136 873 1226 904 castra
1236 894 1244 907 ‚
1264 882 1350 914 atque
1367 875 1465 904 aciem
1481 874 1643 905 rorensem.
1666 872 1837 905 subeundus
1847 878 1914 907 usus
1926 882 2067 910 omnium
2079 899 2089 914 ‚

1137 916 1169 945 δε
1179 915 1382 956 periclitanda:
1398 917 1476 946 vires
1492 917 1624 956 ingenii:
1645 915 1678 944 &
1688 916 1740 945 illa
1750 922 1967 949 commentatio
1979 922 2093 952 inclusa

1135 959 1168 986 in
1179 959 1310 987 veritatis
1330 957 1430 987 lucem
1443 956 1619 997 proferenda
1628 956 1679 986 est.
1710 958 1843 997 Legendi
1864 962 1954 990 etiam
1974 964 2067 1001 po'e'ta:
2080 984 2089 996 .

1133 1050 1165 1070 ac
1176 1039 1316 1070 doctores
1326 1041 1358 1070 ὃς
1370 1040 1489 1080 legendi
1501 1061 1508 1072 ‚
1531 1040 1563 1070 δε
1573 1040 1799 1080 pervolutandi,
1828 1042 1860 1072 &
1869 1046 2093 1075 exercitationis

1133 1082 1216 1112 causa
1236 1081 1376 1112 laudandi
1394 1102 1402 1115 2
1425 1081 1634 1121 interpretandi
1645 1101 1653 1114 ,
1672 1083 1858 1123 corrigendi,
1881 1086 2068 1125 vituperandi
2080 1107 2090 1119 ,

1132 1122 1290 1153 refellendi
1302 1134 1307 1152 ι
1325 1123 1597 1164 disputandumque
1606 1123 1643 1153 de
1660 1126 1748 1153 omni
1768 1134 1797 1154 re
1807 1127 1840 1154 in
1849 1129 2008 1157 contrarias
2025 1138 2091 1168 par-

1135 1166 1190 1194 teis
1198 1185 1207 1198 ‚
1221 1165 1254 1195 &
1264 1185 1272 1198 ,
1283 1165 1427 1206 quicquid
1437 1167 1492 1195 erit
1503 1167 1536 1195 in
1545 1175 1659 1206 quaque
1669 1175 1699 1194 re
1711 1185 1718 1198 ‚
1739 1166 1820 1206 quod
1830 1167 1984 1206 probabile
1994 1170 2089 1200 videri

1133 1205 1222 1246 poffit
1231 1226 1239 1240 ‚
1250 1210 1268 1233 4
1277 1207 1460 1237 eliciendum
1470 1227 1478 1240 ‚
1491 1216 1576 1247 atque
1586 1206 1759 1237 dicendum.
1793 1208 2024 1241 Perdiscendum
2040 1212 2050 1249 j
2057 1222 2090 1241 us

1132 1249 1222 1278 civile
1233 1269 1241 1282 ‚
1251 1248 1467 1289 cognoscendae
1478 1249 1554 1290 leges
1566 1269 1574 1282 ‚
1592 1248 1783 1288 percipienda
1791 1252 1894 1280 omnis
1910 1254 2069 1293 antiquitas
2080 1273 2090 1286 ,

1134 1290 1279 1320 senatoria
1295 1290 1479 1320 consuetudo
1489 1310 1498 1324 ‚
1519 1290 1676 1330 disciplina
1684 1292 1757 1330 reip.
1765 1291 1775 1328 j
1780 1301 1829 1321 ura
1840 1293 1991 1323 sociorum
2002 1315 2010 1327 ,
2031 1294 2088 1324 foe-

1133 1331 1201 1361 dera
1211 1352 1218 1365 ‚
1229 1331 1384 1371 pactiones
1394 1351 1403 1365 ‚
1415 1333 1498 1362 causa
1509 1333 1628 1371 imperii
1638 1332 1844 1372 cognoscenda
1854 1333 1897 1364 est
1908 1345 1912 1363 :
1923 1338 1937 1361 5
1947 1335 2087 1366 libandus

1132 1375 1223 1402 etiam
1235 1383 1272 1403 ex
1282 1376 1369 1403 omni
1379 1384 1485 1413 genere
1496 1374 1669 1403 urbanitatis
1679 1372 1852 1405 facetiarum
1862 1376 1984 1416 quidam
1995 1377 2088 1417 lepos:

1131 1424 1191 1455 quo
1202 1423 1344 1456 tanquam
1355 1413 1625 1456 lale‚pei-spergatur
1635 1417 1737 1445 omnis
1748 1419 1854 1446 oratio.
1886 1417 1988 1448 Effudi
2001 1419 2091 1448 vobis

1133 1458 1238 1486 omnia
1247 1476 1256 1490 ‚
1278 1467 1344 1497 qua:
1359 1457 1524 1487 sentiebam
1536 1477 1546 1489 ,
1566 1467 1632 1497 quae
1642 1455 1761 1487 fort-affe
1770 1477 1779 1490 ‚
1799 1468 2021 1500 quemcumque
2040 1470 2091 1500 pa-

1130 1506 1207 1527 trem
1213 1497 1341 1528 familias
1359 1497 1549 1538 arripuiss'etis
1559 1508 1597 1528 ex
1607 1499 1708 1539 aliquo
1725 1500 1839 1529 circulo
1850 1520 1858 1533 ,
1877 1501 1981 1531 cadem
2002 1503 2090 1532 vobis

1129 1539 1392 1579 percunctantibus
1412 1539 1615 1579 respondisset.
1648 1542 1722 1570 Haec
1739 1539 1811 1570 cum
1823 1541 1937 1572 Crass'us
1949 1542 2086 1578 dixisset,
2112 1559 2155 1591 35

1129 1579 1282 1611 silentium
1292 1580 1335 1611 est
1344 1582 1548 1612 consecutum.
1573 1581 1628 1612 Sed
1638 1592 1818 1622 quamquam
1830 1584 1895 1614 satis
1905 1586 1943 1614 iis
1953 1605 1961 1618 ‚
1973 1588 2025 1625 qui
2037 1586 2089 1616 ad-

1130 1632 1213 1652 erant
1223 1644 1231 1655 ,
1243 1623 1278 1653 ad
1288 1623 1319 1653 id
1331 1643 1339 1657 ‚
1353 1622 1434 1664 quod
1444 1632 1504 1653 erat
1512 1622 1698 1663 propositum
1709 1644 1717 1657 ‚
1730 1623 1846 1654 dictum
1857 1626 2011 1657 videbatui·
2022 1648 2030 1659 .
2044 1637 2087 1658 ta-

1131 1674 1204 1694 men
1214 1665 1379 1695 sentiebant
1388 1663 1514 1694 celerius
1524 1664 1582 1695 effe
1598 1666 1695 1695 multo
1705 1685 1714 1699 ‚
1734 1665 1825 1706 quam
1836 1666 1889 1707 ipsi
1899 1668 2014 1699 vellent
2023 1689 2031 1702 ‚
2050 1669 2088 1700 ab

1129 1717 1166 1735 eo
1177 1716 1360 1746 peroratum.
1393 1710 1477 1736 Tum
1486 1707 1617 1737 Scaevola
1627 1727 1635 1740 ‚
1655 1706 1738 1748 Qid
1759 1707 1818 1741 est,
1842 1712 1949 1740 Cotta?
1971 1712 2089 1752 inquit,

1129 1748 1203 1788 quid
1213 1750 1313 1778 tacetis
1324 1751 1334 1777 ?
1354 1748 1472 1778 nihilne
1481 1749 1568 1778 vobis
1578 1751 1611 1778 in
1621 1758 1757 1778 mentem
1767 1751 1860 1784 venit,
1872 1751 1951 1792 quod
1968 1762 2089 1791 praeter-

1130 1800 1162 1819 ea
1172 1801 1187 1819 a
1198 1788 1297 1820 Craffo
1307 1792 1480 1831 requiratis?
1498 1789 1601 1820 Immo
1613 1790 1643 1820 id
1654 1792 1826 1821 mehercule
1836 1813 1844 1825 ,
1858 1795 1975 1834 inquit,
1990 1795 2087 1834 ipsum

1130 1831 1262 1861 attendo.
1285 1841 1382 1861 tantus
1393 1842 1476 1861 enim
1487 1833 1588 1862 cursus
1599 1832 1760 1862 vei-borum
1770 1832 1829 1863 fuit
1839 1846 1844 1862 2
1869 1835 1901 1865 δε
1912 1834 1949 1864 sic
1960 1837 2088 1864 evolavit

1130 1875 1226 1903 oratio
1237 1893 1246 1906 ‚
1258 1882 1291 1903 ut
1302 1874 1366 1909 ejus
1375 1875 1440 1903 vim
1450 1893 1457 1906 ‚
1471 1883 1556 1914 atque
1567 1875 1775 1904 incitationem
1784 1875 1818 1905 ad
1824 1876 1969 1915 spexerim
1982 1888 1987 1906 ;
1998 1877 2088 1907 vesti-

1128 1916 1185 1956 gia,
1198 1913 1419 1955 ingressumque
1429 1917 1482 1944 vix
1491 1915 1632 1947 viderim,
1652 1915 1684 1945 Sc
1695 1925 1845 1956 tamquam
1856 1919 1888 1947 in
1899 1919 2027 1959 aliquam
2041 1920 2089 1949 lo-

1129 1956 1280 1995 cupletem
1289 1976 1298 1990 ,
1310 1967 1341 1986 ac
1352 1955 1489 1986 refertam
1500 1957 1628 1986 domum
1639 1959 1774 1987 venerim
1786 1977 1792 1989 ‚
1806 1968 1869 1988 non
1880 1961 2023 1999 explicata
2033 1970 2086 1991 ve-

1129 1996 1170 2027 ste
1184 2018 1192 2030 ‚
1205 2007 1302 2038 neque
1311 1996 1461 2037 proposito
1472 2007 1592 2038 argento
1603 2017 1612 2031 ‚
1631 2008 1729 2038 neque
1738 1999 1844 2029 tabulis
1854 2020 1863 2032 ,
1877 2001 1909 2030 &
1918 2000 2006 2042 signis
2016 2011 2087 2041 pro-

1129 2037 1227 2079 palam
1246 2039 1398 2068 collocatis
1410 2059 1418 2072 ‚
1441 2039 1490 2068 sed
1500 2040 1545 2068 his
1557 2039 1702 2068 omnibus
1716 2041 1820 2070 multis
1830 2061 1837 2075 ‚
1860 2041 2086 2084 magnificisque

1132 2080 1219 2111 rebus
1237 2078 1252 2100 ⁶
1262 2079 1439 2112 construens
1449 2100 1457 2115 ‚
1478 2091 1510 2111 ac
1530 2080 1690 2111 reconditis
1704 2091 1709 2111 z
1727 2080 1765 2111 sic
1784 2082 1879 2113 modo
1898 2086 1930 2114 in
1948 2087 2085 2116 oratione

1133 2122 1220 2156 Craffi
1238 2124 1356 2157 divitias
1366 2146 1375 2160 ‚
1393 2135 1479 2167 atque
1495 2134 1670 2156 ornamenta
1688 2126 1751 2165 ejus
1761 2127 1876 2168 ingenii
1886 2137 1938 2166 pei·
1947 2127 2086 2175 quaedam

1131 2168 1306 2202 involucra,
1328 2178 1414 2208 atque
1434 2171 1639 2208 integumenta
1655 2168 1807 2207 perspexi:
1828 2168 1876 2198 sed
1887 2180 1919 2199 ea
1929 2178 2000 2199 cum
2011 2179 2087 2198 con-

1131 2210 1268 2249 templari
1287 2219 1427 2249 cuperem
1439 2229 1447 2243 ,
1468 2212 1522 2239 vix
1535 2209 1696 2249 aspiciendi
1707 2209 1833 2249 potestas
1842 2210 1909 2241 fuit.
1932 2213 1972 2241 ita
1990 2221 2087 2251 neque

1131 2252 1189 2281 hoc
1198 2250 1317 2291 poffum
1328 2251 1425 2281 dicere
1436 2271 1445 2285 ,
1457 2261 1505 2281 me
1522 2253 1654 2280 omnino
1671 2253 1805 2292 ignorare
1814 2272 1823 2285 ‚
1844 2252 1916 2293 quid
1926 2250 2066 2292 poffideat
2077 2272 2086 2285 ,

1131 2303 1228 2334 neque
1245 2293 1332 2332 plane
1349 2298 1364 2320 7
1374 2291 1457 2323 nosse
1468 2314 1475 2326 ‚
1489 2303 1521 2323 ac
1531 2291 1648 2322 vidiffe.
1672 2295 1756 2335 Qin
1767 2301 1797 2323 tu
1808 2293 1978 2334 igiturfacis
1989 2294 2083 2325 idem,

1131 2337 1230 2375 inquit
1238 2335 1366 2365 Scaevola
1377 2355 1384 2367 ,
1404 2335 1484 2375 quod
1497 2334 1605 2364 faceres
1618 2354 1626 2367 ‚
1646 2333 1667 2364 si
1677 2337 1708 2364 in
1719 2335 1848 2375 aliquam
1859 2331 1874 2353 8
1882 2335 2010 2365 domum
2020 2336 2086 2375 ple-

1131 2387 1202 2406 nam
1213 2386 1461 2407 ornamentorum
1477 2377 1641 2417 villamque
1653 2375 1780 2406 venisses
1792 2380 1802 2405 ?
1820 2375 1840 2405 si
1851 2387 1882 2406 ea
1893 2375 2012 2416 seposita
2021 2397 2030 2411 ‚
2051 2386 2085 2407 ut

1130 2418 1204 2448 dicis
1214 2439 1222 2452 ,
1235 2417 1328 2449 efl'ent
1337 2439 1344 2453 ,
1359 2427 1448 2459 tuque
1459 2418 1544 2448 valde
1555 2417 1705 2458 spectandi
1716 2418 1840 2458 cupidus
1851 2417 1922 2448 effes
1934 2430 1942 2452 3
1955 2428 2019 2448 non
2029 2418 2085 2448 du—

1131 2460 1237 2491 bitares
1256 2470 1355 2501 rogare
1373 2461 1537 2491 dominum
1548 2480 1556 2493 ‚
1578 2469 1610 2490 ut
1627 2459 1751 2499 proferri
1766 2460 1777 2499 j
1784 2459 1901 2493 uberet,
1922 2461 2085 2500 praesertim

1128 2506 1143 2529 9
1155 2501 1175 2532 si
1186 2501 1438 2532 efl'etfamiliaris:
1459 2501 1596 2531 fimiliter
1615 2511 1696 2530 nunc
1712 2503 1788 2540 petis
1805 2504 1820 2530 a
1838 2500 1936 2531 Craffo
1948 2521 1956 2535 ‚
1976 2511 2009 2531 ut
2018 2511 2084 2531 eam

1127 2544 1247 2584 copiam
1257 2553 1506 2574 ornamentorum
1518 2543 1639 2572 suorum
1650 2562 1657 2574 ‚
1667 2552 1756 2582 quam
1765 2541 1966 2572 construfikam
1977 2553 2040 2573 uno
2050 2546 2086 2574 in.

1129 2585 1208 2618 loco,
1219 2584 1297 2626 quasi
1306 2594 1353 2626 per
1363 2586 1538 2625 transennam
1546 2592 1755 2623 piaetereuntes
1766 2583 1894 2614 strictim
1904 2585 2085 2625 aspeximus,

1130 2628 1164 2657 in
1174 2628 1272 2658 lucem
1282 2626 1409 2667 proferat
1418 2647 1427 2660 ‚
1440 2627 1472 2656 ὃ(
1484 2626 1536 2655 suo
1546 2625 1676 2666 quidque
1687 2626 1754 2655 loco
1764 2625 1903 2657 collocet.
1926 2630 1990 2668 Ego
2001 2626 2085 2658 verb,

1987 2676 2092 2708 inquit

1128 2719 1160 2750 nli
1166 2734 1239 2750 mero
1249 2723 1311 2750 ofto
1324 2734 1331 2755 3
1344 2734 1408 2750 unus
1419 2723 1501 2750 solum
1512 2722 1601 2749 habuit
1610 2724 1758 2755 liberandus,
1772 2722 1843 2759 quod
1853 2723 1998 2749 Lambinus
2009 2723 2086 2749 iuve-

1131 2761 1169 2786 nit
1182 2761 1206 2786 in
1219 2768 1334 2795 quatuor
1345 2759 1404 2786 inss.

1164 2797 1193 2822 6.
1213 2797 1351 2828 construn'is
1362 2805 1390 2821 ac
1400 2795 1546 2829 reconditis]
1559 2794 1687 2831 Reposiiit
1697 2793 1842 2821 Lambinus
1854 2796 1969 2827 restmfxis
1981 2813 1988 2826 ‚
2001 2794 2087 2826 libris,

1128 2839 1157 2857 ut
1168 2832 1254 2866 inquit
1267 2851 1274 2862 ,
1294 2831 1414 2857 omnibus
1427 2830 1628 2859 reclamantibus
1641 2850 1649 2864 ‚
1662 2831 1771 2857 ieritate
1780 2830 1833 2867 ipsi
1843 2830 1991 2866 flagitante.
2003 2832 2018 2856 :i
2029 2840 2083 2866 quo

1129 2867 1232 2893 seorsim
1245 2867 1326 2893 sentio
1339 2877 1388 2893 una
1400 2876 1458 2893 cum
1470 2866 1629 2892 Gulicluiio.

1164 2911 1192 2937 7.
1214 2904 1276 2935 Nost
1287 2912 1313 2928 ac
1323 2903 1432 2937 vidiffc]
1453 2902 1524 2928 Pith.
1536 2903 1648 2928 Memm.
1659 2902 1702 2928 Pal
1711 2923 1716 2929 .
1727 2912 1769 2938 pr.
1778 2902 1895 2935 invidisti.
1906 2901 1998 2938 probo.
2013 2901 2085 2928 dieta

1129 2940 1198 2964 enim
1209 2940 1314 2970 invidia,
1326 2938 1395 2973 quod
1407 2938 1486 2964 nimis
1496 2946 1616 2964 accurate
1626 2937 1689 2974 quid
1700 2938 1848 2971 intueatur,
1858 2939 1912 2965 δίε.
1923 2938 2085 2964 Gulielmius

1128 2974 1235 3010 put-‚ibat
1247 2982 1334 3000 Limen
1347 2974 1468 3009 primitus
1480 2973 1555 3000 fuisse
1565 2975 1718 3007 inrroridiffi:

1165 3010 1191 3036 8.
1213 3013 1306 3035 Domum
1313 3012 1407 3041 plenam
1417 3017 1602 3034 ornamentorum
1610 3009 1763 3044 villamque]
1785 3009 1827 3036 Est
1840 3010 1853 3035 ὲ
1866 3009 1923 3036 Pal.
1934 3009 2012 3045 prim.
2025 3018 2084 3034 Ham

1126 3045 1210 3071 editio
1219 3046 1303 3080 priina
1312 3047 1452 3070 vela-luam.
1462 3044 1598 3081 sequentes
1607 3048 1682 3077 luam,
1694 3045 1735 3072 sed
1746 3045 1825 3072 male.
1840 3055 1931 3072 omncs
1942 3047 2011 3072 enini
2024 3045 2085 3070 scri-

1127 3081 1164 3117 pti
1175 3084 1246 3106 ullam
1256 3088 1301 3107 aut
1311 3083 1403 3107 viliam.

1162 3125 1191 3151 9.
1210 3120 1235 3141 Si
1245 3118 1294 3150 effi-1
1303 3116 1429 3146 familiaris
1439 3117 1556 3150 :finniliter
1564 3117 1719 3153 nuncia-ris]
1730 3116 1811 3145 Haud
1822 3115 1891 3145 secus
1903 3117 1970 3143 Pau.
1981 3116 2083 3149 aliq-„iot

1128 3153 1154 3179 &
1167 3153 1238 3179 i’ith.
1249 3152 1320 3188 prius
1330 3151 1443 3188 impressi
1456 3171 1464 3185 ‚
1474 3154 1527 3188 effes
1540 3172 1547 3185 ‚
1558 3154 1667 3185 &prim

1601 3190 1660 3223 ¹(3
2011 3185 2087 3211 ‚aa
