2379 3400
270 129 397 179 1234
668 100 1181 152 M.Tu1.i.11

268 203 399 227 retentae.
422 187 511 230 Qod
528 185 614 227 igitur
624 182 851 221 latiffimepatet
863 199 873 212 ‚
899 177 1041 219 nequead
1057 177 1221 208 incolumi-

270 245 358 266 tatem
377 232 474 263 solum
487 249 495 262 ,
518 227 566 258 sed
587 224 722 256 etiamad
732 232 820 263 opes,
843 223 874 252 &
886 222 1052 261 potentiam
1065 220 1141 249 valet
1154 219 1221 259 plu-

270 275 385 307 rimum
398 294 406 307 ‚
427 272 456 302 id
470 268 685 309 ampledhmur
696 286 705 299 ,
722 275 757 295 ⁴ut
773 273 884 294 Meros
897 272 993 292 Ansir
1007 281 1016 294 ,
1040 263 1141 291 caritas
1152 262 1222 290 reti—

271 326 374 348 neatur
388 335 397 348 .
417 315 454 343 ita
467 310 611 341 facillime
622 328 630 342 .
642 318 707 348 quae
718 307 865 337 volumus
877 325 885 338 ‚
905 305 936 334 &
947 305 1069 343 privatis
1078 305 1112 332 in
1120 302 1222 335 rebus,
1239 307 1240 311 ’

273 359 306 387 &
326 358 357 386 in
379 365 437 394 rep.
452 354 678 392 consequemur.
700 350 815 378 etenim
829 367 837 380 ‚
859 356 919 384 Qu
935 355 970 376 sa.
982 354 1094 374 Μετυι
1109 344 1222 377 volent,

272 399 288 428 ἐι
307 397 416 438 quibus
435 402 626 425 metuemus,
644 391 767 421 eosdem
787 397 922 418 metuant
942 385 993 426 ipsi
1006 406 1014 420 ,
1037 385 1152 415 necessse
1172 384 1223 415 est.

271 438 354 479 Qd
373 439 454 467 enim
469 435 625 466 censemus
639 434 822 472 superiorem
835 431 922 459 illum
937 426 1143 467 Dionysium?
1164 437 1225 467 quo

272 482 402 511 cruciatu
419 479 537 508 timoris
547 477 615 516 angi
626 475 747 505 solitum
760 493 768 506 ,
790 472 959 513 quicultros
971 479 1108 500 metuens
1125 469 1228 498 tonso-
1242 498 1243 503 ¹

273 524 335 552 rios
357 542 364 553 ,
389 525 399 540 ¹
416 519 555 550 candenti
573 517 699 547 carbone
720 514 771 544 sibi
793 513 932 544 adurebat
948 512 1092 551 capillum
1112 514 1122 535 ἓ
1140 510 1226 550 quid?

274 562 480 594 Alexandrum
501 561 656 591 Pheraeum
673 578 680 591 ,
701 567 762 597 quo
782 557 886 586 animo
909 552 1017 583 vixisse
1036 552 1226 583 arbitramur?

274 615 326 647 qni
345 606 354 642 (
369 614 401 634 ut
420 605 558 641 scriptum
581 600 732 641 legimus)
749 597 820 627 cum
842 605 969 626 uxorem
982 594 1110 625 Theben
1123 594 1227 623 admo-

277 647 349 677 dum
370 646 505 686 diligeret
521 664 529 676 ‚
549 652 650 672 tamen
671 641 703 671 ad
714 650 777 669 eam
790 650 827 669 ex
840 638 977 678 epulisin
987 636 1162 667 cubiculum
1178 642 1246 664 ve-'

278 690 368 718 niens
380 708 388 720 ,
411 686 567 716 barbarum
580 705 588 717 ‚
600 684 631 713 &
642 693 710 712 eum
723 681 846 722 quidem
858 701 865 714 ‚
878 689 910 709 ut
921 679 1060 718 scripmm
1073 676 1113 707 est
1125 698 1133 710 ‚
1143 686 1229 706 com—

1261 100 1802 149 cicazonis
2341 0 2379 144 Ἥ

1259 177 1370 208 nefaria
1390 179 1421 208 in
1439 179 1553 212 socios,
1576 176 1595 208 si
1616 180 1672 209 hoc
1693 188 1754 209 uno
1774 180 1815 209 sol
1827 180 1988 223 quidquam
2000 178 2211 214 vidissetind'i-

1260 222 1356 260 gnius.
1381 221 1452 261 Jure
1472 222 1561 261 igitur
1582 219 1752 260 pltfiimur.
1777 219 1832 251 nisi
1840 225 1922 253 enim
1934 225 2097 254 multorum
2110 226 2211 264 impu·
2242 222 2246 226 ’

1262 264 1320 292 nita
1328 261 1615 292 sceleratuliss'emus
1624 282 1632 295 ,
1644 271 1808 302 numquam
1820 262 1854 292 ad
1867 273 1960 294 unum
1972 275 2048 296 tanta
2059 265 2212 306 pervenis-

1263 304 1302 334 set
1319 304 1460 333 lieentia:
1482 305 1498 333 ὲ
1518 313 1578 344 quo
1589 303 1710 344 quidem
1723 306 1764 333 rei
1777 303 1948 338 familiaris,
1972 307 2005 336 ad
2015 317 2122 347 paucos
2134 320 2142 341 3
2156 317 2211 337 cu-

1261 345 1416 385 piditatum
1431 364 1439 378 ‚
1458 345 1493 374 ad
1505 345 1617 374 multos
1629 345 1782 384 improbos
1794 355 1877 375 venit
1886 347 2038 378 hereditas.
2061 352 2127 379 Nec
2139 348 2211 378 vero

1264 396 1406 427 umquam
1419 385 1568 416 bellorum
1580 387 1718 416 civilium
1732 387 1832 416 semen
1844 407 1852 420 ,
1874 387 1906 416 ὃς
1915 389 1997 418 causa
2008 389 2116 423 deerit,
2137 391 2213 420 dum

1264 430 1404 457 homines
1418 428 1524 468 perditi
1537 426 1645 457 hastam
1658 428 1742 457 illam
1754 437 1906 458 cruentam
1920 429 1951 458 ὃ(
1964 433 2167 465 meminerint,
2180 432 2213 461 &

1265 470 1429 510 sperabunt.
1447 479 1536 510 quam
1550 472 1579 500 P.
1593 469 1670 508 Sylla
1682 470 1757 498 cum
1767 469 1905 499 vibrasset
1914 490 1924 504 ‚
1936 469 2078 501 diaatore
2087 474 2215 512 propin-

1264 521 1325 551 quo
1336 512 1398 541 suo:
1409 510 1493 541 idem
1504 511 1587 541 seitto
1598 509 1746 541 tricesimo
1756 520 1836 540 anno
1848 510 1912 551 post
1922 512 1937 541 a
1949 512 2128 543 sceleratiore
2137 513 2215 544 hasta

1266 563 1330 582 non
1339 551 1457 582 recessit.
1476 553 1547 582 alter
1556 561 1654 582 autem
1670 572 1677 585 ,
1689 554 1740 592 qui
1753 553 1782 581 in
1799 552 2001 583 iliadietatum
2011 553 2101 584 scriba
2109 553 2218 589 fuerat,

1267 596 1297 624 in
1319 596 1369 624 hac
1382 593 1576 634 fuitquaestor
1591 594 1729 624 urbanus.
1754 596 1799 624 Ex
1809 604 1869 634 quo
1879 594 1966 625 debet
1978 595 2104 636 intelligi
2117 615 2125 629 ,
2145 596 2216 626 tali-

1268 636 1322 666 bus
1341 637 1472 676 praemiis
1492 634 1665 675 propositis,
1689 644 1856 675 numquam
1875 635 2010 666 defutura
2018 636 2094 667 bella
2105 638 2215 667 civilia.

2356 342 2366 396 ἠὼ.
2358 287 2367 306 :a

277 727 427 770 punffihim
439 728 518 757 notis
529 726 690 756 Threiiciis
701 745 709 757 ,
722 722 857 753 distri&0
868 719 1096 762 gladiojubebat
1106 720 1228 749 anteire:
1245 734 1246 737 =

275 770 533 811 praemittebatque
551 767 587 797 de
608 765 794 805 stipatoribus
814 765 890 796 suis,
910 764 961 803 qui
982 762 1177 792 scrutarentur
1187 769 1229 789 ar-

277 813 358 843 culas
383 811 556 840 mulie-breis
568 828 575 842 ,
599 808 631 837 δί
643 827 651 841 ,
668 810 683 827 ²
693 817 730 836 ne
739 806 820 847 quod
832 809 866 835 in
875 804 1061 834 vestimentis
1071 802 1230 832 occultare·
1246 824 1248 836 ,

277 862 326 884 tur
345 853 438 883 telum
457 873 466 885 ,
486 853 686 892 exquirerent.
709 851 735 878 Ο
756 848 899 877 miserum
912 866 920 879 ‚
939 847 991 886 qui
1014 843 1181 874 fideliorem
1200 843 1231 871 ὃς

277 895 446 926 barbarum,
460 894 491 923 δε
505 896 518 920 3
530 893 707 932 stigmatiam
719 898 840 929 putaret,
852 889 942 928 quam
956 887 1117 927 conjugem
1135 887 1168 913 24
1179 894 1232 913 nec

276 946 346 966 eum
369 935 486 966 refellit.
510 934 546 965 ab
556 944 589 963 ea
599 935 683 962 enim
695 932 737 962 est
747 931 807 970 ipse
816 950 823 963 ,
846 939 965 969 propter
975 929 1130 968 pellicatus
1141 926 1231 965 suspi-

277 980 399 1008 cionem
412 997 420 1010 ,
441 975 624 1007 ι’ῃῑεῑῐοᾶυε.
650 977 725 1004 Νεο
738 972 810 1002 verb
827 980 919 1002 ULLA
930 980 982 1000 vis
998 976 1233 998 lMPERutanta

277 1018 338 1052 est,
359 1029 424 1062 quae
447 1026 600 1058 premente
619 1025 719 1048 metu,
741 1012 826 1053 poffit
844 1011 900 1042 ess'e
911 1012 1059 1041 diuturna.
1082 1008 1181 1040 Testis
1191 1008 1233 1038 est

276 1061 406 1092 Phalaris
419 1080 427 1094 ,
447 1061 530 1097 cujus
541 1058 582 1088 est
593 1064 818 1097 praetercetetos
828 1054 983 1084 nobilitata
993 1052 1149 1083 crudelitas
1164 1053 1231 1091 :qui

277 1111 343 1132 non
353 1112 390 1132 ex
402 1100 515 1131 insidiis
525 1101 649 1132 interiit,
662 1107 694 1128 ut
704 1100 738 1129 is,
751 1106 842 1138 quem
856 1095 950 1125 modo
960 1095 1036 1126 dixi,
1049 1093 1229 1128 Alexander:
1247 1120 1249 1123 ,

278 1153 343 1174 non
362 1145 376 1173 {i
399 1145 519 1183 paucis,
539 1151 569 1172 ut
588 1142 636 1171 hic
653 1139 769 1169 noster:
794 1138 884 1168 sedin
895 1146 985 1177 quem
998 1134 1134 1165 universa
1145 1135 1231 1174 Agri—

276 1187 470 1228 gentinorum
491 1183 656 1214 multitudo
666 1183 814 1221 impetum
824 1179 905 1209 fecit.
928 1177 1030 1217 Qud?
1050 1175 1232 1205 Macedones

277 1237 382 1258 nonne
398 1227 589 1256 Demetrium
610 1225 794 1263 reliquerunt
813 1241 823 1254 ‚
844 1218 1031 1259 universique
1055 1218 1082 1248 se
1105 1217 1139 1263 ad
1158 1219 1248 1256 Byr-¹

278 1270 369 1299 rhum
389 1269 602 1298 contulerunt?
624 1265 727 1304 Quid?
747 1263 994 1293 Lacedaemonios
1014 1258 1124 1299 injuste
1136 1268 1231 1298 impe-

275 1312 386 1340 ranteis
411 1320 415 1338 :
438 1319 540 1339 nonne
572 1307 693 1347 repente
724 1315 833 1336 omnes
854 1303 916 1333 fei-e
939 1303 1011 1333 socii
1029 1301 1230 1333 deseruerunt,
1246 1291 1249 1343 l

281 1355 295 1379 5
309 1350 541 1392 spe&at01'esque
562 1350 589 1380 se
607 1348 722 1378 otiosos
735 1347 926 1387 praebuerunt
936 1342 1098 1375 Leuctricae
1109 1343 1231 1372 calami-
1247 1345 1249 1379 jv

240 1389 257 1423 8
281 1396 368 1424 tatis?
381 1390 665 1423 Externaiibentius
680 1392 710 1419 in
723 1389 772 1419 tali
785 1398 826 1421 re,
846 1387 935 1428 quam
947 1384 1120 1417 domestica,
1133 1393 1231 1414 recor·
1246 1385 1249 1396 ’

283 1434 346 1465 dor.
361 1438 578 1464 Verumtamen
588 1431 732 1474 quamdiu
744 1431 988 1470 imperiumpop.
1001 1429 1038 1458 R.
1050 1425 1183 1464 benefieiis
1190 1434 1249 1459 tea

277 1476 414 1509 uebatur,
431 1477 638 1514 noninjuriis‚
651 1473 738 1505 bella,
749 1482 797 1502 aut
808 1481 860 1510 pro
872 1471 961 1500 sociis
973 1489 981 1503 ‚
994 1478 1043 1499 aut
1053 1468 1089 1498 de
1099 1469 1232 1507 imperio
1247 1471 1249 1504 ξ

278 1518 471 1558 gerebantur:
483 1519 582 1546 exitus
593 1524 675 1545 erant
686 1514 837 1544 bellorum
848 1520 898 1542 aut
907 1513 1059 1543 mites,aut
1070 1507 1231 1539 neceffarii.
1247 1505 1249 1537 l

279 1561 399 1599 Regum
413 1578 421 1591 ,
440 1558 623 1597 populorum
637 1557 819 1589 ..nationum
830 1562 933 1593 portus
943 1560 1013 1584 erat,
1025 1552 1057 1581 &
1068 1550 1234 1592 refugium,

280 1601 407 1630 senatus.
433 1598 537 1629 Nostri
547 1606 646 1628 autem
658 1595 843 1639 magistratus
855 1613 862 1627 ,
875 1592 1123 1633 imperatoresque
1134 1601 1172 1620 ex
1182 1591 1249 1645 hac¹

277 1651 338 1671 una
359 1651 388 1670 re
406 1642 574 1670 maximam
587 1638 706 1668 laudem
717 1635 983 1676 capere-studebant
994 1653 1003 1667 ‚
1022 1632 1232 1673 siprovincias,
1248 1655 1250 1676 j

279 1681 300 1712 fi
311 1683 408 1713 socios
422 1683 558 1721 aequitate
569 1700 577 1714 ,
598 1681 629 1710 &
640 1678 696 1709 fide
707 1675 915 1708 defendissent.
939 1679 1041 1716 Itaque
1052 1674 1125 1704 illud
1137 1680 1233 1713 patro·
1248 1681 1250 1694 2

279 1725 387 1754 siniam
395 1721 461 1753 orl-u
472 1721 670 1754 resraeveiius,
691 1720 780 1760 quain
792 1719 954 1758 imperium
966 1725 1078 1756 poterat
1088 1719 1231 1745 nomina-
1248 1724 1251 1755 ᾗ

277 1768 314 1796 ri.
338 1764 452 1796 Sensim
476 1765 550 1794 hanc
567 1761 839 1794 consuetudinem,
865 1758 1097 1797 &disciplinam
1109 1757 1169 1796 jam
1181 1765 1232 1785 an-
1249 1758 1250 1761 ’

279 1808 324 1837 teci
343 1805 558 1836 minuebam-us
572 1815 578 1834 :
599 1802 665 1844 post
677 1801 847 1841 veroSyllae
858 1799 1017 1830 viEkoriam
1029 1800 1148 1838 penitus
1157 1799 1234 1827 arni-
1249 1799 1251 1815 ³

279 1846 384 1878 fimus.
413 1846 550 1877 Defitum
573 1845 615 1875 est
630 1847 715 1874 enim
734 1844 829 1873 videri
848 1841 1055 1882 quidquamin
1068 1840 1165 1869 socios
1178 1840 1253 1885 ἰπὶ-ἧ

280 1899 375 1932 quum
389 1909 401 1923 ‚
420 1888 490 1919 cum
512 1885 668 1918 exstitiss'et
685 1888 716 1915 in
733 1886 826 1915 civeis
835 1892 913 1913 tanta
925 1881 1092 1913 crudelitas.
1117 1884 1194 1921 Ergo
1206 1882 1252 1910 in.

280 1932 338 1961 illo
355 1931 453 1961 secuta
467 1929 510 1960 est
530 1928 684 1959 honestam
700 1926 814 1957 causam
827 1935 889 1955 non
901 1922 1169 1967 honestavi-{iuria
1194 1922 1236 1952 est

281 1975 365 2003 enim
376 1972 465 2002 ausus
472 1971 568 2002 dicere
581 1992 589 2004 ,
601 1969 676 2000 hasta
687 1967 787 2009 posita,
798 1966 870 1997 cum
881 1967 961 1997 bona
976 1968 1007 1994 in
1018 1967 1085 1995 toro
1100 1966 1241 1994 uenderet

282 2014 317 2044 &
337 2014 489 2043 bonorum
509 2016 642 2043 virorum
655 2032 663 2046 ,
688 2011 720 2041 δε
741 2009 929 2049 locupletum
944 2027 952 2041 ‚
973 2008 1005 2038 &
1022 2007 1100 2037 certe
1110 2008 1237 2039 civium,

278 2056 399 2097 pradam
411 2056 496 2095 fitam
509 2056 539 2094 [ὲ
561 2054 677 2083 vendere.
702 2053 819 2082 secutus
841 2049 883 2081 est
900 2070 908 2084 ,
928 2051 980 2092 qui
999 2051 1030 2079 in
1041 2048 1124 2079 causa
1134 2050 1238 2087 impia,

281 2097 408 2128 viiiimia
430 2106 521 2127 etiam
541 2096 668 2128 foediore
681 2114 689 2128 ,
711 2091 731 2114 ⁶*
751 2103 815 2123 non
835 2091 1019 2133 singulorum
1032 2092 1146 2120 civium
1163 2090 1242 2119 bona

282 2139 462 2180 publicaret,
484 2138 531 2168 sed
554 2137 705 2167 universas
724 2136 912 2175 provincias,
937 2132 1131 2173 regionesque
1153 2136 1241 2161 7uno

283 2180 460 2212 calamitatis
470 2190 537 2219 jure
549 2177 826 2218 comprehenderet.
850 2178 952 2216 ltaque
965 2194 974 2208 ,
986 2179 1098 2204 vexatis
1110 2194 1123 2207 ,.
1132 2173 1164 2203 δε
1175 2183 1241 2213 per—

285 2221 357 2253 ditis
367 2224 479 2252 exteris
489 2221 662 2252 nationibus
674 2239 682 2252 ‚
701 2220 737 2249 ad
748 2218 925 2258 exemplum
936 2214 1032 2246 amiffi
1044 2216 1163 2255 imperii
1175 2225 1242 2255 por-

284 2265 339 2294 tari
358 2265 390 2294 iri
409 2264 564 2303 triumpho
574 2260 733 2292 Massiliam
743 2260 877 2290 vidimus
887 2279 895 2292 ,
918 2259 950 2288 δε
963 2267 1000 2288 ex
1009 2267 1041 2287 ea
1054 2258 1125 2286 urbe
1135 2258 1242 2286 trium-

285 2306 369 2347 phari
383 2326 391 2339 ,
414 2304 473 2335 sine
484 2315 540 2345 qua
552 2313 718 2344 numquam
730 2301 823 2332 nostri
835 2304 1027 2340 imperatores
1040 2308 1081 2329 ex
1090 2299 1244 2338 transalpi-

285 2348 335 2378 nis
358 2347 445 2377 bellis
464 2347 696 2386 triumpharunt.
717 2344 810 2374 multa
823 2350 1241 2383 praetereacommemorarem

329 2459 352 2476 1.
371 2451 491 2477 Candente
501 2451 598 2475 carbone
611 2451 656 2482 fibi
665 2446 923 2480 adici-ebatcapillumj
948 2445 1104 2471 Basilicanus
1123 2444 1245 2474 adumar,

289 2491 397 2522 antiqui:
409 2495 456 2521 pro
467 2486 588 2511 adolehat:
609 2484 645 2510 ita
655 2485 681 2509 &
693 2482 843 2510 adulescens
857 2491 905 2518 pro
914 2480 1073 2507 adolescens.
1095 2479 1225 2505 Giilicliii.

325 2530 353 2548 ι.
373 2527 417 2557 Q
434 2522 495 2556 quod
513 2523 538 2546 in
556 2520 698 2553 vestimentis
716 2521 873 2545 occultaretur
882 2517 978 2551 telam]
1000 2517 1085 2543 Palat.
1096 2516 1175 2551 prim.
1195 2515 1247 2541 sine

290 2565 354 2585 voce
365 2559 492 2595 postrema
505 2575 513 2588 ‚
523 2566 550 2581 ne
558 2556 617 2589 quid
624 2559 650 2581 in
659 2557 750 2587 vestim.
760 2557 926 2581 occultaretur.
947 2554 974 2578 sc
985 2553 1080 2588 placet.

327 2602 353 2629 3.
374 2593 581 2626 Erstigmastmr.)
605 2593 648 2617 Sic
657 2601 690 2617 ex
703 2591 796 2618 Nonio
806 2589 868 2616 edd.
880 2588 1006 2621 Viistorin
1018 2587 1154 2620 Lambini,
1164 2586 1248 2621 ludi,-

290 2628 494 2665 suffragantibus
506 2628 545 2654 Μ.
556 2629 584 2653 8<
595 2629 625 2654 F.
636 2627 866 2660 aliaestigmaucum.

327 2672 354 2697 4.
374 2670 421 2692 Nec
432 2666 580 2698 eumfifcllit.
599 2665 630 2689 ab
639 2672 666 2688 aa
680 2663 765 2697 enirm]
787 2662 864 2688 Prius
875 2659 1041 2694 editi‚fi¹fillit
1049 2662 1133 2693 opInio.
1144 2661 1184 2691 ab,
1193 2660 1246 2689 ἀνι.

291 2702 385 2728 verum
396 2711 426 2728 ea
435 2700 521 2727 difflo
531 2700 599 2726 haud
609 2699 701 2726 visitur
715 2699 741 2725 iii
754 2699 839 2726 i’aiat.
859 2706 911 2724 non
924 2696 1007 2732 inagis
1019 2698 1099 2732 quam
1114 2697 1155 2722 Μ.
1167 2697 1198 2722 F.
1209 2696 1246 2721 D.

293 2738 355 2771 qnid
367 2736 436 2771 quod
447 2738 475 2763 Sc
485 2735 554 2763 abest
565 2735 631 2762 edit.
643 2735 726 2761 Rom.
737 2743 778 2770 pr.

332 2781 358 2804 5.
376 2773 591 2806 Spefffatorqfiltaeeft
608 2771 712 2806 onustis]
734 2770 821 2797 Palat.
840 2770 921 2806 prim.
940 2778 992 2796 non
1011 2774 1136 2804 arguatus
1148 2767 1182 2794 est
1194 2767 1250 2793 ullo

294 2807 355 2833 ioco
366 2808 483 2834 voculam
498 2809 535 2840 se.

320 2843 358 2881 ’6.
379 2845 573 2877 Nonfingulorum
583 2842 698 2876 civium]
720 2842 808 2868 Securi
827 2841 913 2867 sumus
925 2839 1106 2867 Vitstoi·iaiinm
1119 2839 1184 2865 edit.
1203 2838 1250 2864 ad-

295 2876 478 2912 stipulantibus
488 2879 511 2904 ei
526 2879 638 2905 Palatin.
649 2878 714 2905 item
727 2879 808 2904 MAE.
821 2879 856 2903 D.
867 2876 1066 2904 Gulielmianis.
1079 2876 1136 2903 aiiae
1145 2874 1250 2902 auctio-

295 2921 351 2944 res,
361 2922 405 2939 non
410 2915 637 2947 scilumfingulorum.

331 2957 358 2982 7.
380 2952 426 2973 Uno
440 2950 590 2975 calamitates
601 2953 658 2983 jure
677 2949 898 2983 comprehenderem]
920 2950 949 2976 In
960 2946 1138 2984 poss‘essionem
1153 2966 1161 2979 ‚
1181 2946 1250 2983 qnasi

295 2983 458 3024 postliminio
471 3003 478 3014 ‚
498 2983 592 3010 reduxi
612 2985 753 3012 lectionem
772 2987 893 3012 omnium
905 2984 960 3011 fere
972 2984 1029 3010 mss.
1043 2992 1127 3019 -qnani
1138 2983 1251 3017 ejecerat

295 3020 424 3053 judicium
437 3018 560 3058 Lambini
574 3039 581 3051 ‚
603 3021 708 3047 invefio
720 3040 729 3053 ,
748 3021 897 3047 calamitatis
904 3030 1001 3054 genere5
1022 3021 1092 3056 quod
1105 3019 1212 3054 quidem
1224 3019 1249 3045 in

296 3056 410 3082 exoletis
430 3054 491 3081 edd.
511 3055 552 3080 sed
573 3055 682 3082 minime
702 3057 727 3082 in
748 3057 952 3083 membranaceis
963 3055 1112 3082 Gulielmio
1129 3054 1252 3086 excussis,

295 3099 343 3118 ent
358 3091 477 3117 Palatino
489 3098 611 3125 utroque.
625 3092 830 3124 calamitatisjurc
843 3111 850 3123 ‚
867 3093 903 3119 cst
913 3092 973 3125 jure
983 3091 1047 3117 belli
1060 3111 1067 3123 ‚
1087 3100 1139 3127 quo
1157 3091 1184 3117 in
1194 3091 1252 3117 aliis

297 3126 429 3156 adimebat
447 3136 528 3163 regna
548 3125 633 3154 Css'ffii·
645 3145 653 3158 ,
681 3127 740 3154 aliis
763 3126 860 3160 daban,-
880 3128 938 3155 aliis
957 3127 1061 3163 populis
1075 3126 1270 3162 largiebatur„

1269 680 1368 718 Itaque
1387 679 1511 717 parietes
1531 677 1614 707 urbis
1637 677 1732 707 modo
1751 676 1844 710 stant,
1865 677 2050 711 &manenu
2072 680 2152 718 iique
2163 676 2220 718 ipsa

1267 722 1330 759 jam
1349 728 1482 748 extrema
1493 719 1597 749 scelera
1608 728 1774 749 metuentes
1787 729 1791 747 z
1811 729 1872 749 rem
1885 718 1958 749 verb
1971 720 2121 758 publicam
2132 720 2221 759 peni-

1269 770 1316 791 tus
1328 759 1481 790 amisimus
1494 769 1595 801 :atque
1607 762 1638 790 iri
1648 761 1697 790 has
1707 759 1815 790 cladeis
1826 760 1990 791 incidimus
2010 761 2222 799 (redeundum
2362 738 2368 787 l

1273 802 1314 832 est
1325 804 1406 832 enim
1417 803 1451 832 ad
1462 800 1666 842 propositum)
1689 812 1764 832 DUM
1779 812 1887 832 Μετυι
1901 822 1909 836 ,
1930 802 2019 842 quam
2030 805 2088 832 cari
2097 800 2154 832 esse
2165 823 2174 836 ‚
2187 803 2220 833 &

1272 844 1356 886 diligi
1369 844 1543 873 maluimus.
1565 846 1640 884 Qae
1651 842 1669 872 si
1681 844 1794 883 populo
1803 846 1841 875 R.
1856 844 1963 884 injuste
1976 846 2134 884 imperanti
2145 846 2224 874 acci-

1271 886 1340 915 dere
1351 895 1515 925 potuerunt
1524 905 1533 919 ,
1557 881 1653 926 8quid
1663 885 1771 915 debent
1781 895 1882 925 putare
1893 884 2021 926 singuli?
2044 885 2133 926 QDd
2145 885 2219 916 cum

1270 927 1457 967 perspicuum
1470 925 1502 956 fit
1512 946 1520 959 ‚
1541 936 1811 957 BENIVOLENTIAE
1827 927 1972 961 vim,efl'e
1983 937 2121 969 magnam
2136 938 2140 956 z
2157 937 2224 956 me-

1272 978 1318 998 tus
1333 988 1342 1002 ,
1364 968 1565 998 imbecillam:
1591 969 1720 1008 sequitur
1732 988 1740 1001 ‚
1761 978 1792 998 ut
1803 967 1975 999 difleramus
1987 989 1994 1002 ‚
2013 969 2120 1009 quibus
2135 968 2227 998 rebus

1266 1009 1412 1050 *possimus
1423 1009 1568 1040 facillime
1579 1020 1665 1043 eam,
1684 1019 1771 1049 quam
1784 1010 1925 1040 volumus
1935 1029 1943 1043 ,
1955 1011 2074 1050 adipisci
2085 1021 2153 1041 cum
2166 1011 2224 1040 ho·

1273 1061 1346 1082 nore
1355 1071 1363 1085 ‚
1378 1052 1409 1081 &
1417 1050 1477 1081 -fide
1487 1052 1635 1082 caritatem
1644 1072 1651 1079 .
1673 1051 1728 1081 Sed
1740 1061 1773 1081 ea
1780 1061 1844 1081 non
1853 1053 1961 1091 pariter
1970 1062 2076 1082 omnes
2087 1061 2223 1093 egemus.

1273 1103 1344 1123 nam
1363 1093 1398 1123 ad
1417 1093 1560 1133 cujusque
1581 1095 1677 1122 vitam
1698 1092 1912 1123 instituendam
1924 1093 2220 1124 accommodandum

1272 1134 1335 1169 est,
1352 1134 1369 1164 a
1389 1135 1532 1164 multisne
1551 1133 1689 1174 opusfit,
1709 1144 1745 1164 an
1762 1135 1960 1174 satisapaucis
1974 1134 2070 1175 diligi.
2092 1137 2222 1164 Certum

1275 1178 1365 1217 igitur
1379 1177 1436 1206 hoc
1446 1174 1499 1209 sit,
1520 1176 1609 1217 idque
1621 1177 1652 1206 &
1672 1178 1803 1216 primum
1818 1177 1849 1206 δε
1870 1178 2004 1206 maxime
2017 1175 2222 1208 necessarium.

1271 1218 1487 1248 familiaritates
1509 1218 1614 1247 habere
1632 1216 1703 1247 fidas
1724 1221 1892 1248 amantium
1915 1228 1970 1248 nos
1979 1220 2146 1248 amicorum
2161 1239 2170 1251 ‚
2192 1218 2226 1248 &

1274 1258 1374 1290 nostra
1396 1261 1589 1290 mirantium:
1610 1260 1673 1290 haec
1686 1261 1769 1289 enim
1781 1259 1823 1289 est
1833 1269 1891 1289 una
1902 1259 2077 1299 resprorsus
2088 1279 2096 1293 ‚
2119 1269 2149 1289 ut
2160 1268 2229 1289 nort

1270 1300 1405 1332 multum
1417 1299 1532 1331 differat
1543 1303 1620 1331 i-ntcr
1631 1301 1767 1331 summos
1778 1322 1791 1334 ,.
1800 1302 1832 1330 &
1843 1300 2021 1331 mediocreis
2031 1302 2125 1335 viros>
2134 1310 2231 1341 eaque

1273 1343 1403 1383 utrisque
1413 1342 1455 1373 est
1464 1342 1685 1383 propemodum
1696 1343 1902 1382 comparanda.
1928 1345 2065 1376 Honore,
2079 1343 2110 1372 &c
2119 1343 2228 1382 gloria,

1274 1385 1307 1415 δε
1331 1385 1545 1419 benevolentia
1562 1386 1677 1415 civium
1696 1383 1813 1415 fortasse
1841 1394 1904 1414 non
1914 1385 1999 1425 aeque
2009 1394 2116 1415 omnes
2126 1391 2231 1425 egent,

1273 1426 1321 1457 sed
1333 1434 1434 1456 tamen
1448 1425 1466 1456 fi
1482 1427 1602 1456 cuihaec
1616 1426 1790 1466 suppetunt,
1809 1425 2147 1466 adjuvantaliquantum
2159 1434 2223 1454 tum

1272 1468 1309 1498 ad
1321 1477 1417 1498 cetera
1426 1487 1435 1501 ,
1456 1477 1521 1498 tum
1533 1468 1568 1498 ad
1579 1469 1726 1497 amicitias
1735 1467 1958 1506 comparandas.
1980 1467 2035 1497 Sed
2047 1466 2083 1496 de
2095 1468 2225 1496 amicitia
2239 1475 2267 1508 9

1273 1510 1332 1539 alio
1343 1509 1421 1539 libro
1431 1509 1547 1539 difium
1560 1508 1612 1541 est,
1627 1510 1705 1548 ⁹*qui
1713 1508 1885 1538 inscribitur
1898 1508 2019 1538 Laelius.
2044 1510 2135 1537 Nunc
2145 1507 2224 1536 dica·

1276 1560 1342 1580 mus
1351 1550 1386 1579 de
1397 1550 1506 1590 gloria:
1530 1558 1711 1589 quamquam
1721 1558 1881 1589 eaquoque
1892 1549 1928 1578 de
1942 1559 1972 1578 re
1981 1549 2043 1579 duo
2054 1549 2120 1578 sunt
2131 1547 2224 1578 nostri

1275 1591 1344 1620 libri
1357 1602 1362 1619 z
1383 1591 1433 1621 sed
1452 1592 1631 1631 attingamus
1644 1610 1653 1624 ,
1671 1591 1791 1630 quando
1805 1590 1927 1630 quidem
1941 1600 1973 1621 ea
1984 1592 2014 1620 in
2027 1590 2113 1619 rebus
2123 1590 2223 1628 majo-

1275 1632 1356 1663 ribus
1380 1631 1621 1662 administrandis
1640 1632 1759 1671 adjuvat
1780 1633 1956 1670 plurimum.
1980 1635 2105 1662 Summa
2121 1633 2228 1672 igitur..

1276 1674 1308 1703 δε
1326 1673 1455 1713 perrefita
1475 1674 1568 1713 gloria
1587 1672 1700 1703 constat
1710 1682 1747 1702 ex
1763 1673 1856 1702 tribus
1868 1675 1913 1702 his
1928 1672 1966 1702 :si
1978 1673 2075 1713 diligit
2089 1673 2229 1703 multitu·-

1275 1715 1332 1745 do:
1355 1713 1374 1743 sl
1394 1713 1485 1744 fidem
1506 1714 1610 1744 habet:
1632 1713 1651 1743 fi
1671 1723 1743 1743 cum
1760 1714 1958 1744 admiratione
1977 1714 2235 1754 quadamhonore

1276 1756 1384 1795 dignos
1404 1764 1494 1795 putat.
1520 1757 1592 1785 Haec
1608 1763 1706 1785 autem
1720 1774 1729 1788 ‚
1749 1752 1768 1783 fi
1780 1754 1822 1784 est
1832 1754 2004 1794 simpliciter
2015 1774 2023 1788 ‚
2042 1755 2233 1795 brevi-terque

1277 1796 1605 1836 di.cendum,¹0=quibus
1619 1796 1706 1826 rebus
1716 1798 1892 1836 pariuntura
1902 1795 2035 1837 singulis,
2045 1796 2158 1827 eisdem
2171 1794 2238 1826 fen}

1277 1839 1293 1868 a
1306 1838 1513 1868 multitudine.
1537 1838 1593 1869 Sed
1603 1837 1646 1868 est
1654 1839 1728 1868 allus
1738 1847 1857 1879 quoque
1867 1837 1992 1879 quidam
2000 1837 2137 1868 aditusad
2151 1837 2232 1868 mul-

1280 1880 1443 1910 titudinem
1457 1899 1465 1913 ,
1486 1888 1517 1910 ut
1533 1881 1565 1909 in
1587 1879 1797 1910 universorum
1815 1882 1937 1910 animos
1956 1878 2233 1920 tanquaminfluete

1265 1920 1432 1961 ¹poffimus.
1456 1925 1500 1952 Ac
1523 1921 1657 1961 primum
1676 1921 1713 1951 de
1732 1921 1794 1950 illis
1813 1922 1929 1954 tribus,
1953 1922 2093 1962 quaeante
2104 1921 2169 1951 dixi
2180 1921 2235 1951 be-

1281 1964 1461 1993 nevolent'ia’.
1473 1963 1790 2003 praecepta‚‚videamus
1802 1973 1808 1992 ι
1829 1973 1895 2004 quae
1903 1964 2026 2004 quidem
2039 1966 2068 1983 ¹⁴¹·
2077 1961 2236 1993 beneficiis

1278 2008 1392 2045 capitur
1409 2006 1564 2036 maxime:
1587 2004 1718 2035 secundo
1738 2013 1839 2035 autem
1858 2006 1927 2035 loco
1939 2003 2071 2035 benefica
2084 2004 2238 2035 voluntate
2361 2034 2366 2043 ,

1284 2048 1493 2077 benevolentia
1513 2056 1673 2080 movetur,
1690 2048 1780 2076 etiam
1802 2045 1826 2076 si·
1843 2056 1887 2077 res
1913 2045 1990 2076 forte
2015 2056 2077 2076 non
2099 2046 2237 2086 suppetit.
2360 2027 2376 2073 &i

1281 2089 1476 2119 vehementer
1494 2098 1591 2119 autem
1613 2098 1699 2118 amor
1717 2088 1924 2119 multitudinis
1941 2097 2153 2118 commovetur
2176 2088 2241 2128 ipsa
2372 2083 2375 2119 ἶ

1281 2130 1360 2160 sama
1370 2150 1378 2164 ‚
1392 2131 1424 2160 &
1434 2132 1580 2170 opinione
1594 2131 1777 2160 liberalitatis
1788 2150 1796 2164 ,
1817 2128 2019 2161 benificentiae
2029 2149 2038 2163 ‚
2048 2128 2168 2168 justitiae
2179 2148 2187 2163 ,
2199 2128 2237 2159 fi.-
2359 2125 2375 2154 l'

1282 2172 1349 2205 dei,
1361 2173 1565 2212 omniumque
1575 2181 1677 2203 earum
1690 2173 1836 2206 virtutum
1849 2181 1936 2213 ,quae
1946 2173 2096 2212 pertinent
2105 2170 2139 2201 ad
2152 2180 2237 2202 man·
2360 2168 2375 2198 >i

1283 2213 1469 2244 suetudinem
1486 2224 1606 2244 morum
1620 2234 1628 2247 ,
1649 2223 1680 2243 ac
1696 2212 1881 2243 facilitatem.
1906 2212 2114 2244 Etenimillud
2127 2213 2240 2253 ipsum,
2373 2212 2374 2216 ’

1285 2259 1313 2275 ¹²
1322 2254 1403 2296 quod
1415 2254 1575 2286 honestum
1583 2255 1789 2295 decorumque
1800 2255 1931 2286 dicimus
1943 2275 1956 2288 ,.
1972 2256 2040 2294 quia
2051 2264 2101 2294 pes
2112 2254 2138 2284 se
2149 2254 2239 2284 nobis

1283 2298 1375 2337 placet
1387 2316 1395 2330 ‚
1415 2298 1593 2338 animosque
1608 2299 1749 2326 omnium
1760 2306 1862 2326 natura
1873 2317 1881 2330 ,
1894 2297 1927 2327 &
1937 2297 2030 2336 specie
2041 2297 2088 2326 sua
2096 2305 2240 2325 commo·

1283 2348 1343 2372 vet,
1356 2341 1550 2380 maximeque
1560 2338 1637 2380 quasi
1647 2338 1780 2379 perlucet
1791 2348 1828 2369 ex
1840 2341 1893 2372 eis,
1905 2347 1976 2379 quas
1985 2339 2240 2371 commemoravi,

2150 2388 2245 2409 virtu-

1288 2443 1458 2504 aliisbtributa
1476 2453 1506 2470 ac
1524 2443 1666 2480 veffignlia
1679 2452 1752 2470 nova
1770 2441 1931 2478 imponebat.
1954 2439 2058 2468 venuste
2071 2439 2146 2467 simul
2164 2447 2245 2476 atque

1288 2488 1346 2506 acer
1367 2482 1391 2505 ὲ.

1326 2514 1352 2541 8.
1371 2516 1439 2548 924ιὲιί
1447 2516 1527 2541 debent
1534 2521 1622 2548 putare
1624 2516 1711 2548 singuli
1721 2515 1756 2549 ἒ]
1777 2513 1912 2540 Palatinus
1923 2512 2003 2548 prim.
2022 2512 2081 2547 quid
2088 2510 2182 2536 debetur
2193 2517 2243 2543 pu,-

1289 2552 1451 2584 xarefingulis.
1475 2551 1546 2577 Ideni
1559 2560 1664 2586 quoque
1675 2558 1749 2577 antea
1760 2549 1868 2586 praefert
1882 2568 1889 2580 ,
1907 2549 1992 2581 Qaefi
2004 2549 2084 2580 populo
2096 2549 2194 2574 Roman,-
2203 2549 2245 2571 in-

1283 2588 1343 2620 juste
1354 2588 1458 2613 accidere
1466 2590 1594 2619 imperanti
1611 2595 1719 2620 μηκας
1740 2594 1768 2613 ut
1779 2586 1878 2622 ssipi-:er
1888 2583 1989 2620 aliquid
1999 2583 2081 2610 latere
2092 2581 2188 2608 ulceris
2198 2590 2244 2607 oc·
2360 2589 2372 2601 υ

1288 2623 1365 2649 culti.
1386 2623 1501 2649 Palatin.
1513 2622 1617 2649 secund.
1628 2621 1749 2658 praefert‚
1759 2623 1877 2648 deberent.

1324 2667 1352 2694 9.
1371 2660 1419 2691 Q!
1428 2660 1568 2691 inscribitur
1577 2658 1689 2692 lia-lius]
1712 2659 1763 2685 Vix
1774 2658 1810 2685 est
1822 2677 1829 2689 ‚
1850 2664 1879 2683 ut
1889 2656 1938 2683 hoc
1948 2656 1962 2682 ὲ
1974 2654 2104 2682 Cicerone
2121 2651 2171 2680 esst
2182 2670 2191 2683 ‚
2211 2651 2241 2679 δε

1290 2704 1341 2722 non
1354 2696 1368 2721 a
1380 2695 1504 2730 magistro
1515 2695 1636 2730 quopiam
1648 2695 1735 2730 potius
1745 2693 1847 2728 adjesta
1862 2693 2006 2720 arbitretur
2017 2688 2187 2716 Gulielmius.

1330 2739 1371 2757 ιο.
1394 2732 1490 2764 Qibus
1508 2732 1577 2756 rebus
1591 2731 1760 2765 par-immin]
1783 2730 1895 2757 palatin.
1913 2729 1992 2764 prim.
2007 2730 2148 2759 pqramuri
2168 2722 2240 2756 ‘1⁰0³

1290 2767 1352 2793 cum
1364 2767 1442 2799 etiam
1463 2766 1632 2802 repraesentet
1650 2766 1735 2793 codex
1746 2766 1790 2802 qui
1801 2765 1919 2792 servatur
1930 2761 2053 2797 Augustae
2072 2758 2102 2785 ad
2116 2760 2151 2784 D.
2166 2758 2243 2784 Ulri-

1290 2812 1349 2829 cum
1360 2809 1436 2830 aetate
1446 2802 1587 2829 admodum
1595 2802 1695 2838 ⁴grandi
1709 2810 1757 2835 ,ut
1767 2801 1882 2829 affirmat
1891 2796 2054 2827 Aiiemoecius
2068 2813 2075 2826 2
2093 2793 2242 2830 pff-posue·

1290 2839 1341 2866 rim
1352 2838 1468 2874 figurato
1478 2838 1519 2864 illi
1536 2841 1678 2871 pariuntur.
2066 2866 2070 2871 .

1330 2883 1371 2901 H.
1391 2875 1619 2909 Beneficiiscapimr
1627 2873 1754 2906 maxima]
1776 2871 1892 2907 Langius
1902 2871 2011 2901 carpitur
2028 2868 2042 2892 ὲ
2055 2865 2198 2892 libi-euno.
2217 2872 2246 2892 at

1291 2920 1338 2937 nos
1351 2911 1415 2937 niliil
1427 2918 1559 2937 mutamus
1569 2908 1790 2937 consentientibus
1802 2907 1885 2933 libris.
1895 2911 1989 2936 captare
1998 2903 2179 2928 benevolentiam
2189 2901 2248 2929 ele.-

1291 2953 1385 2983 ganter
1395 2946 1513 2977 dicitur;
1536 2946 1629 2981 quidni
1647 2955 1712 2980 ergo
1726 2946 1753 2969 8:
1765 2950 1860 2974 capere:
1878 2941 1939 2966 curn
1952 2938 2017 2965 illud
2029 2946 2150 2964 conatum
2166 2956 2174 2968 ‚
2195 2937 2245 2965 hac

2354 2707 2371 2799 Q„
2360 2602 2371 2684 ‚21:⁴⁴-
2369 2575 2372 2584 -

1292 2982 1417 3009 effeEtum
1439 2982 1575 3018 significet.
1592 2981 1704 3010 Plautus
1724 2977 1936 3013 Amphitruone:
1962 2976 1995 3000 Tu
2006 2976 2031 3008 fi
2047 2983 2081 2999 me
2098 2973 2254 3006 impudlcitiae·
2356 2975 2369 2996 'l

1294 3026 1388 3052 capras,
1403 3028 1448 3044 non
1456 3025 1518 3052 potes
1528 3025 1618 3049 capere.
1639 3013 1810 3041 Gulielmius.
2223 3032 2226 3035 .
2362 3007 2369 3042 ¹i

1333 3063 1376 3081 12.
1396 3056 1465 3086 Qod
1480 3053 1594 3083 honqssum
1611 3051 1762 3083 decorumque
1788 3049 1894 3074 dicimur.
1914 3047 1927 3080 ]
1957 3046 2001 3072 Sic
2018 3044 2102 3072 editio
2121 3044 2247 3076 Viam-ii,
2357 3038 2369 3069 a!

1290 3090 1328 3116 *sic
1347 3090 1461 3118 Palatin.
1480 3088 1513 3114 sic
1532 3084 1813 3117 Gulieliniaiii„·.ilize„
1831 3084 1891 3117 quod
1908 3084 2012 3110 decorum
2030 3083 2189 3116 honestumque
2209 3081 2249 3106 di·
2357 3079 2368 3109 -,“

1295 3129 1380 3159 (linus.
1689 3132 1692 3138 ·
2225 3138 2233 3154 ,⁴
2353 3115 2366 3157 ἲ

2161 3149 2249 3186 uffins·
2353 3153 2363 3171 ό
