2360 3400
473 109 677 160 Epis-r.
712 123 786 155 AD
822 109 923 155 Cn.
963 105 1310 164 PLANCUMJ
1338 123 1424 156 -ΕΤ
1464 111 1692 162 AL1os‚
1726 112 1851 158 Lrn.
1889 114 1944 160 X.

2098 129 2195 178 7¹9

233 194 310 227 'ullo
320 199 402 225 metu
414 193 515 223 terreri
525 199 703 232 potuerunt,
716 197 748 220 ut
757 189 986 220 commendatos
995 188 1082 219 vobis
1095 189 1199 219 habea-
1242 190 1364 236 neribus
1377 202 1382 220 :
1398 188 1575 230 posteriores
1584 211 1592 225 ‚
1613 192 1647 222 ad
1659 200 1788 232 tempus,
1800 193 2015 234 arbitriumque
2025 193 2195 224 amicorum

233 240 280 269 -tis
291 257 299 272 ,
306 234 473 277 petendum
481 236 608 264 videtur.

198 296 235 330 9·
425 284 664 314 PLANCUS
686 283 958 315 CICERONI,
981 283 1010 311 S.

328 331 419 361 >lim.
434 339 483 359 me
497 329 552 359 tibi
567 328 700 362 temere,
721 339 768 359 aut
779 337 806 358 te
815 330 920 358 ceteris
930 327 966 358 de
976 337 1024 356 me
1034 324 1139 355 frustra
1149 335 1194 355 re-

341 370 447 412 cepisse
471 372 565 401 laetor.
590 372 675 400 Certe
702 372 759 401 hoc
773 371 867 410 majus
883 370 972 400 habes
985 367 1193 399 testimonium

239 415 350 446 amoris
360 415 421 443 mei
432 433 440 446 ‚
451 422 513 453 quo
525 411 670 442 maturius
682 413 753 446 tibi,
766 413 856 452 quitm
870 413 985 444 ceteris,
997 407 1119 439 consilia
1131 418 1197 437 mea

239 457 324 486 volui
337 453 394 485 ess‘e
408 463 487 484 nota.
511 457 545 484 In
562 454 624 484 dies
643 454 715 484 verb
727 456 904 484 meritorum
917 460 1058 482 meorum
1074 449 1138 480 fieri
1150 460 1196 480 ac-

239 495 384 528 ceffiones
398 521 404 532 ,
415 501 425 515 ¹
438 496 600 536 praevideie
612 506 640 525 te
650 496 733 536 spero
745 507 750 525 ;
765 497 958 536 cogniturum
970 494 1064 531 magis
1074 493 1196 531 recipio.

240 538 332 580 Qod
349 538 383 569 ad
399 549 448 568 me
461 540 584 572 attinet,
606 540 650 568 mi
662 541 767 568 Cicero
781 539 833 576 (ita
843 537 878 567 ab
888 533 1123 566 imminentibus
1134 542 1197 563 ma-

241 581 279 611 lis
289 581 405 621 respub.
417 591 466 610 me
476 581 635 620 adjuvante
647 580 800 619 liberetur)
811 578 847 609 sic
857 580 989 608 honores
1000 597 1007 610 ‚
1019 577 1198 623 praemiaque

238 622 334 654 vestra
348 623 476 662 suspicio
488 643 496 657 ‚
517 621 701 652 conferenda
717 621 796 652 certe
814 622 884 651 cum
901 619 1147 664 immortalitate,
1165 625 1199 661 tit

239 663 301 695 fine
311 666 358 694 his
369 665 448 694 nihil
458 665 494 694 de
505 674 574 694 meo
586 663 683 694 studio
694 684 702 698 ‚
715 663 988 704 perseverantiaque
999 659 1052 689 sim
1063 657 1200 705 remisiti—

240 716 301 738 rus.
322 705 388 737 Nisi
409 709 440 736 iri
456 706 653 736 multitudine
667 708 854 745 optimorum
864 705 978 733 civium
991 704 1124 740 impetus
1136 710 1200 729 ani-

231 750 287 780 .mi
298 750 360 778 mei
369 747 460 778 fuerit
471 746 622 789 fingularis
631 767 640 781 ,
654 747 686 777 &
695 756 782 786 opera
791 746 937 785 praecipua
947 754 952 771 ;
963 744 1042 772 nihil
1052 741 1088 772 ad
1099 751 1198 771 meam
1216 745 1219 782 1

240 791 416 832 dignitatem
428 789 564 820 accedere
583 789 656 819 volo
669 786 875 828 suffragatione
887 783 991 815 vestra.
1015 783 1200 830 Concupisco

239 841 341 863 autem
354 833 431 861 nihil
443 832 520 860 mihi
534 839 652 861 :contra
661 828 742 869 quod
753 829 814 868 ipse
823 837 924 868 pugno
936 846 944 860 ,
958 826 989 856 ἃς
999 834 1156 864 temporis,
1167 825 1199 855 ὃς

239 876 322 904 reite
333 873 552 903 moderatorem
566 892 574 904 ‚
594 870 681 901 facile
691 871 788 910 patior
798 868 864 899 ess'e.
889 868 979 898 Nihil
989 877 1038 897 aut
1051 866 1133 900 sero,
1151 876 1200 897 aut

239 917 349 957 exigue
368 915 384 945 a
402 916 490 953 patria
503 915 562 943 civi
576 913 722 943 tributum
737 910 833 952 potest
844 910 952 941 videti.
977 911 1152 955 Exercitum
1162 909 1197 939 ad
1217 928 1219 951 Ι

228 958 360 988 ·seXtum
373 957 437 985 Kal.
449 955 542 994 Majas
552 954 739 984 Rhodanum
753 953 853 989 trajeci
864 972 873 986 ,
895 962 1011 993 magnis
1028 951 1196 981 itineribus.
1217 952 1219 995 Ι

228 1001 358 1031 Vienna
370 999 483 1038 equites
498 996 585 1026 mille
594 998 641 1026 via
652 995 788 1026 breviore
801 993 941 1035 praemisi.
964 995 1028 1032 Ipse
1039 1014 1047 1027 ,
1063 992 1082 1023 si
1092 993 1128 1023 ab
1138 995 1196 1023 Le-

236 1040 310 1081 pido
322 1048 386 1069 non
396 1038 553 1078 impediar,
565 1037 714 1068 celeritate
725 1037 913 1068 satisfaciam.
929 1039 943 1056 ²
954 1035 974 1065 si
985 1044 1086 1066 autem
1096 1037 1198 1065 itineri

238 1091 310 1112 meo
327 1080 356 1111 se
373 1081 563 1121 opposuerit,
583 1079 618 1110 ad
634 1089 751 1120 tempus
764 1077 925 1109 consilium
943 1079 1066 1117 capiam.
1091 1079 1197 1117 Copias

235 1122 353 1153 adduco
363 1122 396 1151 &
407 1131 546 1155 numero,
560 1121 592 1151 ὃς
603 1131 723 1162 genere,
734 1121 766 1151 &
778 1119 920 1152 fidelitate
930 1117 1122 1150 firmiffimas.
1136 1119 1195 1154 Te,

235 1173 269 1195 ut
279 1164 384 1205 diligas
395 1173 445 1194 me
454 1183 463 1197 ,
477 1163 496 1193 si
508 1163 617 1193 mutuo
629 1172 655 1193 te
666 1162 813 1193 fadiurum
826 1162 880 1192 scis
890 1182 898 1195 ‚
912 1171 995 1203 rogo.
1019 1161 1102 1192 Vale.

174 1241 218 1266 ιο
500 1215 693 1244 CICERO
714 1215 930 1244 PLANCO.

317 1311 357 1331 tas
369 1322 377 1335 ,
389 1301 470 1342 quod
481 1299 640 1330 confilium
652 1300 689 1330 de
699 1301 801 1340 repub.
813 1300 900 1330 effet:
916 1310 1017 1330 tamen
1028 1320 1036 1334 ,
1048 1302 1106 1330 tuis
1117 1301 1195 1330 litte-

234 1346 276 1375 ris
294 1343 379 1373 lthis
391 1363 399 1377 ‚
420 1342 566 1383 liquidius
585 1342 621 1372 de
643 1350 708 1372 toto
729 1342 813 1372 sensu
833 1351 886 1372 tuo
903 1343 1047 1381 judicavi.
1079 1344 1194 1383 Qam—

226 1386 338 1416 obrem
352 1405 360 1419 ‚
381 1394 563 1425 quamquam
583 1385 615 1413 in
632 1393 696 1413 uno
712 1384 816 1423 praelio
830 1386 932 1413 omnis
945 1382 1066 1414 fortuna
1079 1385 1193 1423 reipub.

230 1427 373 1466 disceptat
385 1437 390 1455 :
409 1425 492 1466 quod
504 1425 628 1465 quidem
643 1445 651 1458 ‚
664 1424 735 1455 cum
747 1426 809 1456 haec
818 1426 929 1465 legeres
940 1445 948 1459 ‚
965 1426 1028 1465 jam
1039 1425 1191 1456 decretum

230 1468 391 1500 arbitrabar
399 1466 465 1496 fore
477 1478 481 1495 :
498 1476 598 1497 tamen
611 1467 667 1506 ipsa
678 1466 769 1500 fama,
782 1477 846 1508 quae
858 1468 894 1497 de
905 1477 952 1497 tua
961 1468 1115 1497 voluntate
1126 1477 1193 1507 per-

226 1510 380 1542 crebruit,
399 1518 539 1549 magnam
551 1508 712 1539 eslaudem
721 1510 909 1539 consecutus.
932 1512 1035 1550 Itaque
1049 1507 1069 1538 si
1084 1510 1192 1539 consu-

226 1552 291 1582 lem
301 1554 412 1582 Romae
422 1549 627 1580 habuissemus
640 1571 648 1584 ‚
668 1550 848 1581 declaratum
871 1550 943 1581 esset
955 1552 991 1581 ab
1005 1551 1106 1581 senatu
1119 1562 1189 1582 cum

223 1597 287 1624 tuis
300 1595 415 1633 magnis
426 1592 594 1622 honoribus
606 1612 615 1626 ,
626 1592 716 1633 quam
729 1602 824 1633 gratus
836 1591 1050 1627 effetconatus,
1063 1593 1096 1623 ὃς
1105 1603 1191 1634 appa—

223 1644 306 1666 -ratus
319 1644 397 1664 tuus.
422 1635 513 1674 cujus
524 1636 566 1663 rei
578 1644 642 1664 non
654 1634 750 1664 modo
761 1645 824 1665 non
833 1637 973 1675 praeteriit
984 1645 1103 1676 tempus
1116 1646 1121 1664 :
1140 1636 1189 1666 sed

222 1687 266 1708 ne
277 1685 430 1707 maturum
442 1676 564 1717 quidem
576 1678 837 1711 etiamnunc‚meo
847 1676 968 1718 quidem
978 1677 1107 1718 judicio,
1118 1677 1187 1708 fuit.

223 1729 259 1749 as
282 1728 373 1748 anim
395 1727 551 1757 namQE
573 1728 677 1748 nouos
701 1729 785 1748 Mil-11
811 1729 932 1750 vinnm
966 1729 1067 1749 sotim·
1097 1739 1106 1754 ,
1137 1723 1189 1761 qui

221 1770 290 1791 non
300 1769 420 1801 propter
429 1760 511 1799 spem
522 1758 616 1790 futuri
626 1759 766 1791 beneficii
777 1780 786 1795 ‚
807 1760 855 1791 sed
871 1770 991 1801 propter
1004 1770 1112 1811 magna
1126 1772 1190 1792 rne-

223 1803 282 1832 -rita
295 1802 381 1832 claris
391 1803 462 1830 viris
471 1800 603 1831 defertur
614 1822 622 1835 .
642 1802 674 1832 δε
683 1802 777 1832 datur.
800 1805 897 1842 Qare
908 1822 917 1836 ,
938 1801 972 1832 sit
985 1803 1081 1832 modo
1092 1804 1190 1844 aliqua

224 1843 341 1883 respub.
355 1845 387 1872 in
396 1853 454 1883 qua
465 1843 564 1872 honos
573 1845 688 1873 elucere
696 1842 795 1883 possit.
819 1844 965 1873 omnibus
977 1863 985 1877 ,
1002 1845 1188 1879 mihicrede,

222 1883 417 1925 amplissimis
431 1884 600 1914 honoribus
614 1885 787 1915 abundabis.
815 1895 843 1915 is
867 1894 988 1915 Avi-EM
1012 1895 1073 1926 (Ψ)
1099 1896 1188 1917 vene

223 1935 418 1957 APPELLAal
433 1935 553 1955 Ροτεςτ
567 1935 691 1960 nouos,
716 1937 780 1956 non
800 1928 1035 1957 invitamentum
1054 1927 1089 1957 ad
1111 1936 1187 1958 tem—

220 1978 278 2010 pus
288 1989 296 2002 ,
319 1968 369 1998 sed
381 1976 530 2008 perpetuae
551 1969 671 1998 virtutis
692 1968 735 1998 est
761 1971 931 2008 praemium.
965 1968 1185 2010 Qamobrem‚

220 2013 266 2041 mi
276 2011 399 2044 Plance,
421 2009 565 2040 incumbe
585 2018 650 2040 toto
667 2009 788 2050 pebhne
798 2010 833 2040 ad
843 2010 980 2040 laudem:
1002 2010 1186 2051 subvenipa-

218 2055 283 2083 triae
298 2062 303 2081 ε
323 2052 468 2091 opitulare
479 2051 617 2093 collegae:
634 2054 776 2082 omnium
788 2054 924 2093 gentium
935 2052 1113 2082 consensum
1127 2073 1135 2087 ,
1152 2054 1184 2083 &

217 2094 431 2125 incredibilem
441 2093 694 2133 conspirationem
706 2094 822 2133 adjuva.
844 2096 896 2124 Me
906 2103 1029 2124 tuorum
1041 2093 1186 2125 consilio-

215 2145 286 2166 rum
304 2135 492 2172 adjutorem,
512 2134 665 2176 dignitatis
686 2135 856 2170 fautorem,
877 2136 1023 2166 omnibus
1044 2139 1076 2166 in
1096 2137 1184 2167 rebus

217 2177 273 2208 tibi
292 2176 510 2208 amicissimum
521 2196 529 2210 ,
552 2175 822 2219 fidelissimumque
833 2198 841 2212 ‚
862 2178 1034 2219 cognosces.
1068 2178 1114 2208 Ad
1135 2189 1181 2209 eas

216 2221 300 2250 enim
313 2218 542 2259 causas‚'quibus
552 2220 629 2249 inter
639 2229 695 2250 nos
706 2230 808 2250 amore
818 2220 922 2250 sumus
933 2241 940 2254 ,
952 2218 1063 2250 officiis
1073 2240 1080 2253 ‚
1094 2230 1181 2251 vetu—

216 2261 286 2293 state
296 2262 364 2302 conj
372 2260 467 2293 unffi,
478 2263 577 2300 patriae
585 2263 686 2292 caritas
695 2260 811 2292 accessit
822 2273 827 2291 ;
838 2272 930 2303 eaque
940 2260 1044 2296 efficit,
1056 2272 1088 2293 ut
1100 2271 1179 2293 tuam

213 2305 310 2339 vitam
320 2301 498 2334 anteferrem
513 2312 597 2333 meae.
621 2306 674 2333 ΠΙ.
686 2304 835 2334 Kalendas
845 2304 967 2344 Aprilis.

433 2351 670 2383 PLANCUS
700 2354 968 2383 CICERONI.

154 2364 166 2388 1
181 2364 191 2388 1

220 2398 260 2476 I
272 2404 307 2433 M
319 2413 346 2433 M
356 2412 375 2434 o
385 2412 407 2433 R
417 2413 437 2432 τ
448 2412 470 2432 A
483 2409 503 2429 L
515 2409 535 2429 Ξ
547 2410 558 2430 1
571 2413 584 2432 s
605 2412 660 2443 ago
682 2402 736 2433 tibi
750 2404 854 2443 gratias
866 2424 874 2437 ,
893 2413 1038 2444 agamque
1047 2403 1121 2434 dum
1132 2405 1179 2434 vi-

263 2454 342 2475 vam.
361 2455 432 2475 nam
443 2445 604 2474 relaturum
617 2454 668 2475 me
677 2464 687 2479 ,
707 2443 853 2475 affirmare
863 2455 926 2475 non
938 2443 1066 2486 poffurn.
1095 2448 1178 2476 Tan-

217 2489 254 2516 tis
265 2488 350 2516 enim
370 2488 429 2516 tuis
442 2485 553 2516 officiis
565 2496 629 2517 non
637 2486 743 2517 videor
754 2489 798 2517 mi
807 2487 986 2527 respondere
999 2486 1100 2527 posse:
1122 2486 1176 2517 nisi

214 2527 292 2558 forte
316 2528 367 2567 (ut
378 2536 408 2558 tu
420 2525 587 2569 graviffime
599 2548 607 2563 ,
626 2528 873 2569 disertissimeque
882 2527 1037 2569 scripsisti)
1061 2531 1099 2559 ita
1111 2530 1177 2559 sen-

212 2570 297 2600 surus
307 2580 347 2603 es,
361 2579 394 2600 ut
402 2580 451 2600 me
461 2568 568 2600 referre
578 2572 703 2610 gratiam
713 2570 884 2610 putes‚cum
895 2573 1044 2600 memoria
1055 2571 1177 2601 tenebo.

210 2613 242 2642 Si
266 2611 302 2641 de
320 2611 377 2641 filii
397 2613 439 2642 tui
454 2611 597 2652 dignitate
608 2610 680 2642 effet
695 2612 796 2642 aetum
808 2632 816 2645 ‚
838 2611 999 2642 amabilius
1009 2613 1088 2652 certe
1098 2614 1176 2642 nihil

208 2652 304 2684 facere
320 2651 474 2694 potuiffes.
497 2655 606 2684 Primae
623 2662 681 2684 tuae
704 2654 859 2684 sententiae
882 2652 1013 2683 infinitis
1023 2664 1094 2685 cum
1104 2665 1175 2685 mu-

212 2820 218 2824 *
250 2797 273 2816 ι.
293 2790 426 2816 Praevidere
435 2789 555 2823 respero]
578 2790 641 2815 Non
653 2788 732 2814 video
745 2809 752 2819 ,
764 2789 827 2824 quid
840 2789 882 2815 liic
894 2795 955 2825 agat
968 2788 1102 2825 vulgatum
1110 2798 1168 2823 per-

211 2824 291 2849 *nidere
300 2827 317 2851 ς’
326 2825 438 2852 nostram
450 2826 476 2851 Sc
489 2834 529 2852 res
541 2826 569 2850 Sc
578 2833 694 2861 quatuor
704 2824 761 2851 mss.
774 2826 909 2852 Palatinus
923 2845 931 2856 ‚
943 2825 1057 2861 primus,
1068 2825 1169 2859 sextus,

214 2859 402 2895 Hittorpianus
414 2881 422 2893 ‚
441 2861 639 2888 Stewechianus
650 2861 732 2897 prisca
751 2861 845 2888 editio.
866 2861 947 2888 Initio
958 2861 1072 2897 epistol-x
1082 2862 1169 2889 delevi

215 2894 323 2921 verbum
335 2897 446 2930 scr-Ipfiffe
456 2897 630 2924 infitiantibus
641 2897 709 2924 illud
722 2897 848 2924 Palatinis
861 2917 868 2930 ‚
881 2898 1066 2925 stewechiano
1081 2918 1088 2930 ‚
1106 2899 1171 2926 Hit-

216 2930 348 2966 torpiano,
361 2933 497 2965 Vaticano,
511 2934 538 2960 St
551 2933 704 2960 Historiam
714 2933 842 2960 editione.

252 2974 280 2991 ιι..
299 2970 324 2992 Si
340 2974 417 2993 autem
429 2971 510 2994 itineri
526 2979 572 2995 meo
584 2970 771 3004 fioppofiacrit]
796 2969 1084 3006 lilegaiitislimale&io
1095 2969 1170 2997 usur-

214 3007 274 3037 pata
283 3000 404 3029 Vitruvio
419 3022 426 3034 ,
443 3004 470 3029 &
480 3013 512 3030 ex
524 3006 653 3032 Vaticano
672 3005 761 3033 codice
780 3015 865 3033 cruta.
886 3007 973 3042 Vulgo
988 3017 993 3032 :
1009 3008 1048 3040 fin
1058 3013 1135 3032 autem
1145 3009 1171 3031 in

211 3040 297 3062 itinere
305 3047 349 3063 meo
360 3039 386 3070 se
395 3039 528 3072 oppoficerit.
547 3040 574 3068 in
590 3041 642 3069 fine
653 3042 767 3078 epistola:
778 3042 848 3069 edidi
861 3052 869 3073 3
890 3045 915 3069 Si
925 3051 1001 3068 munio
1011 3051 1032 3067 te
1044 3044 1170 3075 farfarum

209 3073 257 3113 seis
267 3081 300 3099 ex
316 3073 452 3113 Palatinis,
468 3076 586 3103 Vaticani
597 3079 730 3114 excerptis
745 3098 752 3111 ,
771 3079 888 3106 editione
907 3079 1025 3116 principe
1035 3088 1064 3105 ac
1076 3077 1168 3105 Ηὲὶο-

215 3117 299 3138 rtana.
322 3108 397 3135 Alias
409 3109 516 3138 visitur:
531 3114 638 3145 fimum)
648 3116 810 3147 mesal'lnrum
819 3116 907 3149 idsci‘ae.

251 3153 264 3180 3
272 3164 278 3170 .
297 3147 447 3172 Litterarum
455 3146 489 3172 ad
496 3156 531 3174 me
539 3149 658 3183 mg’ffarum
665 3151 776 3186 promissa
786 3151 958 3188 memim'ffem]
971 3152 1094 3180 Tuentur
1106 3151 1171 3179 lianc

1216 575 1218 598 Ι
1240 563 1401 602 praemisrff
1413 575 1440 593 m
1457 585 1465 597 ,

322 1263 352 1290 T
361 1270 373 1290 s
385 1269 396 1289 1
410 1259 475 1289 satis
484 1269 522 1288 ex
531 1260 644 1289 Furnio
655 1258 758 1289 nostro
768 1268 943 1300 cognoram,
955 1268 1020 1299 quae
1031 1267 1078 1289 tua
1086 1258 1198 1289 volun-

1243 242 1382 262 meorum
1403 232 1590 272 compositae:
1618 237 1714 264 oratio
1734 233 1859 269 aslidua,
1884 235 1916 266 &
1934 244 2072 275 perpetua
2094 234 2130 264 de
2143 244 2195 264 me

1243 275 1334 315 jurgia
1358 284 1427 304 cum
1452 275 1699 306 obn-cetatoribus
1721 286 1840 316 propter
1858 287 1926 310 me,
1946 276 2102 307 notissima
2115 277 2194 307 mihi

1240 315 1316 345 sunt.
1337 326 1399 346 non
1417 316 1577 347 med-ocris
1594 318 1762 348 adhibenda
1781 319 1856 348 mihi
1869 318 1909 349 ‹2st
1920 329 1986 349 cura
1999 339 2007 352 ,
2031 328 2064 349 ut
2077 317 2192 359 reipub.

1238 367 1287 386 inc
1305 359 1401 387 civem
1419 359 1544 399 &gnum
1562 361 1618 389 tuis
1635 359 1771 389 laudibus
1786 360 1939 400 pwtsttni:
1961 363 1992 390 in
2003 362 2193 391 amicitiatua

1241 407 1408 428 memorem
1421 419 1428 432 ‚
1440 410 1526 439 atque
1536 411 1664 441 gratum.
1688 403 1776 438 Quod
1790 403 1940 442 reliquum
1952 402 1993 433 est
2004 423 2011 435 ,
2024 412 2108 432 tuum
2121 411 2192 431 mu-

1239 449 1294 467 nus
1306 449 1384 469 tuere
1398 453 1402 469 2
1415 442 1447 470 e:
1458 452 1525 474 me,
1540 441 1569 474 s,
1581 452 1670 482 quem
1683 442 1739 472 esi'z·
1752 444 1883 477 minist-i,
1897 454 1966 473 eum
1982 446 2076 477 exitu,
2090 443 2192 474 rebus-

1238 490 1294 520 que
1306 483 1478 521 cognoscis,
1509 482 1514 486 ⁴
1544 483 1642 517 ende,
1665 495 1696 514 :zc
1710 485 1829 524 sui'cipe.
1854 484 1932 516 Cum
1943 487 2127 516 Rhodanum
2138 495 2191 515 CO·

1238 531 1300 561 pies
1321 523 1458 558 rank-ciis..
1507 544 1514 557 ,
1536 535 1713 565 {uitreis-(1120
1730 537 1798 557 cum
1812 527 1905 556 ribus
1919 527 2044 557 milibus
2055 529 2190 568 equitum

1484 566 1543 604 ,[ΐὶ·
1561 567 1657 596 iterati
1674 570 1736 596 Mu·
1759 569 2012 608 numelli-figerem:
2033 571 2189 601 inminere,

1242 604 1278 634 de
1290 606 1398 643 proelio
1409 605 1486 635 {aeto
1499 626 1506 639 ‚
1526 609 1671 647 Brtitoque
1685 628 1692 641 ‚
1707 612 1865 640 &Mutina
1876 610 2033 641 obiidmne
2044 611 2189 642 liberatis.

1240 647 1352 676 audivi.
1376 648 1601 681 Animadverti,
1616 650 1732 679 :ellum
1743 652 1834 681 alium
1849 662 1996 693 receptum
2008 654 2191 685 Antonium,

1242 689 1440 729 reliquiasque
1455 708 1463 722 ,
1473 699 1538 730 qua:
1552 700 1621 719 cum
1634 701 1669 720 eo
1679 690 1770 721 esi'mt
1783 714 1790 725 ‚
1806 694 1822 722 l.
1832 694 1919 727 rbus,
1932 694 1985 724 nisi
1998 698 2027 724 in
2040 695 2087 724 his
2101 695 2193 734 parti-

1242 729 1317 759 bus:
1332 730 1459 771 duasque
1479 734 1507 760 ei
1519 731 1583 771 spes
1594 730 1818 772 esti-propositas
1835 745 1943 765 :unam
1957 736 2061 775 Lepidi
2074 756 2082 770 ‚
2104 734 2193 775 ipsius

1241 772 1362 802 alteram
1393 774 1552 803 exercitus.
1593 772 1684 814 de
1704 775 1840 815 qua-dam
1868 786 1931 815 pars
1958 787 2105 808 exercitus
2128 787 2192 807 non

1240 812 1346 843 minus
1371 812 1480 844 furiosa
1500 814 1543 844 est
1557 834 1564 848 ‚
1592 820 1682 855 quum
1701 818 1753 857 qui
1791 827 1859 846 cum
1892 822 2027 849 Antonzo
2059 819 2192 853 fuerunt,

1241 857 1406 895 equitatum
1419 859 1564 886 revocavi.
1590 858 1653 897 Ipse
1665 859 1696 887 in
1706 858 1919 899 Allobrogibus
1930 863 2048 891 constiti
2061 881 2069 895 ,
2081 871 2113 891 ut
2122 870 2193 900 pro-

1241 898 1310 927 inde
1321 897 1356 927 ad
1369 900 1594 938 omniaparatus
1604 898 1706 933 essem,
1721 910 1752 930 ac
1762 910 1807 930 rts
1819 910 1964 931 moneret.
1987 906 2017 932 Si
2029 904 2124 933 nudus
2135 908 2194 933 nuc

1242 940 1269 969 se
1289 942 1442 970 Antonius
1465 940 1710 972 conferet2facile
1734 943 1778 972 nii
1797 942 1902 973 videor
1920 953 1971 983 per
1989 954 2037 974 me
2050 944 2192 974 sustinere

1240 980 1320 1021 poffe
1331 1002 1340 1014 ‚
1361 992 1484 1023 remque
1506 983 1657 1022 publicam
1670 994 1708 1013 ex
1717 984 1810 1014 vestra
1820 985 1964 1015 sententia
1973 986 2189 1018 administrare,

1236 1026 1377 1064 quamvis
1400 1024 1435 1054 ab
1457 1026 1591 1055 exercitu
1610 1026 1716 1065 Lepidi
1733 1028 1899 1066 recipiatur.
1919 1026 1939 1057 si
1954 1027 2026 1058 vero
2037 1030 2189 1067 copiarum

1237 1066 1352 1106 aliquid
1369 1066 1470 1096 secum
1483 1066 1622 1096 adducet:
1638 1067 1670 1097 Sc
1681 1088 1689 1101 2
1710 1066 1729 1097 si
1739 1068 1942 1110 decimalegio
1952 1078 2104 1102 veterana,
2125 1079 2192 1109 qua:

1239 1106 1338 1137 nostra
1349 1118 1437 1148 opera
1448 1117 1580 1139 revocata
1590 1119 1658 1138 cum
1668 1110 1789 1151 reliquis
1798 1110 1839 1141 est
1851 1131 1858 1143 ‚
1870 1113 1905 1141 ad
1915 1111 2047 1142 eundem
2056 1111 2191 1141 furorem

1238 1149 1359 1180 redierit
1373 1159 1508 1185 :tamem
1533 1161 1571 1180 ne
1590 1151 1661 1191 quid
1681 1151 1854 1182 detrimenti
1874 1151 1940 1187 fiat,
1969 1153 2086 1183 dabitur
2104 1162 2193 1192 opera

1238 1193 1254 1221 a
1265 1201 1332 1221 me:
1354 1192 1443 1233 idque
1454 1203 1501 1222 me
1512 1192 1717 1233 praestaturum
1730 1194 1813 1234 spero
1825 1215 1833 1227 ,
1845 1194 1919 1224 dum
1932 1194 2018 1225 istinc
2031 1197 2124 1235 copiae
2136 1204 2193 1224 tra-

1234 1233 1376 1273 jiciantur
1388 1255 1396 1267 ‚
1409 1234 1638 1275 conjun&aeque
1648 1235 1807 1266 nobiscum
1818 1236 1937 1267 facilius
1946 1236 2079 1277 perditos
2091 1239 2192 1276 oppri-

1239 1285 1334 1306 mant.
1358 1279 1427 1307 Hoc
1439 1277 1491 1307 tibi
1507 1277 1655 1317 spondeo,
1672 1280 1715 1307 mi
1726 1281 1831 1308 Cicero
1841 1298 1849 1313 ,
1862 1289 1957 1319 neque
1966 1279 2104 1309 animum
2115 1299 2123 1312 ‚
2136 1288 2192 1308 nec

1237 1318 1429 1359 diligentiam
1448 1319 1526 1348 mihi
1546 1318 1725 1350 defuturam.
1749 1322 1847 1360 Cupio
1868 1321 2054 1351 mehercules
2072 1321 2191 1350 nullam

1238 1358 1381 1391 residuam
1394 1361 1630 1391 sollicitudinem
1641 1360 1708 1391 esse.
1731 1362 1787 1393 Sed
1800 1361 1819 1391 si
1828 1361 1928 1396 fuerit,
1944 1372 1998 1393 nec
2008 1365 2122 1396 animo,
2135 1371 2192 1392 nec

1236 1401 1450 1433 benivolentiae
1462 1423 1470 1436 ‚
1485 1413 1540 1433 nec
1550 1405 1700 1443 patientiae
1709 1404 1882 1444 cujusquam
1894 1424 1901 1438 ‚
1913 1414 1968 1444 pro
1978 1404 2065 1434 vobis
2074 1404 2190 1434 cedam.

1236 1445 1288 1473 Do
1311 1444 1434 1485 quidem
1457 1455 1512 1485 ego
1534 1455 1653 1485 operam
1667 1466 1675 1478 ,
1696 1455 1728 1475 ut
1739 1448 1828 1476 etiam
1839 1446 1990 1486 Lepidum
2000 1446 2035 1476 ad
2047 1445 2135 1484 hujus
2147 1447 2190 1475 rei
2212 1480 2215 1481 ⁷

1235 1485 1403 1516 societatem
1424 1488 1566 1516 incitem:
1587 1489 1750 1528 omniaque
1771 1489 1799 1517 ei
1826 1488 1967 1528 obsequia
1983 1487 2148 1527 polliceor,
2169 1486 2190 1516 si

1236 1526 1331 1557 modo
1351 1538 1444 1568 remp.
1465 1529 1605 1568 respicere
1624 1529 1716 1559 volet.
1740 1532 1818 1559 Utor
1836 1530 1868 1558 in
1888 1531 1981 1559 haere
1991 1528 2189 1568 adjutoribus,

1234 1570 1604 1611 interpi⁴etibusque2fratre
1616 1571 1733 1604 mem&
1744 1571 2064 1604 Laterense,&Furnio
2075 1569 2188 1600 nostro.

1235 1613 1310 1641 Non
1329 1622 1379 1642 me
1400 1612 1569 1652 impedient
1586 1614 1706 1652 privatae
1724 1611 1904 1642 offensiones
1916 1633 1924 1646 ,
1946 1623 2006 1654 quo
2018 1612 2122 1643 minus
2133 1622 2189 1652 pro

1232 1655 1305 1693 reip.
1325 1654 1434 1687 salute,
1455 1655 1545 1685 etiam
1565 1664 1634 1684 cum
1655 1653 1864 1685 inimiciffimo
1877 1656 2074 1685 consentiam.
2098 1654 2190 1695 Qod

1233 1694 1254 1725 si
1273 1696 1352 1726 nihil
1371 1695 1546 1736 profecero,
1566 1695 1774 1727 nihilominus
1785 1698 1921 1726 maximo
1934 1697 1998 1727 sum
2011 1698 2135 1727 animo:
2156 1696 2189 1727 &

1232 1739 1346 1777 majore
1364 1737 1484 1769 fortaffe
1495 1748 1566 1768 cum
1578 1748 1644 1768 mea
1653 1738 1747 1779 gloria
1757 1739 1844 1770 vobis
1853 1738 2042 1770 satisfaciam.
2072 1741 2127 1770 Fac
2137 1748 2190 1770 va-

1231 1779 1302 1813 leas‚
1314 1790 1424 1821 meque
1433 1780 1542 1810 mutuo
1552 1780 1667 1822 diligas.

1489 1824 1687 1852 CICERO
1715 1824 1928 1852 PLANCO.

1233 1861 1305 1936 E
1317 1866 1346 1893 T
1358 1873 1370 1892 s
1385 1873 1396 1892 1
1416 1863 1530 1902 reipub.
1550 1864 1634 1894 causa
1652 1863 1786 1893 maxime
1795 1864 1920 1905 gaudere
1931 1863 2026 1894 debeo
2036 1884 2046 1899 ,
2068 1872 2186 1896 tantum

1309 1906 1336 1933 ei
1355 1912 1383 1933 te
1405 1903 1550 1944 praesidii,
1572 1913 1687 1934 tantum
1708 1906 1774 1945 opis
1794 1904 1923 1935 attulisse
1945 1909 2088 1936 extremis
2097 1907 2185 1948 paene

1229 1945 1434 1985 temporibus:
1453 1955 1554 1976 tamen
1565 1947 1640 1976 itate
1649 1945 1797 1976 vi&orem
1810 1946 2010 1987 comple&2r‚
2029 1958 2090 1989 rep.
2101 1959 2188 1980 recu-

1227 1996 1334 2026 perata,
1349 1997 1380 2017 ut
1390 1997 1530 2029 magnam
1540 1997 1652 2027 partem
1666 1989 1743 2017 mihi
1753 1988 1863 2018 laetitia:
1875 1999 1922 2019 tua
1933 1989 2062 2031 dignitas
2072 1989 2185 2025 afferat,

1229 2039 1318 2068 quam
1336 2029 1368 2059 δε
1382 2027 1521 2068 effejam,
1534 2027 1706 2059 &futuram
1717 2029 1929 2070 amplissimam
1941 2032 2096 2072 intelligo.
2107 2034 2186 2063 Cave

1228 2072 1312 2100 enim
1325 2080 1410 2110 putes
1420 2072 1494 2101 ullas
1504 2081 1649 2111 umquam
1659 2071 1770 2101 litteras
1779 2073 1931 2113 graviores
1942 2093 1949 2106 ‚
1959 2073 2052 2114 quam
2067 2083 2140 2108 tuam,
2152 2076 2186 2105 in

1229 2113 1327 2142 senatu
1337 2111 1394 2142 css'e
1403 2113 1642 2154 recitatas.1dque
1653 2115 1781 2155 contigit
1789 2113 1860 2144 cum
1872 2116 2051 2145 meritorum
2063 2124 2186 2147 tuorum

1226 2155 1260 2184 in
1270 2154 1406 2194 rempub.
1420 2157 1534 2184 eximia
1542 2155 1669 2195 quadam
1679 2156 1888 2197 magnitudine
1902 2177 1911 2190 ,
1933 2165 1997 2187 tum
2009 2157 2183 2192 vei-borum,

1227 2197 1500 2237 sententiarumque
1522 2198 1673 2238 gravitate.
1698 2197 1788 2237 Qod
1809 2199 1886 2227 mihi
1915 2198 2039 2239 quidem
2051 2200 2185 2230 minimi:

1225 2248 1341 2268 novum
1354 2258 1362 2271 ,
1381 2240 1433 2279 qui
1451 2239 1484 2268 &
1503 2248 1530 2268 te
1550 2237 1667 2268 noss'em
1680 2258 1689 2272 ‚
1714 2240 1746 2269 &
1758 2248 1873 2269 tuarum
1889 2243 1900 2267 3
1914 2241 2077 2271 litterarum
2089 2241 2123 2271 ad
2135 2251 2185 2271 me

1225 2278 1379 2310 miss'arum
1400 2278 1543 2320 promifl'a
1563 2279 1771 2310 meminifl'em
1788 2301 1796 2314 ‚
1817 2282 1849 2311 δε
1876 2281 2016 2312 haberem
2039 2282 2053 2312 a
2071 2285 2185 2313 Furnio

1224 2321 1326 2352 nostro
1340 2331 1389 2352 tua
1399 2324 1518 2362 penitus
1528 2320 1652 2352 consilia
1661 2323 1789 2362 cognita.
1811 2323 1860 2353 sed
1874 2324 1987 2354 senatui
2000 2325 2111 2363 majora
2121 2324 2184 2356 visa

1225 2364 1303 2396 sunt,
1315 2363 1405 2404 quam
1422 2373 1503 2394 erant
1517 2362 1700 2403 exspectata:
1719 2374 1782 2394 non
1793 2364 1854 2406 quo
1866 2376 2010 2406 umquam
2021 2365 2056 2395 de
2067 2375 2115 2396 tua
2124 2376 2182 2396 vo-

1222 2406 1335 2435 luntate
1352 2404 1588 2436 dubitass'etzsed
1609 2416 1685 2439 nec,
1707 2416 1852 2447 quantum
1875 2407 1969 2437 facere
1987 2406 2082 2447 poss'es
2098 2428 2106 2440 ‚
2126 2417 2183 2439 nec

1222 2447 1319 2488 quoad
1338 2447 1472 2489 progredi
1495 2448 1587 2478 velles
1598 2468 1606 2481 ,
1634 2448 1823 2488 exploratum
1848 2449 1913 2478 satis
1925 2449 2054 2479 habebat.
2078 2452 2182 2490 Itaque

1222 2489 1294 2519 cum
1313 2491 1348 2519 ad
1368 2500 1431 2520 vn.
1443 2489 1510 2519 idus
1523 2489 1664 2530 Aprileis,
1684 2490 1772 2520 mane
1782 2491 1857 2520 mihi
1871 2499 1933 2520 tuas
1944 2490 2054 2520 litteras
2065 2493 2108 2520 M.
2121 2494 2183 2521 Va—

1222 2530 1339 2561 risidius
1363 2530 1553 2565 reddidisset,
1577 2531 1682 2570 easque
1698 2530 1832 2570 legiss'em
1853 2542 1858 2560 :
1882 2532 2052 2562 incredibili
2071 2532 2181 2573 gaudio

1226 2574 1290 2604 sum
1301 2574 1414 2603 elatus:
1438 2583 1566 2613 cumque
1577 2582 1683 2613 magna
1694 2573 1858 2602 multitudo
1869 2593 1876 2606 ,
1899 2576 2086 2613 optimorum
2099 2577 2182 2605 viro-

1225 2625 1304 2648 rum,
1321 2615 1353 2644 &
1363 2616 1476 2644 civium
1490 2625 1539 2644 me
1548 2614 1643 2643 domo
1654 2613 1821 2647 deduceret,
1834 2614 1890 2644 feci
1902 2617 2049 2645 continuo
2059 2618 2183 2648 omneis

1222 2658 1379 2697 participes
1399 2666 1472 2686 meze
1491 2657 1659 2696 voluptatis.
1683 2657 1810 2685 Interim
1821 2656 1856 2686 ad
1868 2666 1916 2687 me
1931 2659 2182 2689 venitMuriatius

2066 2699 2179 2735 noster,

1213 2799 1304 2818 contra
1317 2790 1502 2827 Rhodigiunni
1522 2792 1549 2817 8:
1561 2792 1697 2819 vietorius
1711 2812 1719 2824 ‚
1739 2794 1767 2819 δι’
1778 2793 1831 2820 duo
1843 2795 1956 2821 Palatini
1970 2815 1977 2827 ‚
1996 2805 2023 2831 of
2032 2797 2090 2823 timi
2102 2798 2177 2824 corli-

1212 2838 1264 2854 ces.
1286 2829 1319 2854 Et
1332 2828 1396 2853 inihi
1409 2828 1482 2854 nullo
1495 2828 1573 2854 niodo
1587 2828 1690 2855 ridetur
1700 2829 1801 2865 aliquid
1813 2831 1979 2858 mutandum.
1995 2833 2179 2867 Priinogenita

1214 2871 1301 2890 tamen
1314 2863 1397 2890 editio
1411 2884 1418 2893 ,
1429 2865 1551 2896 praru-isti.
1572 2864 1595 2889 tx·
1612 2865 1809 2892 stewechianus
1822 2866 1906 2893 codex
1919 2878 1924 2894 :
1943 2862 2179 2901 prenuffarn‘crnine-

1213 2903 1276 2926 rim:
1295 2909 1351 2935 quat
1362 2900 1391 2926 ud
1403 2900 1510 2926 lidinins
1525 2920 1530 2931 ‚
1544 2909 1594 2926 non
1608 2908 1636 2927 nt
1647 2901 1843 2937 Rhodigivnnn,
1855 2913 1932 2939 quein
1947 2913 1988 2930 no*
1999 2914 2067 2931 imus
2081 2906 2179 2932 mirifi-

1214 2945 1274 2962 cum
1286 2936 1502 2962 emend-itionum
1515 2944 1539 2961 c»
1553 2936 1761 2971 explicatiomnn
1783 2948 1874 2966 cocum
1885 2941 1973 2966 omnin
1990 2950 2050 2973 >iura
2061 2942 2178 2969 consun-

1213 2971 1321 2998 dentem
1336 2991 1342 3003 ‚
1364 2971 1537 3004 :ullum-inus:
1562 2972 1602 2998 sed
1615 2981 1643 3000 ut
1653 2974 1834 3001 diveriitatem
1855 2975 1920 3002 hanc
1939 2980 1954 3002 a
1966 2976 2040 3003 libris
2052 2977 2101 3003 ess'e
2112 2988 2176 3005 con-

1214 3008 1292 3034 staret
1308 3027 1315 3039 ,
1335 3018 1416 3043 quani
1436 3009 1461 3035 in
1479 3009 1527 3035 liris
1541 3018 1590 3035 iton
1610 3010 1748 3037 invenerat
1767 3011 1821 3047 post
1833 3012 1996 3038 Pontianum
2009 3013 2175 3041 tlot‘t‘rffimns

1217 3045 1353 3070 rien-uriae
1373 3044 1431 3070 stite.
1453 3045 1546 3071 malli>
1567 3046 1620 3081 post
1641 3045 1694 3072 duo
1706 3047 1839 3079 Palatini,
1859 3049 1943 3084 prima
1953 3049 2036 3075 editio
2049 3069 2055 3081 ‚
2076 3049 2176 3076 l'ecltio

1214 3088 1352 3115 excerpta,
1365 3081 1497 3107 Stewecli.
1511 3081 1609 3114 senatui
1627 3084 1716 3116 najara
1726 3085 1780 3117 visti
1792 3086 1851 3118 siem
1863 3104 1871 3115 ‚
1892 3094 1962 3119 quam
1973 3093 2042 3110 cram
2055 3088 2175 3118 “Petvara.

1216 3123 1245 3141 nt
1258 3116 1373 3151 Epistola
1387 3125 1428 3151 14.
1450 3117 1518 3146 rau.
1536 3116 1590 3146 duo
1609 3119 1767 3148 Gulielmii:
1791 3121 1892 3156 equidem
1900 3123 2102 3156 spcefalnnaejani
2121 3128 2176 3146 tuac

1215 3154 1322 3180 lituras.

2099 3200 2121 3218 1.
2143 3193 2172 3218 Ut

2208 1839 2251 1865 12
