2337 3400
101 141 238 206 ,795
548 123 1051 177 M.·Tut.1.11

1129 116 1690 165 <mnemon-15·

143 223 187 253 ser
205 223 236 251 in
255 216 397 248 maximis
419 212 497 243 meis
515 205 862 242 aei-umnis&lu‹stibus‚
887 204 945 233 hoc
954 208 1039 232 metu
1048 198 1099 230 ad·
1136 208 1224 233 rum,
1247 198 1281 229 &
1294 198 1461 230 litterarum
1473 199 1653 240 exspeeutio
1666 220 1675 234 ‚
1694 208 1728 231 ur
1740 198 1794 230 tibi
1805 198 1919 240 placet,
1941 196 2100 230 Thessalo·

140 262 224 304 justo
242 280 251 294 ‚
279 267 388 289 maneo
405 253 625 286 Theffalonicae
644 249 807 290 suspensus.
829 255 884 276 nec
903 243 998 275 audeo
1016 243 1102 283 quic-

144 313 244 344 quam.
266 303 357 330 Nunc
367 298 402 329 ad
413 308 457 331 ea,
468 306 535 337 quae
545 291 690 334 scripsisti.
710 296 719 311 ¹
733 289 935 330 Tryphonem
945 286 1100 316 Caecilium

147 354 210 375 non
231 342 304 372 vidi·
327 344 506 372 Sermonem
530 346 618 367 tuum
631 355 638 369 ,
660 332 841 372 &Pompeii
854 329 1033 369 cognoviex
1043 326 1103 356 tuis

145 387 261 416 litteris.
291 386 415 413 Motum
446 382 480 412 in
498 379 617 419 Repub.
630 381 717 406 ²non
736 381 918 413 taiitumego
931 368 1105 412 impendere

144 427 238 458 video
249 445 258 460 ,
276 434 421 466 quantum
431 432 463 453 tu
472 430 521 453 aut
530 420 615 451 vides
626 439 634 452 ‚
656 416 754 449 autad
765 425 815 445 me
826 412 1046 445 consolandum
1062 411 1104 439 at-

146 469 216 500 fei-s.
239 470 370 508 Tigrane
391 466 477 496 enirn
495 461 654 503 negle&0‚
676 458 786 490 sublata
805 458 870 487 sunt
893 456 1009 485 omnia.
1033 455 1106 482 Var—

148 509 469 549 ronimejubesagere
478 507 599 548 gratias:
621 497 989 537 faciam1itemHypsaeo.
1016 493 1107 535 Qud

149 552 253 584 suades
264 572 274 584 ‚
295 561 333 580 ne
350 547 470 590 longius
480 545 666 578 discedamus
678 564 687 578 ‚
707 542 783 578 dum
791 539 854 571 aeta
865 537 975 570 mensis
987 539 1061 567 Maii
1071 535 1106 565 ad

150 604 213 626 nos-
229 591 430 633 perferantur:
451 598 526 630 puto
538 598 587 619 me
599 584 704 617 itaeffe
714 583 865 615 saetarum
876 594 887 616 ·‚
909 580 957 611 sed
967 579 1020 609 ubi
1030 587 1109 608 non*

149 636 227 667 dum
246 634 344 665 statui.
369 643 456 674 atque
476 633 516 662 ita
532 628 702 671 perturbato
718 627 784 657 sum
804 626 910 655 animo
933 621 970 652 de
981 623 1109 662 Qinto‚

151 688 184 708 ut
200 677 278 708 nihil
288 685 396 717 queam
409 674 542 704 statuere.
562 671 611 702 scd
623 679 724 700 tamen
734 667 832 698 statim
843 675 872 696 te
886 664 993 695 faciam
1004 663 1112 693 certio-

153 730 228 751 rem.
253 721 299 749 Ex
318 716 510 757 epistolarum
522 723 657 744 mearum
675 708 875 741 'inconstantia
894 715 968 747 puto
987 714 1013 735 te
1024 713 1114 734 men-

153 764 191 792 tis
202 771 276 791 meae
288 769 407 790 motum
425 757 548 790 videre3
570 756 642 796 qui,
661 751 713 784 etsi
735 749 906 782 incredibili
925 748 958 787 ὃς
977 746 1114 787 singulari

151 804 317 834 calamitate
335 799 466 830 afflietus
485 799 552 830 sum
564 817 572 831 ,
593 803 768 827 tamennon
780 801 840 823 tam
859 789 902 821 est
918 800 957 820 ex
975 789 1094 819 miseria
1106 808 1115 820 ,

153 846 246 886 quam
260 854 298 874 ex
309 842 390 884 culpe
400 840 488 878 nostrae
496 839 702 871 recordatione
716 856 724 869 ‚
738 842 922 866 commotus.
935 832 1020 869 cujus
1029 832 1113 860 enim

153 888 262 918 scelere
284 882 423 925 impulsi,
452 893 485 914 ac
503 881 612 922 proditi
635 878 726 908 simus
745 897 753 911 ,
776 876 839 917 jam
858 872 997 914 profe&0
1014 871 1118 902 vides:

155 939 243 970 atque
267 929 384 957 utinam
399 927 461 966 jam
481 932 548 955 ante
559 920 682 952 vidisses
702 931 710 953 3
736 927 833 958 neque
855 925 954 947 totum
977 916 1116 945 animum

156 980 246 1001 tuum
265 971 388 999 moerori
413 976 534 997 mecum
562 964 650 993 simul
669 959 807 992 dediss'es.
836 968 922 999 quare
938 977 946 990 ,
974 955 1047 986 cum
1067 965 1117 984 rne

153 1012 303 1043 afflifitum
324 1031 332 1045 ‚
362 1010 394 1039 Se
413 1007 592 1039 confestum
613 1003 698 1035 ΜΘΗ]
724 1001 845 1034 audies,
873 999 1045 1030 existimato
1068 1007 1118 1026 me

150 1054 281 1092 stultitia
301 1062 375 1082 meae
398 1059 519 1092 poenam
530 1048 607 1078 ferre
620 1044 737 1089 gravius
758 1064 766 1078 ,
784 1042 874 1084 quani
888 1042 989 1071 eventi
1005 1052 1013 1074 ·,
1033 1038 1116 1080 quod

156 1099 184 1127 ei
203 1095 382 1126 crediderim
395 1114 405 1127 2
424 1101 516 1133 quem
535 1088 593 1120 effe
606 1087 754 1119 nefarium
774 1095 837 1115 non
860 1088 872 1111 3
892 1084 1033 1123 putarim.
1065 1082 1119 1109 Me

158 1140 193 1169 δε
213 1145 353 1168 meorum
373 1135 524 1165 malorum
545 1132 693 1161 memoria
713 1149 722 1163 ,
751 1128 784 1158 &
803 1135 903 1157 metus
924 1124 961 1154 de
983 1123 1068 1154 fratre
1087 1123 1120 1151 in

158 1178 316 1212 scribendo
332 1177 475 1217 impedit.
495 1184 526 1205 tu
539 1174 592 1204 ista
601 1173 706 1203 omnia
716 1170 786 1201 vide
797 1169 829 1198 &
838 1168 980 1209 guberna.
1004 1167 1120 1195 Teren-

157 1232 197 1253 tia
207 1221 262 1251 tibi
276 1222 426 1250 maximas
435 1219 538 1260 gratias
549 1217 618 1257 agit.
643 1215 824 1244 Litterarum
838 1209 1016 1248 exemplum
1026 1227 1035 1240 ‚
1050 1215 1121 1246 quas

162 1264 198 1294 :id
211 1262 392 1301 Pompeium
410 1257 507 1300 scripsi
519 1279 528 1293 ,
548 1256 614 1288 misi
628 1256 694 1287 ribi.
716 1257 785 1284 Dat.
809 1261 896 1282 iiix.
914 1252 1017 1279 4KAt.
1046 1249 1122 1290 Jun.

158 1303 389 1337 Thessalonicae.
444 1340 447 1344 .
1038 1299 1042 1304 ’

132 1374 138 1384 ,
395 1345 587 1375 CICERO
621 1340 838 1371 ATTICO,
862 1338 890 1366 S.

257 1392 388 1418 Umerus
409 1386 498 1417 frater
511 1385 581 1415 esim
593 1394 630 1413 ex
640 1381 704 1413 Asia
714 1377 883 1411 disccffiffet
891 1384 958 1407 ante
967 1375 1034 1405 Kal.
1048 1376 1120 1413 Maj.

255 1431 288 1460 ἃ
304 1431 434 1460 Athenas
446 1426 573 1458 veniss'et
587 1425 663 1456 idib.
689 1423 774 1454 valde
784 1420 841 1451 fuir
852 1422 879 1450 ei
888 1417 1122 1459 properandum,

160 1484 198 1503 m·
209 1473 282 1513 quid
292 1472 395 1502 absens
404 1472 547 1510 acciperet
555 1467 741 1499 calamitatis,
759 1462 778 1492 si
788 1464 855 1504 quis
865 1461 943 1491 forte
954 1456 1062 1492 fuisset,
1072 1459 1124 1498 qui

163 1524 326 1545 (ontentus
348 1513 456 1543 nostris
477 1512 564 1541 malis
581 1519 645 1539 non
654 1507 736 1538 ess'et.
760 1508 858 1545 itaque
867 1512 938 1533 eum
951 1501 1122 1540 maluipro-

160 1554 260 1597 perar'e
274 1558 418 1588 Romam,
429 1563 518 1595 quam
530 1552 564 1582 ad
577 1561 625 1581 me
634 1551 748 1580 venire:
763 1547 795 1577 δε
808 1545 895 1575 simul
906 1544 1017 1582 (dicam
1027 1544 1124 1574 enim,

158 1598 244 1639 quod'
257 1607 362 1628 verum
377 1596 442 1630 est;
465 1605 502 1625 ex
517 1604 578 1635 quo
589 1589 832 1632 magnitudinem
845 1586 1031 1616 miseriarum
1044 1593 1125 1613 mea-

160 1650 229 1671 rum
252 1640 414 1679 perspicere
424 1635 527 1678 poffis)
537 1637 675 1665 animum
687 1632 827 1662 inducere
838 1638 899 1659 non
912 1630 1019 1668 potui,
1036 1634 1068 1656 ut
1077 1633 1126 1655 aut

159 1683 252 1713 illum
266 1701 274 1714 ‚
294 1678 531 1711 amantiffimum
551 1679 633 1710 mci,
655 1671 833 1705 molliffimo
854 1672 978 1702 animo,
1000 1677 1082 1698 taiito
1093 1669 1125 1696 in

162 1733 292 1754 moerore
310 1722 476 1761 aspicerem.;
496 1728 545 1750 aut
566 1728 647 1748 meas
669 1716 821 1747 miseriam
844 1711 926 1742 lustu
945 1709 1077 1741 adflieffias
1092 1709 1125 1738 &

159 1765 304 1807 perditam
316 1764 469 1793 fortunam
479 1782 487 1796 ,
503 1759 700 1791 illiofferrem
712 1770 721 1791 3
735 1756 827 1787 autab
838 1755 893 1784 illo
905 1753 993 1793 aspici
1003 1760 1123 1792 paterer.

159 1817 248 1848 atque
256 1808 348 1836 etiam
361 1805 436 1835 illud
446 1803 592 1834 timebam
606 1822 613 1834 ,
634 1800 715 1841 quod
725 1796 862 1840 profeEto
873 1792 1023 1825 accidissfet
1033 1813 1041 1826 ,
1057 1803 1095 1822 ne
1109 1792 1124 1821 ii

162 1859 212 1880 me
231 1848 345 1889 digredi
367 1857 429 1877 nou
441 1844 546 1887 posset.
569 1843 737 1873 versabatur
751 1841 827 1869 mibi
840 1847 957 1877 tempus
970 1835 1045 1865 illud
1058 1843 1125 1865 aute

162 1891 266 1921 oculos
279 1910 287 1923 ,
304 1890 376 1919 cum
388 1889 440 1918 ille
451 1885 630 1917 aiitli6t01·es
639 1884 823 1915 dimitteret,
834 1882 920 1910 autvi
932 1877 1128 1907 ravellerezui·

163 1943 201 1963 ex
220 1932 384 1972 complexu
399 1940 481 1960 meo.
506 1930 596 1967 hujus
608 1926 774 1957 acerbitatis
789 1930 934 1953 eventum
948 1920 1036 1949 altera
1051 1927 1128 1948 acer-

164 1976 254 2005 bitate
274 1984 339 2004 non
357 1972 482 2003 videndi
503 1970 600 2001 fratris
617 1969 720 1999 vitavi.
743 1968 776 1997 in
795 1966 876 1995 hunc
886 1973 935 1993 me
950 1961 1051 1992 casum
1063 1969 1128 1993 vos,

164 2016 288 2047 vivendi
308 2014 452 2048 aridiores,
474 2011 648 2053 impulistis.
672 2013 772 2051 itaque
790 2008 851 2037 mei
868 2007 982 2046 peccati
999 2004 1051 2034 luo
1065 2012 1129 2043 poe-

161 2069 224 2090 nas.
235 2067 407 2100 quanquam
419 2066 468 2086 me
479 2065 537 2085 tuae
548 2056 654 2084 litterae
663 2051 837 2083 sustentant:
849 2058 888 2078 ex
899 2047 1019 2088 quibus,
1034 2055 1129 2086 quan-

165 2111 231 2145 tum
250 2110 281 2130 tu
302 2100 363 2140 ipse
383 2100 496 2139 speres,
517 2096 605 2127 facile
624 2095 783 2136 perspicio.
807 2101 875 2132 quae
893 2088 1018 2131 quidem
1030 2097 1131 2118 tamen

163 2141 278 2183 aliquid
298 2141 445 2171 habebant
464 2140 660 2171 solatiiante,
683 2136 776 2177 quarn·
786 2131 940 2164 eovenisti
953 2151 961 2165 ,
983 2129 998 2150 ⁶
1014 2139 1036 2160 A
1048 2139 1131 2159 pom-

167 2194 247 2215 rmo
261 2193 355 2213 NUNC
368 2190 594 2213 HORTENsIUM
613 2187 760 2211 mance,
786 2186 826 2206 1-:1‘
839 2183 1005 2214 Ejusmoni
1020 2180 1130 2202 Vinos.

168 2227 292 2257 obsecro
304 2245 312 2259 ,
329 2227 371 2254 mi
384 2225 552 2264 Pomponi,
568 2219 859 2259 nondumperspicis
871 2237 879 2250 ,
890 2224 1021 2257 quorum
1033 2223 1131 2253 opera,

166 2277 298 2309 quorum
315 2264 428 2296 insidiis
439 2285 448 2299 ,
470 2274 600 2306 quorum
615 2263 719 2293 scelere
728 2261 929 2301 perierimus?
943 2263 957 2286 7
968 2256 1016 2287 scd
1029 2265 1131 2286 tecum

166 2312 230 2341 haec
243 2318 343 2339 coram
355 2316 491 2352 agemus.
511 2304 630 2337 tantum
642 2304 711 2334 dico
723 2323 734 2337 ‚
755 2301 838 2342 quod
851 2301 924 2331 scire
934 2307 961 2329 te
971 2306 1044 2339 puto
1055 2317 1066 2331 2
1085 2307 1133 2331 nos

168 2363 222 2382 non
235 2350 367 2383 inimici,
386 2349 435 2389 fid
445 2348 540 2378 invidi
552 2346 738 2389 perdiderunt.
761 2353 861 2375 nunc,
881 2340 1044 2373 sritasunt,
1065 2348 1131 2379 quae

168 2395 282 2434 speras»,
296 2391 510 2422 sustinebimus
522 2399 578 2420 nos
588 2408 596 2423 ,
609 2389 641 2418 δε
653 2388 701 2427 spe
710 2406 719 2419 ,
730 2384 882 2426 quajubes
891 2403 900 2416 ‚
911 2384 1055 2412 nitemur.
1077 2379 1131 2412 sin,

169 2445 204 2467 ut
219 2435 298 2465 niihi
312 2433 452 2464 videntur
462 2453 471 2466 ‚
490 2427 504 2450 8
515 2430 601 2462 firma
614 2430 701 2462 sunt,
715 2426 797 2468 quod
812 2430 827 2453 9
838 2427 957 2465 optimo
970 2432 1076 2464 genere
1089 2420 1133 2451 fa-

169 2487 235 2508 cere
244 2486 308 2507 non
317 2476 404 2505 licuit
414 2495 423 2508 ,
441 2473 549 2504 minus
558 2472 672 2503 idoneo
684 2469 746 2500 fiet.
769 2468 913 2500 Terentia
924 2465 979 2495 tibi
989 2465 1064 2504 saepe
1074 2464 1133 2503 agit

170 2520 285 2561 gratias.
310 2518 430 2546 ¹0Mihi
449 2518 540 2547 etiam
553 2523 650 2545 unuin
667 2512 704 2542 de
715 2511 804 2541 malis
815 2511 845 2539 in
858 2516 942 2538 metu
955 2506 996 2536 est
1008 2526 1016 2539 ,
1036 2504 1133 2535 fratris

171 2561 274 2591 miseri
294 2561 473 2602 negotium3
491 2556 572 2600 quod
585 2576 593 2590 ,
615 2554 754 2587 sisciam,
770 2549 942 2591 cujusmodi
960 2548 1010 2582 (ιω
1032 2548 1132 2580 sciam,

170 2603 246 2645 quid
259 2603 410 2644 agendum
420 2601 497 2635 milii
509 2598 555 2631 sit.
577 2600 629 2631 Me
639 2597 731 2627 etiam
740 2603 823 2627 nunc
831 2593 957 2625 illorum
967 2587 1136 2621 beneficio-

1140 251 1216 289 nicae
1235 248 1325 271 tenet.
1349 239 1370 269 s1
1411 240 1462 271 uid
1480 243 1536 272 erit
1554 244 1628 272 novi
1645 242 1768 273 allatum
1784 262 1793 275 ‚
1814 242 1904 272 sciam
1927 241 1964 271 dc
1982 242 2100 283 reliquo

1141 282 1214 328 quid
1224 281 1375 324 agendum
1396 292 1429 312 it.
1453 281 1552 316 Tufi,
1569 283 1728 318 inscribis,
1745 285 1910 325 KauJun.
1922 285 2102 323 Romapro-

1143 324 1238 372 reclus
1248 334 1277 354 es
1289 343 1296 357 ,
1312 323 1487 363 propediem
1502 334 1557 354 nos
1571 324 1698 356 videbis.
1721 327 1848 357 Litteras
1859 345 1868 359 ‚
1880 334 1953 366 quas
1961 325 1996 355 ad
2007 328 2102 357 Pom-

1144 376 1248 408 peJum
1260 363 1376 406 scripsi,
1388 366 1443 395 tibi
1457 364 1534 395 mifi.
1549 368 1615 396 Dat.
1624 367 1667 396 Id.
1676 368 1748 408 Jun.
1757 365 1984 399 Thessalonicae.

1377 409 1564 438 CICERO
1597 410 1817 443 ATT1CO‚
1840 412 1870 439 S.

1181 450 1208 526 ᾳ-
1239 452 1309 497 CssA
1319 459 1393 497 -quae
1402 448 1495 480 ess'ent
1506 449 1597 490 usque
1607 449 1641 479 ad
1655 460 1735 480 vui.
1747 453 1832 481 KAL.
1841 452 1911 492 Jun.
1922 451 2053 493 cognovi
2065 461 2103 481 ex

1241 502 1299 522 tuis
1311 492 1426 521 litteris.
1449 491 1561 532 reliqua
1571 490 1778 531 exspeetabam
1790 512 1799 526 ,
1817 496 1842 511 ¹¹
1857 502 1888 523 ut
1898 493 1952 523 tibi
1963 493 2104 527 placebat,

1152 533 1387 566 Thessalonicae:
1408 533 1519 574 quibus
1537 533 1651 566 allatis,
1669 532 1790 562 facilius
1803 533 1926 564 statuere
1939 524 2042 574 potero
2053 536 2107 565 ubi

1154 574 1217 623 fini.
1240 585 1312 606 narn
1325 594 1333 609 ,
1349 573 1369 604 fi
1380 585 1435 605 erit
1442 575 1525 605 causa
1536 594 1545 608 ,
1557 573 1578 604 si
1587 574 1660 615 quid
1669 584 1769 616 agetur
1779 594 1787 607 ‚
1799 574 1819 605 fi
1830 576 1912 615 spem
1922 576 2026 606 videro
2037 598 2046 611 ,
2057 586 2108 607 aut

1152 617 1268 665 ibidem
1287 619 1422 658 operiar,
1443 626 1493 647 aut
1511 626 1560 646 me
1580 617 1614 647 ad
1626 626 1653 646 te
1663 616 1835 647 conferam:
1857 616 1900 646 fin
1911 627 1942 647 ut
1952 627 1983 647 tu
1994 619 2107 652 scribis,

1155 659 1402 707 istayevanuerint
1412 678 1421 692 ‚
1443 657 1556 698 aliquid
1569 658 1650 688 aliud
1665 659 1848 689 videbimus.
1871 662 2002 689 omnino
2014 660 2111 690 adhuc

1154 703 1232 732 nihil
1252 703 1331 731 mihi
1350 699 1541 742 significatis,
1561 699 1617 730 nisi
1636 701 1951 731 discordiamistorum
1963 721 1971 734 ‚
1990 710 2111 740 quaeta-

1156 753 1228 791 rnen
1244 746 1321 774 inter
1334 753 1386 773 eos
1400 742 1436 772 de
1446 742 1595 772 omnibus
1604 742 1707 782 potius
1717 743 1804 772 rebus
1816 742 1857 773 est
1867 764 1875 777 ‚
1899 742 1988 783 quam
1999 744 2034 773 de
2049 753 2110 773 me.

1156 793 1255 827 itaque
1264 806 1273 819 ,
1287 785 1359 826 quid
1370 794 1402 815 ea
1412 783 1586 824 mihiprofit
1598 804 1607 818 ,
1623 785 1734 814 nescio.
1758 785 1807 814 sed
1817 794 1920 815 tamen
1930 805 1938 818 ,
1953 784 2050 825 quoad
2061 795 2111 815 me

1157 838 1211 858 vos
1226 828 1335 868 sperare
1347 827 1448 860 vultis,
1460 827 1549 856 vobis
1558 826 1782 867 obtemperabo.
1807 829 1888 857 Nam
1899 826 1980 866 quod
1992 835 2114 857 metam

1157 870 1231 910 saepe
1243 890 1251 903 ,
1271 870 1304 900 δε
1318 869 1585 899 tamvehementer
1595 867 1723 909 objurgas
1732 889 1740 902 ,
1761 869 1794 898 &
1803 870 1908 899 animo
1919 866 2044 899 infirmo
2056 867 2114 899 effe

1157 912 1249 943 dicis:
1263 911 1376 952 quaeso,
1398 910 1513 951 ecquod
1523 919 1640 940 tantum
1653 912 1769 940 malum
1780 909 1822 940 est
1833 931 1841 944 ‚
1854 921 1908 951 quc
1917 909 1934 939 :l
1944 912 1976 940 in
1987 920 2054 940 mea
2067 920 2116 941 ca-

1159 955 1291 984 lamitate
1302 963 1365 982 non
1379 951 1431 982 sit?
1446 955 1473 971 ¹²
1482 953 1585 992 ecquis
1597 962 1742 993 umquam
1753 962 1791 982 ex
1802 962 1860 982 tam
1873 953 1976 992 amplo
1987 951 2071 986 statu,
2083 954 2117 982 in

1159 1004 1219 1042 tam
1235 996 1315 1026 bona
1324 994 1409 1026 causa
1421 1014 1429 1027 ,
1439 996 1527 1024 tantis
1535 993 1725 1024 facultatibus
1735 1014 1743 1028 ,
1755 996 1871 1035 ingenii
1883 1015 1890 1027 ,
1902 993 2018 1024 consilii
2032 1014 2040 1028 ‚
2051 1004 2117 1034 gra—

1161 1046 1229 1084 tiae,
1250 1039 1337 1067 tantis
1351 1034 1491 1076 praesidiis
1506 1035 1657 1065 bonorum
1672 1039 1814 1066 omnium
1829 1036 1983 1066 concidit?
1996 1035 2117 1076 possum

1159 1079 1299 1109 oblivisci
1310 1098 1318 1111 2
1340 1079 1391 1118 qui
1405 1076 1538 1107 fuerim?
1555 1087 1619 1106 non
1630 1078 1736 1107 sentire
1746 1099 1754 1110 ,
1772 1079 1824 1118 qui
1838 1077 1913 1107 sim?
1930 1088 1991 1118 quo
1999 1087 2117 1108 caream

1162 1121 1300 1150 honore?
1318 1129 1375 1160 qua
1383 1120 1498 1160 gloria?
1515 1118 1626 1158 quibus
1637 1119 1760 1149 liberis?
1774 1120 1883 1160 quibus
1894 1120 2022 1150 fortunis
2035 1123 2045 1149 7
2056 1129 2117 1160 quo

1162 1162 1249 1210 fratre
1265 1164 1276 1191 ?
1295 1170 1386 1205 quern
1406 1170 1461 1201 ego
1478 1162 1523 1198 (ut
1541 1170 1659 1190 novum
1674 1162 1846 1190 calamitatis
1863 1171 1958 1200 genus
1969 1163 2119 1202 attendas)

1161 1214 1232 1234 cum
1245 1204 1338 1244 pluris
1347 1207 1475 1233 tacerem
1486 1221 1494 1235 ,
1506 1202 1657 1242 quamime
1666 1202 1757 1243 ipsimi
1768 1222 1776 1235 ,
1789 1202 1962 1242 semperque
1972 1202 2120 1237 fecissem,

1162 1248 1276 1280 vitav13
1296 1255 1335 1275 ne
1353 1244 1509 1278 viderem3
1531 1254 1568 1275 iic
1585 1245 1725 1276 aut,illius
1737 1243 1852 1274 luditum
1865 1263 1873 1277 ,
1893 1245 2121 1285 squaloremque

1162 1289 1323 1328 aspicerem
1335 1307 1344 1320 ‚
1367 1295 1417 1316 aut
1429 1296 1477 1316 me
1489 1306 1497 1320 ‚
1518 1295 1610 1326 quem
1631 1287 1682 1315 ille
1696 1285 1940 1317 florentiffimum
1951 1287 2118 1326 reliquerat,

1162 1330 1313 1376 perditum
1325 1329 1389 1362 illi,
1404 1327 1612 1368 afflidstumque
1623 1327 1777 1358 offerrem.
1806 1329 1899 1358 Mitto
1907 1339 2001 1358 (εει-τᾶ
2010 1329 2123 1358 intole-

1164 1372 1277 1402 rabilia.
1301 1372 1414 1401 etenim
1426 1369 1665 1409 fletuimpedior.
1690 1369 1749 1399 Hic
1759 1378 1859 1399 uirum
1868 1370 1989 1400 tandein
1999 1370 2124 1400 sumac-

1163 1413 1309 1445 cusandus
1320 1433 1328 1446 2
1340 1411 1422 1454 quod
1432 1412 1522 1441 doleo
1533 1421 1587 1445 3an
1597 1431 1604 1444 ‚
1616 1409 1698 1452 quod
1711 1410 1848 1441 commsl
1862 1432 1870 1444 ,
1884 1422 1915 1442 vt
1926 1413 1987 1442 hacc
1996 1421 2123 1442 autnon

2125 427 2169 456 10

1164 1458 1327 1486 retinerem
1338 1475 1347 1488 ‚
1362 1453 1455 1495 (quod
1467 1452 1554 1483 facile
1569 1452 1669 1483 fuisset
1680 1474 1688 1486 ,
1705 1453 1761 1483 nist
1774 1456 2076 1492 intiziparietcsnieos
2086 1453 2124 1484 de
2152 1462 2157 1465 ·

1167 1508 1232 1528 mea
1240 1498 1373 1538 pernicie
1381 1494 1503 1526 consilia
1512 1496 1670 1535 mirentur)
1679 1504 1728 1525 aut
1735 1499 1823 1525 certe¹
1831 1499 1840 1522 3
1848 1498 1934 1524 vivus
1945 1506 2026 1525 nunc
2036 1498 2128 1526 amit-

1167 1549 1260 1570 terem
1276 1541 1286 1568 ?
1309 1541 1382 1568 Hrec
1401 1548 1437 1567 eo
1460 1535 1555 1576 scripsi
1567 1546 1598 1567 ut
1608 1537 1710 1576 potius
1719 1536 1850 1565 relevares
1861 1547 1908 1566 me
1921 1557 1928 1570 ,
1949 1537 2030 1577 quod
2041 1536 2126 1572 facis,

1167 1582 1258 1623 quam
1276 1589 1324 1611 aut
1342 1578 1531 1621 castigatione
1543 1599 1552 1612 ,
1573 1588 1623 1608 aut
1642 1579 1850 1620 objurgatione
1865 1579 1989 1620 dignum
2001 1588 2127 1619 putares:

1168 1634 1264 1664 eoque
1271 1623 1305 1654 ad
1317 1631 1344 1652 te
1356 1624 1458 1651 minus
1469 1621 1562 1650 multa
1572 1621 1679 1655 scribo,
1688 1622 1771 1661 quod
1782 1621 1813 1650 ὃς
1826 1630 1956 1651 moerore
1966 1622 2128 1660 impudiorg

1171 1667 1203 1696 &t
1222 1665 1294 1706 quid
1315 1663 1486 1703 exspeStem
1505 1661 1612 1696 istinc,
1635 1673 1728 1704 magis
1739 1662 1854 1696 habeo,
1874 1663 1964 1704 quam
1983 1663 2056 1703 quid
2067 1663 2130 1703 ipse

1171 1708 1307 1738 scribam.
1319 1716 1385 1747 quae
1398 1704 1417 1734 fi
1431 1705 1622 1738 eruntallata,
1633 1704 1739 1735 faciam
1752 1714 1780 1734 te
1789 1703 1906 1734 consilii
1917 1703 2010 1734 nostii
2019 1707 2130 1734 certio-

1171 1759 1246 1779 rem.
1270 1751 1320 1779 Tu
1332 1768 1340 1781 ‚
1356 1756 1388 1777 ut
1397 1747 1493 1777 adhuc
1505 1746 1601 1776 fecisti
1613 1765 1622 1779 ‚
1635 1746 1725 1787 quam
1737 1747 1878 1785 plurimis
1888 1746 1924 1776 de
1933 1746 2020 1776 rebus
2029 1746 2065 1776 ad
2077 1756 2128 1776 me

1170 1792 1265 1821 veliin
1284 1789 1411 1822 scribas3
1430 1798 1460 1818 ut
1477 1789 1594 1827 prorsus
1614 1798 1652 1818 ne
1671 1789 1745 1829 quid
1764 1790 1916 1829 ignorem.
1946 1791 2127 1819 Daoxuu.

1171 1835 1256 1863 KAL.
1268 1833 1373 1873 Ogint.
1385 1829 1629 1861 Thcssalonicae..

1401 1874 1593 1903 CICERO
1626 1874 1823 1903 ATTICO
1838 1893 1846 1906 ,
1870 1875 1899 1904 S.

1287 1919 1312 1947 E
1325 1915 1358 1945 Sc.
1368 1924 1424 1945 tuae
1434 1915 1539 1946 litterae
1552 1935 1561 1949 ‚
1580 1914 1745 1955 &quidem
1758 1915 1831 1944 boni
1842 1915 1943 1945 nuntii
1958 1935 1966 1948 ‚
1978 1924 2042 1944 non
2053 1915 2133 1954 opti·

1289 1967 1348 1988 mis
1367 1966 1467 1987 tamen
1487 1955 1659 1988 auditoribus
1674 1977 1683 1990 2
1714 1958 1747 1987 ὃς
1767 1956 1951 1997 εκΐρεξὶαῑὶο
1968 1956 2133 1986 vestrarum

1173 2004 1337 2032 litterarum
1349 2020 1357 2033 ,
1378 2001 1411 2031 δε
1419 1999 1502 2041 quod
1513 1999 1568 2029 tibi
1578 2001 1616 2029 ita
1624 1999 1793 2039 placuerat,
1808 1999 1905 2029 adhuc
1913 1997 2136 2029 Thefl'alonicae

1172 2044 1323 2074 tenebant.
1347 2042 1367 2072 fi
1378 2051 1517 2082 accepero
1526 2043 1636 2072 litteras
1647 2061 1656 2075 ‚
1671 2051 1743 2082 quas
1753 2040 1892 2082 exspe&o
1904 2053 1912 2075 ·,
1922 2040 1942 2070 si
1951 2041 2014 2080 spes
2024 2043 2081 2070 erit
2089 2050 2134 2073 ea,

1174 2097 1240 2127 quae
1248 2085 1421 2116 rumoribus
1429 2083 1604 2115 afferebatur
1616 2095 1624 2117 3
1634 2083 1669 2114 ad
1681 2093 1710 2113 te
1719 2093 1768 2113 me
1776 2082 1930 2114 conferam
1941 2094 1950 2117 ;
1961 2081 1981 2112 sl
1991 2091 2056 2112 non
2065 2083 2134 2115 erit,

1175 2130 1279 2158 taciani
1291 2136 1320 2157 te
1330 2129 1488 2157 certiorem
1501 2147 1510 2160 ‚
1519 2125 1592 2168 quid
1602 2128 1724 2166 egerim.
1748 2128 1798 2156 Tu
1811 2135 1860 2155 me
1872 2145 1879 2159 ,
1891 2134 1924 2155 ut
1932 2124 2004 2155 facis
2015 2143 2023 2157 ‚
2034 2133 2135 2164 opera.

1174 2169 1303 2201 consilio
1315 2189 1323 2203 ,
1342 2171 1433 2210 gratia
1437 2169 1511 2209 juva
1523 2179 1529 2198 ι
1550 2168 1699 2198 consolari
1706 2167 1769 2206 jam
1781 2166 1881 2198 desine
1893 2165 2052 2206 :objurgare
2061 2163 2136 2195 vero

1176 2213 1259 2243 noli:
1275 2213 1356 2253 quod
1365 2210 1437 2241 cum
1448 2209 1531 2245 facis,
1548 2219 1578 2240 ut
1587 2220 1641 2251 ego
1651 2219 1739 2239 tuum
1749 2219 1896 2243 amorem,
1912 2212 1944 2234 ¹4
1955 2208 1986 2237 δε
1995 2207 2136 2238 dolorem

1175 2253 1327 2284 desidero!
1348 2263 1439 2294 quem
1461 2254 1502 2282 ita
1517 2251 1669 2289 adfe&um
1691 2262 1759 2282 mea
1776 2260 1911 2281 aerumna
1928 2247 1987 2279 effe
1997 2248 2135 2282 arbitror.

1178 2301 1186 2316 ¹
1195 2300 1207 2324 7
1215 2306 1248 2326 ut
1260 2304 1287 2326 te
1297 2296 1399 2335 ipsum.
1410 2295 1559 2328 consolari
1569 2304 1663 2324 nemo
1671 2291 1765 2332 poffit.
1788 2294 1941 2333 Qiintum
1951 2291 2073 2322 fratrem
2081 2300 2138 2331 op-

1177 2340 1297 2369 timum.
1310 2335 1620 2375 humanissimumque
1639 2334 1776 2365 sustenta·
1800 2333 1856 2364 Ad.
1867 2343 1916 2364 me
1929 2353 1943 2367 ,,
1958 2333 2082 2364 obsecro
2096 2341 2136 2367 te,

1177 2390 1210 2410 ut
1217 2381 1322 2410 omnia
1330 2387 1407 2409 certa
1415 2377 1584 2417 perscribas.
1597 2380 1667 2407 Dat.
1679 2387 1690 2405 1
1697 2387 1724 2406 11
1732 2377 1972 2418 1.KAL.Qint.

1423 2422 1447 2450 C
1460 2421 1616 2449 ICERO
1637 2420 1843 2451 ATTICO,
1865 2421 1894 2448 S.

1187 2460 1263 2538 T
1274 2460 1438 2514 Iquuideqm
1451 2461 1553 2491 sedulo
1565 2462 1778 2502 argumentaris
1793 2480 1801 2494 ‚
1821 2459 1894 2501 quid
1906 2457 1940 2490 fit
1949 2457 2139 2500 sperandum,

1277 2507 1311 2551 bc
1328 2504 1463 2533 maxime
1479 2513 1532 2543 per
1545 2506 1707 2534 Senatum:
1726 2502 1869 2543 idemque
1879 2502 2142 2543 caputrogationis

1182 2555 1315 2586 proponi
1334 2546 1435 2576 scribis
1450 2564 1459 2578 ‚
1479 2555 1568 2586 quare
1582 2547 1615 2574 in
1624 2548 1733 2575 Senatu
1747 2544 1808 2574 dici
1823 2544 1901 2574 nihil
1915 2545 2019 2576 liceat,
2041 2543 2143 2582 itaque

1182 2586 1291 2618 siletur.
1316 2585 1377 2618 Hic
1398 2596 1429 2619 tu
1447 2597 1497 2618 me
1515 2587 1646 2622 accusas,
1665 2586 1747 2628 qubd
1767 2596 1818 2617 me
1836 2584 1980 2617 affliEtem
1991 2596 2001 2620 5
2017 2581 2089 2615 cum
2104 2585 2146 2613 ita

2086 2623 2144 2655 fim

211 2729 235 2746 1.
253 2720 389 2753 *Tryphonem
407 2720 524 2746 Caecilium
534 2728 578 2745 non
588 2718 671 2753 vidi]
694 2716 823 2744 Germani
839 2735 847 2748 ,
868 2715 932 2743 teste
943 2714 1066 2743 Vistorio
1077 2714 1141 2742 scri-

173 2755 253 2787 bunt,
262 2757 398 2789 Tryphonem
407 2757 523 2782 Caecr'lium
535 2765 580 2780 nnn
590 2754 713 2788 visendum
723 2753 788 2781 vidi.

212 2800 240 2817 2.
261 2795 312 2817 Non
321 2798 415 2818 tantum
425 2800 460 2825 ego
471 2791 603 2824 impendere
611 2790 707 2825 videm]
730 2789 795 2816 Haec
805 2788 841 2816 est
852 2786 910 2815 mss'.
923 2786 1007 2815 1εᾶὶο
1019 2798 1025 2815 :
1038 2788 1054 2815 ii
1067 2787 1141 2814 viiiv.

178 2827 307 2860 impendere
315 2827 396 2855 abest.
1112 2809 1130 2823 z,

214 2870 242 2897 Ξ.
260 2864 397 2897 Putas-im]
418 2862 501 2898 Vulg.
510 2869 641 2896 putaram.

1221 2723 1250 2749 9.
1273 2717 1359 2755 oprimo
1366 2714 1474 2748 gemm]
1498 2714 1540 2740 Ita
1550 2712 1628 2739 habet
1638 2714 1762 2748 antiquus
1776 2711 1892 2738 Viam-ii
1902 2709 1986 2738 codex·
1996 2729 2006 2743 ‚
2015 2710 2054 2738 ita
2063 2709 2145 2738 etiam

1186 2752 1315 2778 Germani
1328 2750 1488 2777 adnotarunt
1499 2760 1505 2776 z
1530 2749 1604 2784 vulg.
1613 2752 1694 2781 optimo
1704 2756 1811 2785 tempora.

1225 2796 1267 2814 ιο.
1288 2788 1353 2813 Mihi
1362 2790 1433 2812 etiam
1447 2784 1546 2818 anunm]
1560 2786 1661 2821 junius
1672 2789 1686 2811 e
1697 2784 1755 2810 mss.
1766 2784 1850 2810 Palat.
1862 2782 1919 2810 mihi
1929 2782 1958 2813 ἐν
1966 2791 2051 2809 unum.

1224 2832 1234 2850 1
1244 2831 1266 2849 x.
1285 2825 1385 2856 Reliqua
1394 2822 1582 2856 exspeflabam.]
1605 2821 1686 2856 Vulg.
1700 2822 1815 2854 reliquas.

1224 2868 1233 2884 1
1240 2867 1267 2885 2.
1287 2859 1373 2892 Ecquis
1383 2858 1514 2892 unquam]
1535 2855 1595 2884 Mss'.
1605 2855 1659 2883 duo
1670 2855 1754 2882 Palat.
1765 2855 1840 2890 ecquis
1849 2863 1955 2889 unquam
1965 2861 2014 2881 tam
2024 2857 2121 2889 extimplo
2130 2854 2148 2882 ὲ

215 2905 243 2930 4-
263 2900 361 2926 Kalend.
372 2900 452 2933 Jun.]
473 2901 515 2926 Ita
524 2897 682 2927 bessarionis
693 2896 761 2926 liber
773 2916 782 2931 ,
804 2896 878 2934 vulg.
889 2897 945 2923 Kal.
955 2895 1042 2930 Majae
1053 2895 1143 2931 ,quod
1179 2897 1260 2929 stam,
1270 2897 1295 2920 in
1306 2902 1366 2926 mm,
1379 2895 1430 2925 &a

181 2933 316 2968 improbat
327 2936 475 2961 Manutius.

220 2978 246 3003 ς..
264 2971 451 3005 avelleretur]
474 2970 555 3006 Vulg.
565 2971 712 2996 evelleretur.

217 3005 246 3031 6.
266 3008 308 3033 (A
320 3007 528 3044 qupejoflunc]
547 3007 633 3041 Juiiio
655 3007 741 3041 placet
760 3004 911 3032 emendatio
930 3004 981 3031 viri
999 3002 1144 3031 doetiffimi

179 3050 262 3079 quain
273 3042 287 3066 1·
296 3040 381 3067 ulvius
393 3041 486 3072 refert,
497 3042 530 3066 ad
536 3044 667 3076 ‘Pompijum
676 3045 753 3073 mitte,
763 3043 906 3075 Horrenſsum
915 3043 997 3067 Allice.

217 3085 246 3119 7t
266 3077 312 3102 Sed
319 3084 393 3101 tecum
402 3077 446 3102 hec
464 3086 540 3103 coram
560 3079 680 3113 ageman]
702 3078 837 3106 Visiorius
848 3077 934 3105 edidit
944 3095 953 3111 ‚
965 3077 1011 3112 fid
1018 3082 1092 3102 tecum
1102 3077 1148 3102 haec

181 3122 263 3140 Omnla
276 3122 353 3138 toran!
363 3121 465 3145 agemus.
648 3137 651 3141 ,

220 3147 247 3176 8.
266 3151 349 3174 Firma
350 3149 436 3183 sunt.]
459 3148 525 3188 Hoec
535 3148 570 3175 cst
582 3146 700 3176 vcte'riim
712 3149 844 3180 librorum
856 3148 955 3179 lev-stin:
983 3148 1066 3186 vulg·
1075 3149 1148 3184 infit·-

183 3193 224 3213 ma
241 3191 300 3220 iant,
310 3183 382 3223 quod.
395 3193 483 3222 magis
493 3184 588 3222 probat
597 3185 754 3216 Lambinus.

1224 2940 1233 2956 ι
1242 2939 1254 2962 3
1262 2950 1267 2956 .
1287 2933 1365 2956 me-
1382 2938 1446 2955 nunc
1459 2928 1615 2961 amitterem]
1637 2925 1781 2953 Lambinus
1793 2935 1826 2953 ex
1838 2926 2008 2953 Toruaefiano
2018 2927 2095 2953 viam
2104 2936 2150 2953 non

1187 2963 1332 2997 amiitercm,
1352 2965 1395 2992 sed
1405 2964 1494 2992 Bosiiis
1506 2970 1597 2990 monet
1606 2973 1650 2989 non
1659 2972 1707 2999 pro
1717 2972 1780 2989 nunc
1789 2962 1865 2999 culpa
1875 2962 2044 2991 librariorum
2057 2962 2154 2990 vitiose

1186 3002 1312 3038 scriptum
1330 3000 1379 3027 effi:
1391 3011 1397 3027 z
1419 3000 1494 3034 vulg.
1508 3001 1585 3025 ‘vi-om·
1594 3002 1735 3026 eminerem.

1226 3045 1268 3078 34.
1279 3041 1313 3062 Et
1321 3037 1417 3062 adorem
1427 3036 1554 3069 defiderol]
1569 3035 1666 3064 Fulvio
1677 3034 1782 3063 videtui·
1796 3035 2016 3072 interrogationis
2027 3041 2091 3063 uota
2100 3033 2149 3062 ad-

1187 3072 1322 3100 scribendi
1334 3071 1413 3098 verbo
1427 3072 1523 3105 drfidero
1534 3075 1545 3098 ἓ

1227 3118 1271 3143 15.
1291 3112 1320 3133 Ut
1328 3115 1351 3134 te
1367 3108 1440 3141 ipficm
1452 3108 1562 3141 consslari
1577 3117 1640 3134 nemo
1654 3108 1744 3142 pfft]
1764 3108 1878 3135 Videtur
1888 3106 2154 3135 eidevauiviome-

1189 3145 1241 3172 lius
1253 3163 1262 3177 ‚
1282 3151 1311 3171 ut
1321 3144 1356 3171 cst
1369 3150 1491 3170 notatum
1501 3143 1535 3170 ad
1552 3153 1628 3174 oram
1637 3144 1700 3174 libri
1710 3145 1733 3174 ἐι
1740 3144 1799 3174 viro
1809 3142 1960 3175 doffiffimo
1969 3161 1980 3179 ,
1991 3149 2110 3178 κεραίαν
2118 3149 2152 3174 te,

1170 3182 1251 3218 ipficm
1264 3180 1375 3217 confilari
1386 3189 1451 3209 nemo
1460 3182 1536 3217 pfft.

2061 3221 2085 3243 x·
2097 3213 2159 3241 Olim

2154 1895 2192 1920 11

2163 2441 2204 2466 12
