2339 3379
572 143 1049 200 Pupienum
1120 143 1781 211 DacthQuARrA.

202 236 306 262 mam,
325 224 440 268 populo
449 227 591 257 Romano
602 233 720 258 unum,
738 233 824 266 atque
842 224 924 255 idem
944 225 1100 255 sentiente.
1123 226 1160 255 In

202 280 261 311 qua
273 271 422 300 concione
435 267 508 298 cum
523 277 591 300 me,
610 276 664 306 pro
682 266 800 296 summa
816 266 913 297 nostra
929 265 1159 306 conjumffione,
1182 288 1184 310 J

1182 314 1183 319 ¹
1205 308 1309 340 stulata
1319 309 1370 341 est.
1395 312 1491 343 Civile
1503 313 1617 344 bellurn
1627 315 1730 345 consul
1740 316 1819 346 Sulla
1828 315 1926 358 geffit:
1943 317 2112 358 legionibus
2123 325 2156 361 igi

204 312 239 342 ὅτ.
257 310 478 342 familiaritate,
497 308 621 339 liberare
639 308 807 347 suspicione
824 307 949 339 fascium
968 307 1081 341 vellet,
1102 317 1161 337 una

201 361 279 384 voce
291 351 398 383 cun&a
405 351 514 381 concio
524 349 701 383 declaravit,
722 351 801 380 nihil
812 349 870 380 esse
880 350 896 380 a
906 360 957 380 me
966 357 1112 389 umquam
1123 347 1159 378 de
1182 359 1184 389 ς

203 394 356 434 republica
365 413 374 426 ,
395 391 450 422 nifi
465 389 568 432 optime*
582 392 756 432 cogitatum.
780 391 847 422 Post
858 393 933 422 hanc
941 391 1071 421 habitam
1082 399 1160 420 con-

202 437 326 466 cionem
336 455 346 468 ,
357 434 471 464 duabus
480 453 488 466 ‚
499 433 631 463 tribusve
642 434 724 463 horis
732 453 741 467 ,
753 432 926 474 optatiffimi
935 433 1037 462 nuntii
1047 451 1055 465 ,
1068 431 1100 461 &
1109 431 1161 461 lit-

198 485 271 507 terae
279 484 444 506 venerunt:
465 483 498 505 ut
509 474 590 505 idem
600 474 663 505 dies
673 484 738 505 non
748 474 843 505 modo
854 484 904 505 me
915 471 1101 514 iniquissima
1111 474 1160 502 in-

199 517 423 548 vidialiberarit
433 536 442 550 ‚
460 516 509 547 sed
524 518 613 547 etiam
627 516 820 547 celeberrima
835 516 939 556 populi
950 516 1082 546 Romani
1096 524 1159 555 gra-

200 559 347 590 tulatione
356 560 479 589 auxerit.
504 560 580 589 Haec
593 558 777 598 interposui,
795 561 826 588 P.
836 561 868 588 C·
886 561 896 577 ¹
907 566 972 587 non
984 565 1044 587 tam
1059 565 1091 585 ut
1103 565 1158 595 pro

199 610 251 631 me
261 601 394 631 dicerem
405 600 496 639 (male
513 602 596 630 enirn
616 610 735 630 mecum
755 608 886 640 ageretur
896 618 904 633 ‚
922 597 1056 639 siparum
1069 597 1157 627 vobis

199 640 291 672 essem
311 640 372 672 sine
391 640 565 672 defensione
583 643 732 683 purgatus)
748 642 838 682 quam
854 650 887 671 ut
899 639 1044 680 quoidam
1061 640 1158 685 nimis

194 684 304 724 jejuno
316 686 422 714 animo
436 703 444 716 ,
466 684 499 713 &
509 683 631 725 angusto
641 693 798 714 monerem
811 702 820 715 ‚
839 682 872 711 id
881 681 961 728 quod
971 679 1158 727 semperipse

196 724 332 755 fecissem
345 745 353 759 ‚
376 727 420 755 uti
441 735 460 754 r:
469 735 489 755 x
499 735 517 754 c
527 735 546 754 ε
554 736 574 755 L
584 736 603 755 L
613 735 633 754 Ε
642 735 662 754 N
672 736 691 754 τ
701 735 712 754 1
723 734 745 754 u
757 734 784 753 Μ
801 725 916 753 civium
932 730 1072 752 virtutem
1083 730 1157 750 imi-

196 768 312 797 tatione
327 767 449 809 dignam
463 787 472 801 ‚
491 776 555 796 non
570 766 684 796 invidia
697 772 844 805 putarent.
868 766 902 792 M
912 771 964 792 AG
974 772 1027 792 Νσ
1037 773 1050 792 s
1068 761 1155 792 estin
1175 782 1178 809 Ἀ
1278 807 1280 810 .
1463 809 1467 812 Δ

1175 815 1177 822 ·
1199 814 1364 846 contigerat
1374 807 1576 847 superioribus
1589 809 1676 838 bellis
1684 811 1837 841 civilibus.
1861 816 2152 847 Nammjhjconsuji

195 809 348 848 republica
358 818 480 848 campus
490 828 498 842 ‚
510 818 541 838 ut
551 808 693 847 sapienter
702 806 800 836 dicere
810 803 923 835 Crass'us
933 804 1054 834 solebat.
1073 803 1154 833 rnul-

159 871 180 905 7

199 894 354 925 viverent,
365 893 416 932 qui
429 901 477 921 me
488 889 554 930 post
563 892 668 919 meum
679 888 868 918 consulatum
881 907 889 922 ,
903 887 975 917 cum
985 889 1022 916 iis
1034 887 1095 927 ipse
1104 896 1153 917 cc—

197 933 301 965 derem
317 954 324 968 ‚
343 935 509 973 principem
521 941 583 960 non
593 932 682 960 inviti
692 929 844 959 videbant.
867 930 925 959 hoc
935 928 1008 959 vero
1019 938 1153 968 tempore
1174 946 1175 959 ;

196 976 231 1005 in
243 984 320 1005 tanta
331 977 432 1014 inopia
440 971 643 1003 constantium
653 991 661 1005 ‚
674 972 706 1001 &
716 970 842 1002 fortium
852 971 1055 1001 consularium
1072 990 1080 1003 ‚
1091 980 1153 1011 quo
1173 995 1175 1022 ,i
1195 980 1214 1011 p

196 1026 248 1046 me
258 1016 363 1046 dolore
373 1013 449 1045 affici
459 1014 580 1044 creditis
589 1033 596 1047 ,
614 1013 685 1043 cuin
696 1012 773 1043 alios
783 1013 862 1044 male
871 1013 982 1043 sentire
994 1031 1003 1046 ‚
1018 1013 1092 1042 alios
1104 1014 1152 1041 ni-

192 1057 240 1088 hil
249 1060 380 1087 omnino
391 1065 487 1086 curare
496 1055 629 1089 videam,
638 1056 712 1085 alios
721 1064 827 1095 parurn
836 1053 1005 1085 constanter
1015 1056 1047 1084 in
1057 1054 1074 1084 s
1072 1053 1153 1099 usce-

191 1108 242 1140 pta
252 1098 334 1129 causa
342 1107 515 1138 permanere
526 1117 534 1131 ‚
554 1098 787 1137 sententiamque
797 1096 879 1127 suam
889 1106 955 1126 non
967 1095 1081 1135 semper
1090 1103 1152 1124 uti-

191 1140 281 1170 litate
290 1139 444 1181 republica,
456 1139 503 1169 sed
514 1137 585 1170 curn
597 1139 646 1179 spe
655 1158 665 1172 ‚
677 1148 742 1169 tum
753 1140 863 1168 timore
874 1137 1024 1168 moderari
1037 1136 1149 1183 ?Qod

189 1179 214 1212 fi
223 1183 294 1222 quis
308 1183 346 1212 de
361 1182 557 1212 contentione
569 1182 753 1220 principatus
766 1180 878 1210 laborat
888 1200 896 1213 ‚
917 1189 982 1220 quae
995 1179 1078 1209 nulla
1091 1177 1148 1208 esse

190 1220 297 1254 debet:
317 1221 486 1254 stultissime
495 1222 568 1252 facit
576 1242 585 1255 ‚
604 1221 623 1251 fi
633 1223 715 1252 vitiis
724 1232 795 1252 cum
805 1223 915 1252 virtute
925 1220 1092 1251 contendit.
1117 1229 1150 1250 ut

188 1266 274 1296 enim
286 1265 371 1295 cursu
381 1264 480 1295 cursus
489 1283 498 1298 ‚
511 1263 591 1294 sicin
601 1265 673 1294 viris
681 1262 809 1294 fortibus
818 1283 826 1297 ‚
837 1265 932 1293 virtus
943 1264 1052 1293 virtute
1061 1262 1146 1302 supe-

164 1315 278 1346 ,mrur-
302 1309 352 1337 Tu
363 1327 372 1339 ,
385 1304 405 1336 fi
415 1316 470 1347 ego
480 1306 516 1336 de
527 1305 677 1346 republica
685 1305 802 1345 optime
814 1305 939 1335 sentiam
951 1315 956 1333 :
976 1313 1008 1334 ut
1017 1314 1067 1333 me
1078 1306 1146 1334 viri-

188 1358 238 1379 cas
250 1368 259 1382 ‚
279 1348 341 1388 ipse
351 1346 473 1388 peffime
483 1348 612 1378 senties?
628 1356 677 1377 aut
687 1367 696 1380 ,
715 1345 737 1376 fi
746 1346 781 1377 ad
793 1356 843 1376 me
853 1346 1005 1376 bonorum
1019 1355 1146 1376 concur-

187 1390 257 1421 sum
269 1388 335 1420 fieri
345 1388 460 1419 videbis
471 1408 480 1422 ‚
498 1388 534 1418 ad
544 1397 573 1418 te
582 1388 740 1428 improbos
749 1388 892 1418 invitabis
904 1390 915 1417 ?
933 1387 1050 1418 nollem
1062 1407 1071 1421 ‚
1084 1389 1146 1427 pri-

185 1429 278 1461 mum
290 1430 459 1471 reipublicae
474 1430 573 1460 causa:
594 1429 705 1460 deinde
719 1431 808 1460 etiarn
821 1429 975 1471 dignitatis
983 1438 1053 1459 tuae.
1075 1429 1143 1463 Sed,

183 1471 207 1502 fi
224 1473 405 1513 principatus
422 1480 553 1518 ageretur
565 1491 574 1505 ,
595 1480 687 1512 quem
708 1481 878 1512 numquam
896 1472 1052 1511 expetivi,
1071 1470 1145 1511 quid

182 1515 305 1545 tandem
317 1514 395 1543 mihi
404 1511 475 1543 esset
483 1515 633 1553 optatius?
647 1523 703 1555 ego
713 1515 797 1543 enim
810 1513 898 1543 malis
909 1513 1064 1543 sententiis
1073 1514 1144 1542 vin-

181 1557 212 1586 ci
226 1565 291 1585 non
306 1554 443 1595 possum,
466 1554 555 1585 bonis
567 1553 688 1585 forsitan
703 1553 822 1595 poffum
834 1575 843 1588 ‚
865 1554 1045 1585 &libentcr.
1070 1557 1144 1584 Haec

180 1598 330 1638 populum
342 1599 520 1628 Romanum
530 1596 641 1631 videre,
652 1596 890 1627 animadvertere
901 1616 910 1630 ‚
919 1596 1062 1636 judicare,
1074 1598 1142 1637 qui-

175 1638 254 1669 dam
265 1638 394 1669 moleste
403 1637 514 1669 ferunt.
532 1647 683 1679 poteratne
694 1637 757 1669 fieri
769 1658 778 1673 ‚
789 1646 895 1669 utnon
904 1638 1028 1678 perinde
1039 1639 1143 1668 homi-

179 1690 237 1711 nes
245 1690 365 1722 quoque
375 1700 384 1715 ,
395 1680 562 1722 utquisque
573 1689 737 1711 mereretur
746 1680 951 1720 ,judicarent?
967 1688 999 1710 ut
1009 1683 1092 1710 enim
1104 1680 1141 1711 de

179 1723 325 1753 universo
334 1723 435 1753 senatu
445 1723 575 1763 populus
584 1725 743 1753 Romanus
754 1721 905 1752 veriffime
911 1721 1035 1762 judicat,
1047 1722 1140 1752 nullis

179 1763 354 1804 reipublicae
373 1764 560 1805 temporibus
577 1765 658 1795 hunc
674 1764 814 1794 ordinem
833 1762 1002 1794 firmiorem
1023 1783 1032 1798 ‚
1054 1774 1140 1804 atque

177 1803 339 1836 fortiorem
348 1804 454 1835 fuisse:
474 1804 512 1836 sic
529 1806 566 1836 de
584 1816 769 1847 unoquoque
782 1804 917 1836 nostrum
930 1824 939 1839 ‚
958 1805 991 1835 &
1001 1806 1139 1836 maxime

178 1847 235 1888 qui
245 1847 303 1877 hoc
313 1847 381 1877 loco
392 1847 549 1877 sententias
559 1847 691 1878 dicimus
700 1867 709 1881 ‚
724 1848 909 1878 sciscitantur
918 1856 1039 1879 omnes,
1050 1856 1139 1877 avent

177 1887 282 1919 audire
291 1908 300 1921 ,
311 1887 384 1929 quid
394 1889 518 1929 quisque
528 1889 661 1919 senserit.
684 1891 725 1919 ita
734 1888 770 1918 de
780 1897 976 1929 unoquoque,
987 1897 1018 1918 ut
1029 1898 1137 1929 quem-

177 1939 238 1972 que
255 1933 398 1960 meritum
418 1929 598 1960 arbitrantur
607 1949 616 1964 ,
637 1929 822 1960 existimant.
852 1931 1003 1960 Memoria
1020 1939 1135 1964 tenent,

175 1981 229 2001 me
247 1980 315 2001 ante
333 1971 415 2001 diem
429 1977 522 2001 xnr.
536 1971 844 2013 KalendasJanuarias
861 1972 1030 2012 principem
1049 1981 1137 2001 revo-

171 2012 277 2044 candae
291 2012 435 2043 libertatis
452 2011 557 2043 fuiffe:
576 2023 627 2043 me
641 2023 679 2043 ex
689 2012 832 2043 Kalendis
839 2014 988 2055 januariis
1003 2012 1039 2043 ad
1061 2013 1137 2044 hanc

170 2055 282 2085 horam
300 2053 466 2095 invigilasse
483 2056 558 2095 reip.
573 2064 673 2085 meam
691 2054 822 2085 domum
840 2074 849 2089 ,
873 2055 1011 2095 measque
1028 2057 1134 2088 aureis,

167 2096 259 2130 dies,
278 2095 396 2126 noeteis
407 2116 417 2129 ‚
437 2099 582 2127 omnium
602 2098 754 2138 praeceptis
769 2117 777 2130 ,
799 2097 982 2137 monitisque
995 2095 1134 2137 patmffi:

173 2139 254 2168 meis
264 2137 372 2168 litteris
381 2158 391 2172 ‚
410 2140 488 2169 meis
496 2140 613 2169 nuntiis
622 2158 632 2172 ,
647 2140 724 2169 meis
732 2138 994 2169 cohortationibus
1003 2140 1134 2172 omneis,

172 2180 226 2220 qui
237 2178 349 2220 ubique
359 2177 462 2214 essent,
473 2180 509 2211 ad
519 2182 617 2221 patriae
627 2179 795 2220 praesidium
806 2181 967 2211 excitatos:
982 2182 1059 2210 meis
1070 2181 1136 2211 sen-

170 2222 276 2251 tentiis
293 2221 310 2251 a
329 2222 474 2252 Kalendis
487 2223 553 2264 Jan.
571 2232 739 2263 numquam
757 2221 868 2263 legatos
887 2222 922 2253 ad
942 2223 1134 2253 Antonium:

169 2260 290 2302 semper
307 2263 398 2292 illum
418 2263 557 2298 hostem,
576 2264 692 2304 semper
710 2264 766 2294 hoc
787 2265 919 2294 bellum:
938 2273 970 2294 ut
987 2274 1063 2304 ego,
1081 2265 1133 2305 qui

165 2306 263 2334 omni
277 2312 414 2344 tempore
428 2315 504 2335 verae
518 2306 596 2346 pacis
609 2304 713 2335 andtor
725 2303 846 2335 suiss'em
858 2325 866 2339 ‚
887 2307 959 2336 huic
972 2305 1064 2336 essem
1075 2315 1134 2336 no-

169 2347 252 2376 mini
262 2345 406 2386 pestiferae
414 2349 494 2386 pacis
503 2349 656 2377 inimicus.
679 2346 766 2377 Idem
777 2347 956 2378 Ventidium
968 2367 977 2381 ,
998 2346 1070 2378 cum
1081 2348 1133 2378 alii

169 2386 332 2420 tribunum
342 2388 439 2428 plebis
447 2387 632 2423 voluiffent;
651 2398 714 2418 non
728 2398 785 2429 ego
797 2389 912 2429 semper
921 2388 1039 2420 hostem
1051 2392 1062 2419 ?
1080 2391 1131 2420 has

171 2429 208 2459 in
217 2428 377 2460 sententias
387 2439 469 2461 meas
482 2429 503 2460 fi
516 2431 654 2462 consules
668 2428 810 2473 designati
819 2429 1026 2462 disceffionem
1037 2430 1131 2462 facere

173 2468 341 2501 voluissent
351 2491 360 2505 ‚
381 2472 527 2503 omnibus
541 2471 607 2503 istis
619 2473 788 2504 latronibus
798 2472 971 2503 austorirare
979 2474 1039 2513 ipsa
1048 2474 1132 2504 sena-

132 2523 152 2559 8
174 2519 222 2542 tus
233 2512 297 2552 jam
313 2512 431 2552 pridem
447 2513 485 2544 de
502 2514 642 2545 manibus
656 2524 737 2546 arma
751 2514 931 2546 cecidissent.
953 2515 1007 2546 Sed
1020 2536 1028 2550 ‚
1048 2516 1130 2557 quod

171 2562 238 2585 tum
249 2563 312 2587 non
322 2554 408 2584 licuit
418 2575 428 2588 ,
449 2565 544 2596 patres
557 2557 715 2602 conscripti
728 2576 737 2589 ,
756 2556 786 2586 id
797 2558 855 2587 hoc
865 2566 1000 2597 tempore
1010 2567 1074 2588 non
1083 2558 1131 2588 so-

169 2594 241 2626 lum
251 2596 341 2630 licet,
360 2595 469 2628 verum
479 2600 570 2629 etiarn
580 2597 694 2628 necesse
704 2597 747 2628 est
757 2618 766 2632 ‚
785 2608 836 2628 eos
848 2619 857 2632 ,
877 2601 930 2639 qui
946 2609 976 2628 re
992 2599 1061 2630 sunt
1074 2600 1130 2630 ho-

167 2636 229 2668 stes
239 2656 248 2671 ‚
263 2637 363 2668 verbis
372 2641 487 2673 notari,
500 2640 655 2670 sententiis
665 2639 774 2670 nostris
784 2639 895 2670 hosteis
904 2639 1042 2678 judicari.
1065 2645 1130 2671 An-

159 2686 216 2710 -tea
227 2678 299 2709 cum
313 2678 432 2710 bostem
443 2700 453 2715 ‚
471 2690 520 2711 aut
530 2681 645 2712 bellum
656 2679 862 2711 nominassem
875 2691 881 2710 :
901 2681 994 2711 semel
1004 2701 1012 2714 ,
1034 2683 1066 2712 &
1077 2683 1129 2713 sae-

167 2721 240 2761 pius
259 2721 437 2752 sententiam
456 2731 556 2753 meam
574 2723 612 2753 de
628 2733 757 2753 numero
774 2723 988 2753 sententiarum
1003 2723 1128 2754 sustule-

165 2770 249 2793 {unt-
271 2763 353 2803 quod
370 2765 404 2794 in
421 2764 475 2794 hac
489 2764 572 2795 causa
587 2765 650 2805 jam
672 2762 735 2794 fieri
752 2773 818 2794 non
835 2763 942 2805 potest.
965 2775 1004 2795 ex
1021 2766 1128 2796 litteris

166 2805 252 2834 enim
263 2806 398 2836 C-Pansae
406 2825 415 2839 ‚
425 2807 561 2836 A-Hirtii
570 2806 730 2836 consulum
742 2826 750 2840 ‚
761 2806 915 2837 C Caesaris
926 2810 1126 2846 propraetoris,

168 2844 207 2875 de
219 2845 334 2877 honore
347 2847 406 2878 diis
418 2847 643 2878 immortalibus
657 2848 796 2878 habendo
810 2848 968 2879 sententias
979 2849 1125 2879 diximus.

159 2887 425 2927 supplicationem
441 2888 537 2921 modo
551 2892 605 2932 qui
618 2889 770 2925 decrevit,
787 2889 870 2921 idem
879 2891 1057 2931 imprudens
1067 2892 1124 2921 ho-

209 3002 233 3021 ι.
251 2997 304 3021 Non
319 3001 371 3021 ram
387 3002 416 3022 ut
431 3003 474 3029 pro
490 3006 524 3022 nie
541 2997 675 3032 dicerem]
697 2998 858 3034 Antiquitas
871 2998 985 3035 imprcffi
1005 3000 1031 3025 ὃς
1054 2999 1122 3025 ΡαΗ.

166 3039 273 3062 omues,
283 3031 393 3057 dixerim.
412 3030 483 3058 forte
493 3032 640 3066 abjicienda
649 3043 679 3061 ea
687 3034 784 3067 diffie,
795 3036 822 3061 8<
834 3034 918 3061 adbuc
927 3034 994 3061 illud
1005 3042 1042 3061 ut.
1062 3044 1122 3062 nam

166 3067 266 3094 dicerem
275 3066 311 3093 est
322 3067 337 3092 a
347 3066 501 3096 comestura
510 3069 637 3095 Ferrarii.

201 3110 231 3128 2.
242 3105 293 3128 Non
302 3101 363 3127 madh
371 3097 559 3137 vifloriburfid
566 3107 637 3130 triam
644 3107 738 3141 vivia]
750 3107 887 3133 Maur-,nen
895 3107 956 3133 modo
965 3106 1083 3141 rvi-visstd
1089 3114 1126 3132 et·
1171 3110 1268 3133 Hirtius

164 3139 216 3169 iam
223 3137 503 3174 vitrorrbmquomodo
512 3140 540 3165 ὅτ
551 3140 665 3168 1’ai.sec.
676 3142 748 3177 quod
760 3142 919 3169 termimum
930 3143 1038 3179 quidem
1048 3149 1124 3179 putat

165 3173 339 3203 Gulielmius.
349 3180 377 3202 at
386 3183 436 3210 ego
445 3184 501 3203 non
509 3174 598 3211 video,
608 3186 661 3212 qua
671 3184 734 3215 tunc
744 3179 847 3208 ratione
857 3179 957 3208 constet
967 3178 1107 3209 sementia.

199 852 238 880 tis
247 859 364 890 apertus
371 851 472 881 cursus
481 849 516 879 ad
525 849 654 879 laudem.
678 849 802 876 Utinam
813 845 937 887 quidem
948 845 995 875 illi
1004 847 1153 885 principes
1174 865 1176 887 j

1174 890 1176 919 l
1198 888 1245 917 sed
1257 889 1297 918 ob
1306 890 1569 922 conservationem
1579 894 1694 923 civium
1708 913 1716 927 ‚
1737 904 1821 924 novo
1834 895 1867 925 &
1885 898 2022 929 inaudito
2033 910 2153 940 gemm„

2067 153 2169 217 629

1184 237 1185 243 ¹
1201 224 1270 256 steis
1277 227 1431 266 judicavit.
1455 238 1622 270 numquam
1641 232 1725 262 enini
1742 233 1775 262 in
1791 230 1874 263 civili
1888 231 1973 264 bello
1985 232 2162 275 supplicatio

1203 267 1318 299 decreta
1332 269 1382 300 est.
1406 270 1554 301 decretam
1563 272 1653 305 dico?
1671 283 1710 303 ne
1720 272 1844 304 victoris
1854 270 1977 315 quidem
1989 275 2094 305 litteris
2103 284 2160 316 po·

1205 350 1308 380 urbem
1319 352 1458 383 adduffis
1471 374 1478 387 ,
1493 364 1568 394 quos
1579 357 1679 386 voluit
1690 376 1699 390 ,
1710 358 1841 397 expulit:
1860 367 1937 399 quos
1946 361 2063 398 potuit,
2075 368 2158 391 occi-

1182 397 1183 406 ¹
1203 389 1264 420 dit:
1285 393 1511 432 supplicationis
1530 398 1647 427 mentio
1666 399 1756 428 nulla.
1780 401 1875 429 Grave
1894 400 2008 430 bellum
2023 398 2159 431 oetaeis-

1180 441 1183 460 κ
1201 441 1277 461 num
1289 435 1457 466 insecutum
1467 436 1526 467 est:
1540 438 1713 478 supplicatio
1724 441 1827 470 Cinnae
1839 441 1922 472 nulla
1931 441 2067 472 victoria.
2083 445 2157 472 Cin-

1201 482 1249 502 na:
1261 473 1419 506 vhstoriam
1441 479 1600 518 imperator
1617 480 1697 510 ultus
1714 480 1755 511 est
1768 483 1865 512 Sulla:
1886 483 1968 514 nulla
1980 484 2155 524 supplicatio

1180 528 1181 533 =
1200 513 1315 545 decreta
1328 515 1344 546 ὲ
1357 517 1470 548 senatu.
1493 519 1540 549 Ad
1550 522 1676 561 teipsum
1690 542 1698 554 ‚
1718 525 1748 553 P.
1759 524 1884 558 Servili.
1905 534 1980 554 num
1992 524 2072 556 inifit
2082 526 2156 557 ullas

1200 556 1314 596 collega
1326 557 1434 588 litteras
1447 559 1483 589 de
1497 560 1549 590 illa
1563 563 1730 594 calamitosa
1742 573 1839 606 pugna
1849 566 1999 597 Pharsaliae
2011 573 2021 599 Ξ
2039 577 2114 597 num
2125 577 2155 598 te

1179 602 1181 610 ¹
1200 596 1237 627 de
1256 598 1471 638 supplicatione
1487 602 1584 632 voluit
1602 602 1729 635 referre?
1745 606 1882 645 profeEto
1892 608 1999 638 noluit.
2022 608 2154 640 Atmifit

1178 667 1180 681 1

1201 638 1301 679 postea
1311 639 1348 669 de
1357 641 1548 676 Alexandria,
1560 643 1596 673 de
1607 645 1760 676 Pharnace.
1784 649 1951 680 Pharsalica:
1961 649 2034 680 vero
2043 660 2152 690 pugnae

1201 690 1240 709 ne
1258 683 1449 721 triumphum
1467 684 1591 723 quidem
1605 687 1673 726 egit.
1706 697 1758 716 eos
1775 692 1859 719 enim
1876 693 1968 721 civeis
1986 702 2083 733 pugna
2102 693 2153 723 illa

1177 731 1179 741 ν
1200 720 1372 756 sustulerat,
1386 724 1496 764 quibus
1507 729 1520 744 ²
1531 735 1594 755 non
1605 726 1700 756 modo
1710 728 1874 761 meroribus
1886 752 1894 765 ,
1906 733 1953 763 sed
1964 735 2053 764 etiam
2065 735 2150 767 vivis.

1201 762 1234 793 ὃς
1252 764 1437 799 incolumis,
1459 766 1491 796 δε
1508 766 1618 797 florens
1636 770 1742 798 civitas
1759 769 1814 800 esie
1833 772 1935 811 poffi’t.
1959 775 2050 816 Qod
2069 775 2151 805 idem

1199 846 1373 886 supplicatio
1382 868 1391 882 ‚
1409 850 1502 878 nullis
1512 852 1602 880 armis
1612 851 1719 882 sumtis
1730 872 1739 885 ,
1760 862 1823 883 non
1833 854 1872 884 ob
1883 857 1994 887 cst-dem
2005 857 2151 891 lio-stium.

1195 928 1311 961 decreta
1326 930 1379 961 est.
1403 934 1611 974 Qanzobrem
1628 945 1677 965 aut
1693 936 1868 976 supplicatio
1882 938 1921 968 ol)
1935 942 2151 980 rempublicam

1217 972 1398 1003 ulcherritne
1419 974 1530 1014 gestam
1549 975 1767 1015 postulantibus
1789 978 1893 1009 vestris
1921 982 2149 1021 imperatoribus

1197 1013 1330 1054 neganda
1339 1014 1381 1044 est
1391 1035 1398 1048 ‚
1418 1016 1498 1056 quod
1508 1027 1611 1057 praetei·
1621 1019 1787 1049 Gabinium
1796 1023 1924 1062 contigit
1933 1025 2051 1053 nemini
2065 1048 2070 1052 .
2090 1034 2150 1058 ant.

1194 1055 1409 1095 supplicatione
1420 1059 1605 1090 decernenda
1617 1079 1624 1092 ,
1646 1059 1756 1090 besteis
1764 1071 1816 1091 eos
1825 1081 1834 1096 ‚
1849 1062 1885 1093 de
1895 1064 2005 1104 quibus
2016 1065 2149 1095 decerni-

1195 1098 1252 1131 tis,
1268 1098 1408 1136 judicetis
1419 1099 1533 1130 necesse
1546 1100 1598 1130 est.
1621 1102 1710 1143 Qod
1725 1113 1794 1144 ergo
1810 1104 1864 1134 ille
1881 1115 1930 1139 re.
1953 1106 1983 1136 id
1994 1117 2050 1148 ego
2058 1109 2146 1137 etiam
2160 1118 2183 1148 9

1192 1139 1284 1169 verbo
1296 1151 1304 1173 3
1324 1139 1396 1170 esim
1410 1144 1603 1181 imperatores
1617 1153 1668 1173 eos
1681 1148 1809 1184 appello.
1833 1146 1890 1177 hoc
1901 1147 1965 1187 ipso
1975 1151 2103 1179 nomine
2116 1150 2149 1180 &

1193 1189 1266 1214 eos,
1285 1182 1409 1222 quijzim
1419 1182 1533 1213 deriCti
1544 1184 1627 1218 sunt,
1648 1185 1761 1220 &e0s‚
1781 1190 1833 1227 qui
1845 1189 2018 1228 supersunt,
2037 1189 2149 1221 hosteis

1189 1222 1305 1261 judico,
1319 1223 1390 1253 cum
1402 1224 1530 1255 νὶᾶοϊεε
1539 1227 1656 1266 appello
1667 1229 1868 1267 imperatores.
1884 1231 2051 1272 Qomodo
2062 1234 2148 1262 enim

1191 1263 1292 1303 potius
1303 1266 1424 1296 Pansam
1436 1268 1583 1307 appellem
1594 1274 1605 1300 ?
1615 1267 1665 1299 etfi
1674 1270 1762 1299 habet
1774 1272 1900 1301 honoris
1908 1272 2082 1313 ainpliffimi
2091 1285 2148 1304 no-

1191 1315 1274 1335 men.
1298 1317 1359 1348 quo
1370 1310 1528 1340 Hirtium?
1545 1309 1589 1340 est
1604 1311 1656 1340 ille
1675 1311 1798 1351 quidem
1817 1314 1939 1344 consul:
1960 1315 2009 1345 sed
2020 1316 2147 1346 alterum

1189 1357 1306 1378 nomen
1316 1368 1324 1382 ‚
1345 1348 1469 1388 beneficii
1478 1350 1521 1381 est
1528 1353 1634 1392 populi
1645 1354 1778 1383 Romani
1790 1374 1799 1388 ,
1813 1355 1939 1385 alterurn
1951 1359 2069 1387 virtutis
2079 1378 2091 1392 ,
2103 1367 2147 1388 at-

1187 1398 1244 1429 que
1262 1389 1406 1421 vietor-iae.
1429 1393 1530 1435 Qid?
1549 1394 1711 1429 Caesarem,
1731 1394 1858 1426 deorum
1876 1396 2027 1428 beneficio
2045 1402 2147 1439 reipu-

1188 1430 1272 1462 blicae
1285 1442 1472 1472 procreatum
1482 1454 1490 1467 ‚
1507 1434 1684 1466 dubitemne
1693 1438 1838 1477 appellare
1849 1440 2058 1479 imperatorem
2070 1446 2080 1471 ,²
2094 1442 2148 1481 qui

1186 1474 1302 1512 primus
1313 1477 1443 1505 Antonii
1454 1478 1621 1508 immanem
1634 1498 1642 1511 ‚
1666 1478 1699 1509 &
1709 1478 1820 1509 foedam
1833 1481 2040 1511 crudelitatem
2051 1501 2059 1515 ‚
2079 1492 2146 1513 non

1188 1514 1288 1545 solum
1302 1516 1318 1545 a
1327 1518 1440 1558 jugulis
1453 1517 1580 1553 nostris,
1600 1519 1650 1550 sed
1661 1522 1751 1550 etiam
1762 1520 1777 1551 a
1787 1522 1934 1551 membris
1945 1542 1954 1556 ‚
1979 1523 2012 1552 &
2022 1523 2145 1554 visceri—

1187 1556 1242 1586 bus
1252 1561 1366 1588 avertit.
1389 1561 1490 1589 Unius
1498 1570 1597 1590 autem
1608 1561 1668 1591 diei
1679 1571 1753 1602 quot
1761 1582 1770 1596 ,
1782 1562 1815 1592 &
1824 1572 1940 1604 quantae
1951 1566 2088 1599 virtutes,
2101 1566 2145 1596 dii

1185 1599 1388 1633 immortales,
1398 1600 1531 1631 fuerunt!
1543 1604 1684 1642 Princeps
1695 1606 1778 1634 enim
1789 1606 1933 1635 omniurn
1943 1606 2032 1636 Pansa
2040 1607 2143 1646 proelii

1185 1639 1333 1675 faciendi,
1345 1642 1378 1672 ὃς
1386 1652 1457 1673 cum
1469 1645 1606 1674 Antonio
1614 1643 1800 1686 confligendi
1809 1645 1868 1677 fuit
1877 1666 1886 1680 ,
1897 1647 2006 1688 dignus
2015 1651 2146 1689 impera—-

1184 1690 1230 1712 tor
1240 1682 1360 1724 legione
1373 1686 1479 1714 Martia
1491 1705 1501 1718 ,
1515 1685 1603 1726 digna
1613 1685 1692 1727 legio
1703 1689 1894 1727 imperatore.
1915 1690 2001 1729 cujus
2011 1688 2031 1719 si
2040 1693 2146 1721 acerri-

1163 1743 1164 1750 .
1184 1733 1273 1754 mum
1285 1727 1435 1765 impetum
1448 1727 1588 1757 cohibere
1597 1728 1685 1758 Pansa
1698 1728 1857 1769 potuist‘et,
1878 1740 1941 1760 uno
1949 1732 2059 1771 proelio
2069 1742 2145 1762 con-

1182 1764 1261 1796 feeta
1274 1777 1320 1797 res
1338 1764 1418 1798 ess‘et.
1441 1768 1498 1799 Sed
1509 1779 1580 1799 cum
1590 1769 1730 1800 libertatis
1739 1771 1824 1802 avida
1831 1771 1912 1813 legio
1922 1772 2094 1804 effrenatius
2108 1776 2143 1805 in

1181 1818 1278 1838 acrem
1288 1808 1422 1839 hostium
1436 1809 1726 1853 irrupifi'et,ipseque
1735 1814 1767 1842 in
1776 1815 1884 1853 primis
1893 1815 1982 1844 Pansa
1989 1824 2144 1855 pugnaret,

1182 1848 1301 1880 duobus
1311 1850 1483 1890 periculosis
1496 1853 1671 1883 vulneribus
1683 1857 1810 1894 acceptis
1820 1874 1828 1887 ‚
1850 1855 1979 1885 sublatus
1989 1858 2006 1886 e
2017 1858 2139 1896 proelio,

1181 1891 1353 1930 reipublicae
1373 1893 1469 1921 vitam
1485 1896 1656 1925 reservavit.
1679 1897 1744 1935 Ego
1763 1894 1834 1925 vero
1855 1896 1936 1926 hunc
1956 1907 2020 1928 non
2039 1899 2139 1929 solum

1183 1933 1392 1971 imperatorem
1405 1954 1415 1968 ,
1435 1935 1483 1964 sed
1497 1937 1586 1965 etiam
1600 1935 1793 1966 clariffimum
1805 1939 2140 1979 imperatorem-judico:
2175 1977 2178 1980 Δ

1181 1972 1312 2013 quicum
1323 1985 1371 2004 aut
1380 1985 1478 2006 morte
1488 1996 1497 2010 ‚
1508 1985 1556 2006 aut
1567 1976 1692 2008 vi&oria
1701 1977 1730 2008 se
1741 1978 1957 2009 satisfaeturum
1968 1982 2138 2021 reipublicae

1180 2014 1400 2055 spopondiffet:
1420 2018 1545 2048 alterurn
1556 2017 1627 2048 fecit
1639 2038 1648 2052 ‚
1663 2019 1781 2049 alterius
1791 2020 1834 2050 dii
1846 2022 2033 2053 immortales
2044 2033 2137 2054 omen

1179 2066 1321 2088 avertant.
1344 2059 1425 2099 Qid
1435 2058 1534 2089 dicam
1545 2059 1581 2089 de
1592 2062 1713 2092 Hirtio?
1731 2063 1806 2102 qui,
1825 2072 1855 2092 re
1868 2063 1968 2094 audita
1978 2084 1988 2098 ‚
2008 2064 2024 2095 ὲ
2038 2064 2138 2096 castris
2157 2078 2199 2103 10

1180 2098 1251 2128 duas
1261 2099 1396 2140 legiones
1406 2100 1510 2131 eduxit
1521 2102 1689 2132 incredibili
1701 2102 1811 2137 studio,
1822 2113 1908 2145 atque
1920 2108 2040 2141 virtute,
2050 2117 2138 2148 quar-

1181 2149 1242 2170 tam
1252 2141 1336 2171 illam
1349 2161 1357 2175 ,
1371 2152 1437 2182 quae
1448 2162 1456 2176 ‚
1473 2142 1582 2173 reli&o
1592 2146 1730 2174 Antonio
1742 2165 1752 2178 ‚
1770 2145 1798 2175 se
1809 2146 1885 2177 olim
1894 2157 1964 2177 curn
1976 2150 2082 2180 Martia
2091 2149 2138 2180 le—

1179 2184 1270 2223 gione
1281 2187 1441 2223 conjunxit
1451 2203 1460 2218 ‚
1480 2184 1513 2214 &
1523 2185 1680 2225 septimam
1693 2205 1702 2219 ,
1721 2197 1787 2228 quae
1800 2187 1961 2220 constituta
1973 2200 2011 2220 ex
2026 2201 2139 2222 vetem-

1179 2233 1228 2254 nis
1237 2244 1245 2257 ‚
1257 2223 1359 2255 docuit
1368 2226 1423 2255 illo
1433 2227 1541 2265 proelio
1552 2246 1561 2260 ‚
1573 2228 1721 2257 militibus
1732 2231 1769 2258 iis
1777 2248 1786 2263 ‚
1797 2232 1850 2270 qui
1861 2233 1908 2261 Cae
1916 2231 1983 2261 saris
1992 2231 2136 2264 beneficia

1179 2264 1336 2297 servassent
1345 2286 1354 2300 ,
1365 2267 1480 2298 senatus
1491 2288 1499 2301 ‚
1511 2269 1674 2310 populique
1682 2272 1818 2301 Romani
1827 2282 1928 2303 carum
1939 2283 2055 2305 nomen
2066 2273 2136 2305 effe.

1178 2308 1225 2337 liis
1235 2310 1343 2349 viginti
1352 2309 1525 2340 cohortibus
1536 2330 1546 2343 ‚
1560 2311 1647 2340 nullo
1658 2314 1808 2352 equitatu,
1825 2315 1942 2345 Hirtius
1952 2316 2013 2356 ipse
2022 2336 2031 2350 ‚
2046 2317 2135 2357 aqui-

1178 2349 1238 2378 lam
1246 2359 1354 2390 quartae
1364 2351 1492 2392 legionis
1502 2351 1574 2381 cum
1584 2352 1707 2383 inferret
1718 2373 1727 2387 ,
1750 2357 1842 2395 3quia
1854 2356 1969 2387 nullius
1979 2358 2136 2397 pulchrio-

1178 2401 1243 2421 rem
1256 2392 1385 2432 speciem
1405 2395 1592 2433 imperatoris
1610 2397 1779 2435 accepimus
1789 2416 1799 2431 ,
1819 2407 1889 2427 curn
1901 2398 1993 2428 tribus
2003 2401 2134 2430 Antonii

1177 2433 1359 2475 legionibus,
1372 2437 1563 2476 equitatuque
1572 2436 1724 2472 conflixit,
1735 2438 1904 2480 hosteisque
1912 2439 2053 2474 nefarios,
2063 2442 2135 2472 huic

1175 2475 1246 2517 Jovi
1257 2478 1394 2507 maximo
1406 2497 1414 2510 ,
1431 2478 1594 2519 ceterisque
1613 2478 1740 2510 deorum
1757 2481 1978 2511 immortalium
1998 2483 2131 2523 templis,

1178 2517 1260 2548 urbis
1271 2517 1371 2553 tetstis,
1383 2519 1511 2550 libertati
1522 2521 1626 2560 populi
1638 2523 1772 2551 Romani
1784 2542 1793 2555 ‚
1803 2521 1909 2552 nostra:
1919 2525 2000 2557 vitae,
2014 2524 2133 2565 sangui-

1179 2561 1270 2600 nique
1281 2562 1490 2591 imminenteis
1501 2581 1510 2595 ,
1523 2561 1681 2601 prostravit
1690 2582 1698 2596 ,
1709 2562 1788 2592 fudit
1797 2583 1806 2596 ,
1817 2562 1928 2594 occidit
1936 2576 1949 2598 ·‚
1958 2574 1990 2595 ut
1999 2575 2070 2595 cum
2081 2566 2134 2596 ad-

1177 2601 1305 2632 modum
1316 2604 1416 2642 paucis
1428 2623 1436 2636 ,
1456 2602 1547 2632 noste
1558 2602 1653 2633 tectus
1663 2623 1672 2637 ‚
1692 2612 1773 2634 metu
1783 2608 1955 2644 perterritus
1965 2627 1974 2640 ,
1992 2609 2132 2647 princeps

1175 2643 1328 2674 latronum
1342 2664 1350 2676 ,
1369 2644 1490 2685 duxque
1508 2644 1627 2685 fugerit.
1650 2647 1677 2675 O
1694 2646 1789 2675 solem
1807 2646 1905 2686 ipsum
1916 2644 2130 2684 beatiffimum,

1174 2687 1226 2725 qui
1236 2685 1394 2726 antequam
1407 2685 1434 2715 se
1445 2685 1564 2716 abderet
1575 2706 1583 2719 ‚
1605 2685 1698 2717 stratis
1708 2686 1898 2719 cadaveiibus
1906 2689 2131 2729 parricidarum,

1173 2737 1242 2756 cum
1255 2726 1532 2768 paucisfugientem
1542 2728 1618 2757 vidit
1629 2730 1799 2759 Antonium
1812 2732 1817 2759 !
1832 2733 1881 2760 An
1890 2731 1962 2760 vero
1972 2732 2128 2773 quisquam

1172 2768 1320 2798 dubitabit
1338 2769 1482 2809 appellare
1492 2770 1635 2799 Caesarem
1651 2772 1861 2811 imperatorem
1872 2775 1883 2801 ?
1893 2781 1962 2803 aetas
1975 2775 2039 2814 ejus
2050 2776 2132 2805 certe

1173 2809 1208 2839 ab
1221 2811 1272 2840 hac
1286 2810 1430 2841 sententia
1439 2813 1595 2841 neminem
1607 2811 1783 2846 deterrebit,
1801 2813 2047 2856 quandoquidem
2065 2827 2130 2846 vir-

1172 2859 1234 2880 rute
1246 2851 1346 2893 fi4pcra
1352 2860 1395 2881 vet
1410 2860 1526 2882 atatem.
1551 2855 1594 2882 Ac
1605 2855 1681 2883 mihi
1691 2854 1806 2895 semper
1816 2865 1852 2886 eo
1862 2866 1977 2896 majora
1986 2857 2130 2889 beneficia

1169 2895 1201 2922 C.
1213 2894 1331 2925 Caesaris
1342 2895 1403 2925 visa
1413 2894 1480 2925 sunt
1491 2915 1499 2930 ,
1518 2894 1579 2936 quo
1590 2894 1696 2926 minus
1710 2905 1794 2927 erant
1810 2896 1845 2927 ab
1863 2906 1945 2928 aetate
1960 2899 2014 2929 illa
2024 2899 2130 2939 postu-

2028 2942 2127 2972 landa.

1625 2987 2121 2998 Ἢ

1206 3007 1233 3035 3.
1254 3002 1322 3031 ,Quia
1331 3003 1563 3034 nulliuspulcriorem
1573 3021 1581 3033 ,
1595 3003 1662 3038 dyc]
1683 3006 1726 3030 Sic
1737 3006 1824 3033 Maur.
1836 3007 1864 3033 St
1875 3007 1942 3033 1²:111.
1960 3011 2052 3035 'omnes
2062 3009 2128 3036 item

1171 3036 1245 3061 retro
1258 3036 1320 3062 cuii.
1340 3037 1476 3063 Feri-arius
1495 3037 1588 3064 ςιυξὶοι·
1599 3038 1650 3065 fuit
1665 3049 1711 3066 cui·
1729 3043 1888 3069 recentiores
1900 3042 1959 3069 edd}
1980 3044 2129 3085 receperint

1173 3071 1372 3104 con-lessancurn
1385 3073 1462 3108 ipsius
1474 3092 1481 3105 ‚
1501 3083 1559 3108 qua.
1579 3075 1664 3101 minus
1677 3076 1748 3103 reete
1758 3077 1819 3105 ideo
1830 3079 1923 3106 intulit
1934 3099 1942 3111 ,
1962 3076 2074 3114 Aq‘simm
2083 3081 2129 3113 ipse

1279 3126 1286 3138 ,
1305 3109 1448 3142 quodioe'plo'
1457 3112 1516 3142 Imp.
1529 3112 1582 3145 fiat
1596 3112 1770 3145 speciffiffimm.
1791 3110 2069 3142 Vetustiffirna‘vditio
2080 3117 2129 3142 stat

1171 3152 1218 3178 pro
1232 3143 1317 3170 nobis.
1337 3144 1474 3179 sequentes
1485 3145 1581 3172 habent
1593 3165 1601 3177 ‚
1610 3146 1683 3181 quam
1692 3150 1762 3176 ‚illim
1775 3153 2017 3188 [ulcrioremspeci'im
2025 3155 2130 3184 ‘'rufen-

1169 3180 1225 3208 tm‘s
1235 3182 1385 3215 accepimme
1403 3180 1465 3210 filiis
1475 3181 1601 3211 rotunde.

1551 3218 1706 3256 Kkkky
2011 3219 2129 3251 &Bi-‚ds
