2297 3389
500 134 774 190 Citari&
818 135 942 188 aii'o'
989 142 1042 189 A.
1078 134 1438 186 etnam-10
1475 128 1707 188 Ανιτό.

140 224 204 261 'estz
225 224 258 259 in
267 224 372 262 alteru
385 223 456 266 fides
465 224 661 267 imploranda.
683 235 776 256 nemo
785 224 828 256 est
837 227 920 256 enim
932 246 941 259 ‚
953 227 1004 267 qui
1015 227 1098 255 invi-

141 271 210 304 diae',
221 269 280 300 fine
291 268 402 302 vestro,
411 278 446 299 ac
456 266 515 298 fine
527 268 635 298 talium
644 269 780 297 virorum
792 266 920 297 subfidio
931 266 1019 307 poffit
1027 265 1096 296 refi-

102 313 124 338 2
143 311 226 342 stere.
270 309 418 351 Equidem
427 309 506 350 quod
516 309 551 339 ad
563 319 612 338 me
622 311 728 339 attinet
737 328 744 342 ,
756 308 818 349 quo
829 318 880 338 me
891 317 1003 338 vertam
1015 327 1024 341 ‚
1043 318 1096 337 ne-

141 353 214 384 scio.
235 360 342 392 negem
352 349 438 380 fuifle
449 351 534 381 illam
548 349 706 380 infamiam
714 350 975 390 judiciicorrupti?
987 359 1095 390 negem

139 394 226 424 illam
244 402 308 423 rem
325 394 462 431 agitatam
481 394 515 422 in
524 392 744 422 concionibus?
759 390 900 431 J'a&atam
912 393 943 420 in
956 390 1095 428 judiciis?

138 438 409 466 commemoratam
429 435 462 463 in
478 434 602 464 senatu?
621 433 748 464 evellam
759 443 798 463 ex
808 435 918 463 animis
932 433 1096 461 hominum

138 484 251 507 tantam
268 476 471 514 opinionem?
492 484 552 505 tam
561 476 680 514 penitus
693 472 810 505 insitam
822 475 832 501 ?
854 483 915 504 tam
926 471 1074 504 vetustam
1086 475 1097 501 ?

138 527 203 548 non
214 515 256 546 est
269 515 364 546 nostri
374 518 490 558 ingenii
502 527 507 545 :
529 516 616 546 vestri
625 517 732 547 auxilii
742 515 794 550 est,
814 515 937 552 iudice-S,
948 515 1035 554 hujus
1048 516 1094 543 in-

137 560 287 590 nocentiae
296 556 334 587 sic
342 560 374 587 in
385 559 439 588 hac
449 558 619 589 calamitosa
627 558 705 588 fama
715 578 724 592 ‚
750 556 829 599 quasi
843 559 874 587 in
888 557 984 597 aliqua
994 557 1095 596 perni—

137 598 292 631 ciosiffima
311 598 435 631 flamma
449 620 457 634 ,
477 610 564 641 atque
580 602 612 629 in
635 602 773 629 commum·
785 599 906 628 incendio
925 598 1094 628 subvenire.

139 643 264 674 Etenim
281 639 352 672 ficut
366 642 480 672 aliisin
499 643 573 672 locis
583 652 687 681 parum
704 640 886 671 firmamenti
897 660 906 674 ,
927 640 959 669 δε
972 644 980 658 ¹
992 648 1093 678 parum

137 683 250 713 virium
260 683 366 712 veritas
376 682 476 712 habet:
498 682 535 713 fic
544 686 576 714 in
587 684 723 713 hocloco
733 683 812 723 falfit
821 684 848 711 ιή
854 682 932 710 vidia
942 680 1094 711 imbecilla

139 724 198 756 effe
207 724 304 755 debet.
335 728 550 755 DOMINETUR
569 727 602 755 in
621 724 820 754 concionibus
833 744 841 757 ‚
856 724 949 763 jaceat
966 724 999 752 in
1009 722 1092 762 judi-

138 768 211 798 ciis:
231 766 367 796 valeatin
377 767 574 806 opinionibus
585 786 593 799 ‚
609 776 642 796 ac
659 765 846 796 sermonibus
865 766 1089 804 imperitorum,

134 808 173 840 ab
193 810 324 849 ingeniis
344 808 538 848 prudentium
555 807 740 847 repudietur:
763 807 969 836 vehementeis
988 805 1091 835 habeat

135 852 308 890 repentinos
325 852 454 889 impetus
465 869 473 882 ‚
495 850 592 888 spacio
610 847 782 888 interpofito
794 869 802 881 ‚
824 848 857 878 ὃς
872 848 956 878 causa
971 848 1090 888 cognita

135 891 332 924 consenescat.
355 891 482 931 denique
500 891 551 920 illa
568 889 706 920 definitio
721 890 905 929 judiciorum
921 899 1088 930 aequorum,

138 944 205 974 quae
215 932 304 962 nobis
314 933 329 962 a
339 933 502 967 maioribus
513 931 616 962 tradita
625 931 677 965 est,
689 934 849 962 retineatur
861 942 866 960 :
883 940 916 961 ut
928 933 960 960 in
968 930 1090 970 judiciis

97 973 103 979 “
139 973 244 1006 &fine
256 973 369 1004 invidia
376 973 631 1013 culpapledtatur,
650 974 684 1004 &
702 972 762 1003 fine
776 973 860 1013 culpa
870 972 985 1003 invidia
997 981 1091 1012 pona-

140 1025 198 1047 tur.
227 1015 431 1056 Qamobretn
443 1014 457 1045 a
469 1015 556 1045 vobis
566 1015 699 1054 ‚judices
709 1035 716 1048 ,
729 1024 886 1056 antequam
897 1015 933 1045 de
942 1015 999 1054 ipsa
1009 1013 1094 1043 causa

122 1058 234 1097 ⁸dicere
243 1058 368 1096 incipio,
379 1057 442 1086 haec
452 1056 584 1097 postulo:
601 1055 737 1097 primum
746 1057 789 1089 id,
801 1056 881 1097 quod
893 1055 1092 1097 aequiffimum

116 1108 128 1117 Χ
138 1098 184 1131 est
193 1119 201 1132 ,
221 1108 252 1128 ut
263 1098 373 1139 nequid
384 1099 441 1128 huc
449 1099 622 1140 praejudicati
634 1097 769 1128 afferatis.
792 1100 906 1128 etenim
920 1108 983 1128 non
996 1096 1091 1128 modo

140 1140 348 1172 auetoritatcm
359 1160 368 1173 ‚
393 1140 441 1170 sed
457 1142 546 1170 etiam
557 1150 672 1170 nomen
680 1140 817 1179 judicum
827 1142 1001 1170 amittemus
1012 1160 1020 1172 ,
1039 1136 1095 1168 nisi

141 1181 190 1213 hic
200 1192 238 1212 ex
249 1180 316 1222 ipfis
327 1180 416 1212 causis
428 1182 651 1218 judicabimus,
669 1192 701 1212 ac
719 1180 740 1211 fi
758 1181 792 1211 ad
807 1180 1094 1221 causasjudiciajam

139 1222 218 1255 faEta
228 1223 323 1253 domo
333 1222 513 1253 deferemus.
534 1223 644 1253 deinde
655 1224 767 1265 siquam
782 1225 963 1263 opinionem
971 1224 1034 1262 jam
1045 1233 1097 1252 ve-

141 1265 208 1296 stris
228 1265 379 1294 mentibus
399 1265 670 1305 comprehendistis
689 1286 698 1299 ‚
721 1264 742 1294 si
759 1275 822 1295 earn
842 1267 917 1294 ratio
934 1265 1096 1297 convellet‚

140 1311 157 1327 ²
169 1306 189 1337 si
198 1308 272 1337 ratio
283 1305 477 1341 labefafitabit,
491 1306 511 1336 fi
522 1306 651 1347 denique
661 1309 768 1337 veritas
778 1307 982 1347 extorquebit:
1003 1317 1041 1336 ne
1051 1316 1097 1335 re-

141 1350 281 1390 pugnetis
293 1368 301 1380 ,
315 1357 439 1388 eamque
448 1349 559 1378 animis
571 1348 674 1378 vestris
683 1357 732 1379 aut
742 1348 905 1378 libentibus
918 1368 925 1381 ‚
945 1357 995 1378 aut
1004 1349 1095 1388 aequis

140 1391 299 1422 remittatis
311 1400 316 1418 :
339 1398 403 1419 tum
423 1398 522 1419 autem
537 1409 545 1423 ‚
564 1388 635 1419 cum
647 1400 702 1431 ego
712 1400 885 1431 unaquaque
897 1389 932 1419 de
943 1400 973 1419 re
983 1390 1092 1423 dicam,

141 1433 177 1463 δε
185 1432 298 1462 diluam
309 1450 318 1464 ,
332 1441 370 1460 ne
380 1430 432 1470 ipfi
441 1441 506 1472 quae
517 1432 657 1460 contraria
668 1432 735 1462 sunt
745 1452 752 1465 ‚
765 1433 847 1462 taciti
856 1433 1029 1472 cogitationi
1041 1441 1094 1461 ve-

140 1473 205 1504 strae
215 1472 389 1511 subjiciatis:
402 1472 449 1502 sed
461 1472 496 1502 ad
505 1482 677 1503 extremum
687 1472 913 1513 exspectetiffi&
922 1482 972 1503 me
985 1483 1091 1503 meum

139 1513 261 1546 dicendi
271 1513 409 1543 ordinem
421 1515 531 1545 servare
540 1517 697 1554 patiamini
708 1526 714 1544 t
737 1514 807 1545 cum
818 1524 954 1554 peroraro
964 1535 973 1549 ‚
985 1523 1060 1548 tum,
1071 1513 1092 1543 fi

105 1564 121 1597 3
141 1555 214 1599 quid
223 1557 278 1585 erit
287 1558 469 1595 praeteritum
480 1576 488 1590 ‚
509 1555 525 1586 a
536 1567 585 1586 me
594 1559 758 1598 requiratis.
802 1559 866 1598 Ego
877 1567 940 1590 me,
964 1556 1090 1593 judices,

141 1598 178 1629 ad
188 1607 253 1628 eam
263 1597 379 1628 causam
388 1598 604 1639 accedere‚quae
612 1599 672 1638 jam
683 1608 734 1639 per
742 1609 837 1629 annos
848 1597 920 1628 06ὶο
929 1595 1092 1628 continuos

140 1650 181 1671 ex
188 1640 331 1670 contraria
340 1648 419 1679 parte
428 1639 563 1670 audiatur
572 1660 581 1673 ,
601 1650 687 1681 atque
698 1641 758 1680 ipsa
768 1641 913 1680 opinione
926 1641 1090 1669 hominum

139 1683 227 1715 tacita
238 1680 330 1720 prope
340 1681 478 1712 convicta
489 1702 497 1714 ,
516 1692 602 1722 atque
611 1682 747 1712 damnata
757 1680 790 1712 fit
800 1702 808 1716 ,
829 1681 917 1712 facile
936 1682 1074 1723 intelligo
1086 1692 1092 1710 :

138 1723 200 1757 sed,
210 1722 298 1763 siquis
308 1724 385 1752 mihi
395 1723 466 1753 deus
475 1723 602 1754 vestram
613 1724 648 1754 ad
658 1734 709 1754 me
718 1723 902 1754 audiendum
913 1723 1093 1753 benivolen-

134 1767 212 1796 tiam
222 1764 403 1794 conciliarit:
422 1763 551 1795 efficiam
560 1764 710 1806 profecta,
726 1774 759 1796 ut
769 1765 954 1806 intelligatis,
966 1765 1040 1794 niin'l
1047 1763 1094 1802 effic

139 1806 247 1837 homini
256 1813 317 1834 tam
326 1806 491 1840 timendum,
502 1802 591 1849 qus'zm
602 1808 743 1837 invidiam
751 1819 763 1835 .·
778 1807 856 1837 nihil
866 1809 1034 1840 innocenti,
1046 1807 1093 1837 su-

140 1849 236 1888 scepta
246 1847 369 1881 invidia,
378 1856 438 1877 tam
448 1849 624 1888 optandum,
634 1849 724 1890 quam
733 1859 841 1891 aequum
845 1849 1000 1887 judicium,
1010 1848 1092 1889 quod

140 1891 175 1920 in
186 1890 243 1919 hoc
253 1898 315 1918 uno
325 1889 454 1929 denique
462 1890 540 1920 falsae
552 1889 682 1921 infamiae
695 1890 764 1921 finis
773 1891 879 1931 aliquis
891 1910 900 1923 ,
921 1899 949 1921 at
970 1900 1007 1920 ue
1025 1892 1094 1919 exi-

140 1939 190 1962 tus
199 1932 369 1969 reperiatur.
386 1932 592 1971 Qamobrem
603 1942 709 1973 magna
718 1942 769 1962 me
779 1932 842 1971 spes
852 1941 942 1965 tenet,
964 1941 1093 1972 iea,quae

142 1973 250 2004 suntin
260 1971 352 2004 causa,
368 1973 525 2011 explicare,
537 1970 623 2013 atque
633 1976 738 2004 omnia
748 1972 877 2003 dicendo
888 1973 1030 2013 consequi
1040 1983 1095 2012 po-

141 2022 237 2046 tuero,
251 2013 330 2043 hunc
343 2014 454 2047 locum,
465 2013 693 2055 consefl'umque
702 2013 834 2044 vestrum
847 2034 855 2047 ,
867 2024 958 2054 quem
968 2014 1015 2043 illi
1025 2015 1095 2043 hor·

140 2055 263 2085 ribilem
282 2057 318 2084 A.
332 2055 493 2089 Cluentio,
518 2066 551 2085 ac
570 2055 804 2086 formidolosum
823 2055 886 2085 fore
906 2064 1093 2095 putaverunt,
1112 2076 1114 2084 ,

140 2106 213 2127 eum
223 2095 343 2126 tandem
354 2097 418 2131 eius
426 2095 554 2127 fortunae
564 2098 689 2131 miserae,
702 2098 895 2138 multumque
902 2098 912 2136 j
917 2096 1016 2127 a&atae
1025 2106 1095 2136 por-

142 2145 210 2169 tum
221 2157 230 2171 ,
250 2137 450 2179 acperfugium
458 2137 600 2168 futurum.
632 2137 763 2169 Tametsi
772 2139 918 2179 permulta
926 2139 996 2168 sunt
1004 2159 1012 2171 ‚
1028 2148 1094 2178 quae

141 2181 241 2212 mihi,
261 2178 419 2219 antequam
430 2179 467 2209 de
476 2181 558 2210 causa
568 2180 664 2210 dicam
676 2201 684 2214 ,
697 2180 733 2210 de
743 2180 958 2210 communibus
968 2179 1091 2209 invidiae

141 2220 281 2262 periculis
292 2219 416 2250 dicenda
425 2219 484 2250 effe
494 2221 652 2252 videantur
665 2233 670 2250 :
688 2231 799 2255 tamen,
811 2232 850 2251 ne
859 2221 973 2251 diutius
983 2222 1093 2250 oratio-

95 2269 106 2279 ‘
141 2273 180 2293 ne
198 2272 264 2292 mea
279 2262 415 2301 suspensa
436 2262 617 2302 exspeAEtatio
625 2263 719 2293 vestra
727 2272 879 2296 teneatur,
903 2262 1051 2303 aggrediar
1059 2262 1095 2292 ad

141 2306 258 2335 crimen
277 2313 347 2334 cum
366 2304 416 2333 illa
432 2303 637 2343 deprecatione
648 2325 657 2339 ,
677 2304 790 2343 judices
803 2325 810 2337 ,
832 2315 890 2345 qua
901 2306 978 2333 mihi
990 2304 1095 2343 saepius

140 2345 288 2376 utendum
299 2343 355 2374 esse
367 2346 506 2386 intelligo
520 2367 528 2379 ‚
549 2345 586 2375 fic
600 2355 632 2376 ut
642 2357 692 2376 me
701 2345 824 2376 audiatis
836 2366 844 2379 ,
859 2344 937 2386 quasi
948 2346 1005 2375 hoc
1017 2354 1094 2375 tem-

139 2397 213 2428 pore
223 2387 376 2417 haeccausa
384 2387 519 2426 primum
530 2387 643 2418 dicatur
654 2409 662 2422 ,
681 2387 763 2418 ficuti
784 2387 911 2421 dicitur3
935 2397 998 2417 non
1015 2385 1095 2427 quasi

141 2430 285 2469 saepejam
297 2427 375 2458 dieta
385 2448 393 2462 ‚
414 2428 447 2458 δε
458 2439 625 2470 numquam
634 2430 754 2470 probata
764 2428 807 2458 fit.
839 2429 988 2459 hodierno
1010 2430 1093 2458 enim

140 2471 190 2501 die
199 2473 276 2511 prim
283 2470 335 2499 um
346 2471 452 2499 veteris
467 2469 549 2500 istius
560 2472 696 2501 criminis
706 2470 842 2501 diluendi
854 2470 981 2510 potestas
993 2469 1034 2500 est
1044 2469 1096 2500 da-

139 2521 168 2542 ta
180 2523 186 2541 :
209 2521 276 2542 ante
287 2512 344 2541 hoc
355 2520 471 2551 tempus
481 2514 592 2542 errorin
601 2513 655 2542 hac
664 2523 715 2542 cau
721 2513 755 2545 (a,
767 2521 853 2553 atque
862 2512 975 2541 invidia
984 2511 1093 2542 versata

140 2553 195 2584 est.
228 2553 433 2594 Qamobrem
458 2553 532 2583 dum
560 2555 727 2584 multorum
744 2563 895 2583 annorum
915 2553 1095 2583 accusationi

140 2595 269 2625 breviter
279 2615 288 2628 ‚
307 2594 497 2636 dilucideque
507 2595 672 2635 respondeo
684 2615 693 2629 ‚
712 2595 811 2636 quaeso
821 2614 829 2628 ,
844 2603 876 2624 ut
886 2605 936 2624 me
947 2615 955 2628 ‚
965 2594 1092 2634 judices,

85 2643 87 2645 '
101 2639 127 2671 4
142 2636 326 2667 ficutifacere
336 2634 517 2670 instituistis,
527 2636 669 2677 benigne,
679 2645 846 2677 attenteque
855 2636 990 2666 audiatis.
1019 2638 1091 2666 Cor-

138 2677 248 2719 rupisse
258 2677 366 2709 dicitur
375 2680 410 2707 A.
422 2678 579 2709 Cluentius
584 2679 736 2720 judicium
751 2678 886 2719 pecunia,
906 2677 967 2719 quo
985 2679 1093 2707 inimi-

177 2810 202 2827 ι.
228 2804 321 2826 'Parum
337 2802 428 2825 virium
444 2802 537 2825 veritas
546 2801 642 2834 haben]
667 2801 821 2836 Propugnat
846 2799 911 2825 hanc
937 2798 1090 2836 scripturam

140 2836 276 2863 Victorius
294 2836 343 2862 lib.
355 2845 441 2862 xxiv.
459 2836 560 2861 Variar.
580 2835 705 2862 Leition.
725 2845 820 2872 ειμι.
839 2836 976 2874 repetique
996 2846 1046 2871 ego
1065 2836 1090 2862 in

141 2871 186 2898 sex
211 2872 334 2898 Palitinis
354 2871 469 2896 calamo*
483 2871 608 2897 exaratis,
648 2881 708 2897 uam
728 2881 795 2898 unus
814 2881 906 2898 eorum
928 2871 1092 2908 frontispicio

139 2908 188 2934 isto
197 2907 387 2934 destituebatur
396 2926 403 2937 ,
425 2906 468 2933 sed
486 2907 554 2933 idern
567 2907 701 2943 reperit⁴in
711 2907 857 2944 exemplari
867 2909 894 2933 S.
906 2907 1021 2933 Victoris
1035 2909 1092 2934 Gu-

140 2943 267 2970 lielmius.
286 2942 408 2969 defendit
418 2951 505 2969 tamen
517 2943 615 2969 amicus
626 2943 712 2969 noster
721 2943 832 2969 Ursinus
845 2943 1092 2979 vulgatumfalfitar,

142 2985 265 3014 tanquam
276 2979 415 3005 subnixum
426 2978 500 3005 libris
518 2978 566 3005 scri
587 2979 620 3005 tis
632 2998 641 3010 ‚
659 2979 705 3015 qui
715 2980 742 3005 Sc
754 2978 886 3005 videatur.
906 2988 965 3006 nam
977 2979 1002 3005 iu
1014 2978 1093 3005 editis

140 3015 256 3050 antiquis
268 3022 358 3040 extare
369 3014 420 3050 ipse
430 3014 521 3041 testor.
542 2988 584 3041 leg
593 3015 651 3050 quis
666 3014 818 3041 asseverabit
836 3014 903 3050 ipsos
922 3025 973 3042 non
992 3014 1094 3041 subiiss'e

143 3059 251 3077 manum
269 3049 447 3077 cori-esteris?
465 3050 607 3077 leEtionem
623 3051 734 3077 nostram
746 3050 864 3086 pluribus
875 3052 1028 3077 Graecorum
1042 3052 1093 3078 La-

141 3086 316 3120 tinorumque
334 3085 472 3112 mistorum
492 3086 724 3122 quasitibicinibus
742 3086 806 3114 fulci
817 3086 927 3112 adillud
939 3087 1011 3112 Livii
1026 3087 1094 3113 libro

144 3129 223 3147 30:11.
237 3129 262 3145 ca
285 3140 290 3145 .
302 3129 347 3155 39.
366 3124 487 3147 Lahorare
503 3122 571 3147 nimis
581 3124 627 3156 jus·
637 3123 696 3155 [πμ
714 3124 798 3157 ajunt:
817 3124 928 3156 exstingui
945 3131 1073 3156 numquam
1085 3142 1092 3153 ,

142 3164 221 3196 quam
233 3155 256 3182 le
274 3156 374 3184 tionem
383 3155 482 3184 ibidem
491 3157 595 3186 stabilio
607 3177 616 3190 ,
633 3165 725 3186 contra
734 3158 836 3186 Mureti
849 3165 964 3187 veterem
976 3177 984 3192 ‚
1003 3165 1096 3186 contra

2004 154 2096 206 353

1138 233 1211 253 cum
1228 224 1315 254 suum
1332 225 1547 260 innocentem,
1567 226 1694 256 Statium
1704 223 1830 256 Albium
1842 242 1852 258 ,
1869 223 2097 256 condemnaret.

1141 265 1301 296 Ostendam
1313 287 1322 299 ‚
1335 266 1454 306 judices
1464 288 1472 300 ,
1484 266 1632 307 primum,
1652 269 1796 309 quoniam
1807 276 1893 307 caput
1901 267 1984 296 illius
1994 268 2102 297 atroci—

1141 308 1206 335 tatis
1216 326 1225 340 ,
1244 316 1330 347 atque
1340 309 1464 339 invidiae
1473 309 1532 338 fuit
1541 329 1549 342 ‚
1566 311 1763 339 innocentem
1773 311 1899 349 pecunia
1909 309 2100 339 circumven-

1141 355 1205 375 tum
1217 368 1225 379 ‚
1246 352 1404 378 neminem
1415 360 1559 391 umquam
1573 351 1736 390 majoribus
1745 350 1925 381 criminibus
1936 370 1944 383 ,
1956 351 2101 391 graviori-

1141 387 1195 416 bus
1214 388 1335 418 testibus
1353 389 1411 420 esse
1430 393 1462 420 in
1475 391 1625 430 judicium
1643 402 1799 423 vocatum:
1823 391 1932 422 deinde
1957 401 1991 421 ea
2007 391 2044 421 de
2063 400 2102 421 eo

1138 429 1298 468 praejudicia
1308 430 1364 460 ess'e
1374 431 1449 462 faEta
1461 433 1496 462 ab
1508 432 1574 472 ipsis
1581 433 1732 471 iudicibus
1742 454 1751 467 ‚
1768 434 1784 464 a
1793 434 1902 474 quibus
1913 432 2102 463 condemna-

1140 478 1186 499 tus
1200 469 1242 499 est
1252 490 1259 501 ,
1273 479 1306 499 ut
1314 481 1377 501 non
1390 472 1484 502 modo
1493 474 1529 503 ab
1542 474 1646 504 iisdem
1661 496 1668 507 ,
1689 476 1736 505 sed
1750 486 1788 505 ne
1797 475 1832 506 ab
1841 476 1908 505 aliis
1918 474 2043 515 quidem
2052 474 2101 504 ul·

1138 510 1186 543 lis,
1198 511 1312 541 absolvi
1323 513 1388 542 ullo
1399 514 1493 543 modo
1505 514 1608 553 posset.
1631 515 1710 546 Cum
1721 518 1783 547 haec
1792 517 1933 549 docuero,
1945 525 2011 546 tum
2021 515 2099 546 illud

1138 551 1399 598 ostendam-quod
1411 555 1544 584 maxime
1557 559 1665 596 requiri
1675 559 1814 598 intelligo
1826 579 1834 590 ‚
1859 558 2010 597 judicium
2020 556 2099 587 illud

1137 596 1262 633 pecunia
1272 594 1329 624 esse
1341 604 1487 625 tentatum
1498 616 1506 629 ‚
1530 606 1593 626 non
1604 601 1619 627 a
1629 599 1770 629 Cluentio
1783 620 1791 632 ,
1814 600 1861 630 sed
1872 608 1974 629 contra
1984 599 2097 629 Cluen-

1138 637 1230 665 tium:
1251 635 1420 677 faciamque
1431 656 1440 670 ‚
1452 646 1484 666 ut
1498 638 1669 678 intelligatis
1681 660 1689 673 ,
1702 642 1735 670 in
1745 650 1806 671 tota
1815 641 1866 671 illa
1876 642 1959 671 causa
1968 640 2039 681 qu1d
2049 650 2098 671 res

1138 677 1198 716 ipsa
1208 678 1308 708 tulerit
1321 698 1330 711 ,
1347 678 1420 718 quid
1434 688 1515 708 error
1535 678 1686 710 affinxerit
1696 701 1705 713 ‚
1725 682 1796 722 quid
1818 682 1932 712 invidia
1945 681 2097 712 conflarit.

1140 718 1277 748 Primum
1298 721 1386 760 igitur
1405 719 1480 749 illud
1499 719 1542 750 est
1553 741 1560 753 ,
1584 731 1622 750 ex
1631 731 1692 761 quo
1703 724 1829 764 intelligi
1839 723 1924 763 poffit
1933 744 1941 756 ,
1962 721 2097 754 debuiss‘e

1139 760 1316 790 Cluentium
1336 771 1514 801 magnopere
1531 762 1622 792 causae
1644 762 1812 797 confidere,
1835 764 1917 805 quod
1929 764 2097 795 certiffimiss

1139 801 1321 836 criminibus,
1340 803 1373 832 &
1393 802 1504 838 testibm
1523 802 1614 833 fretus
1631 803 1665 833 ad
1686 806 1881 835 accusandum
1899 806 2096 836 descenderit.

1142 846 1210 873 Hoc
1221 844 1288 874 loco
1298 843 1470 874 faciendum
1482 845 1558 874 mihi
1573 865 1581 878 ‚
1599 846 1714 884 judices
1728 866 1735 879 ‚
1752 846 1793 876 est
1805 867 1813 880 ,
1830 848 1956 877 utvobis
1969 848 2100 878 breviter

1140 886 1192 915 illa
1203 905 1211 918 ‚
1232 886 1341 926 quibus
1360 886 1468 916 Albius
1486 886 1703 917 condemnatus
1718 887 1777 921 est,
1800 890 1925 918 crimina
1934 899 2097 928 exponam.

1142 927 1204 956 Abs
1213 936 1239 957 te
1249 937 1319 967 peto
1330 947 1338 961 ‚
1359 929 1520 967 Oppianice
1532 948 1540 960 ‚
1560 937 1592 958 ut
1602 938 1651 958 me
1667 931 1798 959 invitum
1810 929 1846 959 de
1855 932 1943 969 patris
1954 932 1996 959 tui
2013 931 2099 961 causa

1140 968 1238 998 dicere
1249 968 1415 1002 existimes,
1426 969 1588 999 adduEtum
1601 968 1659 999 fide
1672 991 1680 1003 ‚
1692 980 1777 1012 atque
1789 969 1893 1001 officio
1904 969 2098 1001 defensionis.

1126 1009 1553 1051 ::etenin1tibifiinpraesentia
1564 1011 1724 1042 satisfacere
1743 1023 1807 1042 non
1827 1021 1953 1052 potuero
1966 1033 1974 1045 ‚
1994 1021 2098 1043 tamen

1142 1052 1245 1082 multae
1262 1054 1340 1082 mihi
1358 1053 1394 1082 ad
1415 1051 1654 1082 satisfaciendum
1674 1054 1790 1095 reliquo
1804 1064 1937 1093 tempore
1945 1053 2100 1084 facultates

1140 1093 1304 1124 dabuntur:
1319 1095 1460 1124 Cluentio
1470 1093 1523 1123 nifi
1534 1104 1616 1124 nunc
1626 1094 1802 1129 satisfecero,
1814 1095 1913 1136 postea
1925 1097 2002 1125 mihi
2013 1095 2098 1125 satis-

1137 1134 1267 1165 faciendi
1280 1135 1407 1176 potestas
1418 1146 1481 1165 non
1492 1137 1556 1165 erit.
1580 1135 1667 1166 fimul
1678 1138 1794 1167 &illud
1804 1139 1870 1178 quis
1880 1136 1922 1167 est
1933 1157 1941 1170 ‚
1966 1138 2019 1177 qui
2038 1136 2097 1167 du—

1137 1177 1230 1207 bitarc
1239 1177 1343 1207 debeat
1352 1198 1360 1211 ‚
1380 1185 1475 1206 contra
1484 1177 1651 1207 damnatum
1661 1199 1669 1212 ‚
1687 1180 1720 1211 ὠ·
1731 1187 1884 1211 mortuum,
1890 1186 1939 1220 pro
1951 1178 2094 1211 incolumi,

1140 1219 1174 1251 dy·
1185 1220 1254 1248 vivo
1263 1220 1349 1248 dicere
1360 1230 1371 1245 .·
1389 1218 1460 1249 cum
1471 1219 1535 1252 illi,
1550 1230 1580 1248 in
1593 1230 1683 1260 quem
1695 1220 1804 1251 dicitur
1814 1241 1822 1254 ‚
1838 1221 1991 1250 damnatio
2000 1230 2098 1250 omne

1138 1263 1316 1302 ignominiae
1326 1261 1493 1301 periculum
1505 1262 1563 1297 jam
1574 1261 1727 1292 abstulerit
1738 1283 1745 1295 ,
1759 1271 1841 1292 mors
1851 1261 1923 1291 vero
1935 1264 2024 1291 etiam
2035 1261 2095 1291 do·-

1137 1303 1228 1335 loris?
1247 1304 1317 1332 huic
1325 1312 1423 1332 autem
1435 1323 1443 1336 ‚
1454 1312 1508 1342 pro
1517 1313 1579 1343 quo
1591 1303 1699 1333 dicitur
1708 1324 1716 1336 ‚
1728 1305 1806 1334 nihil
1815 1302 1901 1343 poffit
1910 1302 2092 1333 offensionis

1134 1344 1273 1374 accedere
1291 1343 1350 1373 fine
1367 1343 1553 1374 acerbiffimo
1564 1347 1659 1375 animi
1672 1345 1754 1375 sensu
1767 1365 1776 1379 ‚
1797 1356 1829 1376 ac
1839 1346 1943 1375 dolore
1954 1365 1962 1377 ‚
1984 1345 2016 1375 δε
2027 1344 2088 1374 fine

1135 1387 1257 1416 summo
1267 1386 1410 1416 dedecore
1421 1388 1489 1415 vitae
1501 1406 1509 1419 ,
1531 1397 1564 1416 ac
1575 1387 1776 1427 turpitudine?
1794 1391 1892 1428 Atque
1902 1407 1910 1419 ‚
1930 1395 1963 1416 ut
1973 1386 2090 1416 intelli-

1134 1429 1208 1469 gatis
1217 1448 1226 1461 ,
1243 1429 1417 1457 Cluentium
1429 1437 1491 1457 non
1502 1429 1682 1458 accusatorio
1692 1431 1808 1462 animo,
1818 1439 1881 1458 non
1889 1427 2094 1458 ostentatione

1134 1471 1243 1510 aliqua,
1254 1478 1303 1499 aut
1310 1470 1404 1510 gloria
1413 1468 1587 1503 adduehirn,
1600 1470 1647 1500 sed
1663 1470 1783 1501 nefariis
1794 1472 1924 1509 injuriis,
1939 1469 2089 1510 quotidia-

1135 1514 1181 1541 nis
1200 1509 1314 1541 infidiis
1325 1531 1333 1544 ‚
1354 1509 1504 1550 propofito
1522 1520 1588 1541 ante
1607 1512 1711 1542 oculos
1725 1515 1792 1542 vitae
1802 1511 1936 1552 periculo
1946 1531 1954 1544 ‚
1973 1520 2092 1543 nomen

1134 1554 1291 1594 Oppianici
1310 1551 1446 1582 detulisse
1457 1572 1465 1585 ,
1483 1553 1583 1592 paullo
1601 1553 1722 1594 longius
1732 1554 1894 1584 exordium
1904 1554 1946 1582 rei
1957 1553 2090 1582 demon-

1134 1595 1254 1626 strandae
1266 1603 1395 1634 repetam
1408 1604 1414 1623 ι
1433 1594 1515 1634 quod
1526 1604 1589 1634 quae
1596 1595 1625 1624 so
1638 1616 1645 1627 ,
1666 1597 1677 1634 j
1684 1595 1783 1625 udices
1793 1616 1800 1629 ‚
1813 1605 1850 1625 ne
1860 1594 1987 1625 moleste
1996 1596 2090 1634 patia-

1135 1639 1226 1667 mini.
1251 1640 1444 1667 PRINCIPus
1463 1638 1546 1665 enim
1556 1639 1686 1676 cognitis
1697 1657 1705 1670 ‚
1717 1636 1815 1667 multo
1825 1635 1944 1667 facilius
1954 1646 2090 1666 extrema

1133 1678 1318 1719 intelligetis.
1351 1680 1388 1708 A.
1401 1678 1558 1707 Cluentius
1567 1680 1684 1711 Avitus,
1697 1678 1754 1708 fuit
1762 1688 1843 1718 pater
1851 1678 1974 1718 hujusce
1984 1698 1993 1712 ‚
2004 1677 2087 1717 judi-
2106 1692 2128 1722 5

1133 1716 1304 1754 cesshomo
1315 1730 1378 1749 non
1389 1718 1490 1750 solum
1500 1721 1661 1759 municipii
1671 1722 1829 1754 Larinatis,
1842 1730 1880 1750 ex
1889 1729 1950 1760 quo
1964 1719 2087 1753 erat‚sed

1135 1765 1225 1793 etiam
1236 1763 1366 1802 regionis
1375 1761 1458 1790 illius
1469 1780 1477 1794 ‚
1493 1761 1525 1790 &
1534 1763 1706 1796 vicinitatis,
1718 1764 1837 1796 virtute,
1849 1761 2088 1794 existimatione,

1135 1804 1293 1835 nobilitate
1303 1802 1389 1833 facile
1398 1805 1544 1843 princeps.
1575 1805 1604 1833 Is
1613 1802 1684 1833 cum
1695 1802 1766 1833 effet
1776 1812 1912 1834 mortuus
1920 1824 1928 1838 ‚
1942 1804 2023 1834 Sulla
2032 1824 2041 1836 ,
2055 1803 2090 1834 δε

1136 1847 1283 1885 Pompeio
1303 1848 1385 1874 Coss.
1407 1845 1527 1884 reliquit
1544 1845 1625 1874 hunc
1641 1855 1737 1875 annos
1748 1855 1793 1875 xv
1804 1854 1924 1875 natum:
1946 1845 2091 1886 grandem

1134 1897 1233 1918 autern
1245 1906 1254 1920 ,
1275 1887 1307 1916 &
1316 1886 1455 1915 nubilem
1468 1885 1560 1915 filiam
1573 1897 1578 1915 :
1602 1896 1667 1926 quae
1677 1887 1758 1916 brevi
1774 1896 1909 1926 tempore
1922 1885 1988 1926 post
2001 1888 2092 1926 patris

1135 1938 1267 1959 mortem
1280 1926 1377 1967 nupsit
1390 1931 1426 1957 A.
1437 1930 1531 1957 Aurio
1542 1928 1661 1957 Melino
1671 1948 1678 1961 ,
1698 1928 1882 1958 consobrino
1893 1928 1945 1958 suo
1955 1948 1964 1961 ‚
1986 1928 2091 1958 adole-

1112 1966 1113 1977 *
1137 1971 1228 2001 scenti
1238 1972 1270 1998 in
1281 1971 1388 2009 primis
1397 1988 1405 2001 ‚
1423 1978 1455 1998 ut
1465 1978 1528 1998 tum
1540 1969 1699 1999 habebatur
1709 1989 1717 2003 ‚
1740 1971 1818 1999 inter
1828 1970 1895 1999 suos
1906 1970 1939 1999 &
1948 1969 2088 2003 honesto,

1138 2013 1170 2041 δε
1187 2011 1294 2041 nobili.
1327 2009 1405 2040 cum
1417 2009 1509 2039 efl'ent
1520 2012 1563 2039 ba:
1577 2013 1686 2050 nuptiae
1697 2011 1791 2050 plena:
1801 2012 1954 2052 dignitatis
1964 2031 1973 2044 ‚
1991 2012 2092 2050 plenae

1135 2052 1306 2083 concordiae
1314 2071 1322 2085 ,
1344 2053 1466 2090 repente
1478 2051 1520 2081 est
1530 2061 1633 2082 exorta
1643 2054 1779 2082 mulieris
1788 2055 1967 2092 importunae
1978 2051 2091 2084 nefaria

1136 2094 1221 2124 libido
1233 2114 1242 2127 ‚
1261 2104 1325 2123 non
1336 2092 1434 2123 solum
1455 2092 1598 2123 dedecore
1610 2113 1617 2126 ‚
1638 2094 1746 2123 verum
1765 2096 1856 2124 etiam
1879 2094 1995 2133 3scelere
2013 2104 2092 2123 con-

1134 2135 1246 2166 vineta.
1277 2138 1358 2165 Nam
1377 2133 1463 2165 Saffia
1481 2144 1574 2164 mater
1588 2136 1676 2174 hujus
1688 2137 1771 2166 Aviti
1789 2136 1894 2174 (mater
1904 2138 1988 2165 enim
1999 2135 2014 2165 {1
2027 2145 2091 2169 me.

1135 2182 1152 2204 4
1160 2178 1273 2207 nominis
1285 2177 1369 2216 causiz
1378 2198 1386 2210 ‚
1400 2174 1513 2206 tametsi
1522 2178 1554 2206 in
1567 2178 1645 2206 hunc
1656 2176 1758 2207 hostili
1767 2177 1839 2207 odio
1851 2197 1859 2210 ,
1877 2177 2092 2207 &crudelitate

1137 2218 1188 2253 est,
1201 2227 1304 2252 mater,
1316 2220 1451 2258 inquam,
1463 2218 1666 2257 appellabitur:
1683 2229 1783 2260 neque
1791 2228 1934 2259 umquam
1945 2219 1996 2248 illa
2005 2221 2045 2248 ita
2054 2219 2092 2248 de

1136 2262 1189 2291 suo
1201 2260 1305 2291 scelere
1315 2280 1323 2293 ‚
1336 2260 1565 2289 &immanitate
1576 2259 1676 2289 audiet
1686 2280 1694 2293 ‚
1713 2269 1745 2290 ut
1755 2269 1865 2291 natuiae
1875 2270 1990 2290 nomen
1999 2262 2089 2290 amit-

1135 2311 1184 2332 tat.
1208 2311 1268 2342 quo
1287 2302 1372 2331 enim
1392 2302 1489 2340 ipsum
1504 2311 1620 2330 nomen
1634 2304 1781 2332 amantius
1794 2322 1802 2335 ,
1827 2302 2091 2344 indulgentiusque

1135 2353 1306 2373 maternum
1317 2362 1326 2376 ‚
1351 2343 1406 2373 hoc
1418 2343 1499 2372 illius
1513 2345 1614 2372 matris
1626 2363 1634 2376 ‚
1653 2354 1718 2384 quae
1727 2344 1841 2373 multos
1850 2345 1910 2383 jam
1921 2353 2015 2374 annos
2026 2364 2034 2377 ,
2055 2343 2092 2373 &z

1136 2395 1218 2415 nunc
1226 2383 1296 2415 cum
1308 2384 1444 2414 maxime
1458 2383 1556 2414 filium
1568 2384 1761 2415 interfeftum
1771 2388 1864 2425 cupit,
1877 2385 2018 2427 fingulare
2029 2385 2090 2414 sce-

1136 2427 1311 2466 lus‚majore
1320 2426 1393 2456 odio
1405 2427 1531 2466 dignum
1547 2426 1605 2455 ess'e
1616 2426 1754 2466 ducetis.)
1765 2430 1805 2457 Ea
1815 2429 1905 2468 igitur
1914 2435 2006 2456 mater
2015 2428 2091 2456 Avi-

1136 2470 1157 2498 ti
1170 2488 1178 2502 ,
1202 2468 1313 2497 Melini
1329 2468 1409 2497 illius
1419 2468 1614 2497 adolescentis
1626 2488 1634 2501 ,
1644 2470 1744 2508 generi
1756 2469 1799 2498 sui
1811 2488 1818 2501 ‚
1834 2468 1936 2498 contra
1946 2467 2036 2508 quam
2048 2467 2092 2498 fas

1135 2517 1204 2543 erat,
1220 2520 1311 2538 amore
1320 2516 1412 2550 capta,
1423 2508 1523 2549 primo
1534 2528 1542 2541 ,
1559 2519 1656 2549 neque
1667 2509 1697 2538 id
1709 2510 1804 2549 ipsum
1815 2510 1878 2543 diu,
1889 2519 2013 2550 quoquo
2023 2519 2092 2539 mo·

1134 2551 1174 2581 do
1185 2561 1300 2591 poterat
1309 2571 1318 2584 ,
1338 2561 1434 2591 neque
1445 2552 1476 2580 in
1487 2550 1538 2580 illa
1555 2550 1713 2589 cupiditate
1733 2551 1957 2580 continebatur:
1979 2550 2090 2581 deinde

1135 2595 1174 2623 ita
1184 2592 1301 2634 flagrare
1308 2595 1399 2632 coepit
1408 2594 1537 2621 amentia
1547 2611 1555 2624 ,
1568 2591 1606 2621 fic
1617 2591 1720 2621 inflam
1726 2601 1801 2622 mata
1812 2591 1880 2622 ferri
1890 2592 2016 2622 {midine
2026 2613 2035 2626 ‚
2054 2602 2090 2622 ut

1136 2644 1201 2664 eam
1214 2644 1278 2664 non
1287 2634 1383 2673 pudor,
1395 2643 1459 2662 non
1469 2632 1612 2672 pudicitia
1625 2652 1633 2665 ,
1649 2643 1712 2662 non
1724 2635 1814 2672 pictas
1826 2654 1834 2666 ‚
1848 2643 1910 2663 non
1925 2634 2040 2664 macula
2048 2633 2094 2664 fa-

1136 2676 1240 2711 miliae,
1253 2686 1316 2706 non
1324 2677 1489 2705 hominum
1500 2673 1587 2708 fama,
1600 2684 1663 2704 non
1675 2673 1730 2704 filii
1740 2674 1828 2705 dolor
1838 2695 1846 2710 ,
1859 2685 1924 2706 non
1935 2674 2005 2706 filiae
2014 2685 2093 2705 moe-

1270 2722 1277 2728 ·
2013 2727 2062 2747 ror
2074 2717 2091 2748 Ξι

1133 2801 1210 2827 amici
1221 2801 1299 2827 nostri
1311 2801 1438 2836 Scipionis
1450 2800 1565 2826 Gentilis
1577 2807 1708 2826 recentem
1720 2799 1944 2827 emendationem.

1171 2845 1198 2862 2.
1218 2840 1242 2861 51·
1253 2836 1500 2869 ratiolx1b2jfaflal¹it.]
1522 2836 1664 2862 Lambinus
1675 2841 1748 2862 oratio
1759 2856 1767 2867 ,
1786 2846 1818 2862 cx
1832 2837 1888 2862 iuss.
1901 2836 1949 2863 suis
1964 2856 1971 2867 ‚
1991 2843 2021 2862 ut
2030 2836 2068 2863 ait
2080 2845 2090 2866 ;

1134 2881 1199 2908 quos
1211 2880 1275 2908 puto
1287 2871 1479 2907 restringendus
1498 2871 1528 2896 :id
1542 2873 1645 2898 unicum
1657 2872 1793 2907 exemplar
1804 2873 1830 2898 S.
1843 2872 1958 2898 l’is'fiotis
1971 2892 1979 2904 ,
1999 2873 2090 2908 inquo

1132 2909 1171 2934 ita
1180 2916 1273 2934 extare
1284 2908 1419 2934 adnotavit
1431 2907 1601 2934 Gulielmius.
1613 2908 1692 2934 nostri
1704 2912 1775 2934 certi.-
1787 2908 1854 2934 Pali.
1867 2909 1932 2936 stunt
1943 2912 1958 2935 a
1969 2908 2090 2944 vulgato,

1136 2953 1222 2978 neque
1231 2943 1353 2970 deserunt
1364 2943 1423 2968 edd.
1435 2943 1559 2978 antiquae.

1173 2988 1186 3015 3
1195 3000 1200 3005 .
1219 2983 1303 3006 Sci-lara
1313 2979 1461 3012 com-infla]
1484 2980 1523 3005 ltu
1533 2979 1568 3005 est
1580 2980 1604 3006 in
1618 2980 1674 3006 mss.
1687 2980 1779 3006 nostris
1792 2999 1800 3012 ,
1812 2979 1852 3006 scd
1865 2980 1947 3006 literis
1959 2980 2023 3006 :ideo
2033 2989 2092 3006 am-

1136 3015 1221 3050 biguis
1234 3035 1242 3047 ‚
1262 3023 1289 3041 ut
1302 3014 1362 3040 iude
1373 3015 1450 3040 ctiam
1463 3013 1519 3041 lieri
1530 3015 1605 3050 poffit
1624 3019 1760 3050 conjuns‘la:
1778 3016 1912 3051 quomodo
1927 3016 2023 3042 liabent
2034 3016 2091 3041 edi-

1136 3052 1221 3077 tiones
1233 3052 1311 3087 postci
1320 3052 1387 3076 iores
1402 3058 1407 3074 z
1420 3050 1519 3085 priores
1530 3052 1598 3077 euim
1611 3055 1725 3084 cenail-*fag
1738 3052 1773 3079 itu⁴
1785 3060 1870 3079 tamen
1886 3060 1913 3078 ut
1925 3052 2024 3078 ultima·
2035 3053 2090 3078 ori-

1135 3087 1204 3122 ginis
1215 3087 1356 3113 exhibeant
1366 3087 1430 3111 item
1442 3089 1574 3120 conjunc'IA.

1172 3131 1200 3154 4.
1220 3123 1332 3156 Qimlnis
1343 3122 1439 3155 carisa]
1454 3123 1577 3150 Lambin.
1592 3126 1617 3149 iu
1626 3126 1686 3149 omni
1696 3125 1778 3157 causti,
1788 3133 1821 3150 cf<
1833 3123 1879 3149 ms.
1891 3131 1920 3149 ut
1930 3123 1967 3149 ait
1980 3142 1986 3154 ‚
1998 3122 2038 3148 (αἱ
2051 3122 2092 3148 in-

1135 3158 1210 3192 sulse,
1222 3159 1240 3186 li
1249 3157 1330 3186 modo
1339 3157 1403 3194 quid
1413 3154 1508 3192 sentio,
1521 3160 1548 3187 ὃς
1559 3167 1650 3187 con-tra
1663 3160 1729 3186 Pali.
1741 3160 1854 3192 nostros,
1864 3160 1890 3186 8<
1902 3159 1967 3186 edit.
1979 3159 2078 3218 antiqu

1626 3196 1650 3222 Y
1671 3205 1686 3230 y
2016 3202 2038 3220 x.
2062 3195 2070 3218 .'
2077 3201 2093 3220 a
