<?xml version="1.0" encoding="UTF-8"?>
<!DOCTYPE html PUBLIC "-//W3C//DTD XHTML 1.0 Transitional//EN"
    "http://www.w3.org/TR/xhtml1/DTD/xhtml1-transitional.dtd">
<html xmlns="http://www.w3.org/1999/xhtml" xml:lang="en" lang="en">
 <head>
  <title>
</title>
<meta http-equiv="Content-Type" content="text/html;charset=utf-8" />
  <meta name='ocr-system' content='tesseract 3.04.00' />
  <meta name='ocr-capabilities' content='ocr_page ocr_carea ocr_par ocr_line ocrx_word'/>
</head>
<body>
  <div class='ocr_page' id='page_1' title='image "./mtuliiciceroniso00cice_1085.png"; bbox 0 0 2360 3400; ppageno 0'>
   <div class='ocr_carea' id='block_1_1' title="bbox 111 1356 126 1381">
    <p class='ocr_par' dir='ltr' id='par_1_1' title="bbox 111 1356 126 1381">
     <span class='ocr_line' id='line_1_1' title="bbox 111 1356 126 1381; baseline 0 0"><span class='ocrx_word' id='word_1_1' title='bbox 111 1356 126 1381; x_wconf 92' lang='lat'>1</span> 
     </span>
    </p>
   </div>
   <div class='ocr_carea' id='block_1_2' title="bbox 151 197 1146 1117">
    <p class='ocr_par' dir='ltr' id='par_1_2' title="bbox 151 197 1146 1117">
     <span class='ocr_line' id='line_1_2' title="bbox 177 197 1146 242; baseline -0.008 -5"><span class='ocrx_word' id='word_1_2' title='bbox 177 211 276 239; x_wconf 79' lang='lat' dir='ltr'>cerer,</span> <span class='ocrx_word' id='word_1_3' title='bbox 297 201 343 236; x_wconf 85' lang='lat' dir='ltr'>ei,</span> <span class='ocrx_word' id='word_1_4' title='bbox 369 203 380 222; x_wconf 84' lang='lat'><strong>¹</strong></span> <span class='ocrx_word' id='word_1_5' title='bbox 392 199 445 242; x_wconf 83' lang='lat' dir='ltr'>qui</span> <span class='ocrx_word' id='word_1_6' title='bbox 461 197 623 230; x_wconf 82' lang='lat' dir='ltr'>affirmaret</span> <span class='ocrx_word' id='word_1_7' title='bbox 642 199 719 229; x_wconf 81' lang='lat' dir='ltr'>nihil</span> <span class='ocrx_word' id='word_1_8' title='bbox 736 197 818 240; x_wconf 85' lang='lat' dir='ltr'>poffe</span> <span class='ocrx_word' id='word_1_9' title='bbox 833 201 948 240; x_wconf 84' lang='lat' dir='ltr'>percipi</span> <span class='ocrx_word' id='word_1_10' title='bbox 959 218 968 234; x_wconf 90' lang='lat'>,</span> <span class='ocrx_word' id='word_1_11' title='bbox 986 199 1146 230; x_wconf 89' lang='lat' dir='ltr'>consenta-</span> 
     </span>
     <span class='ocr_line' id='line_1_3' title="bbox 177 240 1146 282; baseline -0.006 -4"><span class='ocrx_word' id='word_1_12' title='bbox 177 255 271 278; x_wconf 87' lang='lat' dir='ltr'>neum</span> <span class='ocrx_word' id='word_1_13' title='bbox 290 241 347 275; x_wconf 86' lang='lat' dir='ltr'>effe</span> <span class='ocrx_word' id='word_1_14' title='bbox 369 252 466 273; x_wconf 87' lang='lat' dir='ltr'>unum</span> <span class='ocrx_word' id='word_1_15' title='bbox 485 251 586 272; x_wconf 87' lang='lat' dir='ltr'>tamen</span> <span class='ocrx_word' id='word_1_16' title='bbox 604 241 681 272; x_wconf 88' lang='lat' dir='ltr'>illud</span> <span class='ocrx_word' id='word_1_17' title='bbox 693 241 789 272; x_wconf 81' lang='lat' dir='ltr'>dicere</span> <span class='ocrx_word' id='word_1_18' title='bbox 800 244 911 282; x_wconf 80' lang='lat' dir='ltr'>percipi</span> <span class='ocrx_word' id='word_1_19' title='bbox 925 240 1027 281; x_wconf 84' lang='lat' dir='ltr'>poffe,</span> <span class='ocrx_word' id='word_1_20' title='bbox 1048 242 1146 272; x_wconf 89' lang='lat' dir='ltr'>utalia</span> 
     </span>
     <span class='ocr_line' id='line_1_4' title="bbox 178 283 1144 332; baseline -0.005 -15"><span class='ocrx_word' id='word_1_21' title='bbox 178 297 242 319; x_wconf 89' lang='lat' dir='ltr'>non</span> <span class='ocrx_word' id='word_1_22' title='bbox 260 283 398 326; x_wconf 66' lang='lat' dir='ltr'>possent,</span> <span class='ocrx_word' id='word_1_23' title='bbox 427 283 592 315; x_wconf 87' lang='lat' dir='ltr'>Carneades</span> <span class='ocrx_word' id='word_1_24' title='bbox 610 283 726 314; x_wconf 77' lang='lat' dir='ltr'>acutius</span> <span class='ocrx_word' id='word_1_25' title='bbox 745 283 902 314; x_wconf 83' lang='lat' dir='ltr'>resistebat.</span> <span class='ocrx_word' id='word_1_26' title='bbox 935 293 1006 330; x_wconf 78' lang='lat' dir='ltr'>natu</span> <span class='ocrx_word' id='word_1_27' title='bbox 1025 291 1144 332; x_wconf 73' lang='lat' dir='ltr'>tantum</span> 
     </span>
     <span class='ocr_line' id='line_1_5' title="bbox 177 324 1144 370; baseline -0.006 -11"><span class='ocrx_word' id='word_1_28' title='bbox 177 327 275 360; x_wconf 74' lang='lat' dir='ltr'>abefl&#39;e</span> <span class='ocrx_word' id='word_1_29' title='bbox 285 327 418 360; x_wconf 86' lang='lat' dir='ltr'>dicebat,</span> <span class='ocrx_word' id='word_1_30' title='bbox 433 335 466 356; x_wconf 92' lang='lat' dir='ltr'>ut</span> <span class='ocrx_word' id='word_1_31' title='bbox 477 324 509 355; x_wconf 89' lang='lat' dir='ltr'>id</span> <span class='ocrx_word' id='word_1_32' title='bbox 520 326 755 356; x_wconf 86' lang='lat' dir='ltr'>consentaneum</span> <span class='ocrx_word' id='word_1_33' title='bbox 765 324 847 358; x_wconf 80' lang='lat' dir='ltr'>esset,</span> <span class='ocrx_word' id='word_1_34' title='bbox 863 335 895 355; x_wconf 91' lang='lat' dir='ltr'>ut</span> <span class='ocrx_word' id='word_1_35' title='bbox 905 334 1040 355; x_wconf 85' lang='lat' dir='ltr'>maxime</span> <span class='ocrx_word' id='word_1_36' title='bbox 1052 334 1144 370; x_wconf 77' lang='lat' dir='ltr'>etiam</span> 
     </span>
     <span class='ocr_line' id='line_1_6' title="bbox 174 366 1145 413; baseline -0.009 -11"><span class='ocrx_word' id='word_1_37' title='bbox 174 377 360 411; x_wconf 80' lang='lat' dir='ltr'>repugnaret.</span> <span class='ocrx_word' id='word_1_38' title='bbox 382 369 434 409; x_wconf 91' lang='lat' dir='ltr'>qui</span> <span class='ocrx_word' id='word_1_39' title='bbox 453 369 538 398; x_wconf 89' lang='lat' dir='ltr'>enim</span> <span class='ocrx_word' id='word_1_40' title='bbox 558 377 676 409; x_wconf 85' lang='lat' dir='ltr'>negaret</span> <span class='ocrx_word' id='word_1_41' title='bbox 686 366 920 409; x_wconf 65' lang='lat' dir='ltr'>quidquabrff,</span> <span class='ocrx_word' id='word_1_42' title='bbox 940 366 1145 413; x_wconf 61' lang='lat' dir='ltr'>qnodperctpe-</span> 
     </span>
     <span class='ocr_line' id='line_1_7' title="bbox 174 407 1144 455; baseline -0.005 -14"><span class='ocrx_word' id='word_1_43' title='bbox 174 419 251 442; x_wconf 74' lang='lat' dir='ltr'>retur</span> <span class='ocrx_word' id='word_1_44' title='bbox 263 430 271 444; x_wconf 92' lang='lat'>,</span> <span class='ocrx_word' id='word_1_45' title='bbox 284 420 353 440; x_wconf 91' lang='lat' dir='ltr'>eum</span> <span class='ocrx_word' id='word_1_46' title='bbox 366 410 444 440; x_wconf 86' lang='lat' dir='ltr'>nihil</span> <span class='ocrx_word' id='word_1_47' title='bbox 454 411 600 449; x_wconf 81' lang='lat' dir='ltr'><strong>excipere.</strong></span> <span class='ocrx_word' id='word_1_48' title='bbox 623 412 663 439; x_wconf 90' lang='lat' dir='ltr'>ita</span> <span class='ocrx_word' id='word_1_49' title='bbox 674 409 789 440; x_wconf 80' lang='lat' dir='ltr'>necesse</span> <span class='ocrx_word' id='word_1_50' title='bbox 798 407 867 442; x_wconf 81' lang='lat' dir='ltr'>effe,</span> <span class='ocrx_word' id='word_1_51' title='bbox 878 419 917 438; x_wconf 89' lang='lat' dir='ltr'>ne</span> <span class='ocrx_word' id='word_1_52' title='bbox 928 409 958 438; x_wconf 87' lang='lat' dir='ltr'>id</span> <span class='ocrx_word' id='word_1_53' title='bbox 966 409 1064 447; x_wconf 87' lang='lat' dir='ltr'>ipsum</span> <span class='ocrx_word' id='word_1_54' title='bbox 1075 417 1144 455; x_wconf 58' lang='lat' dir='ltr'>qu17</span> 
     </span>
     <span class='ocr_line' id='line_1_8' title="bbox 177 449 1143 498; baseline -0.005 -15"><span class='ocrx_word' id='word_1_55' title='bbox 177 454 246 485; x_wconf 89' lang='lat' dir='ltr'>dem</span> <span class='ocrx_word' id='word_1_56' title='bbox 259 473 268 486; x_wconf 94' lang='lat'>‚</span> <span class='ocrx_word' id='word_1_57' title='bbox 288 452 369 493; x_wconf 90' lang='lat' dir='ltr'>quod</span> <span class='ocrx_word' id='word_1_58' title='bbox 388 461 548 492; x_wconf 84' lang='lat' dir='ltr'>exceptum</span> <span class='ocrx_word' id='word_1_59' title='bbox 569 461 634 481; x_wconf 88' lang='lat' dir='ltr'>non</span> <span class='ocrx_word' id='word_1_60' title='bbox 644 449 941 491; x_wconf 86' lang='lat' dir='ltr'>ess&#39;etcomprebendi</span> <span class='ocrx_word' id='word_1_61' title='bbox 953 470 962 482; x_wconf 87' lang='lat'>‚</span> <span class='ocrx_word' id='word_1_62' title='bbox 985 449 1143 498; x_wconf 66' lang='lat' dir='ltr'>&amp;percipi</span> 
     </span>
     <span class='ocr_line' id='line_1_9' title="bbox 151 489 1143 537; baseline -0.005 -12"><span class='ocrx_word' id='word_1_63' title='bbox 151 502 153 504; x_wconf 77' lang='grc'><strong>’</strong></span> <span class='ocrx_word' id='word_1_64' title='bbox 176 496 242 526; x_wconf 88' lang='lat' dir='ltr'>ullo</span> <span class='ocrx_word' id='word_1_65' title='bbox 265 494 361 524; x_wconf 91' lang='lat' dir='ltr'>modo</span> <span class='ocrx_word' id='word_1_66' title='bbox 374 492 466 534; x_wconf 77' lang='lat' dir='ltr'>poss&#39;e.</span> <span class='ocrx_word' id='word_1_67' title='bbox 490 494 660 524; x_wconf 87' lang='lat' dir='ltr'>Antiochus</span> <span class='ocrx_word' id='word_1_68' title='bbox 669 492 703 523; x_wconf 85' lang='lat' dir='ltr'>ad</span> <span class='ocrx_word' id='word_1_69' title='bbox 712 491 803 523; x_wconf 88' lang='lat' dir='ltr'>istum</span> <span class='ocrx_word' id='word_1_70' title='bbox 813 493 916 523; x_wconf 89' lang='lat' dir='ltr'>locum</span> <span class='ocrx_word' id='word_1_71' title='bbox 927 489 1143 537; x_wconf 82' lang='lat' dir='ltr'>preffiusvide-</span> 
     </span>
     <span class='ocr_line' id='line_1_10' title="bbox 176 532 1140 580; baseline -0.007 -12"><span class='ocrx_word' id='word_1_72' title='bbox 176 537 262 568; x_wconf 90' lang='lat' dir='ltr'>batur</span> <span class='ocrx_word' id='word_1_73' title='bbox 281 536 426 566; x_wconf 85' lang='lat' dir='ltr'>accedere.</span> <span class='ocrx_word' id='word_1_74' title='bbox 449 537 595 577; x_wconf 87' lang='lat' dir='ltr'>quoniam</span> <span class='ocrx_word' id='word_1_75' title='bbox 615 536 700 564; x_wconf 80' lang='lat' dir='ltr'>enim</span> <span class='ocrx_word' id='word_1_76' title='bbox 713 535 745 565; x_wconf 86' lang='lat' dir='ltr'>id</span> <span class='ocrx_word' id='word_1_77' title='bbox 755 535 899 565; x_wconf 88' lang='lat' dir='ltr'>haberent</span> <span class='ocrx_word' id='word_1_78' title='bbox 911 532 1083 580; x_wconf 84' lang='lat' dir='ltr'>Academici</span> <span class='ocrx_word' id='word_1_79' title='bbox 1092 533 1140 579; x_wconf 51' lang='lat' dir='ltr'>de:</span> 
     </span>
     <span class='ocr_line' id='line_1_11' title="bbox 175 574 1142 621; baseline -0.006 -11"><span class='ocrx_word' id='word_1_80' title='bbox 175 588 286 610; x_wconf 83' lang='lat' dir='ltr'>cretum</span> <span class='ocrx_word' id='word_1_81' title='bbox 307 579 435 618; x_wconf 84' lang='lat' dir='ltr'>(sentitis</span> <span class='ocrx_word' id='word_1_82' title='bbox 452 579 536 607; x_wconf 88' lang='lat' dir='ltr'>enim</span> <span class='ocrx_word' id='word_1_83' title='bbox 554 578 618 617; x_wconf 87' lang='lat' dir='ltr'>jam</span> <span class='ocrx_word' id='word_1_84' title='bbox 628 577 686 606; x_wconf 92' lang='lat' dir='ltr'>hoc</span> <span class='ocrx_word' id='word_1_85' title='bbox 696 586 746 606; x_wconf 87' lang='lat' dir='ltr'>me</span> <span class='ocrx_word' id='word_1_86' title='bbox 754 578 838 610; x_wconf 69' lang='grc' dir='ltr'>δὸγμκ</span> <span class='ocrx_word' id='word_1_87' title='bbox 847 575 959 616; x_wconf 75' lang='lat' dir='ltr'>dicere)</span> <span class='ocrx_word' id='word_1_88' title='bbox 971 576 1048 604; x_wconf 88' lang='lat' dir='ltr'>nibil</span> <span class='ocrx_word' id='word_1_89' title='bbox 1058 574 1142 621; x_wconf 85' lang='lat' dir='ltr'>posse</span> 
     </span>
     <span class='ocr_line' id='line_1_12' title="bbox 174 616 1142 663; baseline -0.008 -10"><span class='ocrx_word' id='word_1_90' title='bbox 174 625 288 663; x_wconf 78' lang='lat' dir='ltr'><strong>percipi</strong></span> <span class='ocrx_word' id='word_1_91' title='bbox 300 642 308 656; x_wconf 94' lang='lat'>‚</span> <span class='ocrx_word' id='word_1_92' title='bbox 330 630 393 651; x_wconf 90' lang='lat' dir='ltr'>non</span> <span class='ocrx_word' id='word_1_93' title='bbox 411 619 519 650; x_wconf 90' lang='lat' dir='ltr'>debere</span> <span class='ocrx_word' id='word_1_94' title='bbox 526 629 579 649; x_wconf 89' lang='lat' dir='ltr'>eos</span> <span class='ocrx_word' id='word_1_95' title='bbox 589 620 621 648; x_wconf 88' lang='lat' dir='ltr'>in</span> <span class='ocrx_word' id='word_1_96' title='bbox 633 618 686 648; x_wconf 92' lang='lat' dir='ltr'>suo</span> <span class='ocrx_word' id='word_1_97' title='bbox 697 617 815 649; x_wconf 88' lang='lat' dir='ltr'>decreto</span> <span class='ocrx_word' id='word_1_98' title='bbox 827 637 836 651; x_wconf 87' lang='lat'>‚</span> <span class='ocrx_word' id='word_1_99' title='bbox 859 616 931 648; x_wconf 90' lang='lat' dir='ltr'>sicut</span> <span class='ocrx_word' id='word_1_100' title='bbox 940 619 972 646; x_wconf 92' lang='lat' dir='ltr'>in</span> <span class='ocrx_word' id='word_1_101' title='bbox 981 626 1086 647; x_wconf 89' lang='lat' dir='ltr'>ceteris</span> <span class='ocrx_word' id='word_1_102' title='bbox 1096 627 1142 646; x_wconf 91' lang='lat' dir='ltr'>re-</span> 
     </span>
     <span class='ocr_line' id='line_1_13' title="bbox 177 656 1140 704; baseline -0.008 -9"><span class='ocrx_word' id='word_1_103' title='bbox 177 665 233 695; x_wconf 91' lang='lat' dir='ltr'>bus</span> <span class='ocrx_word' id='word_1_104' title='bbox 245 685 254 699; x_wconf 91' lang='lat'>,</span> <span class='ocrx_word' id='word_1_105' title='bbox 274 661 420 694; x_wconf 66' lang='lat' dir='ltr'>flu&amp;uare</span> <span class='ocrx_word' id='word_1_106' title='bbox 438 681 446 695; x_wconf 82' lang='grc'>,</span> <span class='ocrx_word' id='word_1_107' title='bbox 462 662 625 702; x_wconf 87' lang='lat' dir='ltr'>praesertirn</span> <span class='ocrx_word' id='word_1_108' title='bbox 639 659 712 690; x_wconf 75' lang='lat' dir='ltr'>cum</span> <span class='ocrx_word' id='word_1_109' title='bbox 724 662 756 690; x_wconf 87' lang='lat' dir='ltr'>in</span> <span class='ocrx_word' id='word_1_110' title='bbox 768 669 804 689; x_wconf 89' lang='lat' dir='ltr'>eo</span> <span class='ocrx_word' id='word_1_111' title='bbox 823 660 942 690; x_wconf 89' lang='lat' dir='ltr'>summa</span> <span class='ocrx_word' id='word_1_112' title='bbox 960 656 1140 704; x_wconf 86' lang='lat' dir='ltr'>consisteret.</span> 
     </span>
     <span class='ocr_line' id='line_1_14' title="bbox 174 698 1141 748; baseline -0.008 -11"><span class='ocrx_word' id='word_1_113' title='bbox 174 707 253 737; x_wconf 86' lang='lat' dir='ltr'>hanc</span> <span class='ocrx_word' id='word_1_114' title='bbox 267 708 350 736; x_wconf 86' lang='lat' dir='ltr'>enim</span> <span class='ocrx_word' id='word_1_115' title='bbox 362 703 419 734; x_wconf 83' lang='lat' dir='ltr'>effe</span> <span class='ocrx_word' id='word_1_116' title='bbox 431 712 604 734; x_wconf 77' lang='lat' dir='ltr'><strong>REGULAM</strong></span> <span class='ocrx_word' id='word_1_117' title='bbox 618 711 738 732; x_wconf 76' lang='lat' dir='ltr'>TOTIUS</span> <span class='ocrx_word' id='word_1_118' title='bbox 749 710 983 731; x_wconf 73' lang='lat' dir='ltr'>meosopmAE</span> <span class='ocrx_word' id='word_1_119' title='bbox 992 720 1000 734; x_wconf 87' lang='lat'>,</span> <span class='ocrx_word' id='word_1_120' title='bbox 1027 698 1141 748; x_wconf 79' lang='lat' dir='ltr'>consti-</span> 
     </span>
     <span class='ocr_line' id='line_1_15' title="bbox 175 744 1140 792; baseline -0.008 -13"><span class='ocrx_word' id='word_1_121' title='bbox 175 751 329 779; x_wconf 89' lang='lat' dir='ltr'>tutionem</span> <span class='ocrx_word' id='word_1_122' title='bbox 342 744 517 779; x_wconf 82' lang='lat' dir='ltr'>veri,falsi‚</span> <span class='ocrx_word' id='word_1_123' title='bbox 541 746 675 785; x_wconf 81' lang='lat' dir='ltr'>cogniti,</span> <span class='ocrx_word' id='word_1_124' title='bbox 688 745 837 784; x_wconf 80' lang='lat' dir='ltr'>incogniti</span> <span class='ocrx_word' id='word_1_125' title='bbox 853 754 858 772; x_wconf 92' lang='lat'>:</span> <span class='ocrx_word' id='word_1_126' title='bbox 879 752 970 784; x_wconf 89' lang='lat' dir='ltr'>quarn</span> <span class='ocrx_word' id='word_1_127' title='bbox 989 751 1140 792; x_wconf 73' lang='lat' dir='ltr'>rationem</span> 
     </span>
     <span class='ocr_line' id='line_1_16' title="bbox 174 785 1131 831; baseline -0.009 -10"><span class='ocrx_word' id='word_1_128' title='bbox 174 792 322 831; x_wconf 85' lang='lat' dir='ltr'>quoniam</span> <span class='ocrx_word' id='word_1_129' title='bbox 345 788 542 827; x_wconf 84' lang='lat' dir='ltr'>susciperent,</span> <span class='ocrx_word' id='word_1_130' title='bbox 562 787 729 825; x_wconf 80' lang='lat' dir='ltr'>docereque</span> <span class='ocrx_word' id='word_1_131' title='bbox 747 785 881 817; x_wconf 86' lang='lat' dir='ltr'>vellent,</span> <span class='ocrx_word' id='word_1_132' title='bbox 900 794 966 825; x_wconf 85' lang='lat' dir='ltr'>quae</span> <span class='ocrx_word' id='word_1_133' title='bbox 987 795 1003 813; x_wconf 89' lang='lat' dir='ltr'>a</span> <span class='ocrx_word' id='word_1_134' title='bbox 1020 793 1131 824; x_wconf 84' lang='lat' dir='ltr'>quovis</span> 
     </span>
     <span class='ocr_line' id='line_1_17' title="bbox 174 825 1140 873; baseline -0.009 -10"><span class='ocrx_word' id='word_1_135' title='bbox 174 835 270 873; x_wconf 81' lang='lat' dir='ltr'>accipi</span> <span class='ocrx_word' id='word_1_136' title='bbox 280 839 429 871; x_wconf 77' lang='lat' dir='ltr'><strong>oporteret</strong></span> <span class='ocrx_word' id='word_1_137' title='bbox 440 849 449 863; x_wconf 87' lang='lat'>,</span> <span class='ocrx_word' id='word_1_138' title='bbox 464 829 496 859; x_wconf 89' lang='lat'>&amp;</span> <span class='ocrx_word' id='word_1_139' title='bbox 506 838 571 868; x_wconf 82' lang='lat' dir='ltr'>quae</span> <span class='ocrx_word' id='word_1_140' title='bbox 581 826 748 866; x_wconf 85' lang='lat' dir='ltr'>repudiari,</span> <span class='ocrx_word' id='word_1_141' title='bbox 760 825 839 856; x_wconf 75' lang='lat' dir='ltr'>certe</span> <span class='ocrx_word' id='word_1_142' title='bbox 849 827 908 856; x_wconf 91' lang='lat' dir='ltr'>hoc</span> <span class='ocrx_word' id='word_1_143' title='bbox 917 826 1015 866; x_wconf 84' lang='lat' dir='ltr'>ipsum</span> <span class='ocrx_word' id='word_1_144' title='bbox 1028 835 1066 855; x_wconf 88' lang='lat' dir='ltr'>ex</span> <span class='ocrx_word' id='word_1_145' title='bbox 1077 835 1140 872; x_wconf 74' lang='lat' dir='ltr'>quo</span> 
     </span>
     <span class='ocr_line' id='line_1_18' title="bbox 173 865 1140 911; baseline -0.005 -10"><span class='ocrx_word' id='word_1_146' title='bbox 173 884 269 904; x_wconf 81' lang='lat' dir='ltr'>omne</span> <span class='ocrx_word' id='word_1_147' title='bbox 285 874 346 903; x_wconf 78' lang='lat' dir='ltr'>veri</span> <span class='ocrx_word' id='word_1_148' title='bbox 356 870 493 911; x_wconf 73' lang='lat' dir='ltr'>,fatfique</span> <span class='ocrx_word' id='word_1_149' title='bbox 507 869 652 909; x_wconf 76' lang='lat' dir='ltr'>judicium</span> <span class='ocrx_word' id='word_1_150' title='bbox 662 866 734 897; x_wconf 81' lang='lat' dir='ltr'>effet</span> <span class='ocrx_word' id='word_1_151' title='bbox 743 887 751 901; x_wconf 86' lang='lat'>,</span> <span class='ocrx_word' id='word_1_152' title='bbox 773 869 923 907; x_wconf 81' lang='lat' dir='ltr'>percipere</span> <span class='ocrx_word' id='word_1_153' title='bbox 935 877 986 897; x_wconf 88' lang='lat' dir='ltr'>eos</span> <span class='ocrx_word' id='word_1_154' title='bbox 995 865 1140 897; x_wconf 87' lang='lat' dir='ltr'>debuisse.</span> 
     </span>
     <span class='ocr_line' id='line_1_19' title="bbox 175 909 1138 956; baseline -0.01 -9"><span class='ocrx_word' id='word_1_155' title='bbox 175 918 289 946; x_wconf 84' lang='lat' dir='ltr'>etenim</span> <span class='ocrx_word' id='word_1_156' title='bbox 307 915 368 945; x_wconf 94' lang='lat' dir='ltr'>duo</span> <span class='ocrx_word' id='word_1_157' title='bbox 381 912 437 942; x_wconf 79' lang='lat' dir='ltr'>esse</span> <span class='ocrx_word' id='word_1_158' title='bbox 456 913 519 941; x_wconf 80' lang='lat' dir='ltr'>haec</span> <span class='ocrx_word' id='word_1_159' title='bbox 538 912 672 940; x_wconf 86' lang='lat' dir='ltr'>maxima</span> <span class='ocrx_word' id='word_1_160' title='bbox 682 910 714 938; x_wconf 93' lang='lat' dir='ltr'>in</span> <span class='ocrx_word' id='word_1_161' title='bbox 731 909 940 949; x_wconf 79' lang='lat' dir='ltr'>philosophia,</span> <span class='ocrx_word' id='word_1_162' title='bbox 964 918 1138 956; x_wconf 43' lang='lat' dir='ltr'>iuni-cmxvi</span> 
     </span>
     <span class='ocr_line' id='line_1_20' title="bbox 172 949 1139 990; baseline -0.008 -2"><span class='ocrx_word' id='word_1_163' title='bbox 172 968 257 988; x_wconf 73' lang='lat' dir='ltr'>vniu</span> <span class='ocrx_word' id='word_1_164' title='bbox 272 978 280 990; x_wconf 89' lang='lat'>‚</span> <span class='ocrx_word' id='word_1_165' title='bbox 294 957 326 986; x_wconf 87' lang='lat'>&amp;</span> <span class='ocrx_word' id='word_1_166' title='bbox 336 964 446 985; x_wconf 78' lang='lat' dir='ltr'>FiNEM</span> <span class='ocrx_word' id='word_1_167' title='bbox 460 961 624 982; x_wconf 80' lang='lat' dir='ltr'>BONORUM</span> <span class='ocrx_word' id='word_1_168' title='bbox 634 971 641 985; x_wconf 91' lang='lat'>‚</span> <span class='ocrx_word' id='word_1_169' title='bbox 657 960 713 982; x_wconf 88' lang='lat' dir='ltr'>nec</span> <span class='ocrx_word' id='word_1_170' title='bbox 728 951 890 990; x_wconf 79' lang='lat' dir='ltr'>sapientem</span> <span class='ocrx_word' id='word_1_171' title='bbox 902 949 984 990; x_wconf 80' lang='lat' dir='ltr'>poffe</span> <span class='ocrx_word' id='word_1_172' title='bbox 994 949 1052 980; x_wconf 83' lang='lat' dir='ltr'>esse</span> <span class='ocrx_word' id='word_1_173' title='bbox 1064 970 1072 983; x_wconf 83' lang='lat'>,</span> <span class='ocrx_word' id='word_1_174' title='bbox 1087 961 1139 990; x_wconf 87' lang='lat' dir='ltr'>qui</span> 
     </span>
     <span class='ocr_line' id='line_1_21' title="bbox 175 993 1139 1038; baseline -0.008 -9"><span class='ocrx_word' id='word_1_175' title='bbox 175 1009 225 1030; x_wconf 85' lang='lat' dir='ltr'>aut</span> <span class='ocrx_word' id='word_1_176' title='bbox 244 1003 258 1019; x_wconf 87' lang='lat'>2</span> <span class='ocrx_word' id='word_1_177' title='bbox 269 994 470 1038; x_wconf 83' lang='lat' dir='ltr'>cognoscendi</span> <span class='ocrx_word' id='word_1_178' title='bbox 481 993 540 1024; x_wconf 82' lang='lat' dir='ltr'>effe</span> <span class='ocrx_word' id='word_1_179' title='bbox 549 996 674 1023; x_wconf 84' lang='lat' dir='ltr'>initium</span> <span class='ocrx_word' id='word_1_180' title='bbox 687 994 804 1035; x_wconf 85' lang='lat' dir='ltr'>ignoret</span> <span class='ocrx_word' id='word_1_181' title='bbox 816 1013 824 1027; x_wconf 90' lang='lat'>‚</span> <span class='ocrx_word' id='word_1_182' title='bbox 837 1002 887 1022; x_wconf 89' lang='lat' dir='ltr'>aut</span> <span class='ocrx_word' id='word_1_183' title='bbox 897 1001 1068 1022; x_wconf 83' lang='lat' dir='ltr'>extremum</span> <span class='ocrx_word' id='word_1_184' title='bbox 1085 1002 1139 1022; x_wconf 74' lang='lat' dir='ltr'>ex-</span> 
     </span>
     <span class='ocr_line' id='line_1_22' title="bbox 172 1033 1136 1082; baseline -0.006 -11"><span class='ocrx_word' id='word_1_185' title='bbox 172 1040 294 1082; x_wconf 88' lang='lat' dir='ltr'>petendi</span> <span class='ocrx_word' id='word_1_186' title='bbox 306 1059 315 1074; x_wconf 87' lang='lat'>‚</span> <span class='ocrx_word' id='word_1_187' title='bbox 338 1048 369 1069; x_wconf 89' lang='lat' dir='ltr'>ut</span> <span class='ocrx_word' id='word_1_188' title='bbox 382 1046 431 1068; x_wconf 89' lang='lat' dir='ltr'>aut</span> <span class='ocrx_word' id='word_1_189' title='bbox 443 1036 521 1066; x_wconf 87' lang='lat' dir='ltr'>unde</span> <span class='ocrx_word' id='word_1_190' title='bbox 531 1034 734 1075; x_wconf 87' lang='lat' dir='ltr'>proficiscatur</span> <span class='ocrx_word' id='word_1_191' title='bbox 744 1054 752 1068; x_wconf 91' lang='lat'><em>‚</em></span> <span class='ocrx_word' id='word_1_192' title='bbox 765 1044 814 1064; x_wconf 92' lang='lat' dir='ltr'>aut</span> <span class='ocrx_word' id='word_1_193' title='bbox 824 1033 886 1076; x_wconf 75' lang='lat' dir='ltr'>quo</span> <span class='ocrx_word' id='word_1_194' title='bbox 895 1034 1136 1082; x_wconf 84' lang='lat' dir='ltr'>perveniendum</span> 
     </span>
     <span class='ocr_line' id='line_1_23' title="bbox 174 1075 1138 1117; baseline -0.007 -4"><span class='ocrx_word' id='word_1_195' title='bbox 174 1081 227 1116; x_wconf 85' lang='lat' dir='ltr'>fit,</span> <span class='ocrx_word' id='word_1_196' title='bbox 246 1082 367 1112; x_wconf 88' lang='lat' dir='ltr'>nesciat.</span> <span class='ocrx_word' id='word_1_197' title='bbox 391 1080 452 1109; x_wconf 89' lang='lat' dir='ltr'>haec</span> <span class='ocrx_word' id='word_1_198' title='bbox 473 1087 573 1108; x_wconf 89' lang='lat' dir='ltr'>autem</span> <span class='ocrx_word' id='word_1_199' title='bbox 586 1077 691 1107; x_wconf 88' lang='lat' dir='ltr'>habere</span> <span class='ocrx_word' id='word_1_200' title='bbox 701 1077 808 1110; x_wconf 90' lang='lat' dir='ltr'>dubia,</span> <span class='ocrx_word' id='word_1_201' title='bbox 826 1087 923 1117; x_wconf 87' lang='lat' dir='ltr'>neque</span> <span class='ocrx_word' id='word_1_202' title='bbox 936 1078 980 1106; x_wconf 87' lang='lat' dir='ltr'>his</span> <span class='ocrx_word' id='word_1_203' title='bbox 991 1085 1031 1107; x_wconf 87' lang='lat' dir='ltr'>ita</span> <span class='ocrx_word' id='word_1_204' title='bbox 1040 1075 1138 1107; x_wconf 89' lang='lat' dir='ltr'>confi-</span> 
     </span>
    </p>
   </div>
   <div class='ocr_carea' id='block_1_3' title="bbox 172 1117 1138 1159">
    <p class='ocr_par' dir='ltr' id='par_1_3' title="bbox 172 1117 1138 1159">
     <span class='ocr_line' id='line_1_24' title="bbox 172 1117 1138 1159; baseline -0.005 -6"><span class='ocrx_word' id='word_1_205' title='bbox 172 1124 241 1155; x_wconf 80' lang='lat' dir='ltr'>dere</span> <span class='ocrx_word' id='word_1_206' title='bbox 254 1144 261 1157; x_wconf 88' lang='lat'>‚</span> <span class='ocrx_word' id='word_1_207' title='bbox 285 1132 317 1154; x_wconf 84' lang='lat' dir='ltr'>ut</span> <span class='ocrx_word' id='word_1_208' title='bbox 338 1122 458 1152; x_wconf 88' lang='lat' dir='ltr'>moveri</span> <span class='ocrx_word' id='word_1_209' title='bbox 471 1130 533 1150; x_wconf 89' lang='lat' dir='ltr'>non</span> <span class='ocrx_word' id='word_1_210' title='bbox 544 1117 652 1159; x_wconf 86' lang='lat' dir='ltr'>poffint</span> <span class='ocrx_word' id='word_1_211' title='bbox 665 1139 673 1152; x_wconf 88' lang='lat'>‚</span> <span class='ocrx_word' id='word_1_212' title='bbox 695 1120 852 1150; x_wconf 84' lang='lat' dir='ltr'>abhorrere</span> <span class='ocrx_word' id='word_1_213' title='bbox 864 1118 878 1148; x_wconf 80' lang='lat' dir='ltr'>a</span> <span class='ocrx_word' id='word_1_214' title='bbox 891 1119 1034 1158; x_wconf 84' lang='lat' dir='ltr'>sapientia</span> <span class='ocrx_word' id='word_1_215' title='bbox 1043 1119 1138 1158; x_wconf 88' lang='lat' dir='ltr'>pluri-</span> 
     </span>
    </p>
   </div>
   <div class='ocr_carea' id='block_1_4' title="bbox 169 1160 1136 1245">
    <p class='ocr_par' dir='ltr' id='par_1_4' title="bbox 169 1160 1136 1245">
     <span class='ocr_line' id='line_1_25' title="bbox 169 1160 1135 1208; baseline -0.008 -11"><span class='ocrx_word' id='word_1_216' title='bbox 169 1165 273 1196; x_wconf 75' lang='lat' dir='ltr'>mum.</span> <span class='ocrx_word' id='word_1_217' title='bbox 297 1167 366 1195; x_wconf 94' lang='lat' dir='ltr'>Hoc</span> <span class='ocrx_word' id='word_1_218' title='bbox 386 1165 476 1203; x_wconf 86' lang='lat' dir='ltr'>igitur</span> <span class='ocrx_word' id='word_1_219' title='bbox 494 1162 590 1192; x_wconf 86' lang='lat' dir='ltr'>modo</span> <span class='ocrx_word' id='word_1_220' title='bbox 611 1160 714 1201; x_wconf 74' lang='lat' dir='ltr'>potius</span> <span class='ocrx_word' id='word_1_221' title='bbox 734 1170 793 1191; x_wconf 88' lang='lat' dir='ltr'>erat</span> <span class='ocrx_word' id='word_1_222' title='bbox 806 1160 842 1190; x_wconf 88' lang='lat' dir='ltr'>ab</span> <span class='ocrx_word' id='word_1_223' title='bbox 851 1161 897 1190; x_wconf 87' lang='lat' dir='ltr'>his</span> <span class='ocrx_word' id='word_1_224' title='bbox 907 1160 1135 1208; x_wconf 78' lang='lat' dir='ltr'>postulandum,</span> 
     </span>
     <span class='ocr_line' id='line_1_26' title="bbox 169 1201 1136 1245; baseline -0.007 -7"><span class='ocrx_word' id='word_1_225' title='bbox 169 1217 204 1238; x_wconf 83' lang='lat' dir='ltr'>ut</span> <span class='ocrx_word' id='word_1_226' title='bbox 218 1210 275 1237; x_wconf 90' lang='lat' dir='ltr'>hoc</span> <span class='ocrx_word' id='word_1_227' title='bbox 288 1216 384 1237; x_wconf 92' lang='lat' dir='ltr'>unum</span> <span class='ocrx_word' id='word_1_228' title='bbox 400 1206 503 1235; x_wconf 90' lang='lat' dir='ltr'>saltem</span> <span class='ocrx_word' id='word_1_229' title='bbox 514 1224 522 1237; x_wconf 91' lang='lat'>‚</span> <span class='ocrx_word' id='word_1_230' title='bbox 542 1204 645 1245; x_wconf 82' lang='lat' dir='ltr'>percipi</span> <span class='ocrx_word' id='word_1_231' title='bbox 657 1203 727 1232; x_wconf 69' lang='lat' dir='ltr'>m‘ln&#39;l</span> <span class='ocrx_word' id='word_1_232' title='bbox 736 1202 808 1244; x_wconf 82' lang='lat' dir='ltr'>posse</span> <span class='ocrx_word' id='word_1_233' title='bbox 817 1222 826 1235; x_wconf 86' lang='lat'>,</span> <span class='ocrx_word' id='word_1_234' title='bbox 838 1211 1011 1242; x_wconf 86' lang='lat' dir='ltr'>perceptum</span> <span class='ocrx_word' id='word_1_235' title='bbox 1023 1201 1081 1232; x_wconf 79' lang='lat' dir='ltr'>efle</span> <span class='ocrx_word' id='word_1_236' title='bbox 1089 1203 1136 1232; x_wconf 89' lang='lat' dir='ltr'>di-</span> 
     </span>
    </p>
   </div>
   <div class='ocr_carea' id='block_1_5' title="bbox 170 1242 1137 1280">
    <p class='ocr_par' dir='ltr' id='par_1_5' title="bbox 170 1242 1137 1280">
     <span class='ocr_line' id='line_1_27' title="bbox 170 1242 1137 1280; baseline -0.006 0"><span class='ocrx_word' id='word_1_237' title='bbox 170 1259 280 1280; x_wconf 87' lang='lat' dir='ltr'>cerent.</span> <span class='ocrx_word' id='word_1_238' title='bbox 305 1248 360 1280; x_wconf 90' lang='lat' dir='ltr'>Sed</span> <span class='ocrx_word' id='word_1_239' title='bbox 371 1248 406 1277; x_wconf 90' lang='lat' dir='ltr'>de</span> <span class='ocrx_word' id='word_1_240' title='bbox 420 1246 616 1277; x_wconf 81' lang='lat' dir='ltr'>inconstantia</span> <span class='ocrx_word' id='word_1_241' title='bbox 627 1247 718 1275; x_wconf 81' lang='lat' dir='ltr'>totius</span> <span class='ocrx_word' id='word_1_242' title='bbox 727 1247 850 1275; x_wconf 84' lang='lat' dir='ltr'>illorum</span> <span class='ocrx_word' id='word_1_243' title='bbox 860 1245 1013 1274; x_wconf 81' lang='lat' dir='ltr'>sententia:</span> <span class='ocrx_word' id='word_1_244' title='bbox 1024 1264 1032 1278; x_wconf 93' lang='lat'>,</span> <span class='ocrx_word' id='word_1_245' title='bbox 1046 1242 1065 1274; x_wconf 88' lang='lat' dir='ltr'>fi</span> <span class='ocrx_word' id='word_1_246' title='bbox 1077 1245 1137 1275; x_wconf 86' lang='lat' dir='ltr'>ulla</span> 
     </span>
    </p>
   </div>
   <div class='ocr_carea' id='block_1_6' title="bbox 134 1286 1136 1494">
    <p class='ocr_par' dir='ltr' id='par_1_6' title="bbox 134 1286 1136 1494">
     <span class='ocr_line' id='line_1_28' title="bbox 170 1286 1136 1333; baseline -0.005 -11"><span class='ocrx_word' id='word_1_247' title='bbox 170 1292 316 1322; x_wconf 79' lang='lat' dir='ltr'>sententia</span> <span class='ocrx_word' id='word_1_248' title='bbox 324 1290 499 1330; x_wconf 77' lang='lat' dir='ltr'>cujusquam</span> <span class='ocrx_word' id='word_1_249' title='bbox 511 1286 569 1317; x_wconf 81' lang='lat' dir='ltr'>effe</span> <span class='ocrx_word' id='word_1_250' title='bbox 583 1286 680 1327; x_wconf 86' lang='lat' dir='ltr'>potest</span> <span class='ocrx_word' id='word_1_251' title='bbox 690 1287 768 1317; x_wconf 87' lang='lat' dir='ltr'>nihil</span> <span class='ocrx_word' id='word_1_252' title='bbox 778 1286 966 1326; x_wconf 84' lang='lat' dir='ltr'>approbantis</span> <span class='ocrx_word' id='word_1_253' title='bbox 979 1307 987 1320; x_wconf 86' lang='lat'>‚</span> <span class='ocrx_word' id='word_1_254' title='bbox 1012 1290 1024 1314; x_wconf 83' lang='lat'>3</span> <span class='ocrx_word' id='word_1_255' title='bbox 1038 1286 1070 1317; x_wconf 85' lang='lat' dir='ltr'>sit</span> <span class='ocrx_word' id='word_1_256' title='bbox 1080 1307 1089 1321; x_wconf 93' lang='lat'>,</span> <span class='ocrx_word' id='word_1_257' title='bbox 1104 1296 1136 1333; x_wconf 82' lang='lat' dir='ltr'>ut</span> 
     </span>
     <span class='ocr_line' id='line_1_29' title="bbox 172 1326 1134 1374; baseline -0.006 -10"><span class='ocrx_word' id='word_1_258' title='bbox 172 1336 300 1374; x_wconf 86' lang='lat' dir='ltr'>opinor,</span> <span class='ocrx_word' id='word_1_259' title='bbox 321 1326 438 1362; x_wconf 49' lang='lat' dir='ltr'>digium</span> <span class='ocrx_word' id='word_1_260' title='bbox 458 1331 534 1361; x_wconf 88' lang='lat' dir='ltr'>satis.</span> <span class='ocrx_word' id='word_1_261' title='bbox 558 1332 697 1370; x_wconf 88' lang='lat' dir='ltr'>Sequitur</span> <span class='ocrx_word' id='word_1_262' title='bbox 708 1329 867 1368; x_wconf 80' lang='lat' dir='ltr'>disputatio</span> <span class='ocrx_word' id='word_1_263' title='bbox 876 1329 996 1369; x_wconf 88' lang='lat' dir='ltr'>copiosa</span> <span class='ocrx_word' id='word_1_264' title='bbox 1007 1329 1134 1370; x_wconf 87' lang='lat' dir='ltr'>illaqui-</span> 
     </span>
     <span class='ocr_line' id='line_1_30' title="bbox 134 1357 1134 1414; baseline -0.005 -8"><span class='ocrx_word' id='word_1_265' title='bbox 134 1357 154 1380; x_wconf 91' lang='lat'>0</span> <span class='ocrx_word' id='word_1_266' title='bbox 169 1376 239 1406; x_wconf 89' lang='lat' dir='ltr'>dem</span> <span class='ocrx_word' id='word_1_267' title='bbox 253 1395 262 1409; x_wconf 91' lang='lat'>,</span> <span class='ocrx_word' id='word_1_268' title='bbox 282 1374 331 1405; x_wconf 89' lang='lat' dir='ltr'>sed</span> <span class='ocrx_word' id='word_1_269' title='bbox 350 1375 439 1414; x_wconf 75' lang='lat' dir='ltr'>paulo</span> <span class='ocrx_word' id='word_1_270' title='bbox 451 1370 615 1403; x_wconf 87' lang='lat' dir='ltr'>abstrufior.</span> <span class='ocrx_word' id='word_1_271' title='bbox 639 1371 727 1400; x_wconf 88' lang='lat' dir='ltr'>habet</span> <span class='ocrx_word' id='word_1_272' title='bbox 738 1372 821 1399; x_wconf 89' lang='lat' dir='ltr'>enim</span> <span class='ocrx_word' id='word_1_273' title='bbox 832 1371 1019 1411; x_wconf 84' lang='lat' dir='ltr'>aliquantum</span> <span class='ocrx_word' id='word_1_274' title='bbox 1029 1371 1045 1401; x_wconf 69' lang='lat' dir='ltr'>ii</span> <span class='ocrx_word' id='word_1_275' title='bbox 1057 1375 1134 1411; x_wconf 77' lang='lat' dir='ltr'>phy-</span> 
     </span>
     <span class='ocr_line' id='line_1_31' title="bbox 169 1412 1130 1456; baseline -0.005 -8"><span class='ocrx_word' id='word_1_276' title='bbox 169 1416 234 1448; x_wconf 81' lang='lat' dir='ltr'>sicis</span> <span class='ocrx_word' id='word_1_277' title='bbox 249 1428 254 1446; x_wconf 88' lang='lat'>:</span> <span class='ocrx_word' id='word_1_278' title='bbox 275 1426 307 1446; x_wconf 91' lang='lat' dir='ltr'>ut</span> <span class='ocrx_word' id='word_1_279' title='bbox 320 1425 436 1447; x_wconf 88' lang='lat' dir='ltr'>verear,</span> <span class='ocrx_word' id='word_1_280' title='bbox 466 1424 504 1443; x_wconf 90' lang='lat' dir='ltr'>ne</span> <span class='ocrx_word' id='word_1_281' title='bbox 518 1414 665 1452; x_wconf 80' lang='lat' dir='ltr'>majorem</span> <span class='ocrx_word' id='word_1_282' title='bbox 677 1412 781 1453; x_wconf 84' lang='lat' dir='ltr'>largiar</span> <span class='ocrx_word' id='word_1_283' title='bbox 791 1414 818 1441; x_wconf 87' lang='lat' dir='ltr'>ei</span> <span class='ocrx_word' id='word_1_284' title='bbox 829 1432 837 1445; x_wconf 78' lang='lat'>‚</span> <span class='ocrx_word' id='word_1_285' title='bbox 856 1416 908 1452; x_wconf 89' lang='lat' dir='ltr'>qui</span> <span class='ocrx_word' id='word_1_286' title='bbox 919 1412 1130 1456; x_wconf 58' lang='lat' dir='ltr'>contradififfl-</span> 
     </span>
     <span class='ocr_line' id='line_1_32' title="bbox 168 1453 1130 1494; baseline -0.005 -5"><span class='ocrx_word' id='word_1_287' title='bbox 168 1469 218 1490; x_wconf 87' lang='lat' dir='ltr'>rus</span> <span class='ocrx_word' id='word_1_288' title='bbox 241 1457 302 1491; x_wconf 86' lang='lat' dir='ltr'>est,</span> <span class='ocrx_word' id='word_1_289' title='bbox 321 1457 511 1488; x_wconf 85' lang='lat' dir='ltr'>libertatem,</span> <span class='ocrx_word' id='word_1_290' title='bbox 535 1455 567 1484; x_wconf 75' lang='grc' dir='ltr'>δε</span> <span class='ocrx_word' id='word_1_291' title='bbox 588 1455 752 1483; x_wconf 80' lang='lat' dir='ltr'>licentiam.</span> <span class='ocrx_word' id='word_1_292' title='bbox 776 1463 847 1482; x_wconf 88' lang='lat' dir='ltr'>nam</span> <span class='ocrx_word' id='word_1_293' title='bbox 869 1453 942 1494; x_wconf 89' lang='lat' dir='ltr'>quid</span> <span class='ocrx_word' id='word_1_294' title='bbox 954 1464 1023 1483; x_wconf 87' lang='lat' dir='ltr'>eum</span> <span class='ocrx_word' id='word_1_295' title='bbox 1035 1454 1130 1485; x_wconf 54' lang='lat' dir='ltr'>iastiu-</span> 
     </span>
    </p>
   </div>
   <div class='ocr_carea' id='block_1_7' title="bbox 165 1495 1153 1582">
    <p class='ocr_par' dir='ltr' id='par_1_7' title="bbox 165 1495 1153 1582">
     <span class='ocr_line' id='line_1_33' title="bbox 167 1495 1153 1540; baseline -0.007 -10"><span class='ocrx_word' id='word_1_296' title='bbox 167 1510 236 1531; x_wconf 86' lang='lat' dir='ltr'>rum</span> <span class='ocrx_word' id='word_1_297' title='bbox 247 1508 350 1540; x_wconf 88' lang='lat' dir='ltr'>putem</span> <span class='ocrx_word' id='word_1_298' title='bbox 361 1498 398 1527; x_wconf 90' lang='lat' dir='ltr'>de</span> <span class='ocrx_word' id='word_1_299' title='bbox 406 1497 514 1527; x_wconf 86' lang='lat' dir='ltr'>abditis</span> <span class='ocrx_word' id='word_1_300' title='bbox 526 1496 614 1525; x_wconf 87' lang='lat' dir='ltr'>rebus</span> <span class='ocrx_word' id='word_1_301' title='bbox 626 1515 634 1529; x_wconf 92' lang='lat'>,</span> <span class='ocrx_word' id='word_1_302' title='bbox 659 1496 692 1525; x_wconf 90' lang='lat'>&amp;</span> <span class='ocrx_word' id='word_1_303' title='bbox 702 1495 834 1525; x_wconf 86' lang='lat' dir='ltr'>obscuris</span> <span class='ocrx_word' id='word_1_304' title='bbox 847 1515 854 1528; x_wconf 92' lang='lat'>,</span> <span class='ocrx_word' id='word_1_305' title='bbox 866 1506 918 1536; x_wconf 86' lang='lat' dir='ltr'>qui</span> <span class='ocrx_word' id='word_1_306' title='bbox 933 1496 1022 1524; x_wconf 78' lang='lat' dir='ltr'>lucem</span> <span class='ocrx_word' id='word_1_307' title='bbox 1032 1498 1132 1537; x_wconf 74' lang='lat' dir='ltr'>eripere</span> <span class='ocrx_word' id='word_1_308' title='bbox 1152 1501 1153 1508; x_wconf 64' lang='lat'>¹</span> 
     </span>
     <span class='ocr_line' id='line_1_34' title="bbox 165 1536 1152 1582; baseline -0.005 -10"><span class='ocrx_word' id='word_1_309' title='bbox 165 1551 290 1573; x_wconf 89' lang='lat' dir='ltr'>conetur</span> <span class='ocrx_word' id='word_1_310' title='bbox 302 1544 313 1570; x_wconf 74' lang='grc' dir='ltr'><strong><em>ἓ</em></strong></span> <span class='ocrx_word' id='word_1_311' title='bbox 325 1539 380 1570; x_wconf 86' lang='lat' dir='ltr'>Sed</span> <span class='ocrx_word' id='word_1_312' title='bbox 391 1539 532 1579; x_wconf 87' lang='lat' dir='ltr'>disputari</span> <span class='ocrx_word' id='word_1_313' title='bbox 541 1545 656 1578; x_wconf 85' lang='lat' dir='ltr'>poterat</span> <span class='ocrx_word' id='word_1_314' title='bbox 666 1537 812 1567; x_wconf 75' lang='lat' dir='ltr'>subtiliter</span> <span class='ocrx_word' id='word_1_315' title='bbox 823 1556 831 1569; x_wconf 88' lang='lat'>‚</span> <span class='ocrx_word' id='word_1_316' title='bbox 845 1546 958 1577; x_wconf 88' lang='lat' dir='ltr'>quanto</span> <span class='ocrx_word' id='word_1_317' title='bbox 971 1536 1050 1577; x_wconf 87' lang='lat' dir='ltr'>quasi</span> <span class='ocrx_word' id='word_1_318' title='bbox 1062 1547 1131 1568; x_wconf 84' lang='lat' dir='ltr'>arti-</span> <span class='ocrx_word' id='word_1_319' title='bbox 1151 1578 1152 1582; x_wconf 14' lang='grc' dir='ltr'><strong>Ἰ</strong></span> 
     </span>
    </p>
   </div>
   <div class='ocr_carea' id='block_1_8' title="bbox 145 1578 1130 2505">
    <p class='ocr_par' dir='ltr' id='par_1_8' title="bbox 145 1578 1130 2505">
     <span class='ocr_line' id='line_1_35' title="bbox 166 1578 1130 1619; baseline -0.002 -6"><span class='ocrx_word' id='word_1_320' title='bbox 166 1583 236 1614; x_wconf 88' lang='lat' dir='ltr'>ficio</span> <span class='ocrx_word' id='word_1_321' title='bbox 255 1592 357 1612; x_wconf 86' lang='lat' dir='ltr'>natura</span> <span class='ocrx_word' id='word_1_322' title='bbox 375 1581 512 1611; x_wconf 84' lang='lat' dir='ltr'>fabricata</span> <span class='ocrx_word' id='word_1_323' title='bbox 534 1578 604 1610; x_wconf 81' lang='lat' dir='ltr'>ess&#39;et</span> <span class='ocrx_word' id='word_1_324' title='bbox 614 1579 749 1619; x_wconf 81' lang='lat' dir='ltr'>primum</span> <span class='ocrx_word' id='word_1_325' title='bbox 759 1579 867 1608; x_wconf 71' lang='lat' dir='ltr'>animas</span> <span class='ocrx_word' id='word_1_326' title='bbox 879 1589 973 1608; x_wconf 81' lang='lat' dir='ltr'>omne:</span> <span class='ocrx_word' id='word_1_327' title='bbox 991 1585 1008 1606; x_wconf 83' lang='lat'>4</span> <span class='ocrx_word' id='word_1_328' title='bbox 1020 1580 1130 1611; x_wconf 84' lang='lat' dir='ltr'>deinde</span> 
     </span>
     <span class='ocr_line' id='line_1_36' title="bbox 164 1619 1130 1663; baseline -0.002 -9"><span class='ocrx_word' id='word_1_329' title='bbox 164 1625 302 1655; x_wconf 87' lang='lat' dir='ltr'>hominem</span> <span class='ocrx_word' id='word_1_330' title='bbox 327 1623 478 1654; x_wconf 78' lang='lat' dir='ltr'>maxime:</span> <span class='ocrx_word' id='word_1_331' title='bbox 499 1632 566 1663; x_wconf 83' lang='lat' dir='ltr'>quae</span> <span class='ocrx_word' id='word_1_332' title='bbox 585 1631 630 1651; x_wconf 91' lang='lat' dir='ltr'>vis</span> <span class='ocrx_word' id='word_1_333' title='bbox 650 1619 909 1662; x_wconf 74' lang='lat' dir='ltr'>ess&#39;etinfhnfibm:</span> <span class='ocrx_word' id='word_1_334' title='bbox 928 1622 1130 1662; x_wconf 83' lang='lat' dir='ltr'>quemadmo—</span> 
     </span>
     <span class='ocr_line' id='line_1_37' title="bbox 165 1663 1128 1708; baseline -0.002 -11"><span class='ocrx_word' id='word_1_335' title='bbox 165 1668 238 1698; x_wconf 85' lang='lat' dir='ltr'>dum</span> <span class='ocrx_word' id='word_1_336' title='bbox 247 1668 340 1708; x_wconf 81' lang='lat' dir='ltr'>prima</span> <span class='ocrx_word' id='word_1_337' title='bbox 349 1666 413 1706; x_wconf 69' lang='lat' dir='ltr'>wfi‘</span> <span class='ocrx_word' id='word_1_338' title='bbox 423 1675 479 1695; x_wconf 89' lang='lat' dir='ltr'>nos</span> <span class='ocrx_word' id='word_1_339' title='bbox 491 1665 653 1704; x_wconf 86' lang='lat' dir='ltr'>pellerent:</span> <span class='ocrx_word' id='word_1_340' title='bbox 664 1663 774 1693; x_wconf 89' lang='lat' dir='ltr'>deinde</span> <span class='ocrx_word' id='word_1_341' title='bbox 783 1666 927 1704; x_wconf 83' lang='lat' dir='ltr'>appetitio</span> <span class='ocrx_word' id='word_1_342' title='bbox 941 1664 976 1693; x_wconf 86' lang='lat' dir='ltr'>ab</span> <span class='ocrx_word' id='word_1_343' title='bbox 990 1666 1036 1693; x_wconf 87' lang='lat' dir='ltr'>his</span> <span class='ocrx_word' id='word_1_344' title='bbox 1046 1665 1128 1704; x_wconf 85' lang='lat' dir='ltr'>pulsa</span> 
     </span>
     <span class='ocr_line' id='line_1_38' title="bbox 163 1706 1126 1750; baseline -0.003 -11"><span class='ocrx_word' id='word_1_345' title='bbox 163 1710 348 1750; x_wconf 83' lang='lat' dir='ltr'>sequeretur:</span> <span class='ocrx_word' id='word_1_346' title='bbox 369 1717 435 1737; x_wconf 86' lang='lat' dir='ltr'>tum</span> <span class='ocrx_word' id='word_1_347' title='bbox 460 1716 492 1737; x_wconf 89' lang='lat' dir='ltr'>ut</span> <span class='ocrx_word' id='word_1_348' title='bbox 512 1706 613 1736; x_wconf 88' lang='lat' dir='ltr'>sensus</span> <span class='ocrx_word' id='word_1_349' title='bbox 632 1707 666 1736; x_wconf 89' lang='lat' dir='ltr'>ad</span> <span class='ocrx_word' id='word_1_350' title='bbox 686 1706 946 1746; x_wconf 85' lang='lat' dir='ltr'>respercipiendas</span> <span class='ocrx_word' id='word_1_351' title='bbox 956 1708 1126 1747; x_wconf 83' lang='lat' dir='ltr'>intendere-</span> 
     </span>
     <span class='ocr_line' id='line_1_39' title="bbox 162 1747 1126 1789; baseline -0.003 -8"><span class='ocrx_word' id='word_1_352' title='bbox 162 1761 241 1782; x_wconf 83' lang='lat' dir='ltr'>mus.</span> <span class='ocrx_word' id='word_1_353' title='bbox 265 1753 355 1780; x_wconf 88' lang='lat' dir='ltr'>Mens</span> <span class='ocrx_word' id='word_1_354' title='bbox 375 1752 458 1779; x_wconf 89' lang='lat' dir='ltr'>enim</span> <span class='ocrx_word' id='word_1_355' title='bbox 481 1749 561 1788; x_wconf 86' lang='lat' dir='ltr'>ipsa,</span> <span class='ocrx_word' id='word_1_356' title='bbox 582 1747 921 1789; x_wconf 70' lang='lat' dir='ltr'>quaefhnsuumfonsest,</span> <span class='ocrx_word' id='word_1_357' title='bbox 941 1756 1027 1789; x_wconf 82' lang='lat' dir='ltr'>atque</span> <span class='ocrx_word' id='word_1_358' title='bbox 1036 1751 1126 1779; x_wconf 84' lang='lat' dir='ltr'>etiam</span> 
     </span>
     <span class='ocr_line' id='line_1_40' title="bbox 162 1790 1126 1833; baseline -0.003 -10"><span class='ocrx_word' id='word_1_359' title='bbox 162 1793 222 1833; x_wconf 86' lang='lat' dir='ltr'>ipsa</span> <span class='ocrx_word' id='word_1_360' title='bbox 232 1792 329 1822; x_wconf 90' lang='lat' dir='ltr'>sensus</span> <span class='ocrx_word' id='word_1_361' title='bbox 339 1790 382 1821; x_wconf 89' lang='lat' dir='ltr'>est</span> <span class='ocrx_word' id='word_1_362' title='bbox 392 1811 401 1825; x_wconf 82' lang='lat'>,</span> <span class='ocrx_word' id='word_1_363' title='bbox 418 1792 584 1822; x_wconf 81' lang='lat' dir='ltr'>naturalem</span> <span class='ocrx_word' id='word_1_364' title='bbox 596 1792 660 1820; x_wconf 87' lang='lat' dir='ltr'>vim</span> <span class='ocrx_word' id='word_1_365' title='bbox 670 1790 774 1823; x_wconf 87' lang='lat' dir='ltr'>habet,</span> <span class='ocrx_word' id='word_1_366' title='bbox 796 1800 887 1830; x_wconf 85' lang='lat' dir='ltr'>quam</span> <span class='ocrx_word' id='word_1_367' title='bbox 899 1790 1070 1820; x_wconf 87' lang='lat' dir='ltr'>intenditad</span> <span class='ocrx_word' id='word_1_368' title='bbox 1083 1801 1126 1825; x_wconf 88' lang='lat' dir='ltr'>ea,</span> 
     </span>
     <span class='ocr_line' id='line_1_41' title="bbox 161 1829 1126 1879; baseline -0.003 -14"><span class='ocrx_word' id='word_1_369' title='bbox 161 1835 271 1876; x_wconf 85' lang='lat' dir='ltr'>quibus</span> <span class='ocrx_word' id='word_1_370' title='bbox 293 1842 444 1863; x_wconf 87' lang='lat' dir='ltr'>movetur.</span> <span class='ocrx_word' id='word_1_371' title='bbox 467 1835 565 1873; x_wconf 87' lang='lat' dir='ltr'>itaque</span> <span class='ocrx_word' id='word_1_372' title='bbox 583 1832 640 1861; x_wconf 90' lang='lat' dir='ltr'>alia</span> <span class='ocrx_word' id='word_1_373' title='bbox 661 1831 721 1862; x_wconf 86' lang='lat' dir='ltr'>visa</span> <span class='ocrx_word' id='word_1_374' title='bbox 739 1829 905 1871; x_wconf 83' lang='lat' dir='ltr'>ficarripit‚</span> <span class='ocrx_word' id='word_1_375' title='bbox 930 1840 962 1861; x_wconf 93' lang='lat' dir='ltr'>ut</span> <span class='ocrx_word' id='word_1_376' title='bbox 973 1831 1126 1879; x_wconf 80' lang='lat' dir='ltr'>hisstatim</span> 
     </span>
     <span class='ocr_line' id='line_1_42' title="bbox 161 1872 1126 1920; baseline -0.005 -13"><span class='ocrx_word' id='word_1_377' title='bbox 161 1885 276 1907; x_wconf 88' lang='lat' dir='ltr'>utatur:</span> <span class='ocrx_word' id='word_1_378' title='bbox 302 1875 420 1916; x_wconf 71' lang='lat' dir='ltr'>faliqua</span> <span class='ocrx_word' id='word_1_379' title='bbox 442 1872 481 1904; x_wconf 90' lang='lat' dir='ltr'>sic</span> <span class='ocrx_word' id='word_1_380' title='bbox 499 1873 636 1904; x_wconf 82' lang='lat' dir='ltr'>recondit</span> <span class='ocrx_word' id='word_1_381' title='bbox 654 1885 662 1907; x_wconf 77' lang='lat'>3</span> <span class='ocrx_word' id='word_1_382' title='bbox 686 1874 703 1903; x_wconf 81' lang='grc' dir='ltr'>ὲ</span> <span class='ocrx_word' id='word_1_383' title='bbox 723 1872 833 1913; x_wconf 89' lang='lat' dir='ltr'>quibus</span> <span class='ocrx_word' id='word_1_384' title='bbox 854 1875 1003 1904; x_wconf 87' lang='lat' dir='ltr'>memoria</span> <span class='ocrx_word' id='word_1_385' title='bbox 1023 1882 1126 1920; x_wconf 83' lang='lat' dir='ltr'>oritur.</span> 
     </span>
     <span class='ocr_line' id='line_1_43' title="bbox 163 1913 1127 1956; baseline -0.004 -7"><span class='ocrx_word' id='word_1_386' title='bbox 163 1927 259 1949; x_wconf 90' lang='lat' dir='ltr'>cetera</span> <span class='ocrx_word' id='word_1_387' title='bbox 269 1927 370 1948; x_wconf 87' lang='lat' dir='ltr'>autem</span> <span class='ocrx_word' id='word_1_388' title='bbox 382 1915 632 1946; x_wconf 82' lang='lat' dir='ltr'>similitudinibus</span> <span class='ocrx_word' id='word_1_389' title='bbox 641 1914 808 1945; x_wconf 88' lang='lat' dir='ltr'>constituit:</span> <span class='ocrx_word' id='word_1_390' title='bbox 820 1925 857 1945; x_wconf 86' lang='lat' dir='ltr'>ex</span> <span class='ocrx_word' id='word_1_391' title='bbox 867 1916 976 1956; x_wconf 86' lang='lat' dir='ltr'>quibus</span> <span class='ocrx_word' id='word_1_392' title='bbox 987 1913 1127 1945; x_wconf 78' lang='lat' dir='ltr'>efficmn-</span> 
     </span>
     <span class='ocr_line' id='line_1_44' title="bbox 163 1957 1126 1994; baseline -0.005 -3"><span class='ocrx_word' id='word_1_393' title='bbox 163 1969 212 1991; x_wconf 91' lang='lat' dir='ltr'>tur</span> <span class='ocrx_word' id='word_1_394' title='bbox 232 1961 349 1990; x_wconf 85' lang='lat' dir='ltr'>notitiae</span> <span class='ocrx_word' id='word_1_395' title='bbox 370 1968 492 1990; x_wconf 83' lang='lat' dir='ltr'>rerum:</span> <span class='ocrx_word' id='word_1_396' title='bbox 511 1967 583 1994; x_wconf 81' lang='lat' dir='ltr'>quas</span> <span class='ocrx_word' id='word_1_397' title='bbox 604 1960 700 1987; x_wconf 79' lang='lat' dir='ltr'>Graeci</span> <span class='ocrx_word' id='word_1_398' title='bbox 719 1967 784 1987; x_wconf 86' lang='lat' dir='ltr'>tum</span> <span class='ocrx_word' id='word_1_399' title='bbox 804 1960 886 1987; x_wconf 53' lang='lat' dir='ltr'>ervom</span> <span class='ocrx_word' id='word_1_400' title='bbox 900 1977 908 1990; x_wconf 93' lang='lat'>‚</span> <span class='ocrx_word' id='word_1_401' title='bbox 925 1966 991 1987; x_wconf 83' lang='lat' dir='ltr'>tum</span> <span class='ocrx_word' id='word_1_402' title='bbox 1002 1957 1126 1992; x_wconf 56' lang='lat' dir='ltr'>rtem-EA,-</span> 
     </span>
     <span class='ocr_line' id='line_1_45' title="bbox 145 1992 1122 2040; baseline -0.002 -8"><span class='ocrx_word' id='word_1_403' title='bbox 145 1992 148 1994; x_wconf 10' lang='grc' dir='ltr'>μ</span> <span class='ocrx_word' id='word_1_404' title='bbox 163 2011 282 2032; x_wconf 87' lang='lat' dir='ltr'>vocant.</span> <span class='ocrx_word' id='word_1_405' title='bbox 306 2001 343 2031; x_wconf 77' lang='lat' dir='ltr'>eo</span> <span class='ocrx_word' id='word_1_406' title='bbox 361 2001 433 2031; x_wconf 76' lang='lat' dir='ltr'>cum</span> <span class='ocrx_word' id='word_1_407' title='bbox 454 1995 567 2031; x_wconf 71' lang='lat' dir='ltr'>acceilit</span> <span class='ocrx_word' id='word_1_408' title='bbox 585 2000 658 2029; x_wconf 83' lang='lat' dir='ltr'>ratio</span> <span class='ocrx_word' id='word_1_409' title='bbox 671 2020 681 2032; x_wconf 86' lang='lat'>,</span> <span class='ocrx_word' id='word_1_410' title='bbox 701 2000 929 2040; x_wconf 85' lang='lat' dir='ltr'>argumentique</span> <span class='ocrx_word' id='word_1_411' title='bbox 953 1999 1122 2034; x_wconf 87' lang='lat' dir='ltr'>conclusio,</span> 
     </span>
     <span class='ocr_line' id='line_1_46' title="bbox 161 2042 1124 2087; baseline -0.002 -13"><span class='ocrx_word' id='word_1_412' title='bbox 161 2054 325 2085; x_wconf 84' lang='lat' dir='ltr'>rerumque</span> <span class='ocrx_word' id='word_1_413' title='bbox 354 2042 625 2073; x_wconf 82' lang='lat' dir='ltr'>innumerabilium</span> <span class='ocrx_word' id='word_1_414' title='bbox 657 2042 824 2073; x_wconf 89' lang='lat' dir='ltr'>multitudo</span> <span class='ocrx_word' id='word_1_415' title='bbox 842 2061 851 2074; x_wconf 85' lang='lat'>‚</span> <span class='ocrx_word' id='word_1_416' title='bbox 881 2050 947 2072; x_wconf 90' lang='lat' dir='ltr'>tum</span> <span class='ocrx_word' id='word_1_417' title='bbox 972 2042 1004 2072; x_wconf 90' lang='lat'>&amp;</span> <span class='ocrx_word' id='word_1_418' title='bbox 1023 2051 1124 2087; x_wconf 78' lang='lat' dir='ltr'>perce-</span> 
     </span>
     <span class='ocr_line' id='line_1_47' title="bbox 161 2083 1121 2127; baseline -0.001 -12"><span class='ocrx_word' id='word_1_419' title='bbox 161 2087 229 2127; x_wconf 86' lang='lat' dir='ltr'>ptio</span> <span class='ocrx_word' id='word_1_420' title='bbox 247 2095 355 2115; x_wconf 87' lang='lat' dir='ltr'>eorum</span> <span class='ocrx_word' id='word_1_421' title='bbox 379 2087 522 2115; x_wconf 88' lang='lat' dir='ltr'>omnium</span> <span class='ocrx_word' id='word_1_422' title='bbox 545 2092 663 2124; x_wconf 88' lang='lat' dir='ltr'>apparet</span> <span class='ocrx_word' id='word_1_423' title='bbox 689 2104 698 2117; x_wconf 89' lang='lat'>,</span> <span class='ocrx_word' id='word_1_424' title='bbox 731 2083 764 2113; x_wconf 90' lang='lat'>&amp;</span> <span class='ocrx_word' id='word_1_425' title='bbox 788 2083 893 2113; x_wconf 88' lang='lat' dir='ltr'>eadem</span> <span class='ocrx_word' id='word_1_426' title='bbox 927 2086 1003 2113; x_wconf 86' lang='lat' dir='ltr'>ratio</span> <span class='ocrx_word' id='word_1_427' title='bbox 1024 2087 1121 2124; x_wconf 77' lang='lat' dir='ltr'>perie-</span> 
     </span>
     <span class='ocr_line' id='line_1_48' title="bbox 162 2125 1120 2174; baseline 0 -17"><span class='ocrx_word' id='word_1_428' title='bbox 162 2128 210 2158; x_wconf 66' lang='lat' dir='ltr'>&amp;a</span> <span class='ocrx_word' id='word_1_429' title='bbox 233 2129 280 2157; x_wconf 84' lang='lat' dir='ltr'>his</span> <span class='ocrx_word' id='word_1_430' title='bbox 300 2127 440 2168; x_wconf 85' lang='lat' dir='ltr'>gradibus</span> <span class='ocrx_word' id='word_1_431' title='bbox 465 2147 475 2161; x_wconf 94' lang='lat'>‚</span> <span class='ocrx_word' id='word_1_432' title='bbox 506 2126 542 2156; x_wconf 90' lang='lat' dir='ltr'>ad</span> <span class='ocrx_word' id='word_1_433' title='bbox 566 2127 737 2166; x_wconf 84' lang='lat' dir='ltr'>sapientiam</span> <span class='ocrx_word' id='word_1_434' title='bbox 757 2127 906 2165; x_wconf 81' lang='lat' dir='ltr'>pervenit.</span> <span class='ocrx_word' id='word_1_435' title='bbox 950 2125 997 2155; x_wconf 87' lang='lat' dir='ltr'>Ad</span> <span class='ocrx_word' id='word_1_436' title='bbox 1021 2136 1120 2174; x_wconf 79' lang='lat' dir='ltr'>rerum</span> 
     </span>
     <span class='ocr_line' id='line_1_49' title="bbox 158 2166 1120 2211; baseline -0.004 -11"><span class='ocrx_word' id='word_1_437' title='bbox 158 2171 249 2211; x_wconf 83' lang='lat' dir='ltr'>igitur</span> <span class='ocrx_word' id='word_1_438' title='bbox 269 2170 422 2200; x_wconf 81' lang='lat' dir='ltr'>scientiam</span> <span class='ocrx_word' id='word_1_439' title='bbox 453 2189 462 2202; x_wconf 93' lang='lat'><em>‚</em></span> <span class='ocrx_word' id='word_1_440' title='bbox 493 2171 622 2208; x_wconf 82' lang='lat' dir='ltr'>vitaeque</span> <span class='ocrx_word' id='word_1_441' title='bbox 640 2166 839 2198; x_wconf 85' lang='lat' dir='ltr'>constantiam</span> <span class='ocrx_word' id='word_1_442' title='bbox 871 2166 1018 2207; x_wconf 78' lang='lat' dir='ltr'>aptissima</span> <span class='ocrx_word' id='word_1_443' title='bbox 1049 2178 1120 2199; x_wconf 89' lang='lat' dir='ltr'>cum</span> 
     </span>
     <span class='ocr_line' id='line_1_50' title="bbox 159 2208 1121 2249; baseline -0.001 -7"><span class='ocrx_word' id='word_1_444' title='bbox 159 2212 194 2242; x_wconf 86' lang='lat' dir='ltr'>fit</span> <span class='ocrx_word' id='word_1_445' title='bbox 205 2221 291 2241; x_wconf 85' lang='lat' dir='ltr'>mens</span> <span class='ocrx_word' id='word_1_446' title='bbox 305 2213 440 2241; x_wconf 88' lang='lat' dir='ltr'>hominis</span> <span class='ocrx_word' id='word_1_447' title='bbox 454 2231 463 2244; x_wconf 91' lang='lat'>,</span> <span class='ocrx_word' id='word_1_448' title='bbox 475 2209 667 2249; x_wconf 60' lang='lat' dir='ltr'>amplcfftittir</span> <span class='ocrx_word' id='word_1_449' title='bbox 675 2210 812 2239; x_wconf 79' lang='lat' dir='ltr'>maxime</span> <span class='ocrx_word' id='word_1_450' title='bbox 822 2212 1031 2249; x_wconf 83' lang='lat' dir='ltr'>cognitionem</span> <span class='ocrx_word' id='word_1_451' title='bbox 1043 2221 1048 2238; x_wconf 78' lang='lat'>2</span> <span class='ocrx_word' id='word_1_452' title='bbox 1060 2208 1074 2229; x_wconf 85' lang='lat'><strong>⁶</strong></span> <span class='ocrx_word' id='word_1_453' title='bbox 1088 2211 1121 2241; x_wconf 89' lang='lat'>&amp;</span> 
     </span>
     <span class='ocr_line' id='line_1_51' title="bbox 158 2251 1121 2299; baseline 0.004 -21"><span class='ocrx_word' id='word_1_454' title='bbox 158 2253 245 2284; x_wconf 70' lang='lat' dir='ltr'>istam</span> <span class='ocrx_word' id='word_1_455' title='bbox 257 2254 409 2287; x_wconf 51' lang='grc' dir='ltr'>μετάληψιν,</span> <span class='ocrx_word' id='word_1_456' title='bbox 422 2263 525 2293; x_wconf 87' lang='lat' dir='ltr'>quam,</span> <span class='ocrx_word' id='word_1_457' title='bbox 537 2261 568 2281; x_wconf 90' lang='lat' dir='ltr'>ut</span> <span class='ocrx_word' id='word_1_458' title='bbox 579 2251 643 2281; x_wconf 86' lang='lat' dir='ltr'>dixi</span> <span class='ocrx_word' id='word_1_459' title='bbox 655 2271 662 2285; x_wconf 86' lang='lat'>,</span> <span class='ocrx_word' id='word_1_460' title='bbox 676 2251 803 2281; x_wconf 86' lang='lat' dir='ltr'>verbum</span> <span class='ocrx_word' id='word_1_461' title='bbox 815 2252 831 2281; x_wconf 80' lang='lat' dir='ltr'>e</span> <span class='ocrx_word' id='word_1_462' title='bbox 843 2252 935 2281; x_wconf 82' lang='lat' dir='ltr'>verbo</span> <span class='ocrx_word' id='word_1_463' title='bbox 945 2255 1121 2299; x_wconf 77' lang='lat' dir='ltr'>exprimen-</span> 
     </span>
     <span class='ocr_line' id='line_1_52' title="bbox 158 2292 1119 2337; baseline -0.001 -12"><span class='ocrx_word' id='word_1_464' title='bbox 158 2305 203 2326; x_wconf 91' lang='lat' dir='ltr'>tes</span> <span class='ocrx_word' id='word_1_465' title='bbox 214 2296 472 2337; x_wconf 76' lang='lat' dir='ltr'>comprehenfionem</span> <span class='ocrx_word' id='word_1_466' title='bbox 480 2295 616 2324; x_wconf 85' lang='lat' dir='ltr'>dicemus</span> <span class='ocrx_word' id='word_1_467' title='bbox 627 2313 634 2327; x_wconf 91' lang='lat'>,</span> <span class='ocrx_word' id='word_1_468' title='bbox 646 2292 717 2323; x_wconf 76' lang='lat' dir='ltr'>cum</span> <span class='ocrx_word' id='word_1_469' title='bbox 727 2294 820 2332; x_wconf 71' lang='lat' dir='ltr'>ipsam</span> <span class='ocrx_word' id='word_1_470' title='bbox 832 2294 920 2333; x_wconf 86' lang='lat' dir='ltr'>perse</span> <span class='ocrx_word' id='word_1_471' title='bbox 930 2303 1008 2324; x_wconf 89' lang='lat' dir='ltr'>amat</span> <span class='ocrx_word' id='word_1_472' title='bbox 1021 2294 1029 2332; x_wconf 91' lang='lat'>(</span> <span class='ocrx_word' id='word_1_473' title='bbox 1040 2295 1119 2324; x_wconf 81' lang='lat' dir='ltr'>nihil</span> 
     </span>
     <span class='ocr_line' id='line_1_53' title="bbox 156 2336 1118 2376; baseline -0.004 -8"><span class='ocrx_word' id='word_1_474' title='bbox 156 2337 199 2368; x_wconf 82' lang='lat' dir='ltr'>est</span> <span class='ocrx_word' id='word_1_475' title='bbox 215 2347 299 2367; x_wconf 81' lang='lat' dir='ltr'>enim</span> <span class='ocrx_word' id='word_1_476' title='bbox 310 2340 337 2367; x_wconf 86' lang='lat' dir='ltr'>ei</span> <span class='ocrx_word' id='word_1_477' title='bbox 350 2338 483 2366; x_wconf 71' lang='lat' dir='ltr'>veritatis</span> <span class='ocrx_word' id='word_1_478' title='bbox 492 2337 555 2366; x_wconf 71' lang='lat' dir='ltr'>luce</span> <span class='ocrx_word' id='word_1_479' title='bbox 564 2336 681 2365; x_wconf 87' lang='lat' dir='ltr'>dulcius</span> <span class='ocrx_word' id='word_1_480' title='bbox 693 2336 702 2375; x_wconf 96' lang='lat'><em>)</em></span> <span class='ocrx_word' id='word_1_481' title='bbox 714 2344 777 2365; x_wconf 87' lang='lat' dir='ltr'>tum</span> <span class='ocrx_word' id='word_1_482' title='bbox 790 2338 878 2365; x_wconf 85' lang='lat' dir='ltr'>etiam</span> <span class='ocrx_word' id='word_1_483' title='bbox 888 2345 1009 2376; x_wconf 88' lang='lat' dir='ltr'>propter</span> <span class='ocrx_word' id='word_1_484' title='bbox 1020 2336 1118 2366; x_wconf 87' lang='lat' dir='ltr'>usum.</span> 
     </span>
     <span class='ocr_line' id='line_1_54' title="bbox 157 2375 1118 2420; baseline -0.001 -11"><span class='ocrx_word' id='word_1_485' title='bbox 157 2389 299 2420; x_wconf 87' lang='lat' dir='ltr'>quocirca</span> <span class='ocrx_word' id='word_1_486' title='bbox 309 2379 341 2409; x_wconf 91' lang='lat'>&amp;</span> <span class='ocrx_word' id='word_1_487' title='bbox 354 2378 483 2409; x_wconf 82' lang='lat' dir='ltr'>sensibus</span> <span class='ocrx_word' id='word_1_488' title='bbox 494 2388 586 2408; x_wconf 85' lang='lat' dir='ltr'>utitur</span> <span class='ocrx_word' id='word_1_489' title='bbox 598 2389 602 2406; x_wconf 76' lang='lat' dir='ltr'>z</span> <span class='ocrx_word' id='word_1_490' title='bbox 617 2378 650 2407; x_wconf 89' lang='lat'>&amp;</span> <span class='ocrx_word' id='word_1_491' title='bbox 660 2379 746 2407; x_wconf 80' lang='lat' dir='ltr'>arteis</span> <span class='ocrx_word' id='word_1_492' title='bbox 755 2375 859 2410; x_wconf 83' lang='lat' dir='ltr'>efficit,</span> <span class='ocrx_word' id='word_1_493' title='bbox 875 2377 955 2418; x_wconf 81' lang='lat' dir='ltr'>quasi</span> <span class='ocrx_word' id='word_1_494' title='bbox 965 2378 1066 2408; x_wconf 84' lang='lat' dir='ltr'>sensus</span> <span class='ocrx_word' id='word_1_495' title='bbox 1077 2379 1118 2408; x_wconf 80' lang='lat' dir='ltr'>al-</span> 
     </span>
     <span class='ocr_line' id='line_1_55' title="bbox 157 2420 1117 2461; baseline -0.001 -10"><span class='ocrx_word' id='word_1_496' title='bbox 157 2430 237 2451; x_wconf 84' lang='lat' dir='ltr'>teros</span> <span class='ocrx_word' id='word_1_497' title='bbox 250 2432 255 2449; x_wconf 87' lang='lat'>:</span> <span class='ocrx_word' id='word_1_498' title='bbox 268 2421 300 2450; x_wconf 90' lang='lat'>&amp;</span> <span class='ocrx_word' id='word_1_499' title='bbox 311 2421 405 2461; x_wconf 87' lang='lat' dir='ltr'>usque</span> <span class='ocrx_word' id='word_1_500' title='bbox 415 2420 452 2450; x_wconf 79' lang='lat' dir='ltr'>eo</span> <span class='ocrx_word' id='word_1_501' title='bbox 462 2420 686 2460; x_wconf 84' lang='lat' dir='ltr'>philosophiam</span> <span class='ocrx_word' id='word_1_502' title='bbox 697 2420 788 2459; x_wconf 87' lang='lat' dir='ltr'>ipsam</span> <span class='ocrx_word' id='word_1_503' title='bbox 804 2421 996 2453; x_wconf 84' lang='lat' dir='ltr'>corroborat,</span> <span class='ocrx_word' id='word_1_504' title='bbox 1012 2430 1045 2450; x_wconf 90' lang='lat' dir='ltr'>ut</span> <span class='ocrx_word' id='word_1_505' title='bbox 1057 2423 1117 2450; x_wconf 86' lang='lat' dir='ltr'>vir-</span> 
     </span>
     <span class='ocr_line' id='line_1_56' title="bbox 156 2460 1115 2505; baseline -0.001 -12"><span class='ocrx_word' id='word_1_506' title='bbox 156 2472 251 2494; x_wconf 87' lang='lat' dir='ltr'>tutem</span> <span class='ocrx_word' id='word_1_507' title='bbox 262 2461 371 2493; x_wconf 69' lang='lat' dir='ltr'>efficiat</span> <span class='ocrx_word' id='word_1_508' title='bbox 384 2482 394 2496; x_wconf 92' lang='lat'>,</span> <span class='ocrx_word' id='word_1_509' title='bbox 415 2472 453 2493; x_wconf 82' lang='lat' dir='ltr'>ex</span> <span class='ocrx_word' id='word_1_510' title='bbox 465 2473 522 2504; x_wconf 85' lang='lat' dir='ltr'>qua</span> <span class='ocrx_word' id='word_1_511' title='bbox 532 2472 562 2492; x_wconf 82' lang='lat' dir='ltr'>re</span> <span class='ocrx_word' id='word_1_512' title='bbox 574 2471 631 2492; x_wconf 89' lang='lat' dir='ltr'>una</span> <span class='ocrx_word' id='word_1_513' title='bbox 645 2470 705 2492; x_wconf 89' lang='lat' dir='ltr'>vita</span> <span class='ocrx_word' id='word_1_514' title='bbox 718 2464 823 2492; x_wconf 81' lang='lat' dir='ltr'>omnis</span> <span class='ocrx_word' id='word_1_515' title='bbox 832 2471 897 2502; x_wconf 86' lang='lat' dir='ltr'>apta</span> <span class='ocrx_word' id='word_1_516' title='bbox 910 2460 954 2493; x_wconf 83' lang='lat' dir='ltr'>sit.</span> <span class='ocrx_word' id='word_1_517' title='bbox 981 2465 1062 2505; x_wconf 83' lang='lat' dir='ltr'>Ergo</span> <span class='ocrx_word' id='word_1_518' title='bbox 1072 2464 1115 2498; x_wconf 87' lang='lat' dir='ltr'>hi,</span> 
     </span>
    </p>
   </div>
   <div class='ocr_carea' id='block_1_9' title="bbox 472 116 1828 182">
    <p class='ocr_par' dir='ltr' id='par_1_9' title="bbox 472 116 1828 182">
     <span class='ocr_line' id='line_1_57' title="bbox 472 116 1828 182; baseline 0.009 -17"><span class='ocrx_word' id='word_1_519' title='bbox 472 116 1494 182; x_wconf 77' lang='lat' dir='ltr'>ACADEM.QAEST10NUM,</span> <span class='ocrx_word' id='word_1_520' title='bbox 1565 128 1714 175; x_wconf 77' lang='lat' dir='ltr'>L1n.</span> <span class='ocrx_word' id='word_1_521' title='bbox 1766 130 1828 177; x_wconf 85' lang='lat'>11.</span> 
     </span>
    </p>
   </div>
   <div class='ocr_carea' id='block_1_10' title="bbox 2059 137 2157 199">
    <p class='ocr_par' dir='ltr' id='par_1_10' title="bbox 2059 137 2157 199">
     <span class='ocr_line' id='line_1_58' title="bbox 2059 137 2157 199; baseline 0.02 -16"><span class='ocrx_word' id='word_1_522' title='bbox 2059 137 2157 199; x_wconf 82' lang='lat'>981·</span> 
     </span>
    </p>
   </div>
   <div class='ocr_carea' id='block_1_11' title="bbox 1164 205 2154 2546">
    <p class='ocr_par' dir='ltr' id='par_1_11' title="bbox 1164 205 2154 2512">
     <span class='ocr_line' id='line_1_59' title="bbox 1169 205 2154 254; baseline 0.015 -22"><span class='ocrx_word' id='word_1_523' title='bbox 1169 210 1171 236; x_wconf 61' lang='grc' dir='ltr'><strong>ε</strong></span> <span class='ocrx_word' id='word_1_524' title='bbox 1193 205 1247 244; x_wconf 85' lang='lat' dir='ltr'>qui</span> <span class='ocrx_word' id='word_1_525' title='bbox 1268 214 1376 247; x_wconf 87' lang='lat' dir='ltr'>negant</span> <span class='ocrx_word' id='word_1_526' title='bbox 1394 205 1559 247; x_wconf 85' lang='lat' dir='ltr'>quidquam</span> <span class='ocrx_word' id='word_1_527' title='bbox 1577 207 1660 249; x_wconf 86' lang='lat' dir='ltr'>poffe</span> <span class='ocrx_word' id='word_1_528' title='bbox 1678 211 1897 251; x_wconf 82' lang='lat' dir='ltr'>comprehendi</span> <span class='ocrx_word' id='word_1_529' title='bbox 1908 233 1917 247; x_wconf 88' lang='lat'><strong>.</strong></span> <span class='ocrx_word' id='word_1_530' title='bbox 1934 213 1998 245; x_wconf 86' lang='lat' dir='ltr'>haec</span> <span class='ocrx_word' id='word_1_531' title='bbox 2015 213 2076 254; x_wconf 86' lang='lat' dir='ltr'>ipsa</span> <span class='ocrx_word' id='word_1_532' title='bbox 2095 217 2154 246; x_wconf 86' lang='lat' dir='ltr'>eri-</span> 
     </span>
     <span class='ocr_line' id='line_1_60' title="bbox 1191 246 2152 297; baseline 0.016 -23"><span class='ocrx_word' id='word_1_533' title='bbox 1191 248 1281 285; x_wconf 90' lang='lat' dir='ltr'>piunt</span> <span class='ocrx_word' id='word_1_534' title='bbox 1299 248 1347 276; x_wconf 89' lang='lat' dir='ltr'>vel</span> <span class='ocrx_word' id='word_1_535' title='bbox 1371 246 1588 284; x_wconf 77' lang='lat' dir='ltr'>instrumenta,</span> <span class='ocrx_word' id='word_1_536' title='bbox 1608 252 1658 282; x_wconf 92' lang='lat' dir='ltr'>vel</span> <span class='ocrx_word' id='word_1_537' title='bbox 1681 262 1859 286; x_wconf 83' lang='lat' dir='ltr'>ornamenta</span> <span class='ocrx_word' id='word_1_538' title='bbox 1875 257 1962 286; x_wconf 87' lang='lat' dir='ltr'>vitae:</span> <span class='ocrx_word' id='word_1_539' title='bbox 1981 258 2030 287; x_wconf 87' lang='lat' dir='ltr'>vel</span> <span class='ocrx_word' id='word_1_540' title='bbox 2048 257 2152 297; x_wconf 73' lang='lat' dir='ltr'>potius</span> 
     </span>
     <span class='ocr_line' id='line_1_61' title="bbox 1192 289 2149 339; baseline 0.015 -23"><span class='ocrx_word' id='word_1_541' title='bbox 1192 289 1281 317; x_wconf 88' lang='lat' dir='ltr'>etiam</span> <span class='ocrx_word' id='word_1_542' title='bbox 1302 296 1395 318; x_wconf 78' lang='lat' dir='ltr'>totam</span> <span class='ocrx_word' id='word_1_543' title='bbox 1410 290 1509 319; x_wconf 72' lang='lat' dir='ltr'>vitam</span> <span class='ocrx_word' id='word_1_544' title='bbox 1526 300 1659 323; x_wconf 74' lang='lat' dir='ltr'>evertunt</span> <span class='ocrx_word' id='word_1_545' title='bbox 1682 293 1822 326; x_wconf 78' lang='lat' dir='ltr'>funditus</span> <span class='ocrx_word' id='word_1_546' title='bbox 1837 317 1845 330; x_wconf 86' lang='lat'>,</span> <span class='ocrx_word' id='word_1_547' title='bbox 1866 297 2026 339; x_wconf 86' lang='lat' dir='ltr'>ipsumque</span> <span class='ocrx_word' id='word_1_548' title='bbox 2035 300 2149 330; x_wconf 88' lang='lat' dir='ltr'>animal</span> 
     </span>
     <span class='ocr_line' id='line_1_62' title="bbox 1190 328 2154 381; baseline 0.016 -24"><span class='ocrx_word' id='word_1_549' title='bbox 1190 328 1296 360; x_wconf 80' lang='lat' dir='ltr'>orbant</span> <span class='ocrx_word' id='word_1_550' title='bbox 1305 340 1410 360; x_wconf 84' lang='lat' dir='ltr'>animo</span> <span class='ocrx_word' id='word_1_551' title='bbox 1422 342 1427 360; x_wconf 87' lang='grc'>;</span> <span class='ocrx_word' id='word_1_552' title='bbox 1442 341 1474 362; x_wconf 90' lang='lat' dir='ltr'>ut</span> <span class='ocrx_word' id='word_1_553' title='bbox 1484 332 1609 364; x_wconf 84' lang='lat' dir='ltr'>difficile</span> <span class='ocrx_word' id='word_1_554' title='bbox 1618 334 1654 366; x_wconf 85' lang='lat' dir='ltr'>sit</span> <span class='ocrx_word' id='word_1_555' title='bbox 1663 336 1699 366; x_wconf 91' lang='lat' dir='ltr'>de</span> <span class='ocrx_word' id='word_1_556' title='bbox 1709 340 1874 369; x_wconf 88' lang='lat' dir='ltr'>temeritate</span> <span class='ocrx_word' id='word_1_557' title='bbox 1887 349 1994 370; x_wconf 81' lang='lat' dir='ltr'>eomm</span> <span class='ocrx_word' id='word_1_558' title='bbox 2005 361 2014 374; x_wconf 97' lang='lat'>‚</span> <span class='ocrx_word' id='word_1_559' title='bbox 2025 341 2154 381; x_wconf 81' lang='lat' dir='ltr'>perinde</span> 
     </span>
     <span class='ocr_line' id='line_1_63' title="bbox 1190 371 2153 423; baseline 0.016 -24"><span class='ocrx_word' id='word_1_560' title='bbox 1190 379 1224 400; x_wconf 87' lang='lat' dir='ltr'>ut</span> <span class='ocrx_word' id='word_1_561' title='bbox 1242 371 1325 401; x_wconf 85' lang='lat' dir='ltr'>causa</span> <span class='ocrx_word' id='word_1_562' title='bbox 1343 372 1473 412; x_wconf 84' lang='lat' dir='ltr'>postulat</span> <span class='ocrx_word' id='word_1_563' title='bbox 1484 394 1493 407; x_wconf 74' lang='lat'>‚</span> <span class='ocrx_word' id='word_1_564' title='bbox 1512 375 1618 406; x_wconf 85' lang='lat' dir='ltr'>dicere.</span> <span class='ocrx_word' id='word_1_565' title='bbox 1644 379 1710 409; x_wconf 81' lang='lat' dir='ltr'>Nec</span> <span class='ocrx_word' id='word_1_566' title='bbox 1728 378 1800 409; x_wconf 75' lang='lat' dir='ltr'>vero</span> <span class='ocrx_word' id='word_1_567' title='bbox 1810 381 1877 411; x_wconf 88' lang='lat' dir='ltr'>satis</span> <span class='ocrx_word' id='word_1_568' title='bbox 1889 381 2071 413; x_wconf 87' lang='lat' dir='ltr'>constituere</span> <span class='ocrx_word' id='word_1_569' title='bbox 2081 383 2153 423; x_wconf 87' lang='lat' dir='ltr'>pos-</span> 
     </span>
     <span class='ocr_line' id='line_1_64' title="bbox 1189 411 2151 462; baseline 0.016 -22"><span class='ocrx_word' id='word_1_570' title='bbox 1189 411 1255 441; x_wconf 76' lang='lat' dir='ltr'>sum</span> <span class='ocrx_word' id='word_1_571' title='bbox 1271 433 1281 446; x_wconf 83' lang='lat'>,</span> <span class='ocrx_word' id='word_1_572' title='bbox 1289 413 1371 453; x_wconf 86' lang='lat' dir='ltr'>quod</span> <span class='ocrx_word' id='word_1_573' title='bbox 1381 413 1415 444; x_wconf 87' lang='lat' dir='ltr'>sit</span> <span class='ocrx_word' id='word_1_574' title='bbox 1423 424 1528 445; x_wconf 85' lang='lat' dir='ltr'>eorum</span> <span class='ocrx_word' id='word_1_575' title='bbox 1536 417 1709 454; x_wconf 81' lang='lat' dir='ltr'>consilium,</span> <span class='ocrx_word' id='word_1_576' title='bbox 1720 430 1769 451; x_wconf 86' lang='lat' dir='ltr'>aut</span> <span class='ocrx_word' id='word_1_577' title='bbox 1777 422 1850 462; x_wconf 88' lang='lat' dir='ltr'>quid</span> <span class='ocrx_word' id='word_1_578' title='bbox 1860 423 1965 453; x_wconf 85' lang='lat' dir='ltr'>velint.</span> <span class='ocrx_word' id='word_1_579' title='bbox 1988 426 2151 455; x_wconf 83' lang='lat' dir='ltr'>Interdum</span> 
     </span>
     <span class='ocr_line' id='line_1_65' title="bbox 1189 455 2147 503; baseline 0.019 -22"><span class='ocrx_word' id='word_1_580' title='bbox 1189 455 1273 483; x_wconf 90' lang='lat' dir='ltr'>enim</span> <span class='ocrx_word' id='word_1_581' title='bbox 1284 464 1355 484; x_wconf 92' lang='lat' dir='ltr'>cum</span> <span class='ocrx_word' id='word_1_582' title='bbox 1365 455 1544 487; x_wconf 86' lang='lat' dir='ltr'>adhibemus</span> <span class='ocrx_word' id='word_1_583' title='bbox 1554 459 1589 488; x_wconf 86' lang='lat' dir='ltr'>ad</span> <span class='ocrx_word' id='word_1_584' title='bbox 1600 470 1651 490; x_wconf 89' lang='lat' dir='ltr'>eos</span> <span class='ocrx_word' id='word_1_585' title='bbox 1662 465 1833 494; x_wconf 87' lang='lat' dir='ltr'>orationem</span> <span class='ocrx_word' id='word_1_586' title='bbox 1846 464 2039 503; x_wconf 84' lang='lat' dir='ltr'>hujusmodi:</span> <span class='ocrx_word' id='word_1_587' title='bbox 2061 466 2094 497; x_wconf 78' lang='lat' dir='ltr'>Si</span> <span class='ocrx_word' id='word_1_588' title='bbox 2105 477 2147 499; x_wconf 79' lang='lat' dir='ltr'>ea,</span> 
     </span>
     <span class='ocr_line' id='line_1_66' title="bbox 1188 495 2148 545; baseline 0.019 -24"><span class='ocrx_word' id='word_1_589' title='bbox 1188 504 1248 535; x_wconf 66' lang='lat' dir='ltr'>qua</span> <span class='ocrx_word' id='word_1_590' title='bbox 1265 495 1437 534; x_wconf 75' lang='lat' dir='ltr'>disputentur</span> <span class='ocrx_word' id='word_1_591' title='bbox 1448 517 1456 531; x_wconf 93' lang='lat'>,</span> <span class='ocrx_word' id='word_1_592' title='bbox 1477 509 1545 528; x_wconf 73' lang='lat' dir='ltr'>vera</span> <span class='ocrx_word' id='word_1_593' title='bbox 1562 501 1698 542; x_wconf 66' lang='lat' dir='ltr'>morisim,</span> <span class='ocrx_word' id='word_1_594' title='bbox 1721 507 1948 545; x_wconf 78' lang='lat' dir='ltr'>tumomniasore</span> <span class='ocrx_word' id='word_1_595' title='bbox 1957 509 2083 537; x_wconf 79' lang='lat' dir='ltr'>incerta:</span> <span class='ocrx_word' id='word_1_596' title='bbox 2101 519 2148 538; x_wconf 86' lang='lat' dir='ltr'>re-</span> 
     </span>
     <span class='ocr_line' id='line_1_67' title="bbox 1187 537 2148 590; baseline 0.018 -25"><span class='ocrx_word' id='word_1_597' title='bbox 1187 537 1357 576; x_wconf 84' lang='lat' dir='ltr'>spondent,</span> <span class='ocrx_word' id='word_1_598' title='bbox 1379 538 1463 579; x_wconf 81' lang='lat' dir='ltr'>Qid</span> <span class='ocrx_word' id='word_1_599' title='bbox 1480 551 1540 581; x_wconf 79' lang='lat' dir='ltr'>ergo</span> <span class='ocrx_word' id='word_1_600' title='bbox 1559 542 1630 577; x_wconf 70' lang='lat' dir='ltr'>istud</span> <span class='ocrx_word' id='word_1_601' title='bbox 1646 544 1685 573; x_wconf 85' lang='lat' dir='ltr'>ad</span> <span class='ocrx_word' id='word_1_602' title='bbox 1702 550 1768 575; x_wconf 77' lang='lat' dir='ltr'>nos?</span> <span class='ocrx_word' id='word_1_603' title='bbox 1790 557 1866 577; x_wconf 90' lang='lat' dir='ltr'>num</span> <span class='ocrx_word' id='word_1_604' title='bbox 1887 548 1986 579; x_wconf 86' lang='lat' dir='ltr'>nostra</span> <span class='ocrx_word' id='word_1_605' title='bbox 1998 550 2148 590; x_wconf 81' lang='lat' dir='ltr'>culpaest?</span> 
     </span>
     <span class='ocr_line' id='line_1_68' title="bbox 1186 582 2149 625; baseline 0.018 -19"><span class='ocrx_word' id='word_1_606' title='bbox 1186 587 1322 609; x_wconf 88' lang='lat' dir='ltr'>naturam</span> <span class='ocrx_word' id='word_1_607' title='bbox 1341 582 1461 614; x_wconf 83' lang='lat' dir='ltr'>accusa,</span> <span class='ocrx_word' id='word_1_608' title='bbox 1486 592 1551 621; x_wconf 71' lang='lat' dir='ltr'>quae</span> <span class='ocrx_word' id='word_1_609' title='bbox 1575 587 1608 614; x_wconf 88' lang='lat' dir='ltr'>in</span> <span class='ocrx_word' id='word_1_610' title='bbox 1630 586 1783 625; x_wconf 82' lang='lat' dir='ltr'>profundo</span> <span class='ocrx_word' id='word_1_611' title='bbox 1792 591 1969 624; x_wconf 88' lang='lat' dir='ltr'>veritatem,</span> <span class='ocrx_word' id='word_1_612' title='bbox 1988 600 2021 621; x_wconf 91' lang='lat' dir='ltr'>ut</span> <span class='ocrx_word' id='word_1_613' title='bbox 2031 594 2071 621; x_wconf 87' lang='lat' dir='ltr'>ait</span> <span class='ocrx_word' id='word_1_614' title='bbox 2082 594 2149 622; x_wconf 87' lang='lat' dir='ltr'>De-</span> 
     </span>
     <span class='ocr_line' id='line_1_69' title="bbox 1186 621 2147 674; baseline 0.018 -27"><span class='ocrx_word' id='word_1_615' title='bbox 1186 622 1333 650; x_wconf 86' lang='lat' dir='ltr'>mocritus</span> <span class='ocrx_word' id='word_1_616' title='bbox 1343 640 1351 654; x_wconf 87' lang='lat'><em>‚</em></span> <span class='ocrx_word' id='word_1_617' title='bbox 1375 621 1495 661; x_wconf 78' lang='lat' dir='ltr'>penitus</span> <span class='ocrx_word' id='word_1_618' title='bbox 1505 624 1681 657; x_wconf 80' lang='lat' dir='ltr'>abstruserit.</span> <span class='ocrx_word' id='word_1_619' title='bbox 1705 630 1768 660; x_wconf 84' lang='lat' dir='ltr'>Alii</span> <span class='ocrx_word' id='word_1_620' title='bbox 1778 640 1878 661; x_wconf 88' lang='lat' dir='ltr'>autem</span> <span class='ocrx_word' id='word_1_621' title='bbox 1889 632 2054 673; x_wconf 79' lang='lat' dir='ltr'>elegantius</span> <span class='ocrx_word' id='word_1_622' title='bbox 2065 653 2073 666; x_wconf 82' lang='lat'>‚</span> <span class='ocrx_word' id='word_1_623' title='bbox 2093 636 2147 674; x_wconf 90' lang='lat' dir='ltr'>qui</span> 
     </span>
     <span class='ocr_line' id='line_1_70' title="bbox 1185 664 2147 706; baseline 0.015 -16"><span class='ocrx_word' id='word_1_624' title='bbox 1185 664 1276 691; x_wconf 82' lang='lat' dir='ltr'>etiam</span> <span class='ocrx_word' id='word_1_625' title='bbox 1299 672 1465 702; x_wconf 84' lang='lat' dir='ltr'>queruntur</span> <span class='ocrx_word' id='word_1_626' title='bbox 1483 684 1492 698; x_wconf 81' lang='lat'>‚</span> <span class='ocrx_word' id='word_1_627' title='bbox 1525 667 1606 706; x_wconf 89' lang='lat' dir='ltr'>quod</span> <span class='ocrx_word' id='word_1_628' title='bbox 1629 679 1681 699; x_wconf 87' lang='lat' dir='ltr'>eos</span> <span class='ocrx_word' id='word_1_629' title='bbox 1699 670 1912 703; x_wconf 88' lang='lat' dir='ltr'>insimulemus</span> <span class='ocrx_word' id='word_1_630' title='bbox 1930 674 2025 704; x_wconf 86' lang='lat' dir='ltr'>omnia</span> <span class='ocrx_word' id='word_1_631' title='bbox 2042 676 2147 704; x_wconf 67' lang='lat' dir='ltr'>incerta</span> 
     </span>
     <span class='ocr_line' id='line_1_71' title="bbox 1184 703 2147 758; baseline 0.018 -27"><span class='ocrx_word' id='word_1_632' title='bbox 1184 703 1272 732; x_wconf 81' lang='lat' dir='ltr'>dicere</span> <span class='ocrx_word' id='word_1_633' title='bbox 1290 714 1301 730; x_wconf 93' lang='lat'><em>:</em></span> <span class='ocrx_word' id='word_1_634' title='bbox 1319 714 1527 746; x_wconf 85' lang='lat' dir='ltr'>quantumque</span> <span class='ocrx_word' id='word_1_635' title='bbox 1546 708 1659 740; x_wconf 86' lang='lat' dir='ltr'>intersit</span> <span class='ocrx_word' id='word_1_636' title='bbox 1678 713 1757 743; x_wconf 83' lang='lat' dir='ltr'>inter</span> <span class='ocrx_word' id='word_1_637' title='bbox 1776 715 1914 744; x_wconf 76' lang='lat' dir='ltr'>incertum</span> <span class='ocrx_word' id='word_1_638' title='bbox 1927 736 1935 749; x_wconf 92' lang='lat'>‚</span> <span class='ocrx_word' id='word_1_639' title='bbox 1956 716 1990 747; x_wconf 89' lang='lat'>&amp;</span> <span class='ocrx_word' id='word_1_640' title='bbox 2008 716 2040 747; x_wconf 91' lang='lat' dir='ltr'>id</span> <span class='ocrx_word' id='word_1_641' title='bbox 2062 721 2147 758; x_wconf 82' lang='lat' dir='ltr'>quod</span> 
     </span>
     <span class='ocr_line' id='line_1_72' title="bbox 1181 746 2147 799; baseline 0.02 -27"><span class='ocrx_word' id='word_1_642' title='bbox 1181 746 1285 786; x_wconf 73' lang='lat' dir='ltr'>percipi</span> <span class='ocrx_word' id='word_1_643' title='bbox 1297 756 1347 774; x_wconf 72' lang='lat' dir='ltr'>non</span> <span class='ocrx_word' id='word_1_644' title='bbox 1355 746 1445 785; x_wconf 62' lang='lat' dir='ltr'>P⁰ffis³</span> <span class='ocrx_word' id='word_1_645' title='bbox 1458 748 1564 779; x_wconf 86' lang='lat' dir='ltr'>docere</span> <span class='ocrx_word' id='word_1_646' title='bbox 1575 760 1735 787; x_wconf 90' lang='lat' dir='ltr'>conantur,</span> <span class='ocrx_word' id='word_1_647' title='bbox 1751 764 1842 796; x_wconf 90' lang='lat' dir='ltr'>eaque</span> <span class='ocrx_word' id='word_1_648' title='bbox 1852 756 2046 799; x_wconf 87' lang='lat' dir='ltr'>distinguere.</span> <span class='ocrx_word' id='word_1_649' title='bbox 2067 762 2147 789; x_wconf 77' lang='lat' dir='ltr'>Cum</span> 
     </span>
     <span class='ocr_line' id='line_1_73' title="bbox 1185 787 2149 841; baseline 0.017 -26"><span class='ocrx_word' id='word_1_650' title='bbox 1185 787 1232 816; x_wconf 84' lang='lat' dir='ltr'>his</span> <span class='ocrx_word' id='word_1_651' title='bbox 1252 789 1342 827; x_wconf 85' lang='lat' dir='ltr'>igitur</span> <span class='ocrx_word' id='word_1_652' title='bbox 1360 798 1498 828; x_wconf 76' lang='lat' dir='ltr'>agamuS,</span> <span class='ocrx_word' id='word_1_653' title='bbox 1518 793 1641 831; x_wconf 82' lang='lat' dir='ltr'>quihaec</span> <span class='ocrx_word' id='word_1_654' title='bbox 1650 793 1837 837; x_wconf 87' lang='lat' dir='ltr'>distinguunt</span> <span class='ocrx_word' id='word_1_655' title='bbox 1853 799 1935 829; x_wconf 89' lang='lat' dir='ltr'>:illos</span> <span class='ocrx_word' id='word_1_656' title='bbox 1948 820 1957 833; x_wconf 88' lang='lat'>,</span> <span class='ocrx_word' id='word_1_657' title='bbox 1978 802 2031 841; x_wconf 90' lang='lat' dir='ltr'>qui</span> <span class='ocrx_word' id='word_1_658' title='bbox 2041 796 2149 831; x_wconf 80' lang='lat' dir='ltr'>omnia</span> 
     </span>
     <span class='ocr_line' id='line_1_74' title="bbox 1184 826 2144 883; baseline 0.017 -26"><span class='ocrx_word' id='word_1_659' title='bbox 1184 826 1222 858; x_wconf 92' lang='lat' dir='ltr'>sic</span> <span class='ocrx_word' id='word_1_660' title='bbox 1235 831 1345 859; x_wconf 85' lang='lat' dir='ltr'>incerta</span> <span class='ocrx_word' id='word_1_661' title='bbox 1355 830 1460 861; x_wconf 89' lang='lat' dir='ltr'>dicunt</span> <span class='ocrx_word' id='word_1_662' title='bbox 1470 852 1480 865; x_wconf 88' lang='lat'>,</span> <span class='ocrx_word' id='word_1_663' title='bbox 1500 842 1533 862; x_wconf 90' lang='lat' dir='ltr'>ut</span> <span class='ocrx_word' id='word_1_664' title='bbox 1542 853 1550 866; x_wconf 89' lang='lat'>‚</span> <span class='ocrx_word' id='word_1_665' title='bbox 1563 832 1715 866; x_wconf 85' lang='lat' dir='ltr'>stellarum</span> <span class='ocrx_word' id='word_1_666' title='bbox 1725 847 1870 870; x_wconf 86' lang='lat' dir='ltr'>numerus</span> <span class='ocrx_word' id='word_1_667' title='bbox 1884 860 1893 873; x_wconf 86' lang='lat'>‚</span> <span class='ocrx_word' id='word_1_668' title='bbox 1902 846 1916 868; x_wconf 95' lang='lat'>7</span> <span class='ocrx_word' id='word_1_669' title='bbox 1925 851 1989 880; x_wconf 80' lang='lat' dir='ltr'>par,</span> <span class='ocrx_word' id='word_1_670' title='bbox 2000 852 2037 873; x_wconf 91' lang='lat' dir='ltr'>an</span> <span class='ocrx_word' id='word_1_671' title='bbox 2047 844 2144 883; x_wconf 87' lang='lat' dir='ltr'>impar</span> 
     </span>
     <span class='ocr_line' id='line_1_75' title="bbox 1185 867 2144 922; baseline 0.017 -23"><span class='ocrx_word' id='word_1_672' title='bbox 1185 867 1230 904; x_wconf 85' lang='lat' dir='ltr'>fit,</span> <span class='ocrx_word' id='word_1_673' title='bbox 1244 871 1402 906; x_wconf 85' lang='lat' dir='ltr'>nesciatur,</span> <span class='ocrx_word' id='word_1_674' title='bbox 1414 872 1494 913; x_wconf 87' lang='lat' dir='ltr'>quasi</span> <span class='ocrx_word' id='word_1_675' title='bbox 1505 875 1671 915; x_wconf 82' lang='lat' dir='ltr'>desperatos</span> <span class='ocrx_word' id='word_1_676' title='bbox 1680 878 1798 919; x_wconf 84' lang='lat' dir='ltr'>aliquos</span> <span class='ocrx_word' id='word_1_677' title='bbox 1806 881 2022 922; x_wconf 83' lang='lat' dir='ltr'>relinquamus.</span> <span class='ocrx_word' id='word_1_678' title='bbox 2034 885 2144 915; x_wconf 83' lang='lat' dir='ltr'>volunt</span> 
     </span>
     <span class='ocr_line' id='line_1_76' title="bbox 1184 912 2143 957; baseline 0.017 -16"><span class='ocrx_word' id='word_1_679' title='bbox 1184 914 1269 942; x_wconf 88' lang='lat' dir='ltr'>enim</span> <span class='ocrx_word' id='word_1_680' title='bbox 1292 912 1346 951; x_wconf 72' lang='lat' dir='ltr'>(Sc</span> <span class='ocrx_word' id='word_1_681' title='bbox 1370 915 1427 944; x_wconf 79' lang='lat' dir='ltr'>hoc</span> <span class='ocrx_word' id='word_1_682' title='bbox 1446 916 1570 955; x_wconf 87' lang='lat' dir='ltr'>quidem</span> <span class='ocrx_word' id='word_1_683' title='bbox 1594 919 1642 948; x_wconf 89' lang='lat' dir='ltr'>vel</span> <span class='ocrx_word' id='word_1_684' title='bbox 1654 923 1788 951; x_wconf 77' lang='lat' dir='ltr'>maxime</span> <span class='ocrx_word' id='word_1_685' title='bbox 1801 924 2075 956; x_wconf 79' lang='lat' dir='ltr'>animadvertebam</span> <span class='ocrx_word' id='word_1_686' title='bbox 2087 936 2143 957; x_wconf 85' lang='lat' dir='ltr'>vos</span> 
     </span>
     <span class='ocr_line' id='line_1_77' title="bbox 1184 956 2143 1008; baseline 0.016 -25"><span class='ocrx_word' id='word_1_687' title='bbox 1184 957 1302 984; x_wconf 86' lang='lat' dir='ltr'>moveri</span> <span class='ocrx_word' id='word_1_688' title='bbox 1315 956 1324 994; x_wconf 93' lang='lat'><em>)</em></span> <span class='ocrx_word' id='word_1_689' title='bbox 1344 956 1500 995; x_wconf 87' lang='lat' dir='ltr'>probabile</span> <span class='ocrx_word' id='word_1_690' title='bbox 1509 960 1624 1000; x_wconf 84' lang='lat' dir='ltr'>aliquid</span> <span class='ocrx_word' id='word_1_691' title='bbox 1634 959 1693 991; x_wconf 77' lang='lat' dir='ltr'>efl‘e</span> <span class='ocrx_word' id='word_1_692' title='bbox 1703 982 1711 996; x_wconf 92' lang='lat'>,</span> <span class='ocrx_word' id='word_1_693' title='bbox 1725 962 1758 993; x_wconf 71' lang='grc' dir='ltr'>δε</span> <span class='ocrx_word' id='word_1_694' title='bbox 1769 962 1846 1004; x_wconf 86' lang='lat' dir='ltr'>quafi</span> <span class='ocrx_word' id='word_1_695' title='bbox 1859 964 2018 998; x_wconf 85' lang='lat' dir='ltr'>verisimile</span> <span class='ocrx_word' id='word_1_696' title='bbox 2030 988 2037 1000; x_wconf 65' lang='lat'>2</span> <span class='ocrx_word' id='word_1_697' title='bbox 2051 978 2143 1008; x_wconf 85' lang='lat' dir='ltr'>eaque</span> 
     </span>
     <span class='ocr_line' id='line_1_78' title="bbox 1184 996 2143 1046; baseline 0.017 -22"><span class='ocrx_word' id='word_1_698' title='bbox 1184 996 1212 1026; x_wconf 81' lang='lat' dir='ltr'>se</span> <span class='ocrx_word' id='word_1_699' title='bbox 1233 998 1277 1026; x_wconf 91' lang='lat' dir='ltr'>uti</span> <span class='ocrx_word' id='word_1_700' title='bbox 1298 999 1393 1037; x_wconf 66' lang='lat' dir='ltr'>regula</span> <span class='ocrx_word' id='word_1_701' title='bbox 1405 999 1436 1028; x_wconf 67' lang='grc' dir='ltr'>δε</span> <span class='ocrx_word' id='word_1_702' title='bbox 1448 1009 1480 1029; x_wconf 87' lang='lat' dir='ltr'>in</span> <span class='ocrx_word' id='word_1_703' title='bbox 1491 1002 1601 1042; x_wconf 86' lang='lat' dir='ltr'>agenda</span> <span class='ocrx_word' id='word_1_704' title='bbox 1615 1005 1676 1033; x_wconf 89' lang='lat' dir='ltr'>vita</span> <span class='ocrx_word' id='word_1_705' title='bbox 1688 1023 1696 1037; x_wconf 87' lang='lat'>‚</span> <span class='ocrx_word' id='word_1_706' title='bbox 1718 1005 1793 1035; x_wconf 89' lang='lat' dir='ltr'>&amp;in</span> <span class='ocrx_word' id='word_1_707' title='bbox 1804 1007 1966 1046; x_wconf 79' lang='lat' dir='ltr'>quaerendo</span> <span class='ocrx_word' id='word_1_708' title='bbox 1978 1029 1987 1042; x_wconf 88' lang='lat'>‚</span> <span class='ocrx_word' id='word_1_709' title='bbox 2009 1019 2038 1039; x_wconf 82' lang='lat' dir='ltr'>ac</span> <span class='ocrx_word' id='word_1_710' title='bbox 2051 1009 2143 1040; x_wconf 85' lang='lat' dir='ltr'>diffe-</span> 
     </span>
     <span class='ocr_line' id='line_1_79' title="bbox 1186 1037 2140 1082; baseline 0.015 -14"><span class='ocrx_word' id='word_1_711' title='bbox 1186 1039 1291 1069; x_wconf 60' lang='lat' dir='ltr'>rendo.</span> <span class='ocrx_word' id='word_1_712' title='bbox 1317 1042 1390 1082; x_wconf 81' lang='lat' dir='ltr'>Qae</span> <span class='ocrx_word' id='word_1_713' title='bbox 1401 1039 1454 1071; x_wconf 87' lang='lat' dir='ltr'>ista</span> <span class='ocrx_word' id='word_1_714' title='bbox 1466 1037 1564 1082; x_wconf 67' lang='lat' dir='ltr'>regula</span> <span class='ocrx_word' id='word_1_715' title='bbox 1574 1043 1616 1074; x_wconf 90' lang='lat' dir='ltr'>est</span> <span class='ocrx_word' id='word_1_716' title='bbox 1625 1048 1688 1075; x_wconf 88' lang='lat' dir='ltr'>veri</span> <span class='ocrx_word' id='word_1_717' title='bbox 1700 1046 1732 1076; x_wconf 86' lang='lat'>&amp;</span> <span class='ocrx_word' id='word_1_718' title='bbox 1742 1046 1815 1082; x_wconf 85' lang='lat' dir='ltr'>falfi,</span> <span class='ocrx_word' id='word_1_719' title='bbox 1826 1047 1847 1078; x_wconf 86' lang='lat' dir='ltr'>sl</span> <span class='ocrx_word' id='word_1_720' title='bbox 1858 1051 2017 1080; x_wconf 82' lang='lat' dir='ltr'>nocionem</span> <span class='ocrx_word' id='word_1_721' title='bbox 2031 1054 2094 1081; x_wconf 88' lang='lat' dir='ltr'>veri</span> <span class='ocrx_word' id='word_1_722' title='bbox 2107 1052 2140 1082; x_wconf 87' lang='lat'>&amp;</span> 
     </span>
     <span class='ocr_line' id='line_1_80' title="bbox 1179 1079 2141 1127; baseline 0.016 -18"><span class='ocrx_word' id='word_1_723' title='bbox 1179 1079 1261 1114; x_wconf 79' lang='lat' dir='ltr'>falsi,</span> <span class='ocrx_word' id='word_1_724' title='bbox 1279 1091 1433 1121; x_wconf 82' lang='lat' dir='ltr'>propterca</span> <span class='ocrx_word' id='word_1_725' title='bbox 1451 1084 1534 1124; x_wconf 79' lang='lat' dir='ltr'>quod</span> <span class='ocrx_word' id='word_1_726' title='bbox 1555 1095 1587 1115; x_wconf 86' lang='lat' dir='ltr'>ea</span> <span class='ocrx_word' id='word_1_727' title='bbox 1605 1096 1669 1117; x_wconf 90' lang='lat' dir='ltr'>non</span> <span class='ocrx_word' id='word_1_728' title='bbox 1679 1087 1801 1127; x_wconf 79' lang='lat' dir='ltr'>poss&#39;unt</span> <span class='ocrx_word' id='word_1_729' title='bbox 1822 1092 2004 1126; x_wconf 84' lang='lat' dir='ltr'>internosci,</span> <span class='ocrx_word' id='word_1_730' title='bbox 2024 1095 2141 1124; x_wconf 89' lang='lat' dir='ltr'>nullam</span> 
     </span>
     <span class='ocr_line' id='line_1_81' title="bbox 1181 1122 2136 1172; baseline 0.016 -21"><span class='ocrx_word' id='word_1_731' title='bbox 1181 1122 1327 1153; x_wconf 84' lang='lat' dir='ltr'>habemus</span> <span class='ocrx_word' id='word_1_732' title='bbox 1341 1127 1354 1153; x_wconf 73' lang='grc' dir='ltr'><strong><em>ἓ</em></strong></span> <span class='ocrx_word' id='word_1_733' title='bbox 1375 1134 1444 1154; x_wconf 89' lang='lat' dir='ltr'>nam</span> <span class='ocrx_word' id='word_1_734' title='bbox 1460 1146 1468 1158; x_wconf 87' lang='lat'><strong><em>‚</em></strong></span> <span class='ocrx_word' id='word_1_735' title='bbox 1487 1124 1508 1155; x_wconf 89' lang='lat' dir='ltr'>si</span> <span class='ocrx_word' id='word_1_736' title='bbox 1519 1127 1663 1158; x_wconf 85' lang='lat' dir='ltr'>habemus</span> <span class='ocrx_word' id='word_1_737' title='bbox 1675 1149 1683 1163; x_wconf 86' lang='lat'>,</span> <span class='ocrx_word' id='word_1_738' title='bbox 1704 1130 1840 1162; x_wconf 83' lang='lat' dir='ltr'>interesse</span> <span class='ocrx_word' id='word_1_739' title='bbox 1850 1142 1987 1172; x_wconf 82' lang='lat' dir='ltr'>oportet,</span> <span class='ocrx_word' id='word_1_740' title='bbox 2014 1144 2047 1165; x_wconf 81' lang='lat' dir='ltr'>ut</span> <span class='ocrx_word' id='word_1_741' title='bbox 2055 1136 2136 1165; x_wconf 83' lang='lat' dir='ltr'>inter</span> 
     </span>
     <span class='ocr_line' id='line_1_82' title="bbox 1180 1164 2140 1208; baseline 0.015 -15"><span class='ocrx_word' id='word_1_742' title='bbox 1180 1164 1316 1199; x_wconf 61' lang='lat' dir='ltr'>refilum,</span> <span class='ocrx_word' id='word_1_743' title='bbox 1337 1166 1371 1196; x_wconf 88' lang='lat'>&amp;</span> <span class='ocrx_word' id='word_1_744' title='bbox 1388 1176 1513 1206; x_wconf 86' lang='lat' dir='ltr'>pravum</span> <span class='ocrx_word' id='word_1_745' title='bbox 1525 1188 1534 1202; x_wconf 87' lang='lat'>,</span> <span class='ocrx_word' id='word_1_746' title='bbox 1553 1168 1590 1200; x_wconf 90' lang='lat' dir='ltr'>sic</span> <span class='ocrx_word' id='word_1_747' title='bbox 1609 1173 1687 1201; x_wconf 89' lang='lat' dir='ltr'>iuter</span> <span class='ocrx_word' id='word_1_748' title='bbox 1699 1182 1824 1208; x_wconf 88' lang='lat' dir='ltr'>verum,</span> <span class='ocrx_word' id='word_1_749' title='bbox 1847 1174 2007 1206; x_wconf 57' lang='lat' dir='ltr'>&amp;falsum.</span> <span class='ocrx_word' id='word_1_750' title='bbox 2028 1176 2140 1207; x_wconf 83' lang='lat' dir='ltr'>sinihil</span> 
     </span>
     <span class='ocr_line' id='line_1_83' title="bbox 1180 1206 2137 1254; baseline 0.015 -19"><span class='ocrx_word' id='word_1_751' title='bbox 1180 1206 1302 1237; x_wconf 85' lang='lat' dir='ltr'>interest</span> <span class='ocrx_word' id='word_1_752' title='bbox 1312 1227 1320 1241; x_wconf 89' lang='lat'>‚</span> <span class='ocrx_word' id='word_1_753' title='bbox 1341 1210 1424 1238; x_wconf 85' lang='lat' dir='ltr'>nulla</span> <span class='ocrx_word' id='word_1_754' title='bbox 1433 1211 1533 1251; x_wconf 84' lang='lat' dir='ltr'>regula</span> <span class='ocrx_word' id='word_1_755' title='bbox 1542 1210 1584 1241; x_wconf 82' lang='lat' dir='ltr'>est</span> <span class='ocrx_word' id='word_1_756' title='bbox 1602 1223 1606 1241; x_wconf 92' lang='lat'>:</span> <span class='ocrx_word' id='word_1_757' title='bbox 1619 1222 1675 1243; x_wconf 83' lang='lat' dir='ltr'>nec</span> <span class='ocrx_word' id='word_1_758' title='bbox 1685 1214 1781 1253; x_wconf 90' lang='lat' dir='ltr'>potest</span> <span class='ocrx_word' id='word_1_759' title='bbox 1794 1218 1820 1245; x_wconf 87' lang='lat' dir='ltr'>is</span> <span class='ocrx_word' id='word_1_760' title='bbox 1831 1236 1840 1250; x_wconf 86' lang='lat'>‚</span> <span class='ocrx_word' id='word_1_761' title='bbox 1861 1220 1910 1247; x_wconf 90' lang='lat' dir='ltr'>cui</span> <span class='ocrx_word' id='word_1_762' title='bbox 1920 1217 1964 1248; x_wconf 89' lang='lat' dir='ltr'>est</span> <span class='ocrx_word' id='word_1_763' title='bbox 1974 1217 2048 1248; x_wconf 84' lang='lat' dir='ltr'>vifio</span> <span class='ocrx_word' id='word_1_764' title='bbox 2061 1221 2137 1254; x_wconf 86' lang='lat' dir='ltr'>veri,</span> 
     </span>
     <span class='ocr_line' id='line_1_84' title="bbox 1177 1247 2142 1297; baseline 0.016 -20"><span class='ocrx_word' id='word_1_765' title='bbox 1177 1247 1301 1289; x_wconf 84' lang='lat' dir='ltr'>falsique</span> <span class='ocrx_word' id='word_1_766' title='bbox 1318 1254 1496 1282; x_wconf 78' lang='lat' dir='ltr'>communis</span> <span class='ocrx_word' id='word_1_767' title='bbox 1515 1272 1524 1286; x_wconf 89' lang='lat'>,</span> <span class='ocrx_word' id='word_1_768' title='bbox 1544 1254 1640 1284; x_wconf 86' lang='lat' dir='ltr'>ullum</span> <span class='ocrx_word' id='word_1_769' title='bbox 1662 1256 1767 1287; x_wconf 85' lang='lat' dir='ltr'>habere</span> <span class='ocrx_word' id='word_1_770' title='bbox 1783 1258 1933 1297; x_wconf 78' lang='lat' dir='ltr'>j‘udicium</span> <span class='ocrx_word' id='word_1_771' title='bbox 1946 1279 1954 1293; x_wconf 89' lang='lat'>‚</span> <span class='ocrx_word' id='word_1_772' title='bbox 1975 1269 2025 1290; x_wconf 89' lang='lat' dir='ltr'>aut</span> <span class='ocrx_word' id='word_1_773' title='bbox 2044 1261 2142 1292; x_wconf 86' lang='lat' dir='ltr'>ullam</span> 
     </span>
     <span class='ocr_line' id='line_1_85' title="bbox 1179 1289 2136 1334; baseline 0.016 -15"><span class='ocrx_word' id='word_1_774' title='bbox 1179 1289 1310 1320; x_wconf 68' lang='lat' dir='ltr'>omnine</span> <span class='ocrx_word' id='word_1_775' title='bbox 1324 1294 1454 1323; x_wconf 85' lang='lat' dir='ltr'>veritatis</span> <span class='ocrx_word' id='word_1_776' title='bbox 1465 1303 1578 1325; x_wconf 83' lang='lat' dir='ltr'>notam.</span> <span class='ocrx_word' id='word_1_777' title='bbox 1604 1306 1675 1326; x_wconf 84' lang='lat' dir='ltr'>nam</span> <span class='ocrx_word' id='word_1_778' title='bbox 1687 1318 1696 1331; x_wconf 90' lang='lat'>,</span> <span class='ocrx_word' id='word_1_779' title='bbox 1706 1308 1776 1329; x_wconf 89' lang='lat' dir='ltr'>cum</span> <span class='ocrx_word' id='word_1_780' title='bbox 1788 1299 1895 1331; x_wconf 87' lang='lat' dir='ltr'>dicunt</span> <span class='ocrx_word' id='word_1_781' title='bbox 1906 1320 1915 1334; x_wconf 83' lang='lat'>,</span> <span class='ocrx_word' id='word_1_782' title='bbox 1929 1302 1987 1332; x_wconf 87' lang='lat' dir='ltr'>hoc</span> <span class='ocrx_word' id='word_1_783' title='bbox 1997 1303 2025 1332; x_wconf 88' lang='lat' dir='ltr'>se</span> <span class='ocrx_word' id='word_1_784' title='bbox 2038 1313 2136 1334; x_wconf 89' lang='lat' dir='ltr'>unum</span> 
     </span>
     <span class='ocr_line' id='line_1_86' title="bbox 1178 1332 2139 1376; baseline 0.016 -15"><span class='ocrx_word' id='word_1_785' title='bbox 1178 1332 1284 1362; x_wconf 90' lang='lat' dir='ltr'>tollere</span> <span class='ocrx_word' id='word_1_786' title='bbox 1295 1353 1304 1367; x_wconf 84' lang='lat'>,</span> <span class='ocrx_word' id='word_1_787' title='bbox 1316 1342 1349 1364; x_wconf 94' lang='lat' dir='ltr'>ut</span> <span class='ocrx_word' id='word_1_788' title='bbox 1359 1336 1522 1376; x_wconf 85' lang='lat' dir='ltr'>quidquam</span> <span class='ocrx_word' id='word_1_789' title='bbox 1535 1336 1625 1376; x_wconf 82' lang='lat' dir='ltr'>poffit</span> <span class='ocrx_word' id='word_1_790' title='bbox 1635 1341 1674 1369; x_wconf 90' lang='lat' dir='ltr'>ita</span> <span class='ocrx_word' id='word_1_791' title='bbox 1684 1340 1792 1375; x_wconf 77' lang='lat' dir='ltr'>videri,</span> <span class='ocrx_word' id='word_1_792' title='bbox 1805 1350 1839 1372; x_wconf 91' lang='lat' dir='ltr'>ut</span> <span class='ocrx_word' id='word_1_793' title='bbox 1848 1353 1912 1372; x_wconf 89' lang='lat' dir='ltr'>non</span> <span class='ocrx_word' id='word_1_794' title='bbox 1923 1343 2031 1375; x_wconf 88' lang='lat' dir='ltr'>eodem</span> <span class='ocrx_word' id='word_1_795' title='bbox 2043 1345 2139 1376; x_wconf 88' lang='lat' dir='ltr'>modo</span> 
     </span>
     <span class='ocr_line' id='line_1_87' title="bbox 1177 1373 2131 1417; baseline 0.015 -14"><span class='ocrx_word' id='word_1_796' title='bbox 1177 1373 1285 1404; x_wconf 83' lang='lat' dir='ltr'>falsum</span> <span class='ocrx_word' id='word_1_797' title='bbox 1296 1378 1386 1406; x_wconf 84' lang='lat' dir='ltr'>etiam</span> <span class='ocrx_word' id='word_1_798' title='bbox 1396 1376 1486 1416; x_wconf 81' lang='lat' dir='ltr'>possit</span> <span class='ocrx_word' id='word_1_799' title='bbox 1498 1381 1537 1408; x_wconf 86' lang='lat' dir='ltr'>ita</span> <span class='ocrx_word' id='word_1_800' title='bbox 1552 1380 1646 1410; x_wconf 78' lang='lat' dir='ltr'>Videri</span> <span class='ocrx_word' id='word_1_801' title='bbox 1656 1401 1665 1414; x_wconf 88' lang='lat'>,</span> <span class='ocrx_word' id='word_1_802' title='bbox 1681 1392 1775 1413; x_wconf 83' lang='lat' dir='ltr'>cetera</span> <span class='ocrx_word' id='word_1_803' title='bbox 1785 1393 1885 1414; x_wconf 85' lang='lat' dir='ltr'>autem</span> <span class='ocrx_word' id='word_1_804' title='bbox 1895 1386 2058 1417; x_wconf 79' lang='lat' dir='ltr'>concedere</span> <span class='ocrx_word' id='word_1_805' title='bbox 2073 1387 2131 1417; x_wconf 84' lang='lat' dir='ltr'>:fa—</span> 
     </span>
     <span class='ocr_line' id='line_1_88' title="bbox 1177 1412 2137 1463; baseline 0.015 -18"><span class='ocrx_word' id='word_1_806' title='bbox 1177 1412 1507 1459; x_wconf 34' lang='lat' dir='ltr'>ciuntpuerii&#39;iterfquo</span> <span class='ocrx_word' id='word_1_807' title='bbox 1517 1424 1601 1450; x_wconf 88' lang='lat' dir='ltr'>enim</span> <span class='ocrx_word' id='word_1_808' title='bbox 1611 1425 1905 1463; x_wconf 68' lang='lat' dir='ltr'>omniajudicantur,</span> <span class='ocrx_word' id='word_1_809' title='bbox 1918 1427 2033 1458; x_wconf 88' lang='lat' dir='ltr'>sublato</span> <span class='ocrx_word' id='word_1_810' title='bbox 2044 1448 2052 1461; x_wconf 84' lang='lat'><em>‚</em></span> <span class='ocrx_word' id='word_1_811' title='bbox 2066 1429 2137 1458; x_wconf 83' lang='lat' dir='ltr'>reli-</span> 
     </span>
     <span class='ocr_line' id='line_1_89' title="bbox 1176 1459 2136 1508; baseline 0.014 -21"><span class='ocrx_word' id='word_1_812' title='bbox 1176 1468 1233 1498; x_wconf 84' lang='lat' dir='ltr'>qua</span> <span class='ocrx_word' id='word_1_813' title='bbox 1256 1459 1285 1488; x_wconf 85' lang='lat' dir='ltr'>se</span> <span class='ocrx_word' id='word_1_814' title='bbox 1303 1470 1412 1501; x_wconf 79' lang='lat' dir='ltr'>negant</span> <span class='ocrx_word' id='word_1_815' title='bbox 1432 1462 1548 1492; x_wconf 88' lang='lat' dir='ltr'>tollere.</span> <span class='ocrx_word' id='word_1_816' title='bbox 1570 1472 1603 1493; x_wconf 88' lang='lat' dir='ltr'>ut</span> <span class='ocrx_word' id='word_1_817' title='bbox 1615 1483 1623 1496; x_wconf 87' lang='lat'>,</span> <span class='ocrx_word' id='word_1_818' title='bbox 1642 1463 1662 1493; x_wconf 86' lang='lat' dir='ltr'>si</span> <span class='ocrx_word' id='word_1_819' title='bbox 1680 1469 1746 1505; x_wconf 85' lang='lat' dir='ltr'>quis</span> <span class='ocrx_word' id='word_1_820' title='bbox 1757 1477 1847 1507; x_wconf 86' lang='lat' dir='ltr'>quem</span> <span class='ocrx_word' id='word_1_821' title='bbox 1860 1469 2136 1508; x_wconf 83' lang='lat' dir='ltr'>oculisprivaverit,</span> 
     </span>
     <span class='ocr_line' id='line_1_90' title="bbox 1176 1501 2126 1542; baseline 0.014 -14"><span class='ocrx_word' id='word_1_822' title='bbox 1176 1501 1255 1529; x_wconf 87' lang='lat' dir='ltr'>dicat</span> <span class='ocrx_word' id='word_1_823' title='bbox 1264 1519 1272 1533; x_wconf 90' lang='lat'>‚</span> <span class='ocrx_word' id='word_1_824' title='bbox 1285 1510 1333 1534; x_wconf 83' lang='lat' dir='ltr'>ea,</span> <span class='ocrx_word' id='word_1_825' title='bbox 1345 1511 1411 1541; x_wconf 86' lang='lat' dir='ltr'>quae</span> <span class='ocrx_word' id='word_1_826' title='bbox 1422 1505 1503 1532; x_wconf 84' lang='lat' dir='ltr'>cerni</span> <span class='ocrx_word' id='word_1_827' title='bbox 1514 1503 1632 1542; x_wconf 81' lang='lat' dir='ltr'>poffent</span> <span class='ocrx_word' id='word_1_828' title='bbox 1645 1527 1653 1538; x_wconf 88' lang='lat'>,</span> <span class='ocrx_word' id='word_1_829' title='bbox 1666 1517 1728 1537; x_wconf 88' lang='lat' dir='ltr'>non</span> <span class='ocrx_word' id='word_1_830' title='bbox 1748 1509 1776 1537; x_wconf 87' lang='lat' dir='ltr'>se</span> <span class='ocrx_word' id='word_1_831' title='bbox 1788 1511 1815 1537; x_wconf 87' lang='lat' dir='ltr'>ei</span> <span class='ocrx_word' id='word_1_832' title='bbox 1826 1508 1977 1540; x_wconf 78' lang='lat' dir='ltr'>ademisse.</span> <span class='ocrx_word' id='word_1_833' title='bbox 2000 1521 2031 1541; x_wconf 89' lang='lat' dir='ltr'>ut</span> <span class='ocrx_word' id='word_1_834' title='bbox 2041 1513 2126 1542; x_wconf 88' lang='lat' dir='ltr'>enim</span> 
     </span>
     <span class='ocr_line' id='line_1_91' title="bbox 1173 1541 2138 1593; baseline 0.015 -24"><span class='ocrx_word' id='word_1_835' title='bbox 1173 1541 1225 1571; x_wconf 88' lang='lat' dir='ltr'>illa</span> <span class='ocrx_word' id='word_1_836' title='bbox 1233 1543 1329 1571; x_wconf 86' lang='lat' dir='ltr'>oculis</span> <span class='ocrx_word' id='word_1_837' title='bbox 1339 1542 1434 1573; x_wconf 73' lang='lat' dir='ltr'>modo</span> <span class='ocrx_word' id='word_1_838' title='bbox 1446 1547 1680 1584; x_wconf 88' lang='lat' dir='ltr'>cognoscuntur,</span> <span class='ocrx_word' id='word_1_839' title='bbox 1691 1547 1728 1578; x_wconf 87' lang='lat' dir='ltr'>fic</span> <span class='ocrx_word' id='word_1_840' title='bbox 1741 1549 1853 1590; x_wconf 87' lang='lat' dir='ltr'>reliqua</span> <span class='ocrx_word' id='word_1_841' title='bbox 1860 1549 1942 1593; x_wconf 73' lang='lat' dir='ltr'>visis:</span> <span class='ocrx_word' id='word_1_842' title='bbox 1958 1552 2006 1582; x_wconf 86' lang='lat' dir='ltr'>sed</span> <span class='ocrx_word' id='word_1_843' title='bbox 2018 1556 2138 1592; x_wconf 78' lang='lat' dir='ltr'>propria</span> 
     </span>
     <span class='ocr_line' id='line_1_92' title="bbox 1176 1587 2137 1631; baseline 0.014 -20"><span class='ocrx_word' id='word_1_844' title='bbox 1176 1587 1257 1617; x_wconf 88' lang='lat' dir='ltr'>veri,</span> <span class='ocrx_word' id='word_1_845' title='bbox 1279 1593 1342 1613; x_wconf 91' lang='lat' dir='ltr'>non</span> <span class='ocrx_word' id='word_1_846' title='bbox 1352 1589 1513 1615; x_wconf 86' lang='lat' dir='ltr'>communi</span> <span class='ocrx_word' id='word_1_847' title='bbox 1527 1590 1612 1621; x_wconf 83' lang='lat' dir='ltr'>veri,</span> <span class='ocrx_word' id='word_1_848' title='bbox 1625 1589 1729 1619; x_wconf 76' lang='lat' dir='ltr'>&amp;falsi</span> <span class='ocrx_word' id='word_1_849' title='bbox 1740 1600 1818 1620; x_wconf 88' lang='lat' dir='ltr'>nota.</span> <span class='ocrx_word' id='word_1_850' title='bbox 1843 1593 2063 1631; x_wconf 86' lang='lat' dir='ltr'>Qamobrem,</span> <span class='ocrx_word' id='word_1_851' title='bbox 2077 1594 2137 1625; x_wconf 84' lang='lat' dir='ltr'>slve.</span> 
     </span>
     <span class='ocr_line' id='line_1_93' title="bbox 1176 1625 2136 1676; baseline 0.015 -23"><span class='ocrx_word' id='word_1_852' title='bbox 1176 1634 1207 1655; x_wconf 90' lang='lat' dir='ltr'>tu</span> <span class='ocrx_word' id='word_1_853' title='bbox 1224 1625 1413 1665; x_wconf 84' lang='lat' dir='ltr'>probabilem</span> <span class='ocrx_word' id='word_1_854' title='bbox 1432 1626 1580 1658; x_wconf 87' lang='lat' dir='ltr'>visionem</span> <span class='ocrx_word' id='word_1_855' title='bbox 1593 1649 1600 1662; x_wconf 84' lang='lat'>‚</span> <span class='ocrx_word' id='word_1_856' title='bbox 1622 1626 1637 1649; x_wconf 79' lang='lat'>8</span> <span class='ocrx_word' id='word_1_857' title='bbox 1656 1629 1716 1661; x_wconf 83' lang='lat' dir='ltr'>sive</span> <span class='ocrx_word' id='word_1_858' title='bbox 1739 1633 1996 1672; x_wconf 84' lang='lat' dir='ltr'>improbabilem.</span> <span class='ocrx_word' id='word_1_859' title='bbox 2021 1636 2054 1666; x_wconf 75' lang='grc' dir='ltr'>δε</span> <span class='ocrx_word' id='word_1_860' title='bbox 2066 1632 2136 1676; x_wconf 72' lang='lat' dir='ltr'>qua:v</span> 
     </span>
     <span class='ocr_line' id='line_1_94' title="bbox 1173 1668 2137 1719; baseline 0.012 -23"><span class='ocrx_word' id='word_1_861' title='bbox 1173 1677 1238 1697; x_wconf 90' lang='lat' dir='ltr'>non</span> <span class='ocrx_word' id='word_1_862' title='bbox 1257 1668 1439 1707; x_wconf 79' lang='lat' dir='ltr'>impediatur</span> <span class='ocrx_word' id='word_1_863' title='bbox 1458 1690 1467 1703; x_wconf 89' lang='lat'>,</span> <span class='ocrx_word' id='word_1_864' title='bbox 1489 1679 1519 1700; x_wconf 91' lang='lat' dir='ltr'>ut</span> <span class='ocrx_word' id='word_1_865' title='bbox 1542 1673 1706 1703; x_wconf 85' lang='lat' dir='ltr'>Carneades</span> <span class='ocrx_word' id='word_1_866' title='bbox 1724 1675 1864 1708; x_wconf 88' lang='lat' dir='ltr'>volebat,</span> <span class='ocrx_word' id='word_1_867' title='bbox 1886 1674 1944 1706; x_wconf 82' lang='lat' dir='ltr'>sive</span> <span class='ocrx_word' id='word_1_868' title='bbox 1961 1677 2043 1707; x_wconf 88' lang='lat' dir='ltr'>aliud</span> <span class='ocrx_word' id='word_1_869' title='bbox 2062 1679 2137 1719; x_wconf 86' lang='lat' dir='ltr'>qnid</span> 
     </span>
     <span class='ocr_line' id='line_1_95' title="bbox 1171 1709 2133 1762; baseline 0.012 -24"><span class='ocrx_word' id='word_1_870' title='bbox 1171 1709 1303 1749; x_wconf 86' lang='lat' dir='ltr'>proferes</span> <span class='ocrx_word' id='word_1_871' title='bbox 1316 1730 1324 1743; x_wconf 71' lang='lat'>2</span> <span class='ocrx_word' id='word_1_872' title='bbox 1343 1711 1425 1751; x_wconf 89' lang='lat' dir='ltr'>quod</span> <span class='ocrx_word' id='word_1_873' title='bbox 1445 1712 1581 1753; x_wconf 80' lang='lat' dir='ltr'>sequare:</span> <span class='ocrx_word' id='word_1_874' title='bbox 1598 1714 1634 1745; x_wconf 88' lang='lat' dir='ltr'>ad</span> <span class='ocrx_word' id='word_1_875' title='bbox 1654 1717 1751 1746; x_wconf 78' lang='lat' dir='ltr'>visum</span> <span class='ocrx_word' id='word_1_876' title='bbox 1767 1717 1840 1747; x_wconf 87' lang='lat' dir='ltr'>illud</span> <span class='ocrx_word' id='word_1_877' title='bbox 1854 1737 1863 1750; x_wconf 66' lang='lat'>2</span> <span class='ocrx_word' id='word_1_878' title='bbox 1882 1718 1918 1748; x_wconf 82' lang='lat' dir='ltr'>de</span> <span class='ocrx_word' id='word_1_879' title='bbox 1928 1729 1989 1759; x_wconf 88' lang='lat' dir='ltr'>quo</span> <span class='ocrx_word' id='word_1_880' title='bbox 1999 1722 2133 1762; x_wconf 46' lang='lat' dir='ltr'>agimus,</span> 
     </span>
     <span class='ocr_line' id='line_1_96' title="bbox 1177 1752 2134 1792; baseline 0.011 -11"><span class='ocrx_word' id='word_1_881' title='bbox 1177 1752 1232 1782; x_wconf 88' lang='lat' dir='ltr'>tibi</span> <span class='ocrx_word' id='word_1_882' title='bbox 1250 1754 1305 1782; x_wconf 89' lang='lat' dir='ltr'>erit</span> <span class='ocrx_word' id='word_1_883' title='bbox 1324 1754 1549 1784; x_wconf 82' lang='lat' dir='ltr'>revertendum.</span> <span class='ocrx_word' id='word_1_884' title='bbox 1573 1757 1606 1786; x_wconf 85' lang='lat' dir='ltr'>in</span> <span class='ocrx_word' id='word_1_885' title='bbox 1626 1767 1664 1787; x_wconf 94' lang='lat' dir='ltr'>eo</span> <span class='ocrx_word' id='word_1_886' title='bbox 1684 1767 1783 1788; x_wconf 83' lang='lat' dir='ltr'>autem</span> <span class='ocrx_word' id='word_1_887' title='bbox 1799 1779 1809 1792; x_wconf 94' lang='lat'>,</span> <span class='ocrx_word' id='word_1_888' title='bbox 1831 1758 2134 1792; x_wconf 80' lang='lat' dir='ltr'>sicritcommunitas</span> 
     </span>
     <span class='ocr_line' id='line_1_97' title="bbox 1171 1793 2134 1841; baseline 0.011 -19"><span class='ocrx_word' id='word_1_889' title='bbox 1171 1803 1243 1823; x_wconf 84' lang='lat' dir='ltr'>cum</span> <span class='ocrx_word' id='word_1_890' title='bbox 1253 1793 1341 1826; x_wconf 87' lang='lat' dir='ltr'>falso,</span> <span class='ocrx_word' id='word_1_891' title='bbox 1354 1796 1474 1826; x_wconf 86' lang='lat' dir='ltr'>nullum</span> <span class='ocrx_word' id='word_1_892' title='bbox 1487 1798 1711 1837; x_wconf 76' lang='lat' dir='ltr'>eritjudicium‚</span> <span class='ocrx_word' id='word_1_893' title='bbox 1724 1801 1943 1841; x_wconf 75' lang='lat' dir='ltr'>quiapropri&#39;um</span> <span class='ocrx_word' id='word_1_894' title='bbox 1954 1803 1982 1830; x_wconf 79' lang='lat' dir='ltr'>in</span> <span class='ocrx_word' id='word_1_895' title='bbox 1992 1800 2134 1833; x_wconf 62' lang='lat' dir='ltr'>communi</span> 
     </span>
     <span class='ocr_line' id='line_1_98' title="bbox 1166 1835 2134 1879; baseline 0.012 -16"><span class='ocrx_word' id='word_1_896' title='bbox 1166 1835 1246 1875; x_wconf 83' lang='lat' dir='ltr'>figno</span> <span class='ocrx_word' id='word_1_897' title='bbox 1264 1838 1357 1864; x_wconf 74' lang='lat' dir='ltr'>notari</span> <span class='ocrx_word' id='word_1_898' title='bbox 1375 1847 1428 1867; x_wconf 79' lang='lat' dir='ltr'>non</span> <span class='ocrx_word' id='word_1_899' title='bbox 1441 1837 1538 1879; x_wconf 83' lang='lat' dir='ltr'>potest.</span> <span class='ocrx_word' id='word_1_900' title='bbox 1562 1838 1604 1869; x_wconf 85' lang='lat' dir='ltr'>sin</span> <span class='ocrx_word' id='word_1_901' title='bbox 1616 1850 1715 1871; x_wconf 83' lang='lat' dir='ltr'>autern</span> <span class='ocrx_word' id='word_1_902' title='bbox 1724 1851 1891 1872; x_wconf 85' lang='lat' dir='ltr'>commune</span> <span class='ocrx_word' id='word_1_903' title='bbox 1902 1845 1981 1873; x_wconf 86' lang='lat' dir='ltr'>nibil</span> <span class='ocrx_word' id='word_1_904' title='bbox 1992 1846 2065 1875; x_wconf 86' lang='lat' dir='ltr'>erit:</span> <span class='ocrx_word' id='word_1_905' title='bbox 2079 1847 2134 1876; x_wconf 88' lang='lat' dir='ltr'>ha-</span> 
     </span>
     <span class='ocr_line' id='line_1_99' title="bbox 1177 1878 2132 1924; baseline 0.014 -19"><span class='ocrx_word' id='word_1_906' title='bbox 1177 1878 1233 1906; x_wconf 89' lang='lat' dir='ltr'>beo</span> <span class='ocrx_word' id='word_1_907' title='bbox 1245 1897 1253 1909; x_wconf 82' lang='lat'>,</span> <span class='ocrx_word' id='word_1_908' title='bbox 1274 1878 1357 1917; x_wconf 87' lang='lat' dir='ltr'>quod</span> <span class='ocrx_word' id='word_1_909' title='bbox 1378 1879 1460 1908; x_wconf 88' lang='lat' dir='ltr'>volo.</span> <span class='ocrx_word' id='word_1_910' title='bbox 1481 1880 1511 1909; x_wconf 89' lang='lat' dir='ltr'>id</span> <span class='ocrx_word' id='word_1_911' title='bbox 1525 1883 1608 1910; x_wconf 88' lang='lat' dir='ltr'>enim</span> <span class='ocrx_word' id='word_1_912' title='bbox 1619 1892 1721 1923; x_wconf 81' lang='lat' dir='ltr'>quaero</span> <span class='ocrx_word' id='word_1_913' title='bbox 1732 1903 1740 1916; x_wconf 92' lang='lat'>,</span> <span class='ocrx_word' id='word_1_914' title='bbox 1760 1884 1840 1924; x_wconf 87' lang='lat' dir='ltr'>quod</span> <span class='ocrx_word' id='word_1_915' title='bbox 1853 1886 1893 1914; x_wconf 84' lang='lat' dir='ltr'>ita</span> <span class='ocrx_word' id='word_1_916' title='bbox 1903 1887 1981 1915; x_wconf 86' lang='lat' dir='ltr'>milii</span> <span class='ocrx_word' id='word_1_917' title='bbox 1994 1887 2132 1918; x_wconf 87' lang='lat' dir='ltr'>videatur</span> 
     </span>
     <span class='ocr_line' id='line_1_100' title="bbox 1171 1920 2128 1963; baseline 0.014 -17"><span class='ocrx_word' id='word_1_918' title='bbox 1171 1928 1290 1952; x_wconf 85' lang='lat' dir='ltr'>verum,</span> <span class='ocrx_word' id='word_1_919' title='bbox 1309 1929 1341 1948; x_wconf 92' lang='lat' dir='ltr'>ut</span> <span class='ocrx_word' id='word_1_920' title='bbox 1361 1929 1425 1949; x_wconf 89' lang='lat' dir='ltr'>non</span> <span class='ocrx_word' id='word_1_921' title='bbox 1437 1920 1617 1960; x_wconf 81' lang='lat' dir='ltr'>pofl&#39;itidem</span> <span class='ocrx_word' id='word_1_922' title='bbox 1629 1925 1742 1963; x_wconf 73' lang='lat' dir='ltr'>salsicm</span> <span class='ocrx_word' id='word_1_923' title='bbox 1753 1925 1856 1956; x_wconf 87' lang='lat' dir='ltr'>videri.</span> <span class='ocrx_word' id='word_1_924' title='bbox 1879 1924 1970 1956; x_wconf 86' lang='lat' dir='ltr'>simili</span> <span class='ocrx_word' id='word_1_925' title='bbox 1981 1929 2013 1958; x_wconf 91' lang='lat' dir='ltr'>in</span> <span class='ocrx_word' id='word_1_926' title='bbox 2028 1939 2128 1959; x_wconf 86' lang='lat' dir='ltr'>errore</span> 
     </span>
     <span class='ocr_line' id='line_1_101' title="bbox 1171 1960 2127 2010; baseline 0.012 -20"><span class='ocrx_word' id='word_1_927' title='bbox 1171 1961 1333 1994; x_wconf 86' lang='lat' dir='ltr'>versantur,</span> <span class='ocrx_word' id='word_1_928' title='bbox 1345 1965 1360 1987; x_wconf 90' lang='lat'>9</span> <span class='ocrx_word' id='word_1_929' title='bbox 1369 1960 1440 1992; x_wconf 71' lang='lat' dir='ltr'>curn</span> <span class='ocrx_word' id='word_1_930' title='bbox 1451 1963 1597 1998; x_wconf 65' lang='lat' dir='ltr'>convidffi,</span> <span class='ocrx_word' id='word_1_931' title='bbox 1610 1976 1641 1995; x_wconf 87' lang='lat' dir='ltr'>ac</span> <span class='ocrx_word' id='word_1_932' title='bbox 1653 1976 1682 1996; x_wconf 92' lang='lat' dir='ltr'>vi</span> <span class='ocrx_word' id='word_1_933' title='bbox 1695 1969 1824 1997; x_wconf 86' lang='lat' dir='ltr'>veritatis</span> <span class='ocrx_word' id='word_1_934' title='bbox 1835 1968 2099 2010; x_wconf 70' lang='lat' dir='ltr'>can&#39;ti‚perspicua</span> <span class='ocrx_word' id='word_1_935' title='bbox 2109 1972 2127 2001; x_wconf 69' lang='lat' dir='ltr'>a</span> 
     </span>
     <span class='ocr_line' id='line_1_102' title="bbox 1166 2003 2130 2053; baseline 0.012 -22"><span class='ocrx_word' id='word_1_936' title='bbox 1166 2004 1311 2042; x_wconf 75' lang='lat' dir='ltr'>percePtis</span> <span class='ocrx_word' id='word_1_937' title='bbox 1323 2003 1432 2034; x_wconf 87' lang='lat' dir='ltr'>volunt</span> <span class='ocrx_word' id='word_1_938' title='bbox 1441 2004 1624 2046; x_wconf 87' lang='lat' dir='ltr'>distinguere</span> <span class='ocrx_word' id='word_1_939' title='bbox 1635 2027 1642 2041; x_wconf 89' lang='lat'>,</span> <span class='ocrx_word' id='word_1_940' title='bbox 1655 2008 1687 2038; x_wconf 73' lang='grc' dir='ltr'>δε</span> <span class='ocrx_word' id='word_1_941' title='bbox 1706 2019 1852 2039; x_wconf 84' lang='lat' dir='ltr'>conantur</span> <span class='ocrx_word' id='word_1_942' title='bbox 1862 2009 2021 2041; x_wconf 84' lang='lat' dir='ltr'>ostendere</span> <span class='ocrx_word' id='word_1_943' title='bbox 2033 2032 2042 2045; x_wconf 82' lang='grc'>,</span> <span class='ocrx_word' id='word_1_944' title='bbox 2062 2011 2130 2053; x_wconf 76' lang='lat' dir='ltr'>esse</span> 
     </span>
     <span class='ocr_line' id='line_1_103' title="bbox 1172 2045 2129 2092; baseline 0.013 -19"><span class='ocrx_word' id='word_1_945' title='bbox 1172 2045 1285 2085; x_wconf 78' lang='lat' dir='ltr'>aliquid</span> <span class='ocrx_word' id='word_1_946' title='bbox 1304 2046 1473 2086; x_wconf 87' lang='lat' dir='ltr'>perspicui,</span> <span class='ocrx_word' id='word_1_947' title='bbox 1492 2057 1598 2078; x_wconf 68' lang='lat' dir='ltr'>verum</span> <span class='ocrx_word' id='word_1_948' title='bbox 1612 2050 1686 2080; x_wconf 86' lang='lat' dir='ltr'>illud</span> <span class='ocrx_word' id='word_1_949' title='bbox 1697 2051 1820 2091; x_wconf 84' lang='lat' dir='ltr'>quidem</span> <span class='ocrx_word' id='word_1_950' title='bbox 1833 2052 2008 2092; x_wconf 83' lang='lat' dir='ltr'>impressum</span> <span class='ocrx_word' id='word_1_951' title='bbox 2021 2056 2053 2084; x_wconf 88' lang='lat' dir='ltr'>in</span> <span class='ocrx_word' id='word_1_952' title='bbox 2062 2058 2129 2085; x_wconf 87' lang='lat' dir='ltr'>ani—</span> 
     </span>
     <span class='ocr_line' id='line_1_104' title="bbox 1167 2093 2126 2136; baseline 0.011 -21"><span class='ocrx_word' id='word_1_953' title='bbox 1167 2097 1240 2120; x_wconf 89' lang='lat' dir='ltr'>mo,</span> <span class='ocrx_word' id='word_1_954' title='bbox 1263 2095 1349 2127; x_wconf 85' lang='lat' dir='ltr'>atque</span> <span class='ocrx_word' id='word_1_955' title='bbox 1368 2098 1491 2122; x_wconf 81' lang='lat' dir='ltr'>mente,</span> <span class='ocrx_word' id='word_1_956' title='bbox 1517 2099 1615 2131; x_wconf 86' lang='lat' dir='ltr'>neque</span> <span class='ocrx_word' id='word_1_957' title='bbox 1638 2093 1780 2123; x_wconf 83' lang='lat' dir='ltr'>tamenid</span> <span class='ocrx_word' id='word_1_958' title='bbox 1794 2096 1924 2134; x_wconf 85' lang='lat' dir='ltr'>percipi,</span> <span class='ocrx_word' id='word_1_959' title='bbox 1945 2106 1976 2126; x_wconf 90' lang='lat' dir='ltr'>ac</span> <span class='ocrx_word' id='word_1_960' title='bbox 1986 2106 2126 2136; x_wconf 84' lang='lat' dir='ltr'>compre·</span> 
     </span>
     <span class='ocr_line' id='line_1_105' title="bbox 1169 2128 2120 2175; baseline 0.012 -18"><span class='ocrx_word' id='word_1_961' title='bbox 1169 2128 1361 2168; x_wconf 67' lang='lat' dir='ltr'>hendiposs‘e.</span> <span class='ocrx_word' id='word_1_962' title='bbox 1385 2140 1446 2171; x_wconf 90' lang='lat' dir='ltr'>quo</span> <span class='ocrx_word' id='word_1_963' title='bbox 1464 2141 1547 2162; x_wconf 87' lang='lat' dir='ltr'>enim</span> <span class='ocrx_word' id='word_1_964' title='bbox 1560 2133 1654 2163; x_wconf 91' lang='lat' dir='ltr'>modo</span> <span class='ocrx_word' id='word_1_965' title='bbox 1672 2134 1702 2164; x_wconf 89' lang='lat' dir='ltr'>id</span> <span class='ocrx_word' id='word_1_966' title='bbox 1725 2135 1878 2175; x_wconf 77' lang='lat' dir='ltr'>perspicue</span> <span class='ocrx_word' id='word_1_967' title='bbox 1899 2137 2010 2167; x_wconf 87' lang='lat' dir='ltr'>dixeris</span> <span class='ocrx_word' id='word_1_968' title='bbox 2020 2138 2120 2167; x_wconf 61' lang='lat' dir='ltr'>arbom</span> 
     </span>
     <span class='ocr_line' id='line_1_106' title="bbox 1168 2169 2122 2220; baseline 0.012 -21"><span class='ocrx_word' id='word_1_969' title='bbox 1168 2169 1226 2200; x_wconf 81' lang='lat' dir='ltr'>effe</span> <span class='ocrx_word' id='word_1_970' title='bbox 1237 2171 1349 2211; x_wconf 87' lang='lat' dir='ltr'>aliquid</span> <span class='ocrx_word' id='word_1_971' title='bbox 1362 2192 1370 2205; x_wconf 90' lang='lat'>,</span> <span class='ocrx_word' id='word_1_972' title='bbox 1383 2174 1452 2202; x_wconf 82' lang='lat' dir='ltr'>cum</span> <span class='ocrx_word' id='word_1_973' title='bbox 1464 2171 1554 2213; x_wconf 78' lang='lat' dir='ltr'>possit</span> <span class='ocrx_word' id='word_1_974' title='bbox 1563 2176 1693 2206; x_wconf 86' lang='lat' dir='ltr'>accidere</span> <span class='ocrx_word' id='word_1_975' title='bbox 1705 2179 1734 2195; x_wconf 86' lang='lat'>¹0</span> <span class='ocrx_word' id='word_1_976' title='bbox 1746 2186 1777 2206; x_wconf 89' lang='lat' dir='ltr'>ut</span> <span class='ocrx_word' id='word_1_977' title='bbox 1787 2177 1817 2206; x_wconf 86' lang='lat' dir='ltr'>id</span> <span class='ocrx_word' id='word_1_978' title='bbox 1830 2197 1839 2210; x_wconf 89' lang='lat'>,</span> <span class='ocrx_word' id='word_1_979' title='bbox 1857 2179 1938 2218; x_wconf 86' lang='lat' dir='ltr'>quod</span> <span class='ocrx_word' id='word_1_980' title='bbox 1951 2180 2065 2220; x_wconf 72' lang='lat' dir='ltr'>nigrum</span> <span class='ocrx_word' id='word_1_981' title='bbox 2076 2179 2122 2214; x_wconf 75' lang='lat' dir='ltr'>fit,</span> 
     </span>
     <span class='ocr_line' id='line_1_107' title="bbox 1165 2212 2126 2261; baseline 0.011 -20"><span class='ocrx_word' id='word_1_982' title='bbox 1165 2213 1268 2242; x_wconf 89' lang='lat' dir='ltr'>album</span> <span class='ocrx_word' id='word_1_983' title='bbox 1279 2212 1336 2243; x_wconf 68' lang='lat' dir='ltr'>ess‘e</span> <span class='ocrx_word' id='word_1_984' title='bbox 1348 2214 1571 2246; x_wconf 73' lang='lat' dir='ltr'>videatu1·?aut</span> <span class='ocrx_word' id='word_1_985' title='bbox 1581 2227 1642 2257; x_wconf 91' lang='lat' dir='ltr'>quo</span> <span class='ocrx_word' id='word_1_986' title='bbox 1653 2218 1748 2248; x_wconf 90' lang='lat' dir='ltr'>modo</span> <span class='ocrx_word' id='word_1_987' title='bbox 1758 2217 1811 2248; x_wconf 80' lang='lat' dir='ltr'>ista</span> <span class='ocrx_word' id='word_1_988' title='bbox 1823 2229 1872 2249; x_wconf 86' lang='lat' dir='ltr'>aut</span> <span class='ocrx_word' id='word_1_989' title='bbox 1882 2221 2032 2261; x_wconf 88' lang='lat' dir='ltr'>perspicua</span> <span class='ocrx_word' id='word_1_990' title='bbox 2042 2223 2126 2252; x_wconf 78' lang='lat' dir='ltr'>dice-</span> 
     </span>
     <span class='ocr_line' id='line_1_108' title="bbox 1165 2255 2123 2298; baseline 0.011 -15"><span class='ocrx_word' id='word_1_991' title='bbox 1165 2264 1234 2284; x_wconf 89' lang='lat' dir='ltr'>mus</span> <span class='ocrx_word' id='word_1_992' title='bbox 1251 2274 1260 2288; x_wconf 92' lang='lat'>,</span> <span class='ocrx_word' id='word_1_993' title='bbox 1290 2265 1339 2286; x_wconf 85' lang='lat' dir='ltr'>aut</span> <span class='ocrx_word' id='word_1_994' title='bbox 1358 2255 1494 2296; x_wconf 70' lang='lat' dir='ltr'>impr-effa</span> <span class='ocrx_word' id='word_1_995' title='bbox 1518 2258 1665 2290; x_wconf 86' lang='lat' dir='ltr'>subtiliter</span> <span class='ocrx_word' id='word_1_996' title='bbox 1685 2280 1694 2294; x_wconf 90' lang='lat'>,</span> <span class='ocrx_word' id='word_1_997' title='bbox 1730 2270 1800 2290; x_wconf 90' lang='lat' dir='ltr'>cum</span> <span class='ocrx_word' id='word_1_998' title='bbox 1819 2259 1852 2292; x_wconf 87' lang='lat' dir='ltr'>sit</span> <span class='ocrx_word' id='word_1_999' title='bbox 1871 2264 2020 2294; x_wconf 87' lang='lat' dir='ltr'>incertum</span> <span class='ocrx_word' id='word_1_1000' title='bbox 2041 2274 2123 2298; x_wconf 81' lang='lat' dir='ltr'>vere,</span> 
     </span>
     <span class='ocr_line' id='line_1_109' title="bbox 1166 2298 2124 2346; baseline 0.011 -21"><span class='ocrx_word' id='word_1_1001' title='bbox 1166 2298 1333 2328; x_wconf 83' lang='lat' dir='ltr'>inaniterve</span> <span class='ocrx_word' id='word_1_1002' title='bbox 1360 2303 1538 2329; x_wconf 86' lang='lat' dir='ltr'>moveatur?</span> <span class='ocrx_word' id='word_1_1003' title='bbox 1559 2303 1603 2331; x_wconf 88' lang='lat' dir='ltr'>Ita</span> <span class='ocrx_word' id='word_1_1004' title='bbox 1612 2312 1709 2342; x_wconf 90' lang='lat' dir='ltr'>neque</span> <span class='ocrx_word' id='word_1_1005' title='bbox 1720 2304 1911 2344; x_wconf 83' lang='lat' dir='ltr'>colorneque</span> <span class='ocrx_word' id='word_1_1006' title='bbox 1920 2315 2028 2346; x_wconf 86' lang='lat' dir='ltr'>corpus</span> <span class='ocrx_word' id='word_1_1007' title='bbox 2039 2326 2048 2338; x_wconf 88' lang='lat'>,</span> <span class='ocrx_word' id='word_1_1008' title='bbox 2068 2316 2124 2336; x_wconf 88' lang='lat' dir='ltr'>nec</span> 
     </span>
     <span class='ocr_line' id='line_1_110' title="bbox 1166 2340 2123 2387; baseline 0.011 -20"><span class='ocrx_word' id='word_1_1009' title='bbox 1166 2340 1271 2368; x_wconf 85' lang='lat' dir='ltr'>veritas</span> <span class='ocrx_word' id='word_1_1010' title='bbox 1281 2359 1289 2372; x_wconf 90' lang='lat'>‚</span> <span class='ocrx_word' id='word_1_1011' title='bbox 1310 2350 1366 2370; x_wconf 89' lang='lat' dir='ltr'>nec</span> <span class='ocrx_word' id='word_1_1012' title='bbox 1376 2351 1587 2382; x_wconf 81' lang='lat' dir='ltr'>argumentum</span> <span class='ocrx_word' id='word_1_1013' title='bbox 1601 2363 1609 2376; x_wconf 84' lang='lat'>,</span> <span class='ocrx_word' id='word_1_1014' title='bbox 1626 2353 1682 2374; x_wconf 88' lang='lat' dir='ltr'>nec</span> <span class='ocrx_word' id='word_1_1015' title='bbox 1693 2345 1809 2378; x_wconf 87' lang='lat' dir='ltr'>sensus,</span> <span class='ocrx_word' id='word_1_1016' title='bbox 1822 2355 1919 2387; x_wconf 89' lang='lat' dir='ltr'>neque</span> <span class='ocrx_word' id='word_1_1017' title='bbox 1931 2347 2123 2387; x_wconf 86' lang='lat' dir='ltr'>perspicuum</span> 
     </span>
     <span class='ocr_line' id='line_1_111' title="bbox 1167 2380 2123 2423; baseline 0.012 -14"><span class='ocrx_word' id='word_1_1018' title='bbox 1167 2380 1264 2410; x_wconf 89' lang='lat' dir='ltr'>ullum</span> <span class='ocrx_word' id='word_1_1019' title='bbox 1295 2382 1485 2423; x_wconf 87' lang='lat' dir='ltr'>relinquitur.</span> <span class='ocrx_word' id='word_1_1020' title='bbox 1510 2387 1556 2414; x_wconf 83' lang='lat' dir='ltr'>Ex</span> <span class='ocrx_word' id='word_1_1021' title='bbox 1567 2386 1626 2415; x_wconf 90' lang='lat' dir='ltr'>hoc</span> <span class='ocrx_word' id='word_1_1022' title='bbox 1638 2386 1715 2416; x_wconf 90' lang='lat' dir='ltr'>illud</span> <span class='ocrx_word' id='word_1_1023' title='bbox 1727 2388 1772 2417; x_wconf 82' lang='lat' dir='ltr'>his</span> <span class='ocrx_word' id='word_1_1024' title='bbox 1782 2387 1835 2417; x_wconf 82' lang='lat' dir='ltr'>usu</span> <span class='ocrx_word' id='word_1_1025' title='bbox 1848 2391 1949 2418; x_wconf 85' lang='lat' dir='ltr'>venire</span> <span class='ocrx_word' id='word_1_1026' title='bbox 1960 2390 2034 2419; x_wconf 87' lang='lat' dir='ltr'>solet</span> <span class='ocrx_word' id='word_1_1027' title='bbox 2044 2410 2053 2422; x_wconf 93' lang='lat'><em>‚</em></span> <span class='ocrx_word' id='word_1_1028' title='bbox 2076 2399 2123 2423; x_wconf 77' lang='lat' dir='ltr'>ut,</span> 
     </span>
     <span class='ocr_line' id='line_1_112' title="bbox 1164 2423 2123 2471; baseline 0.01 -20"><span class='ocrx_word' id='word_1_1029' title='bbox 1164 2423 1312 2463; x_wconf 88' lang='lat' dir='ltr'>quidquid</span> <span class='ocrx_word' id='word_1_1030' title='bbox 1322 2424 1474 2459; x_wconf 86' lang='lat' dir='ltr'>dixerint,</span> <span class='ocrx_word' id='word_1_1031' title='bbox 1494 2428 1510 2456; x_wconf 78' lang='lat' dir='ltr'>a</span> <span class='ocrx_word' id='word_1_1032' title='bbox 1520 2427 1698 2467; x_wconf 87' lang='lat' dir='ltr'>quibusdam</span> <span class='ocrx_word' id='word_1_1033' title='bbox 1709 2432 1945 2470; x_wconf 85' lang='lat' dir='ltr'>interiogentur:</span> <span class='ocrx_word' id='word_1_1034' title='bbox 1970 2433 2042 2471; x_wconf 83' lang='lat' dir='ltr'>Ergo</span> <span class='ocrx_word' id='word_1_1035' title='bbox 2053 2430 2123 2467; x_wconf 74' lang='lat' dir='ltr'>tstuc</span> 
     </span>
     <span class='ocr_line' id='line_1_113' title="bbox 1165 2465 2121 2512; baseline 0.013 -20"><span class='ocrx_word' id='word_1_1036' title='bbox 1165 2465 1279 2505; x_wconf 74' lang='lat' dir='ltr'>quidem</span> <span class='ocrx_word' id='word_1_1037' title='bbox 1295 2468 1427 2509; x_wconf 74' lang='lat' dir='ltr'>percipu?</span> <span class='ocrx_word' id='word_1_1038' title='bbox 1446 2468 1502 2498; x_wconf 85' lang='lat' dir='ltr'>Sed</span> <span class='ocrx_word' id='word_1_1039' title='bbox 1510 2471 1562 2509; x_wconf 89' lang='lat' dir='ltr'>qui</span> <span class='ocrx_word' id='word_1_1040' title='bbox 1573 2471 1612 2500; x_wconf 83' lang='lat' dir='ltr'>ita</span> <span class='ocrx_word' id='word_1_1041' title='bbox 1622 2472 1805 2512; x_wconf 86' lang='lat' dir='ltr'>interrogant</span> <span class='ocrx_word' id='word_1_1042' title='bbox 1817 2492 1825 2506; x_wconf 88' lang='lat'>,</span> <span class='ocrx_word' id='word_1_1043' title='bbox 1847 2472 1882 2502; x_wconf 90' lang='lat' dir='ltr'>ab</span> <span class='ocrx_word' id='word_1_1044' title='bbox 1894 2474 2121 2508; x_wconf 74' lang='lat' dir='ltr'>hisinidenmr,</span> 
     </span>
    </p>

    <p class='ocr_par' dir='ltr' id='par_1_12' title="bbox 2052 2525 2122 2546">
     <span class='ocr_line' id='line_1_114' title="bbox 2052 2525 2122 2546; baseline 0.014 -1"><span class='ocrx_word' id='word_1_1045' title='bbox 2052 2525 2122 2546; x_wconf 84' lang='lat' dir='ltr'>non</span> 
     </span>
    </p>
   </div>
   <div class='ocr_carea' id='block_1_12' title="bbox 1158 384 1169 1096">
    <p class='ocr_par' dir='ltr' id='par_1_13' title="bbox 1158 384 1169 1096">
     <span class='ocr_line' id='line_1_115' title="bbox 1158 384 1169 1096; baseline 0 0"><span class='ocrx_word' id='word_1_1046' title='bbox 1158 384 1169 1096; x_wconf 95' lang='lat' dir='ltr'> </span> 
     </span>
    </p>
   </div>
   <div class='ocr_carea' id='block_1_13' title="bbox 1142 384 1169 2429">
    <p class='ocr_par' dir='ltr' id='par_1_14' title="bbox 1142 384 1169 2429">
     <span class='ocr_line' id='line_1_116' title="bbox 1142 384 1169 2429; baseline 0 0"><span class='ocrx_word' id='word_1_1047' title='bbox 1142 384 1169 2429; x_wconf 95' lang='lat' dir='ltr'> </span> 
     </span>
    </p>
   </div>
   <div class='ocr_carea' id='block_1_14' title="bbox 150 2565 2117 2578">
    <p class='ocr_par' dir='ltr' id='par_1_15' title="bbox 150 2565 2117 2578">
     <span class='ocr_line' id='line_1_117' title="bbox 150 2565 2117 2578; baseline 0 822"><span class='ocrx_word' id='word_1_1048' title='bbox 150 2565 2117 2578; x_wconf 95' lang='lat' dir='ltr'> </span> 
     </span>
    </p>
   </div>
   <div class='ocr_carea' id='block_1_15' title="bbox 150 2591 1116 2735">
    <p class='ocr_par' dir='ltr' id='par_1_16' title="bbox 150 2591 1116 2735">
     <span class='ocr_line' id='line_1_118' title="bbox 192 2591 1114 2626; baseline 0.002 -8"><span class='ocrx_word' id='word_1_1049' title='bbox 192 2601 217 2618; x_wconf 80' lang='lat' dir='ltr'>i.</span> <span class='ocrx_word' id='word_1_1050' title='bbox 237 2595 269 2617; x_wconf 81' lang='lat' dir='ltr'>Ei</span> <span class='ocrx_word' id='word_1_1051' title='bbox 281 2595 322 2626; x_wconf 72' lang='lat' dir='ltr'>qui</span> <span class='ocrx_word' id='word_1_1052' title='bbox 340 2593 469 2624; x_wconf 71' lang='lat' dir='ltr'>affirmaret</span> <span class='ocrx_word' id='word_1_1053' title='bbox 487 2593 564 2623; x_wconf 77' lang='lat' dir='ltr'>nihil,</span> <span class='ocrx_word' id='word_1_1054' title='bbox 585 2592 653 2626; x_wconf 53' lang='grc' dir='ltr'>εἶχε]</span> <span class='ocrx_word' id='word_1_1055' title='bbox 675 2592 717 2618; x_wconf 85' lang='lat' dir='ltr'>Sic</span> <span class='ocrx_word' id='word_1_1056' title='bbox 728 2593 743 2618; x_wconf 79' lang='grc' dir='ltr'>ἐι</span> <span class='ocrx_word' id='word_1_1057' title='bbox 753 2591 906 2624; x_wconf 68' lang='grc' dir='ltr'>σοῡ]αέὶιιι“ει</span> <span class='ocrx_word' id='word_1_1058' title='bbox 919 2592 950 2618; x_wconf 90' lang='lat' dir='ltr'>P.</span> <span class='ocrx_word' id='word_1_1059' title='bbox 963 2594 1114 2626; x_wconf 81' lang='lat' dir='ltr'>Manutius,</span> 
     </span>
     <span class='ocr_line' id='line_1_119' title="bbox 150 2626 1114 2665; baseline 0.001 -10"><span class='ocrx_word' id='word_1_1060' title='bbox 150 2638 231 2665; x_wconf 82' lang='lat' dir='ltr'>quem</span> <span class='ocrx_word' id='word_1_1061' title='bbox 242 2628 344 2654; x_wconf 84' lang='lat' dir='ltr'>secutus</span> <span class='ocrx_word' id='word_1_1062' title='bbox 357 2626 501 2653; x_wconf 81' lang='lat' dir='ltr'>Lambinus</span> <span class='ocrx_word' id='word_1_1063' title='bbox 511 2627 609 2661; x_wconf 78' lang='lat' dir='ltr'>aliique</span> <span class='ocrx_word' id='word_1_1064' title='bbox 621 2647 630 2658; x_wconf 94' lang='lat'>‚</span> <span class='ocrx_word' id='word_1_1065' title='bbox 649 2635 742 2653; x_wconf 84' lang='lat' dir='ltr'>contra</span> <span class='ocrx_word' id='word_1_1066' title='bbox 755 2635 822 2653; x_wconf 78' lang='lat' dir='ltr'>vett.</span> <span class='ocrx_word' id='word_1_1067' title='bbox 834 2628 896 2654; x_wconf 85' lang='lat' dir='ltr'>edd.</span> <span class='ocrx_word' id='word_1_1068' title='bbox 908 2630 933 2653; x_wconf 77' lang='lat'>&amp;</span> <span class='ocrx_word' id='word_1_1069' title='bbox 945 2628 1004 2654; x_wconf 78' lang='lat' dir='ltr'>mff.</span> <span class='ocrx_word' id='word_1_1070' title='bbox 1014 2631 1042 2656; x_wconf 81' lang='lat' dir='ltr'>in</span> <span class='ocrx_word' id='word_1_1071' title='bbox 1053 2631 1114 2665; x_wconf 88' lang='lat' dir='ltr'>qui-</span> 
     </span>
     <span class='ocr_line' id='line_1_120' title="bbox 150 2663 1114 2702; baseline 0.001 -11"><span class='ocrx_word' id='word_1_1072' title='bbox 150 2664 211 2696; x_wconf 84' lang='lat' dir='ltr'>bus,</span> <span class='ocrx_word' id='word_1_1073' title='bbox 222 2668 296 2699; x_wconf 69' lang='lat' dir='ltr'>sicque.</span> <span class='ocrx_word' id='word_1_1074' title='bbox 317 2663 411 2690; x_wconf 79' lang='lat' dir='ltr'>babent</span> <span class='ocrx_word' id='word_1_1075' title='bbox 423 2671 549 2698; x_wconf 75' lang='lat' dir='ltr'>praeterea</span> <span class='ocrx_word' id='word_1_1076' title='bbox 559 2663 655 2689; x_wconf 72' lang='lat' dir='ltr'>eaedem</span> <span class='ocrx_word' id='word_1_1077' title='bbox 666 2663 728 2689; x_wconf 87' lang='lat' dir='ltr'>edd.</span> <span class='ocrx_word' id='word_1_1078' title='bbox 739 2664 803 2690; x_wconf 87' lang='lat' dir='ltr'>&#39;item</span> <span class='ocrx_word' id='word_1_1079' title='bbox 816 2663 930 2690; x_wconf 51' lang='lat' dir='ltr'>Vicitorii</span> <span class='ocrx_word' id='word_1_1080' title='bbox 943 2684 950 2696; x_wconf 90' lang='lat'>‚</span> <span class='ocrx_word' id='word_1_1081' title='bbox 962 2664 1002 2691; x_wconf 73' lang='lat' dir='ltr'>bis</span> <span class='ocrx_word' id='word_1_1082' title='bbox 1013 2668 1114 2702; x_wconf 83' lang='lat' dir='ltr'>repeti-</span> 
     </span>
     <span class='ocr_line' id='line_1_121' title="bbox 150 2699 1116 2735; baseline 0 -8"><span class='ocrx_word' id='word_1_1083' title='bbox 150 2708 221 2732; x_wconf 82' lang='lat' dir='ltr'>tum,</span> <span class='ocrx_word' id='word_1_1084' title='bbox 231 2701 406 2733; x_wconf 59' lang='lat' dir='ltr'>consentancum</span> <span class='ocrx_word' id='word_1_1085' title='bbox 415 2700 455 2733; x_wconf 78' lang='lat' dir='ltr'>effe</span> <span class='ocrx_word' id='word_1_1086' title='bbox 466 2709 474 2729; x_wconf 72' lang='lat'>5</span> <span class='ocrx_word' id='word_1_1087' title='bbox 495 2699 594 2725; x_wconf 91' lang='lat' dir='ltr'>iterum</span> <span class='ocrx_word' id='word_1_1088' title='bbox 607 2700 733 2725; x_wconf 87' lang='lat' dir='ltr'>nimirum</span> <span class='ocrx_word' id='word_1_1089' title='bbox 745 2699 816 2725; x_wconf 82' lang='lat' dir='ltr'>inter</span> <span class='ocrx_word' id='word_1_1090' title='bbox 835 2701 999 2734; x_wconf 68' lang='lat' dir='ltr'>percipIpiss&#39;e,</span> <span class='ocrx_word' id='word_1_1091' title='bbox 1009 2710 1037 2727; x_wconf 87' lang='lat' dir='ltr'>ut</span> <span class='ocrx_word' id='word_1_1092' title='bbox 1045 2704 1116 2735; x_wconf 81' lang='lat' dir='ltr'>alia,—</span> 
     </span>
    </p>
   </div>
   <div class='ocr_carea' id='block_1_16' title="bbox 147 2735 1156 2771">
    <p class='ocr_par' dir='ltr' id='par_1_17' title="bbox 147 2735 1156 2771">
     <span class='ocr_line' id='line_1_122' title="bbox 147 2735 1156 2771; baseline 0.009 -15"><span class='ocrx_word' id='word_1_1093' title='bbox 147 2737 183 2764; x_wconf 75' lang='lat' dir='ltr'>fic</span> <span class='ocrx_word' id='word_1_1094' title='bbox 193 2748 199 2763; x_wconf 89' lang='lat'>:</span> <span class='ocrx_word' id='word_1_1095' title='bbox 211 2740 299 2770; x_wconf 68' lang='lat' dir='ltr'>percipi</span> <span class='ocrx_word' id='word_1_1096' title='bbox 306 2736 373 2769; x_wconf 63' lang='lat' dir='ltr'>poffi,</span> <span class='ocrx_word' id='word_1_1097' title='bbox 382 2736 555 2767; x_wconf 60' lang='lat' dir='ltr'>consentancum</span> <span class='ocrx_word' id='word_1_1098' title='bbox 566 2737 616 2768; x_wconf 76' lang='lat' dir='ltr'>effe.</span> <span class='ocrx_word' id='word_1_1099' title='bbox 635 2735 704 2770; x_wconf 81' lang='lat' dir='ltr'>quod</span> <span class='ocrx_word' id='word_1_1100' title='bbox 716 2736 907 2769; x_wconf 65' lang='lat' dir='ltr'>examinabunt</span> <span class='ocrx_word' id='word_1_1101' title='bbox 917 2737 1003 2763; x_wconf 77' lang='lat' dir='ltr'>minus</span> <span class='ocrx_word' id='word_1_1102' title='bbox 1015 2738 1113 2764; x_wconf 84' lang='lat' dir='ltr'>festini.</span> <span class='ocrx_word' id='word_1_1103' title='bbox 1132 2751 1134 2771; x_wconf 58' lang='grc'>,-</span> <span class='ocrx_word' id='word_1_1104' title='bbox 1152 2741 1156 2744; x_wconf 77' lang='grc'><strong>”</strong></span> 
     </span>
    </p>
   </div>
   <div class='ocr_carea' id='block_1_17' title="bbox 149 2772 1111 2915">
    <p class='ocr_par' dir='ltr' id='par_1_18' title="bbox 151 2772 1111 2850">
     <span class='ocr_line' id='line_1_123' title="bbox 185 2772 1111 2810; baseline -0.003 -11"><span class='ocrx_word' id='word_1_1105' title='bbox 185 2781 214 2799; x_wconf 80' lang='lat'>2.</span> <span class='ocrx_word' id='word_1_1106' title='bbox 233 2772 381 2806; x_wconf 64' lang='lat' dir='ltr'>CoganL-mdi</span> <span class='ocrx_word' id='word_1_1107' title='bbox 390 2774 430 2804; x_wconf 62' lang='lat' dir='ltr'>effe</span> <span class='ocrx_word' id='word_1_1108' title='bbox 439 2775 534 2796; x_wconf 58' lang='lat' dir='ltr'>iunium</span> <span class='ocrx_word' id='word_1_1109' title='bbox 544 2774 632 2803; x_wconf 66' lang='lat' dir='ltr'>ignom</span> <span class='ocrx_word' id='word_1_1110' title='bbox 643 2790 651 2802; x_wconf 84' lang='lat'>‚</span> <span class='ocrx_word' id='word_1_1111' title='bbox 668 2773 736 2805; x_wconf 53' lang='grc' dir='ltr'>ὡς]</span> <span class='ocrx_word' id='word_1_1112' title='bbox 759 2773 818 2798; x_wconf 84' lang='lat' dir='ltr'>Vox</span> <span class='ocrx_word' id='word_1_1113' title='bbox 829 2773 869 2805; x_wconf 61' lang='lat' dir='ltr'>eJJE</span> <span class='ocrx_word' id='word_1_1114' title='bbox 879 2772 937 2798; x_wconf 72' lang='lat' dir='ltr'>aliis</span> <span class='ocrx_word' id='word_1_1115' title='bbox 949 2772 1002 2799; x_wconf 62' lang='lat' dir='ltr'>vilia</span> <span class='ocrx_word' id='word_1_1116' title='bbox 1021 2774 1111 2810; x_wconf 75' lang='lat' dir='ltr'>super-</span> 
     </span>
     <span class='ocr_line' id='line_1_124' title="bbox 151 2807 1044 2850; baseline -0.002 -16"><span class='ocrx_word' id='word_1_1117' title='bbox 151 2807 214 2836; x_wconf 79' lang='lat' dir='ltr'>flua.</span> <span class='ocrx_word' id='word_1_1118' title='bbox 235 2808 397 2834; x_wconf 60' lang='lat' dir='ltr'>Gulielmius</span> <span class='ocrx_word' id='word_1_1119' title='bbox 410 2807 617 2833; x_wconf 74' lang='lat' dir='ltr'>transformabat</span> <span class='ocrx_word' id='word_1_1120' title='bbox 628 2808 716 2840; x_wconf 73' lang='lat' dir='ltr'>ins-se.</span> <span class='ocrx_word' id='word_1_1121' title='bbox 892 2844 895 2848; x_wconf 89' lang='lat'>.</span> <span class='ocrx_word' id='word_1_1122' title='bbox 1039 2845 1044 2850; x_wconf 44' lang='grc'><em>.</em></span> 
     </span>
    </p>

    <p class='ocr_par' dir='ltr' id='par_1_19' title="bbox 149 2841 1107 2915">
     <span class='ocr_line' id='line_1_125' title="bbox 187 2841 1107 2884; baseline 0.003 -14"><span class='ocrx_word' id='word_1_1123' title='bbox 187 2852 214 2879; x_wconf 83' lang='lat'>3.</span> <span class='ocrx_word' id='word_1_1124' title='bbox 232 2847 268 2870; x_wconf 80' lang='lat' dir='ltr'>Sit</span> <span class='ocrx_word' id='word_1_1125' title='bbox 276 2852 303 2870; x_wconf 77' lang='lat' dir='ltr'>ut</span> <span class='ocrx_word' id='word_1_1126' title='bbox 315 2847 393 2877; x_wconf 78' lang='lat' dir='ltr'>opinor</span> <span class='ocrx_word' id='word_1_1127' title='bbox 405 2863 412 2875; x_wconf 90' lang='lat'>,</span> <span class='ocrx_word' id='word_1_1128' title='bbox 432 2844 613 2877; x_wconf 43' lang='lat' dir='ltr'>diffumsatin]</span> <span class='ocrx_word' id='word_1_1129' title='bbox 635 2842 776 2882; x_wconf 80' lang='lat' dir='ltr'>Sufficerct</span> <span class='ocrx_word' id='word_1_1130' title='bbox 786 2841 921 2884; x_wconf 68' lang='lat' dir='ltr'>sententiae</span> <span class='ocrx_word' id='word_1_1131' title='bbox 933 2853 984 2871; x_wconf 87' lang='lat' dir='ltr'>vox</span> <span class='ocrx_word' id='word_1_1132' title='bbox 995 2844 1107 2873; x_wconf 80' lang='lat' dir='ltr'>ultima:</span> 
     </span>
     <span class='ocr_line' id='line_1_126' title="bbox 149 2880 945 2915; baseline 0.003 -11"><span class='ocrx_word' id='word_1_1133' title='bbox 149 2882 222 2905; x_wconf 72' lang='lat' dir='ltr'>certe</span> <span class='ocrx_word' id='word_1_1134' title='bbox 233 2888 346 2914; x_wconf 87' lang='lat' dir='ltr'>quatuor</span> <span class='ocrx_word' id='word_1_1135' title='bbox 358 2880 466 2915; x_wconf 81' lang='lat' dir='ltr'>reliquae</span> <span class='ocrx_word' id='word_1_1136' title='bbox 479 2880 494 2905; x_wconf 89' lang='lat' dir='ltr'>si</span> <span class='ocrx_word' id='word_1_1137' title='bbox 506 2880 599 2910; x_wconf 67' lang='lat' dir='ltr'>absint,</span> <span class='ocrx_word' id='word_1_1138' title='bbox 611 2888 697 2905; x_wconf 79' lang='lat' dir='ltr'>oratio</span> <span class='ocrx_word' id='word_1_1139' title='bbox 708 2880 790 2905; x_wconf 81' lang='lat' dir='ltr'>fueri:</span> <span class='ocrx_word' id='word_1_1140' title='bbox 803 2880 945 2906; x_wconf 79' lang='lat' dir='ltr'>venustior.</span> 
     </span>
    </p>
   </div>
   <div class='ocr_carea' id='block_1_18' title="bbox 1129 2597 2120 2920">
    <p class='ocr_par' dir='ltr' id='par_1_20' title="bbox 1129 2597 2120 2856">
     <span class='ocr_line' id='line_1_127' title="bbox 1192 2597 2120 2634; baseline 0.003 -12"><span class='ocrx_word' id='word_1_1141' title='bbox 1192 2604 1220 2630; x_wconf 91' lang='lat'>7.</span> <span class='ocrx_word' id='word_1_1142' title='bbox 1240 2600 1292 2622; x_wconf 82' lang='lat' dir='ltr'>Par</span> <span class='ocrx_word' id='word_1_1143' title='bbox 1302 2599 1461 2630; x_wconf 79' lang='lat' dir='ltr'>animparfit</span> <span class='ocrx_word' id='word_1_1144' title='bbox 1478 2597 1624 2630; x_wconf 60' lang='lat' dir='ltr'>nesciatur]</span> <span class='ocrx_word' id='word_1_1145' title='bbox 1646 2598 1790 2623; x_wconf 82' lang='lat' dir='ltr'>Lambinus</span> <span class='ocrx_word' id='word_1_1146' title='bbox 1804 2617 1811 2628; x_wconf 76' lang='grc'>,</span> <span class='ocrx_word' id='word_1_1147' title='bbox 1830 2597 1904 2623; x_wconf 78' lang='lat' dir='ltr'>tollit</span> <span class='ocrx_word' id='word_1_1148' title='bbox 1918 2607 2006 2624; x_wconf 75' lang='lat' dir='ltr'>vocem</span> <span class='ocrx_word' id='word_1_1149' title='bbox 2019 2599 2120 2634; x_wconf 80' lang='lat' dir='ltr'>postre-</span> 
     </span>
     <span class='ocr_line' id='line_1_128' title="bbox 1155 2633 2118 2668; baseline 0.004 -10"><span class='ocrx_word' id='word_1_1150' title='bbox 1155 2641 1225 2658; x_wconf 85' lang='lat' dir='ltr'>mam</span> <span class='ocrx_word' id='word_1_1151' title='bbox 1238 2652 1246 2665; x_wconf 87' lang='lat'>‚</span> <span class='ocrx_word' id='word_1_1152' title='bbox 1258 2633 1410 2667; x_wconf 56' lang='lat' dir='ltr'>conjcc&#39;iura</span> <span class='ocrx_word' id='word_1_1153' title='bbox 1422 2641 1508 2660; x_wconf 86' lang='lat' dir='ltr'>motus</span> <span class='ocrx_word' id='word_1_1154' title='bbox 1520 2644 1528 2664; x_wconf 75' lang='lat'>3</span> <span class='ocrx_word' id='word_1_1155' title='bbox 1549 2635 1626 2668; x_wconf 77' lang='lat' dir='ltr'>eique</span> <span class='ocrx_word' id='word_1_1156' title='bbox 1639 2633 1704 2659; x_wconf 71' lang='lat' dir='ltr'>visus</span> <span class='ocrx_word' id='word_1_1157' title='bbox 1715 2633 1845 2660; x_wconf 74' lang='lat' dir='ltr'>adsentire</span> <span class='ocrx_word' id='word_1_1158' title='bbox 1855 2634 2016 2660; x_wconf 78' lang='lat' dir='ltr'>Gulielmius</span> <span class='ocrx_word' id='word_1_1159' title='bbox 2031 2655 2038 2666; x_wconf 88' lang='lat'>‚</span> <span class='ocrx_word' id='word_1_1160' title='bbox 2057 2642 2118 2662; x_wconf 81' lang='lat' dir='ltr'>tan-</span> 
     </span>
     <span class='ocr_line' id='line_1_129' title="bbox 1157 2669 2117 2704; baseline 0.004 -10"><span class='ocrx_word' id='word_1_1161' title='bbox 1157 2678 1234 2704; x_wconf 82' lang='lat' dir='ltr'>quam</span> <span class='ocrx_word' id='word_1_1162' title='bbox 1245 2670 1311 2695; x_wconf 54' lang='lat' dir='ltr'>item</span> <span class='ocrx_word' id='word_1_1163' title='bbox 1321 2670 1418 2697; x_wconf 73' lang='lat' dir='ltr'>abess‘et</span> <span class='ocrx_word' id='word_1_1164' title='bbox 1430 2670 1497 2697; x_wconf 88' lang='lat' dir='ltr'>libro</span> <span class='ocrx_word' id='word_1_1165' title='bbox 1508 2672 1535 2696; x_wconf 88' lang='lat' dir='ltr'>S.</span> <span class='ocrx_word' id='word_1_1166' title='bbox 1547 2669 1675 2696; x_wconf 61' lang='lat' dir='ltr'>metm-is.</span> <span class='ocrx_word' id='word_1_1167' title='bbox 1696 2670 1781 2696; x_wconf 72' lang='lat' dir='ltr'>exstat</span> <span class='ocrx_word' id='word_1_1168' title='bbox 1792 2677 1879 2696; x_wconf 72' lang='lat' dir='ltr'>tamen</span> <span class='ocrx_word' id='word_1_1169' title='bbox 1898 2671 1923 2697; x_wconf 81' lang='lat' dir='ltr'>iii</span> <span class='ocrx_word' id='word_1_1170' title='bbox 1937 2671 2005 2698; x_wconf 77' lang='lat' dir='ltr'>Pall.</span> <span class='ocrx_word' id='word_1_1171' title='bbox 2015 2671 2117 2701; x_wconf 52' lang='lat' dir='ltr'>&amp;edm</span> 
     </span>
     <span class='ocr_line' id='line_1_130' title="bbox 1155 2705 2097 2749; baseline 0.002 -18"><span class='ocrx_word' id='word_1_1172' title='bbox 1155 2705 1289 2731; x_wconf 82' lang='lat' dir='ltr'>omnibus.</span> <span class='ocrx_word' id='word_1_1173' title='bbox 2091 2744 2097 2749; x_wconf 46' lang='grc'><em>·</em></span> 
     </span>
     <span class='ocr_line' id='line_1_131' title="bbox 1191 2740 2119 2776; baseline 0.004 -10"><span class='ocrx_word' id='word_1_1174' title='bbox 1191 2740 1219 2766; x_wconf 90' lang='grc'>8.</span> <span class='ocrx_word' id='word_1_1175' title='bbox 1237 2744 1293 2767; x_wconf 63' lang='lat' dir='ltr'>Sim-e</span> <span class='ocrx_word' id='word_1_1176' title='bbox 1302 2743 1484 2774; x_wconf 74' lang='lat' dir='ltr'>improbabilem,</span> <span class='ocrx_word' id='word_1_1177' title='bbox 1495 2742 1524 2772; x_wconf 68' lang='grc' dir='ltr'>ὠ</span> <span class='ocrx_word' id='word_1_1178' title='bbox 1533 2751 1634 2776; x_wconf 71' lang='lat' dir='ltr'>quamn</span> <span class='ocrx_word' id='word_1_1179' title='bbox 1644 2741 1812 2776; x_wconf 54' lang='lat' dir='ltr'>impr-diarum]</span> <span class='ocrx_word' id='word_1_1180' title='bbox 1834 2743 1977 2769; x_wconf 83' lang='lat' dir='ltr'>Lambinus</span> <span class='ocrx_word' id='word_1_1181' title='bbox 1987 2743 2119 2770; x_wconf 46' lang='lat' dir='ltr'>beneficio</span> 
     </span>
     <span class='ocr_line' id='line_1_132' title="bbox 1130 2774 2118 2813; baseline 0.004 -12"><span class='ocrx_word' id='word_1_1182' title='bbox 1130 2774 1133 2805; x_wconf 68' lang='lat' dir='ltr'>i</span> <span class='ocrx_word' id='word_1_1183' title='bbox 1152 2775 1273 2803; x_wconf 86' lang='lat' dir='ltr'>codicum</span> <span class='ocrx_word' id='word_1_1184' title='bbox 1285 2778 1343 2803; x_wconf 79' lang='lat' dir='ltr'>mss‘.</span> <span class='ocrx_word' id='word_1_1185' title='bbox 1354 2778 1391 2803; x_wconf 86' lang='lat' dir='ltr'>:iit</span> <span class='ocrx_word' id='word_1_1186' title='bbox 1406 2778 1553 2803; x_wconf 81' lang='lat' dir='ltr'>felicillime</span> <span class='ocrx_word' id='word_1_1187' title='bbox 1565 2777 1733 2813; x_wconf 70' lang='lat' dir='ltr'>transponere</span> <span class='ocrx_word' id='word_1_1188' title='bbox 1745 2777 1768 2804; x_wconf 75' lang='lat' dir='ltr'>se</span> <span class='ocrx_word' id='word_1_1189' title='bbox 1780 2797 1789 2810; x_wconf 79' lang='lat'>,</span> <span class='ocrx_word' id='word_1_1190' title='bbox 1806 2780 1893 2812; x_wconf 58' lang='lat' dir='ltr'>&amp;1111ae</span> <span class='ocrx_word' id='word_1_1191' title='bbox 1902 2780 2118 2813; x_wconf 66' lang='lat' dir='ltr'>7toni711pediatur,&#39;</span> 
     </span>
     <span class='ocr_line' id='line_1_133' title="bbox 1129 2806 2112 2856; baseline 0.003 -19"><span class='ocrx_word' id='word_1_1192' title='bbox 1129 2806 1132 2845; x_wconf 58' lang='lat' dir='ltr'>i</span> <span class='ocrx_word' id='word_1_1193' title='bbox 1144 2814 1195 2846; x_wconf 61' lang='lat' dir='ltr'>sm*</span> <span class='ocrx_word' id='word_1_1194' title='bbox 1203 2815 1385 2846; x_wconf 75' lang='lat' dir='ltr'>improbabdcm‚</span> <span class='ocrx_word' id='word_1_1195' title='bbox 1398 2813 1465 2839; x_wconf 84' lang='lat' dir='ltr'>Pall.</span> <span class='ocrx_word' id='word_1_1196' title='bbox 1476 2814 1543 2840; x_wconf 81' lang='lat' dir='ltr'>stant</span> <span class='ocrx_word' id='word_1_1197' title='bbox 1553 2823 1601 2849; x_wconf 84' lang='lat' dir='ltr'>pro</span> <span class='ocrx_word' id='word_1_1198' title='bbox 1614 2814 1739 2849; x_wconf 67' lang='lat' dir='ltr'>vulgatis.</span> <span class='ocrx_word' id='word_1_1199' title='bbox 1842 2850 1847 2854; x_wconf 88' lang='lat'>.</span> <span class='ocrx_word' id='word_1_1200' title='bbox 1935 2851 1939 2855; x_wconf 24' lang='grc' dir='ltr'>η</span> <span class='ocrx_word' id='word_1_1201' title='bbox 2007 2851 2011 2856; x_wconf 46' lang='grc'><em>.</em></span> <span class='ocrx_word' id='word_1_1202' title='bbox 2106 2852 2112 2856; x_wconf 85' lang='lat'>.</span> 
     </span>
    </p>

    <p class='ocr_par' dir='ltr' id='par_1_21' title="bbox 1150 2850 2114 2920">
     <span class='ocr_line' id='line_1_134' title="bbox 1186 2850 2114 2884; baseline 0.004 -10"><span class='ocrx_word' id='word_1_1203' title='bbox 1186 2857 1214 2884; x_wconf 82' lang='lat'>9.</span> <span class='ocrx_word' id='word_1_1204' title='bbox 1237 2852 1295 2874; x_wconf 79' lang='lat' dir='ltr'>Cum</span> <span class='ocrx_word' id='word_1_1205' title='bbox 1306 2852 1407 2874; x_wconf 58' lang='lat' dir='ltr'>conridh&#39;</span> <span class='ocrx_word' id='word_1_1206' title='bbox 1418 2869 1425 2881; x_wconf 87' lang='lat'>,</span> <span class='ocrx_word' id='word_1_1207' title='bbox 1438 2858 1466 2874; x_wconf 78' lang='lat' dir='ltr'>ac</span> <span class='ocrx_word' id='word_1_1208' title='bbox 1475 2853 1503 2874; x_wconf 75' lang='lat' dir='ltr'>vi</span> <span class='ocrx_word' id='word_1_1209' title='bbox 1512 2851 1627 2876; x_wconf 67' lang='lat' dir='ltr'>veritatis</span> <span class='ocrx_word' id='word_1_1210' title='bbox 1636 2851 1735 2883; x_wconf 58' lang='lat' dir='ltr'>evasii.)</span> <span class='ocrx_word' id='word_1_1211' title='bbox 1756 2851 1796 2876; x_wconf 77' lang='lat' dir='ltr'>lta</span> <span class='ocrx_word' id='word_1_1212' title='bbox 1807 2850 1872 2876; x_wconf 75' lang='lat' dir='ltr'>editi</span> <span class='ocrx_word' id='word_1_1213' title='bbox 1884 2851 1898 2877; x_wconf 71' lang='grc' dir='ltr'>εὶ</span> <span class='ocrx_word' id='word_1_1214' title='bbox 1910 2850 2031 2877; x_wconf 65' lang='grc' dir='ltr'>νιξὶοΓὊ</span> <span class='ocrx_word' id='word_1_1215' title='bbox 2043 2861 2051 2880; x_wconf 75' lang='lat'>3</span> <span class='ocrx_word' id='word_1_1216' title='bbox 2071 2861 2114 2878; x_wconf 77' lang='lat' dir='ltr'>cut</span> 
     </span>
     <span class='ocr_line' id='line_1_135' title="bbox 1150 2884 2113 2920; baseline 0.003 -10"><span class='ocrx_word' id='word_1_1217' title='bbox 1150 2884 1283 2920; x_wconf 78' lang='lat' dir='ltr'>l&#39;cripturae</span> <span class='ocrx_word' id='word_1_1218' title='bbox 1295 2885 1417 2920; x_wconf 70' lang='lat' dir='ltr'>proxime</span> <span class='ocrx_word' id='word_1_1219' title='bbox 1428 2885 1530 2911; x_wconf 74' lang='lat' dir='ltr'>accedit</span> <span class='ocrx_word' id='word_1_1220' title='bbox 1550 2886 1606 2912; x_wconf 77' lang='lat' dir='ltr'>Pal.</span> <span class='ocrx_word' id='word_1_1221' title='bbox 1618 2886 1703 2912; x_wconf 73' lang='lat' dir='ltr'>secun.</span> <span class='ocrx_word' id='word_1_1222' title='bbox 1726 2885 1893 2913; x_wconf 72' lang='lat' dir='ltr'>solummodo</span> <span class='ocrx_word' id='word_1_1223' title='bbox 1905 2887 1974 2913; x_wconf 80' lang='lat' dir='ltr'>enim</span> <span class='ocrx_word' id='word_1_1224' title='bbox 1989 2888 2113 2914; x_wconf 83' lang='lat' dir='ltr'>destitui-</span> 
     </span>
    </p>
   </div>
   <div class='ocr_carea' id='block_1_19' title="bbox 183 2915 2113 2957">
    <p class='ocr_par' dir='ltr' id='par_1_22' title="bbox 183 2915 2113 2957">
     <span class='ocr_line' id='line_1_136' title="bbox 183 2915 2113 2957; baseline 0.005 -17"><span class='ocrx_word' id='word_1_1225' title='bbox 183 2923 212 2947; x_wconf 84' lang='lat'>4.</span> <span class='ocrx_word' id='word_1_1226' title='bbox 232 2917 317 2941; x_wconf 76' lang='lat' dir='ltr'>Deinde</span> <span class='ocrx_word' id='word_1_1227' title='bbox 326 2918 437 2942; x_wconf 75' lang='lat' dir='ltr'>huminem</span> <span class='ocrx_word' id='word_1_1228' title='bbox 454 2917 556 2941; x_wconf 67' lang='lat' dir='ltr'>maximi}</span> <span class='ocrx_word' id='word_1_1229' title='bbox 567 2927 574 2939; x_wconf 92' lang='lat'><em>:</em></span> <span class='ocrx_word' id='word_1_1230' title='bbox 592 2926 640 2949; x_wconf 63' lang='lat' dir='ltr'>qux</span> <span class='ocrx_word' id='word_1_1231' title='bbox 648 2918 687 2942; x_wconf 53' lang='lat' dir='ltr'>vie</span> <span class='ocrx_word' id='word_1_1232' title='bbox 699 2935 707 2947; x_wconf 85' lang='lat'>,</span> <span class='ocrx_word' id='word_1_1233' title='bbox 717 2915 784 2949; x_wconf 59' lang='lat' dir='ltr'>syc]</span> <span class='ocrx_word' id='word_1_1234' title='bbox 806 2915 892 2941; x_wconf 73' lang='lat' dir='ltr'>Palat.</span> <span class='ocrx_word' id='word_1_1235' title='bbox 904 2926 945 2952; x_wconf 55' lang='lat' dir='ltr'>Pit-</span> <span class='ocrx_word' id='word_1_1236' title='bbox 954 2915 1109 2952; x_wconf 80' lang='lat' dir='ltr'>distinguit,</span> <span class='ocrx_word' id='word_1_1237' title='bbox 1149 2928 1191 2947; x_wconf 88' lang='lat' dir='ltr'>tur</span> <span class='ocrx_word' id='word_1_1238' title='bbox 1202 2921 1301 2956; x_wconf 77' lang='lat' dir='ltr'>syllaba</span> <span class='ocrx_word' id='word_1_1239' title='bbox 1312 2924 1348 2947; x_wconf 76' lang='lat' dir='ltr'>vi.</span> <span class='ocrx_word' id='word_1_1240' title='bbox 1370 2931 1427 2947; x_wconf 79' lang='lat' dir='ltr'>nam</span> <span class='ocrx_word' id='word_1_1241' title='bbox 1440 2922 1519 2957; x_wconf 85' lang='lat' dir='ltr'>prim.</span> <span class='ocrx_word' id='word_1_1242' title='bbox 1530 2920 1626 2953; x_wconf 82' lang='lat' dir='ltr'>servat,</span> <span class='ocrx_word' id='word_1_1243' title='bbox 1637 2931 1665 2947; x_wconf 78' lang='lat' dir='ltr'>ac</span> <span class='ocrx_word' id='word_1_1244' title='bbox 1671 2923 1759 2955; x_wconf 78' lang='lat' dir='ltr'>judicio</span> <span class='ocrx_word' id='word_1_1245' title='bbox 1767 2925 1880 2949; x_wconf 69' lang='lat' dir='ltr'>veritam</span> <span class='ocrx_word' id='word_1_1246' title='bbox 1890 2925 1972 2954; x_wconf 62' lang='lat' dir='ltr'>cchi,</span> <span class='ocrx_word' id='word_1_1247' title='bbox 1985 2932 2015 2950; x_wconf 85' lang='lat' dir='ltr'>ut</span> <span class='ocrx_word' id='word_1_1248' title='bbox 2025 2924 2060 2950; x_wconf 84' lang='lat' dir='ltr'>est</span> <span class='ocrx_word' id='word_1_1249' title='bbox 2072 2924 2113 2950; x_wconf 90' lang='lat' dir='ltr'>le-</span> 
     </span>
    </p>
   </div>
   <div class='ocr_carea' id='block_1_20' title="bbox 137 2951 1107 3204">
    <p class='ocr_par' dir='ltr' id='par_1_23' title="bbox 147 2951 989 2986">
     <span class='ocr_line' id='line_1_137' title="bbox 147 2951 989 2986; baseline 0.002 -10"><span class='ocrx_word' id='word_1_1250' title='bbox 147 2951 230 2976; x_wconf 69' lang='lat' dir='ltr'>deinde</span> <span class='ocrx_word' id='word_1_1251' title='bbox 239 2952 347 2977; x_wconf 83' lang='lat' dir='ltr'>hominem</span> <span class='ocrx_word' id='word_1_1252' title='bbox 359 2963 364 2976; x_wconf 90' lang='lat'>:</span> <span class='ocrx_word' id='word_1_1253' title='bbox 383 2953 484 2978; x_wconf 70' lang='lat' dir='ltr'>maxime}</span> <span class='ocrx_word' id='word_1_1254' title='bbox 493 2962 542 2986; x_wconf 61' lang='lat' dir='ltr'>quie</span> <span class='ocrx_word' id='word_1_1255' title='bbox 550 2952 601 2983; x_wconf 73' lang='lat' dir='ltr'>vis,</span> <span class='ocrx_word' id='word_1_1256' title='bbox 612 2962 662 2982; x_wconf 61' lang='lat'>&amp;¹5-</span> <span class='ocrx_word' id='word_1_1257' title='bbox 684 2961 736 2978; x_wconf 86' lang='lat' dir='ltr'>non</span> <span class='ocrx_word' id='word_1_1258' title='bbox 747 2952 858 2978; x_wconf 82' lang='lat' dir='ltr'>omuino</span> <span class='ocrx_word' id='word_1_1259' title='bbox 869 2952 989 2979; x_wconf 78' lang='lat' dir='ltr'>absurde.</span> 
     </span>
    </p>

    <p class='ocr_par' dir='ltr' id='par_1_24' title="bbox 137 2988 1107 3128">
     <span class='ocr_line' id='line_1_138' title="bbox 188 2988 1107 3022; baseline 0.004 -10"><span class='ocrx_word' id='word_1_1260' title='bbox 188 2995 214 3020; x_wconf 88' lang='lat'>5.</span> <span class='ocrx_word' id='word_1_1261' title='bbox 232 2988 360 3020; x_wconf 81' lang='lat' dir='ltr'>Aliquafic</span> <span class='ocrx_word' id='word_1_1262' title='bbox 370 2989 471 3013; x_wconf 75' lang='lat' dir='ltr'>recondit</span> <span class='ocrx_word' id='word_1_1263' title='bbox 481 3000 488 3020; x_wconf 86' lang='lat'>,-</span> <span class='ocrx_word' id='word_1_1264' title='bbox 499 2990 615 3021; x_wconf 59' lang='lat' dir='ltr'>equibus,</span> <span class='ocrx_word' id='word_1_1265' title='bbox 625 2988 692 3022; x_wconf 53' lang='lat' dir='ltr'>&amp;ej</span> <span class='ocrx_word' id='word_1_1266' title='bbox 715 2988 757 3014; x_wconf 85' lang='lat' dir='ltr'>Sic</span> <span class='ocrx_word' id='word_1_1267' title='bbox 768 2989 832 3014; x_wconf 85' lang='lat' dir='ltr'>editi</span> <span class='ocrx_word' id='word_1_1268' title='bbox 844 2998 946 3015; x_wconf 84' lang='lat' dir='ltr'>omnes.</span> <span class='ocrx_word' id='word_1_1269' title='bbox 969 2990 999 3015; x_wconf 81' lang='lat' dir='ltr'>P.</span> <span class='ocrx_word' id='word_1_1270' title='bbox 1011 2990 1107 3016; x_wconf 83' lang='lat' dir='ltr'>Manu-</span> 
     </span>
     <span class='ocr_line' id='line_1_139' title="bbox 147 3021 1106 3058; baseline 0.002 -9"><span class='ocrx_word' id='word_1_1271' title='bbox 147 3022 201 3050; x_wconf 76' lang='lat' dir='ltr'>tius</span> <span class='ocrx_word' id='word_1_1272' title='bbox 212 3021 336 3056; x_wconf 76' lang='lat' dir='ltr'>conjecit,</span> <span class='ocrx_word' id='word_1_1273' title='bbox 348 3024 448 3049; x_wconf 76' lang='lat' dir='ltr'>recondit</span> <span class='ocrx_word' id='word_1_1274' title='bbox 457 3031 483 3048; x_wconf 83' lang='lat' dir='ltr'>ut</span> <span class='ocrx_word' id='word_1_1275' title='bbox 491 3026 567 3056; x_wconf 87' lang='lat' dir='ltr'>postea</span> <span class='ocrx_word' id='word_1_1276' title='bbox 578 3034 586 3054; x_wconf 74' lang='lat'>5</span> <span class='ocrx_word' id='word_1_1277' title='bbox 598 3025 608 3049; x_wconf 67' lang='lat' dir='ltr'>e*</span> <span class='ocrx_word' id='word_1_1278' title='bbox 618 3026 704 3058; x_wconf 72' lang='lat' dir='ltr'>quibus</span> <span class='ocrx_word' id='word_1_1279' title='bbox 713 3036 722 3057; x_wconf 87' lang='lat'>,-</span> <span class='ocrx_word' id='word_1_1280' title='bbox 732 3032 778 3051; x_wconf 80' lang='lat' dir='ltr'>aut</span> <span class='ocrx_word' id='word_1_1281' title='bbox 789 3033 873 3053; x_wconf 70' lang='lat' dir='ltr'>certe,</span> <span class='ocrx_word' id='word_1_1282' title='bbox 884 3026 1016 3058; x_wconf 39' lang='lat' dir='ltr'>aliquafibi</span> <span class='ocrx_word' id='word_1_1283' title='bbox 1026 3035 1106 3051; x_wconf 75' lang='lat' dir='ltr'>recon-</span> 
     </span>
     <span class='ocr_line' id='line_1_140' title="bbox 143 3057 1104 3101; baseline 0.004 -18"><span class='ocrx_word' id='word_1_1284' title='bbox 143 3059 191 3085; x_wconf 81' lang='lat' dir='ltr'>dit.</span> <span class='ocrx_word' id='word_1_1285' title='bbox 203 3057 347 3085; x_wconf 85' lang='lat' dir='ltr'>Lambinus</span> <span class='ocrx_word' id='word_1_1286' title='bbox 358 3067 411 3083; x_wconf 77' lang='lat' dir='ltr'><strong>01·ae</strong></span> <span class='ocrx_word' id='word_1_1287' title='bbox 421 3058 521 3085; x_wconf 83' lang='lat' dir='ltr'>adlevit</span> <span class='ocrx_word' id='word_1_1288' title='bbox 532 3079 540 3090; x_wconf 97' lang='lat'>‚</span> <span class='ocrx_word' id='word_1_1289' title='bbox 554 3059 625 3087; x_wconf 85' lang='lat' dir='ltr'>forte</span> <span class='ocrx_word' id='word_1_1290' title='bbox 637 3071 643 3087; x_wconf 78' lang='grc' dir='ltr'>ι</span> <span class='ocrx_word' id='word_1_1291' title='bbox 658 3061 760 3087; x_wconf 61' lang='lat' dir='ltr'>recondit</span> <span class='ocrx_word' id='word_1_1292' title='bbox 771 3080 779 3093; x_wconf 88' lang='lat'>‚</span> <span class='ocrx_word' id='word_1_1293' title='bbox 789 3068 815 3086; x_wconf 78' lang='lat' dir='ltr'>nt</span> <span class='ocrx_word' id='word_1_1294' title='bbox 825 3070 852 3087; x_wconf 80' lang='lat' dir='ltr'>ea</span> <span class='ocrx_word' id='word_1_1295' title='bbox 865 3080 872 3093; x_wconf 78' lang='grc'>,</span> <span class='ocrx_word' id='word_1_1296' title='bbox 884 3061 933 3086; x_wconf 67' lang='lat' dir='ltr'>cion</span> <span class='ocrx_word' id='word_1_1297' title='bbox 943 3063 1035 3095; x_wconf 77' lang='lat' dir='ltr'>opmfit</span> <span class='ocrx_word' id='word_1_1298' title='bbox 1046 3080 1057 3101; x_wconf 13' lang='grc' dir='ltr'>,Ἰ</span> <span class='ocrx_word' id='word_1_1299' title='bbox 1065 3063 1104 3087; x_wconf 79' lang='lat' dir='ltr'>de-</span> 
     </span>
     <span class='ocr_line' id='line_1_141' title="bbox 137 3093 698 3128; baseline 0.005 -8"><span class='ocrx_word' id='word_1_1300' title='bbox 137 3101 235 3128; x_wconf 74' lang='lat' dir='ltr'>promat</span> <span class='ocrx_word' id='word_1_1301' title='bbox 244 3106 252 3120; x_wconf 84' lang='lat'>.·</span> <span class='ocrx_word' id='word_1_1302' title='bbox 269 3095 384 3128; x_wconf 65' lang='lat' dir='ltr'>equibus.</span> <span class='ocrx_word' id='word_1_1303' title='bbox 404 3093 544 3121; x_wconf 87' lang='lat' dir='ltr'>ficulneum</span> <span class='ocrx_word' id='word_1_1304' title='bbox 556 3096 698 3123; x_wconf 81' lang='lat' dir='ltr'>auxilium.</span> 
     </span>
    </p>

    <p class='ocr_par' dir='ltr' id='par_1_25' title="bbox 140 3131 1102 3204">
     <span class='ocr_line' id='line_1_142' title="bbox 179 3131 1102 3169; baseline 0.004 -13"><span class='ocrx_word' id='word_1_1305' title='bbox 179 3131 207 3156; x_wconf 83' lang='lat'>6.</span> <span class='ocrx_word' id='word_1_1306' title='bbox 220 3134 251 3155; x_wconf 83' lang='lat' dir='ltr'>Et</span> <span class='ocrx_word' id='word_1_1307' title='bbox 260 3132 327 3162; x_wconf 69' lang='lat' dir='ltr'>istam</span> <span class='ocrx_word' id='word_1_1308' title='bbox 336 3131 503 3164; x_wconf 52' lang='lat' dir='ltr'>animalum]</span> <span class='ocrx_word' id='word_1_1309' title='bbox 516 3132 558 3157; x_wconf 89' lang='lat' dir='ltr'>Sic</span> <span class='ocrx_word' id='word_1_1310' title='bbox 570 3132 597 3157; x_wconf 74' lang='grc' dir='ltr'>δε</span> <span class='ocrx_word' id='word_1_1311' title='bbox 608 3132 676 3159; x_wconf 77' lang='lat' dir='ltr'>Pall,</span> <span class='ocrx_word' id='word_1_1312' title='bbox 688 3131 825 3168; x_wconf 88' lang='lat' dir='ltr'>editioque</span> <span class='ocrx_word' id='word_1_1313' title='bbox 836 3135 851 3159; x_wconf 73' lang='grc' dir='ltr'>’ν</span> <span class='ocrx_word' id='word_1_1314' title='bbox 860 3132 908 3159; x_wconf 61' lang='lat' dir='ltr'>iffi.</span> <span class='ocrx_word' id='word_1_1315' title='bbox 921 3143 951 3159; x_wconf 88' lang='lat' dir='ltr'>ne</span> <span class='ocrx_word' id='word_1_1316' title='bbox 963 3132 1034 3159; x_wconf 82' lang='lat' dir='ltr'>fort&#39;e</span> <span class='ocrx_word' id='word_1_1317' title='bbox 1045 3134 1102 3169; x_wconf 80' lang='lat' dir='ltr'>quis</span> 
     </span>
     <span class='ocr_line' id='line_1_143' title="bbox 140 3166 1102 3204; baseline 0.004 -12"><span class='ocrx_word' id='word_1_1318' title='bbox 140 3173 218 3202; x_wconf 82' lang='lat' dir='ltr'>putet</span> <span class='ocrx_word' id='word_1_1319' title='bbox 226 3166 447 3203; x_wconf 82' lang='lat' dir='ltr'>provocabulum,</span> <span class='ocrx_word' id='word_1_1320' title='bbox 457 3168 554 3201; x_wconf 54' lang='lat' dir='ltr'>istam&amp;</span> <span class='ocrx_word' id='word_1_1321' title='bbox 564 3168 695 3196; x_wconf 78' lang='lat' dir='ltr'>Lambino</span> <span class='ocrx_word' id='word_1_1322' title='bbox 705 3169 830 3204; x_wconf 84' lang='lat' dir='ltr'>primitus</span> <span class='ocrx_word' id='word_1_1323' title='bbox 843 3169 978 3198; x_wconf 77' lang='lat' dir='ltr'>redditum</span> <span class='ocrx_word' id='word_1_1324' title='bbox 988 3171 1102 3199; x_wconf 51' lang='lat' dir='ltr'>aurion.</span> 
     </span>
    </p>
   </div>
   <div class='ocr_carea' id='block_1_21' title="bbox 1145 2956 2113 3210">
    <p class='ocr_par' dir='ltr' id='par_1_26' title="bbox 1146 2956 2113 3135">
     <span class='ocr_line' id='line_1_144' title="bbox 1148 2956 2113 2993; baseline 0.002 -11"><span class='ocrx_word' id='word_1_1325' title='bbox 1148 2956 1205 2982; x_wconf 69' lang='lat' dir='ltr'>&amp;io</span> <span class='ocrx_word' id='word_1_1326' title='bbox 1219 2957 1335 2992; x_wconf 79' lang='lat' dir='ltr'>vulgata.</span> <span class='ocrx_word' id='word_1_1327' title='bbox 1356 2957 1502 2983; x_wconf 82' lang='lat' dir='ltr'>Lambinus</span> <span class='ocrx_word' id='word_1_1328' title='bbox 1513 2957 1579 2992; x_wconf 70' lang='lat' dir='ltr'>legit</span> <span class='ocrx_word' id='word_1_1329' title='bbox 1591 2969 1604 2984; x_wconf 73' lang='lat' dir='ltr'>c</span> <span class='ocrx_word' id='word_1_1330' title='bbox 1617 2957 1672 2984; x_wconf 72' lang='lat' dir='ltr'>mss&#39;.</span> <span class='ocrx_word' id='word_1_1331' title='bbox 1686 2957 1736 2984; x_wconf 83' lang='lat' dir='ltr'>suis</span> <span class='ocrx_word' id='word_1_1332' title='bbox 1750 2978 1758 2990; x_wconf 88' lang='lat'>‚</span> <span class='ocrx_word' id='word_1_1333' title='bbox 1783 2960 2113 2993; x_wconf 62' lang='lat' dir='ltr'>cumjudi.⁴.ov·.ri1mi5coiz-</span> 
     </span>
     <span class='ocr_line' id='line_1_145' title="bbox 1146 2993 2112 3032; baseline 0.003 -14"><span class='ocrx_word' id='word_1_1334' title='bbox 1146 2995 1197 3023; x_wconf 74' lang='lat' dir='ltr'>Hi5</span> <span class='ocrx_word' id='word_1_1335' title='bbox 1220 3003 1304 3029; x_wconf 86' lang='lat' dir='ltr'>neque</span> <span class='ocrx_word' id='word_1_1336' title='bbox 1314 2993 1393 3019; x_wconf 81' lang='lat' dir='ltr'>aliter</span> <span class='ocrx_word' id='word_1_1337' title='bbox 1404 2993 1470 3019; x_wconf 76' lang='lat' dir='ltr'>liber</span> <span class='ocrx_word' id='word_1_1338' title='bbox 1481 2995 1510 3019; x_wconf 84' lang='lat' dir='ltr'>S.</span> <span class='ocrx_word' id='word_1_1339' title='bbox 1526 2994 1654 3020; x_wconf 57' lang='lat' dir='ltr'>N&#39;itstoris.</span> <span class='ocrx_word' id='word_1_1340' title='bbox 1676 2993 1718 3020; x_wconf 80' lang='lat' dir='ltr'>sed</span> <span class='ocrx_word' id='word_1_1341' title='bbox 1730 2996 1792 3020; x_wconf 81' lang='lat' dir='ltr'>cuin</span> <span class='ocrx_word' id='word_1_1342' title='bbox 1803 2995 1880 3021; x_wconf 59' lang='lat' dir='ltr'>istim</span> <span class='ocrx_word' id='word_1_1343' title='bbox 1902 2994 1991 3030; x_wconf 80' lang='lat' dir='ltr'>saepius</span> <span class='ocrx_word' id='word_1_1344' title='bbox 2003 3005 2112 3032; x_wconf 83' lang='lat' dir='ltr'>compe-</span> 
     </span>
     <span class='ocr_line' id='line_1_146' title="bbox 1147 3028 2112 3066; baseline 0.004 -12"><span class='ocrx_word' id='word_1_1345' title='bbox 1147 3029 1228 3055; x_wconf 87' lang='lat' dir='ltr'>rerim</span> <span class='ocrx_word' id='word_1_1346' title='bbox 1240 3028 1446 3065; x_wconf 67' lang='lat' dir='ltr'>inquinatiffinie</span> <span class='ocrx_word' id='word_1_1347' title='bbox 1466 3029 1624 3065; x_wconf 81' lang='lat' dir='ltr'>descriptum</span> <span class='ocrx_word' id='word_1_1348' title='bbox 1639 3040 1647 3061; x_wconf 88' lang='lat'>;</span> <span class='ocrx_word' id='word_1_1349' title='bbox 1669 3030 1738 3057; x_wconf 80' lang='lat' dir='ltr'>haud</span> <span class='ocrx_word' id='word_1_1350' title='bbox 1748 3037 1827 3056; x_wconf 67' lang='lat' dir='ltr'>temer</span> <span class='ocrx_word' id='word_1_1351' title='bbox 1836 3043 1848 3055; x_wconf 47' lang='grc' dir='ltr'><em>ς</em></span> <span class='ocrx_word' id='word_1_1352' title='bbox 1859 3030 1961 3066; x_wconf 66' lang='lat' dir='ltr'>aliquid</span> <span class='ocrx_word' id='word_1_1353' title='bbox 1973 3034 2112 3058; x_wconf 76' lang='lat' dir='ltr'>mutarim.</span> 
     </span>
     <span class='ocr_line' id='line_1_147' title="bbox 1146 3064 2110 3103; baseline 0.004 -13"><span class='ocrx_word' id='word_1_1354' title='bbox 1146 3065 1202 3090; x_wconf 82' lang='lat' dir='ltr'>imo</span> <span class='ocrx_word' id='word_1_1355' title='bbox 1214 3064 1271 3091; x_wconf 75' lang='lat' dir='ltr'>fert:</span> <span class='ocrx_word' id='word_1_1356' title='bbox 1283 3066 1347 3091; x_wconf 75' lang='lat' dir='ltr'>mihi</span> <span class='ocrx_word' id='word_1_1357' title='bbox 1359 3065 1520 3101; x_wconf 70' lang='lat' dir='ltr'>pei-suadeo,-</span> <span class='ocrx_word' id='word_1_1358' title='bbox 1540 3066 1731 3103; x_wconf 81' lang='lat' dir='ltr'>manul&#39;criptos</span> <span class='ocrx_word' id='word_1_1359' title='bbox 1742 3067 1880 3098; x_wconf 74' lang='lat' dir='ltr'>Lambini,</span> <span class='ocrx_word' id='word_1_1360' title='bbox 1892 3067 1956 3094; x_wconf 77' lang='lat' dir='ltr'>nihil</span> <span class='ocrx_word' id='word_1_1361' title='bbox 1968 3068 2025 3094; x_wconf 81' lang='lat' dir='ltr'>heic</span> <span class='ocrx_word' id='word_1_1362' title='bbox 2035 3067 2110 3094; x_wconf 72' lang='lat' dir='ltr'>aliud.</span> 
     </span>
     <span class='ocr_line' id='line_1_148' title="bbox 1146 3100 1612 3135; baseline 0.006 -9"><span class='ocrx_word' id='word_1_1363' title='bbox 1146 3100 1207 3131; x_wconf 79' lang='lat' dir='ltr'>effe,</span> <span class='ocrx_word' id='word_1_1364' title='bbox 1219 3110 1296 3135; x_wconf 84' lang='lat' dir='ltr'>quam</span> <span class='ocrx_word' id='word_1_1365' title='bbox 1309 3100 1427 3127; x_wconf 83' lang='lat' dir='ltr'>codicem</span> <span class='ocrx_word' id='word_1_1366' title='bbox 1443 3103 1470 3128; x_wconf 81' lang='lat' dir='ltr'>S.</span> <span class='ocrx_word' id='word_1_1367' title='bbox 1483 3101 1612 3129; x_wconf 57' lang='lat' dir='ltr'>vigim-is.</span> 
     </span>
    </p>

    <p class='ocr_par' dir='ltr' id='par_1_27' title="bbox 1145 3138 1817 3210">
     <span class='ocr_line' id='line_1_149' title="bbox 1184 3138 1817 3174; baseline 0.006 -13"><span class='ocrx_word' id='word_1_1368' title='bbox 1184 3145 1225 3162; x_wconf 79' lang='lat'>10.</span> <span class='ocrx_word' id='word_1_1369' title='bbox 1246 3140 1276 3162; x_wconf 82' lang='lat' dir='ltr'>Ut</span> <span class='ocrx_word' id='word_1_1370' title='bbox 1285 3138 1311 3162; x_wconf 79' lang='lat' dir='ltr'>id</span> <span class='ocrx_word' id='word_1_1371' title='bbox 1319 3138 1380 3170; x_wconf 75' lang='lat' dir='ltr'>quod</span> <span class='ocrx_word' id='word_1_1372' title='bbox 1387 3139 1524 3171; x_wconf 76' lang='lat' dir='ltr'>nigrumfit,</span> <span class='ocrx_word' id='word_1_1373' title='bbox 1536 3140 1615 3164; x_wconf 71' lang='lat' dir='ltr'>album</span> <span class='ocrx_word' id='word_1_1374' title='bbox 1624 3140 1664 3171; x_wconf 66' lang='lat' dir='ltr'>eff}-</span> <span class='ocrx_word' id='word_1_1375' title='bbox 1675 3139 1817 3174; x_wconf 52' lang='lat' dir='ltr'>videntum]</span> 
     </span>
     <span class='ocr_line' id='line_1_150' title="bbox 1145 3173 1811 3210; baseline 0.008 -13"><span class='ocrx_word' id='word_1_1376' title='bbox 1145 3173 1206 3198; x_wconf 87' lang='lat' dir='ltr'>rum</span> <span class='ocrx_word' id='word_1_1377' title='bbox 1218 3182 1258 3209; x_wconf 79' lang='lat' dir='ltr'>pr.</span> <span class='ocrx_word' id='word_1_1378' title='bbox 1268 3180 1295 3200; x_wconf 83' lang='lat' dir='ltr'>ut</span> <span class='ocrx_word' id='word_1_1379' title='bbox 1305 3174 1329 3200; x_wconf 78' lang='lat' dir='ltr'>id</span> <span class='ocrx_word' id='word_1_1380' title='bbox 1339 3174 1431 3209; x_wconf 68' lang='lat' dir='ltr'>quidem</span> <span class='ocrx_word' id='word_1_1381' title='bbox 1440 3176 1581 3208; x_wconf 79' lang='lat' dir='ltr'>nigrumfit,</span> <span class='ocrx_word' id='word_1_1382' title='bbox 1591 3175 1652 3210; x_wconf 76' lang='lat' dir='ltr'>quod</span> <span class='ocrx_word' id='word_1_1383' title='bbox 1660 3176 1750 3208; x_wconf 83' lang='lat' dir='ltr'>album,</span> <span class='ocrx_word' id='word_1_1384' title='bbox 1759 3176 1811 3207; x_wconf 59' lang='grc' dir='ltr'>ὡς.</span> 
     </span>
    </p>
   </div>
   <div class='ocr_carea' id='block_1_22' title="bbox 1498 3210 1693 3246">
    <p class='ocr_par' dir='ltr' id='par_1_28' title="bbox 1498 3210 1693 3246">
     <span class='ocr_line' id='line_1_151' title="bbox 1498 3210 1693 3246; baseline 0 -8"><span class='ocrx_word' id='word_1_1385' title='bbox 1498 3210 1659 3238; x_wconf 78' lang='lat' dir='ltr'>Hhhhhh</span> <span class='ocrx_word' id='word_1_1386' title='bbox 1680 3219 1693 3246; x_wconf 64' lang='grc' dir='ltr'>ς,</span> 
     </span>
    </p>
   </div>
   <div class='ocr_carea' id='block_1_23' title="bbox 1840 3139 2109 3167">
    <p class='ocr_par' dir='ltr' id='par_1_29' title="bbox 1840 3139 2109 3167">
     <span class='ocr_line' id='line_1_152' title="bbox 1840 3139 2109 3167; baseline -0.011 0"><span class='ocrx_word' id='word_1_1387' title='bbox 1840 3140 1882 3167; x_wconf 77' lang='lat' dir='ltr'>Sic</span> <span class='ocrx_word' id='word_1_1388' title='bbox 1894 3140 1920 3166; x_wconf 61' lang='grc' dir='ltr'>ἔξ</span> <span class='ocrx_word' id='word_1_1389' title='bbox 1932 3139 1988 3167; x_wconf 77' lang='lat' dir='ltr'>Pal.</span> <span class='ocrx_word' id='word_1_1390' title='bbox 2000 3139 2050 3166; x_wconf 86' lang='lat' dir='ltr'>sec.</span> <span class='ocrx_word' id='word_1_1391' title='bbox 2063 3148 2109 3165; x_wconf 81' lang='lat' dir='ltr'>ve-</span> 
     </span>
    </p>
   </div>
   <div class='ocr_carea' id='block_1_24' title="bbox 2014 3209 2115 3244">
    <p class='ocr_par' dir='ltr' id='par_1_30' title="bbox 2014 3209 2115 3244">
     <span class='ocr_line' id='line_1_153' title="bbox 2014 3209 2115 3244; baseline 0 -8"><span class='ocrx_word' id='word_1_1392' title='bbox 2014 3209 2115 3244; x_wconf 51' lang='lat' dir='ltr'>[Qui</span> 
     </span>
    </p>
   </div>
   <div class='ocr_carea' id='block_1_25' title="bbox 2167 1050 2226 1095">
    <p class='ocr_par' dir='ltr' id='par_1_31' title="bbox 2167 1050 2226 1095">
     <span class='ocr_line' id='line_1_154' title="bbox 2167 1050 2226 1095; baseline 0.034 -2"><span class='ocrx_word' id='word_1_1393' title='bbox 2167 1050 2226 1095; x_wconf 50' lang='grc' dir='ltr'>Ῑῖ </span> 
     </span>
    </p>
   </div>
  </div>
 </body>
</html>
