2360 3400
467 132 547 164 nn
601 117 887 163 Fruiizus
939 116 1184 163 Borion.
1236 132 1317 165 ET
1366 117 1528 166 Mat..
1574 124 1708 171 [ΑΒ.
1754 123 1819 169 11.

2000 140 2118 175 1031

156 212 222 236 non
235 201 338 235 enim,
358 196 505 229 fimalum
516 196 606 228 dolor
616 195 676 231 est,
695 206 793 229 carere
801 205 839 226 eo
849 194 929 227 malo
937 195 1006 226 satis
1016 193 1059 226 est
1072 194 1109 225 ad
1161 199 1384 240 expetendum,
1405 199 1502 240 jacere
1521 200 1616 233 vestra
1632 204 1747 234 omnia.
1770 205 1868 244 itaque
1887 210 1945 238 eo,
1966 205 2053 246 quale
2072 203 2120 238 fir,

152 247 231 278 bene
241 242 423 275 vivendum.
445 240 504 270 hoc
513 239 625 270 dixerit
633 238 735 279 potius
744 240 864 269 Ennius
880 248 886 268 :

196 285 332 317 Nimium
350 282 413 312 boni
431 280 475 311 eff
493 282 539 311 cui
559 281 633 311 nihil
649 280 694 311 ess?
711 280 793 310 mali.

153 331 222 360 Nos
240 328 356 358 beatam
376 325 469 355 vitam
488 334 554 354 non
572 322 747 364 depulsione
766 322 860 356 mali,
885 320 934 352 sed
951 319 1113 360 adeptione

149 371 226 402 boni
236 368 427 409 judicemus:
446 376 576 396 neceam
587 364 724 397 cessando
737 385 746 400 ,
765 368 776 384 ¹
789 363 847 394 five
860 363 1040 404 gaudentem
1050 382 1059 396 ‚
1079 371 1113 392 ut

151 410 320 451 Aristippus
330 422 339 444 3
348 408 408 439 five
417 418 481 438 non
492 407 647 439 dolentem
659 428 668 442 ,
680 416 712 438 ut
723 408 786 438 hic:
798 405 848 437 sed
857 404 973 446 agendo
985 403 1110 444 aliquid,

148 450 402 484 confiderandove
430 459 610 491 quaeramus.
641 452 716 491 Qae
736 447 858 489 pofl'unt
880 446 986 477 eadem
1007 454 1110 476 contra

146 494 355 526 Carneadeum
367 493 443 523 illud
454 493 610 523 summum
622 492 742 523 bonum
753 490 823 521 dici:
834 488 915 530 quod
925 489 950 518 is
960 497 1024 517 non
1034 495 1106 521 tarn,

149 536 321 578 utprobaret
332 556 341 569 ,
353 535 496 576 protulit:
516 534 608 576 quam
619 543 651 565 ut
660 534 767 565 Stoicis
777 551 786 566 ,
798 530 979 573 quibuscum
990 529 1107 559 bellum

148 579 268 619 gerebat
283 598 291 612 ,
311 585 484 618 opponeret.
509 576 544 607 Id
563 585 664 607 autem
678 575 829 615 ejusmodi
846 571 889 603 est
900 592 908 607 ‚
929 580 963 601 ut
971 570 1108 601 additum

147 620 185 651 ad
205 622 347 651 virtutem
359 640 367 653 ,
384 617 586 648 auc‘loriratem
599 618 732 649 videatur
745 616 916 647 habiturum
929 633 937 647 ‚
959 613 992 644 &
1003 613 1108 652 exple-

147 670 251 692 tumm
262 662 416 693 cumulate
424 662 517 690 vitam
528 661 642 691 beatam
655 671 660 689 :
678 659 715 690 de
725 668 786 699 quo
797 658 900 688 omnis
912 657 973 686 haec
982 653 1108 696 quaestio

147 703 200 735 est.
224 714 295 735 nam
306 706 358 744 qui
371 703 406 734 ad
417 704 559 733 virtutem
568 702 735 742 adjungunt
744 700 791 731 vel
801 699 987 739 voluptatem
997 717 1005 731 ,
1018 706 1108 737 quarn

147 755 242 777 unam
252 747 347 776 virtus
357 745 473 774 minimi
480 744 576 782 facit:
593 745 642 774 vel
652 745 827 773 vacuitatem
839 741 952 771 doloris
964 759 972 773 ‚
986 749 1051 780 quae
1063 747 1109 768 et—

147 790 210 818 iam
220 787 239 818 fi
254 788 336 818 malo
345 795 437 820 caret,
451 795 552 816 tamen
562 796 628 815 nori
639 784 682 816 est
691 785 847 815 summum
859 782 977 812 bonum
990 792 995 810 2
1011 780 1108 810 acces-

145 828 230 860 fione
250 839 375 860 utuntur
392 838 457 858 non
476 829 515 857 ita
527 827 695 866 probabili,
718 835 776 856 nec
795 833 915 857 tamen,
934 822 1030 853 curid
1044 830 1105 851 tam

144 872 229 912 parce
247 892 257 906 ,
284 880 406 911 tamque
425 868 558 899 restriEte
579 867 688 898 faciant
707 886 716 900 ,
744 866 890 906 intelligo.
923 862 1002 913 quasi
1020 865 1104 910 eni-m

143 914 310 944 emendum
323 915 365 941 eis
375 910 409 941 sit
418 930 426 944 ‚
437 909 518 951 quod
527 909 634 939 addant
646 909 681 939 ad
693 910 836 938 virtutem
849 927 857 940 2
873 907 1010 946 primum
1022 905 1106 935 vrlis—

144 954 231 986 simas
241 964 285 985 res
296 953 424 984 addunt:
437 950 547 981 deinde
556 949 681 992 singulas
692 949 808 990 potius,
823 948 914 989 quam
925 948 1030 977 omnia
1039 956 1105 988 quae

145 999 243 1038 prima
256 1004 357 1026 natura
374 991 591 1034 approbavisset
599 1013 607 1026 ‚
626 996 640 1012 ²
650 1003 684 1023 ea
692 1002 764 1023 curn
773 991 926 1030 voluptate
935 990 1104 1029 conjunge-

142 1047 218 1070 rent.
241 1047 307 1078 quae
324 1036 396 1067 cum
417 1034 572 1068 Aristoni,
595 1035 627 1065 δε
641 1034 787 1075 Pyrrhoni
807 1033 937 1063 omnino
956 1031 1018 1061 visa
1037 1031 1105 1061 sunt

140 1090 200 1121 ipro
218 1079 316 1109 nihilo
327 1098 336 1111 ,
358 1086 393 1108 ut
411 1078 485 1107 inter
497 1075 601 1119 optime
615 1077 707 1106 valere
717 1097 725 1110 ,
747 1072 954 1115 &graviffime‘
963 1079 1102 1113 egrotare,

128 1140 130 1144 ν
142 1121 219 1151 nihil
233 1120 342 1162 prorsus
351 1120 472 1149 dicerent
483 1117 602 1156 intereffi
611 1138 620 1152 ,
641 1118 722 1149 redte
733 1119 796 1158 jam
808 1117 925 1156 pridem
938 1125 1042 1146 contra
1051 1125 1102 1145 eos

140 1161 271 1194 delitum
282 1161 324 1192 est
333 1161 487 1202 disputari⁴
509 1160 582 1191 dum
595 1162 677 1190 enim
699 1162 732 1190 in
754 1169 813 1189 una
827 1160 937 1189 virtute
949 1156 987 1187 fic
999 1158 1105 1187 omnia

141 1204 201 1236 effe
213 1205 377 1236 voluerunt
388 1224 398 1237 ,
409 1212 440 1234 ut
451 1212 516 1233 eam
529 1211 631 1232 rerum
641 1201 804 1233 sele&ione
816 1200 1015 1240 exspoliarent
1028 1209 1033 1227 :
1048 1208 1104 1229 nec

136 1249 172 1278 ei
181 1246 348 1288 quidquam
359 1265 368 1279 ,
379 1254 430 1276 aut
440 1244 519 1275 unde
529 1246 655 1274 oriretur
667 1264 676 1278 ,
689 1244 791 1274 darent
800 1262 808 1276 ‚
825 1242 936 1273 autulii
948 1243 1103 1271 niteretur:

141 1290 289 1320 virtutem
303 1287 397 1328 ipsam
410 1307 419 1320 ‚
436 1296 526 1328 quam
538 1286 801 1326 amplexabantur,
824 1282 1014 1314 sustulerunt.
1038 1284 1103 1313 He-

143 1331 230 1361 xillus
248 1338 349 1360 autem
366 1328 403 1359 ad
421 1329 579 1359 scientiam
595 1329 702 1358 omnia
715 1336 876 1359 revocans,
896 1334 992 1355 unum
1004 1324 1103 1365 quod—

141 1372 213 1403 dam
233 1372 352 1402 bonum
369 1370 459 1401 vidit:
481 1370 530 1400 sed
542 1379 597 1399 nec
606 1371 759 1409 optimum
771 1389 779 1402 ,
797 1378 850 1398 nec
859 1377 913 1408 quo
924 1368 990 1396 vita
998 1365 1103 1407 guber—

141 1416 206 1443 nari
221 1412 308 1455 poffit.
331 1414 430 1453 itaque
450 1412 499 1441 hic
518 1411 580 1450 ipse
595 1411 660 1450 jam
679 1411 796 1450 pridem
815 1409 858 1441 est
876 1408 1012 1448 rejenus.
1034 1407 1100 1448 post

83 1461 97 1488 il
107 1463 128 1496 4
141 1458 226 1487 enim
236 1453 433 1494 Chrysippum
446 1462 509 1483 non
519 1452 587 1483 sane
599 1451 641 1481 est
653 1452 848 1492 disputatum.
871 1450 1000 1482 Restatis
1010 1452 1102 1491 igitur

141 1507 207 1529 vos.
230 1500 243 1524 3
255 1505 326 1526 nam
337 1505 406 1525 cum
418 1494 606 1525 Academicis
616 1492 861 1524 incei·talu6l:atio
878 1491 920 1522 est
932 1504 937 1522 2
958 1494 1010 1532 qui
1021 1494 1100 1522 nihil

140 1537 291 1570 affirmant
300 1556 309 1571 ,
324 1537 358 1567 &
368 1534 447 1577 quafi
458 1535 606 1576 desperata
615 1536 792 1576 cognitione
801 1535 873 1565 certi
885 1554 893 1567 ‚
913 1534 944 1564 id
955 1535 1037 1574 sequi
1045 1544 1100 1564 vo-

139 1581 225 1611 lunt:
242 1579 457 1621 quodcumque
473 1575 636 1608 verifimile
651 1577 795 1607 videatur.
819 1578 898 1606 Cum
909 1577 1039 1616 Epicuro
1049 1586 1100 1606 au—

138 1630 201 1653 tem
213 1623 271 1652 hoc
282 1619 325 1651 est
334 1620 402 1660 plus
411 1620 525 1661 negotii
537 1638 545 1653 ‚
562 1617 645 1659 quod
662 1618 679 1649 ὲ
696 1618 810 1658 duplici
822 1628 930 1659 genere
939 1618 1102 1658 voluptatis

136 1662 320 1703 oonjun8ffls
337 1661 398 1693 est:
417 1661 557 1703 quodque
569 1661 674 1701 &ipse
684 1680 693 1695 ,
713 1661 746 1691 &
757 1662 849 1692 amici
861 1662 924 1700 ejus
934 1680 943 1694 ,
965 1660 999 1691 &
1011 1661 1103 1691 multi

138 1705 242 1747 postea
260 1704 434 1736 defensores
450 1705 515 1743 ejus
534 1704 687 1734 sententiae
708 1702 849 1733 fuerunt:
867 1703 1014 1734 &nescio
1024 1713 1101 1744 quo—

138 1747 236 1778 modo
244 1747 281 1786 (is
291 1766 299 1781 ‚
310 1748 362 1787 qui
371 1745 575 1775 auctoritatem
583 1745 734 1774 minimam
743 1745 841 1779 habet,
853 1746 1015 1774 maximam
1023 1746 1099 1786 vim)

137 1789 269 1830 populus
288 1798 360 1819 cum
379 1788 441 1818 illis
456 1787 535 1818 facit.
557 1796 634 1828 quos
646 1786 701 1816 nisi
715 1788 868 1827 arguimus
880 1790 983 1817 omnis
993 1788 1098 1821 virtus,

137 1841 234 1861 omne
244 1831 334 1861 decus
344 1850 352 1864 ‚
364 1839 416 1860 om
422 1831 468 1859 nis
479 1829 615 1859 veralaus
629 1828 789 1859 deserenda
799 1827 852 1859 est.
876 1831 919 1858 Ita
927 1837 1097 1859 ceterorum

136 1873 294 1903 sententiis
305 1873 429 1902 semotis
440 1891 449 1904 ,
469 1871 651 1911 relinquitur
667 1879 732 1900 non
750 1871 829 1900 mihi
847 1880 918 1900 cum
929 1873 1098 1911 Torquato,

135 1915 187 1945 sed
197 1915 306 1944 virtuti
315 1923 386 1944 curn
399 1912 547 1954 voluptate
556 1913 687 1942 certatio.
710 1921 802 1952 quarn
819 1911 942 1952 quidem
959 1913 1098 1942 certatio—

134 1966 209 1987 nem
224 1957 320 1986 homo
331 1955 363 1986 &
372 1964 475 1986 acutus
485 1974 494 1988 ,
516 1954 548 1984 &
558 1954 687 1994 diligens
697 1952 875 1994 Chrysippus
887 1973 896 1988 ,
916 1964 980 1984 non
989 1963 1096 1985 conte—

134 2000 215 2028 mnit
225 2018 233 2032 ,
255 2007 415 2038 totumque
427 1997 590 2027 discrimen
604 1996 718 2026 summi
729 1995 804 2025 boni
813 1998 846 2025 in
857 1995 962 2026 eadem
972 2005 1095 2036 compa-

130 2043 247 2070 ratione
266 2038 396 2080 pofitum
415 2046 506 2078 putat.
529 2047 585 2079 ego
598 2046 699 2068 autem
714 2036 875 2071 existimo,
895 2035 916 2067 fi
930 2037 1091 2068 honestum

130 2081 246 2123 aliquid
256 2081 415 2112 ostendero
425 2100 434 2115 ,
452 2079 534 2122 quod
550 2078 583 2110 sit
595 2079 696 2120 ipsum
712 2081 770 2110 4vi
784 2079 834 2110 sua
845 2099 853 2114 ,
874 2088 994 2120 propter
1004 2079 1092 2121 seque

168 2215 179 2232 ι
187 2226 194 2231 .
213 2209 268 2232 Sive
281 2206 421 2239 gaudentem
432 2224 440 2236 ‚
455 2211 483 2229 ut
491 2206 644 2237 Aristippm5
656 2204 708 2237 five
717 2212 762 2229 non
772 2203 894 2235 dolentem,
904 2210 931 2228 ut
940 2203 1003 2237 hia]
1026 2203 1091 2229 Non

129 2242 206 2276 potui
216 2240 359 2268 excludere
369 2242 434 2267 lianc
445 2239 602 2271 lectionem,
611 2240 748 2266 inventam
758 2246 833 2274 parte
843 2238 881 2264 sui
891 2240 919 2265 iii
933 2239 989 2265 Pal.
1001 2239 1091 2265 omui-

129 2279 178 2305 bus
188 2288 217 2306 ac
228 2277 408 2304 Lambiniaiiis
421 2296 429 2308 ‚
451 2276 583 2311 integram
597 2276 659 2302 vero
671 2275 697 2301 iii
709 2275 767 2302 Pal.
784 2275 882 2311 primo.
906 2275 1007 2311 vulgati
1019 2275 1090 2302 enim

125 2315 193 2341 ,liiiio
203 2313 346 2341 admodum
360 2313 466 2341 auribus
476 2313 584 2348 ingrato
596 2331 604 2345 ‚
616 2311 793 2347 fivegaudendo
804 2330 814 2344 ,
831 2318 859 2337 ut
867 2312 967 2345 Aristip.
975 2312 1029 2345 five
1046 2321 1091 2337 mn

130 2351 222 2377 dolendo
253 2351 294 2376 1vc.

168 2395 197 2412 2.
226 2374 232 2382 ¹
240 2396 256 2412 a
265 2395 316 2411 cum
324 2388 446 2418 voluptate
454 2384 640 2418 conjungerent]
662 2383 809 2410 Lambinus
820 2389 935 2420 quatuor
945 2383 1003 2410 istas
1016 2392 1092 2410 voces

129 2421 248 2448 editione
259 2421 302 2449 sua
311 2421 424 2448 exclusit
435 2440 443 2453 ‚
454 2421 526 2457 quod
537 2430 588 2447 non
600 2427 784 2456 comparerent
796 2420 905 2455 (iuquit)
917 2419 944 2446 iu
957 2429 1011 2446 uno
1022 2419 1091 2446 libro

128 2459 210 2493 longe
221 2468 237 2484 0
257 2459 335 2484 timo.
354 2466 382 2484 at
392 2457 488 2484 habent
498 2467 540 2483 eas
552 2456 620 2483 Pall.
639 2466 664 2483 0.
686 2456 733 2483 nifi
743 2456 813 2492 quod
828 2456 854 2482 in
867 2455 949 2482 tertio
960 2465 1010 2481 cum
1021 2457 1091 2482 hone-

123 2495 197 2527 state.
218 2496 242 2520 A
256 2494 303 2520 dus
313 2494 406 2529 Nepos
417 2493 550 2529 vulgavit,
561 2495 712 2527 conjungunt,
721 2492 807 2525 aptius
817 2491 848 2518 ad
860 2491 973 2524 sensum,
983 2491 1027 2518 sed
1038 2501 1090 2528 quo

129 2529 208 2563 jure?
228 2529 318 2556 malim
329 2538 380 2564 ego
398 2528 581 2565 repraesentare
593 2538 681 2555 naevos
690 2527 807 2555 auctoris
821 2548 829 2560 ‚
846 2537 924 2564 quam
934 2527 1090 2555 substituere

129 2566 313 2601 qualecunque
327 2566 509 2601 mangonium.
529 2573 588 2592 riam
608 2564 626 2592 si
638 2565 757 2592 voculam
769 2571 917 2601 repetamus
929 2584 937 2596 ,
956 2565 985 2590 &
1003 2564 1090 2592 isthaec

130 2603 255 2638 proxime
266 2601 433 2638 lequentibus
443 2601 623 2628 attribuamus
633 2620 642 2633 ,
660 2600 730 2628 belle
748 2600 876 2635 procedet
897 2600 1026 2628 sententia
1036 2600 1086 2629 fic:

131 2642 171 2664 Ea
180 2648 252 2673 quum
262 2648 311 2665 cum
321 2640 443 2670 voluptate
453 2638 623 2671 conjungerent,
633 2647 681 2671 quae
689 2638 807 2669 <Aristoni
815 2637 854 2667 &a

169 2682 197 2710 3.
217 2678 280 2700 Nam
290 2684 341 2699 cum
349 2674 493 2700 Academicis
501 2676 595 2699 incerta
603 2675 702 2698 lunatio
710 2673 769 2707 effi]
791 2673 834 2699 Sic
843 2672 949 2708 quidem
961 2672 1089 2706 Palatini,

150 2718 228 2737 raetei·
237 2711 352 2746 primum
366 2729 373 2742 ‚
385 2711 410 2737 in
423 2719 475 2746 quo
484 2712 558 2735 unHa
567 2711 709 2735 luHalioen‘Y
720 2728 728 2741 ,
748 2708 819 2744 quod
833 2709 879 2745 qui
889 2709 1028 2745 negaverit
1041 2718 1088 2736 au-

160 2747 211 2773 oris
222 2747 358 2782 geminum
369 2754 537 2782 germanum,
549 2744 657 2780 negabit
667 2745 694 2771 &
706 2745 817 2771 meridie
828 2745 927 2771 lucere.

166 2790 195 2816 4.
216 2787 245 2810 Vi
255 2783 304 2816 fita
310 2790 405 2816 propter
411 2782 508 2816 sequen]
530 2781 572 2807 Sic
583 2781 650 2807 l’all.
662 2789 722 2807 omn
728 2790 754 2807 es
763 2781 792 2807 ὃ(
802 2780 886 2808 editio
895 2780 1010 2808 Vinci-ii
1022 2790 1030 2812 3
1043 2780 1089 2808 nifi

129 2818 201 2854 quod
212 2820 305 2855 pr.fim
313 2822 342 2844 vi
353 2837 361 2850 ⁷
381 2817 494 2844 secundo
505 2818 568 2844 vero
579 2816 645 2844 desit
664 2817 768 2853 copula.
789 2817 890 2853 vulgati
903 2836 912 2849 ‚
936 2820 966 2843 vi
976 2818 1088 2851 suapro-

123 2856 260 2888 pterquese.
272 2856 352 2891 quam
363 2854 462 2891 pusillis
473 2862 555 2889 cogor
565 2853 691 2880 inliaerere
703 2854 709 2880 !
720 2852 762 2879 sed
772 2852 851 2880 aliter
861 2852 918 2879 ficri
929 2863 980 2880 non
991 2854 1087 2889 potest,

129 2889 147 2916 fi
160 2890 238 2917 velim
248 2891 352 2918 munire
362 2900 404 2917 me
415 2897 506 2919 contra
523 2899 568 2917 cos
579 2890 624 2926 qui
642 2890 669 2917 in
681 2899 723 2916 me
733 2890 901 2917 incurrerent
913 2909 922 2922 ,
940 2898 970 2916 ac
979 2889 996 2916 fi
1008 2889 1087 2926 quid-

129 2925 198 2962 piam
209 2930 309 2954 temere
319 2926 469 2954 mutassem.

170 2970 196 2994 5.
215 2963 344 2989 :Accedam
353 2964 386 2990 ad
401 2966 480 2989 omnt‘a
497 2969 542 2989 tua
551 2963 683 2997 ⁷b›·quate‚·
701 2963 747 2993 m'lz'
761 2965 870 2988 memoria
880 2963 943 2996 ,ἧπτε
952 2962 1085 2997 dejecerim]

130 2998 221 3024 Invito
232 2998 287 3024 iere
297 2999 386 3026 animo
395 3008 486 3026 manus
497 2999 642 3026 lectionem
661 2999 726 3025 hanc
736 2999 840 3025 invexit
852 3018 860 3030 ‚
881 2997 972 3025 coaCta
983 2998 1001 3023 li
1024 2998 1085 3025 uid-:i

130 3033 200 3069 quali
215 3034 325 3060 veritate
336 3035 449 3062 Palatini
467 3035 558 3072 primi.
578 3035 644 3061 nihil
655 3035 725 3061 enim
745 3044 774 3062 ea
785 3034 917 3062 evolutius
930 3054 938 3067 ,
958 3034 1011 3060 nihi
1041 3044 1085 3061 ro-

129 3068 250 3097 tundius.
268 3076 296 3096 at
314 3070 440 3097 haetenus
457 3070 549 3107 putide
567 3071 706 3107 occupavit
725 3071 806 3097 libros
824 3080 916 3098 omues
929 3080 937 3101 5
957 3071 1083 3105 Torquate:

127 3108 171 3131 ubi
181 3107 206 3139 si
212 3116 246 3131 me
255 3109 364 3132 memor-Ia
373 3107 437 3140 fiir-te
445 3108 552 3142 defecerit
562 3126 570 3139 ‚
579 3114 646 3133 tuum
656 3111 691 3134 ef?
698 3114 725 3133 ut
731 3109 851 3142 suggeras.
874 3115 986 3142 quorum
998 3107 1082 3143 poste-

126 3141 229 3168 riorum
250 3141 353 3168 nullum
364 3142 504 3177 vestigium
522 3143 549 3170 in
559 3142 646 3169 eleeto
657 3143 706 3170 illo
715 3143 837 3170 Palatino
848 3163 856 3175 ‚
876 3142 973 3170 relicto
983 3142 1084 3169 Biblio-

124 3177 210 3207 thecae
225 3177 260 3206 ab
277 3178 384 3206 coi-culo
401 3178 450 3207 illo
464 3178 621 3207 Electotuni
640 3180 749 3209 Othone
760 3180 897 3209 Henrico:
918 3180 991 3216 cujus
1012 3178 1084 3215 sym-

1163 241 1292 272 breviter
1301 262 1309 276 ,
1331 252 1363 273 ut
1383 252 1502 283 tempus
1520 243 1648 284 postulat
1659 265 1668 279 ‚
1689 243 1853 276 constituto
1871 265 1880 280 ,
1903 248 1916 274 5
1926 246 2063 278 accedam
2083 248 2119 278 ad

1161 286 1265 314 omnia
1278 292 1326 315 tua
1337 304 1346 318 ,
1361 287 1533 326 Torquate5
1552 285 1607 316 nisi
1622 289 1770 318 memoria
1784 286 1863 318 forte
1882 287 2034 319 defecerit.
2058 299 2119 319 no·-

1162 333 1300 356 NESTUM
1318 328 1448 367 igiturid
1459 327 1660 367 intelligimus
1672 348 1680 362 ‚
1700 329 1782 370 quod
1795 330 1850 359 tale
1861 329 1921 364 est,
1943 330 2118 363 uidecracta

1159 369 1248 397 omni
1258 368 1396 402 utilitate,
1409 366 1469 399 fine
1479 369 1548 399 ullis
1557 372 1700 409 praemiis,
1711 370 1906 406 fruffldbusve,
1916 382 1967 412 per
1977 373 2118 413 seipsum

1157 407 1244 448 poffit
1259 410 1326 449 jure
1344 409 1464 440 laudari.
1487 411 1568 452 quod
1588 412 1675 452 quale
1695 411 1727 443 fit
1736 433 1744 447 ,
1768 423 1832 444 non
1847 423 1907 444 tam
1922 413 2116 448 definitione,

1156 459 1213 490 qua
1232 450 1299 481 sum
1318 451 1386 481 usus
1399 471 1408 485 ,
1432 453 1561 493 intelligi
1579 453 1696 493 potest,
1717 454 1912 496 (quamquam
1929 457 2117 497 aliquantum

1155 491 1263 533 potest)
1277 492 1369 534 quam
1380 494 1520 523 communi
1531 496 1769 534 omniumjudicio
1779 516 1787 531 ,
1810 497 1843 527 δι’
1853 499 1963 538 optimi
1973 499 2118 539 cuiusque

1156 532 1262 563 studiis
1273 553 1282 568 ,
1301 543 1388 574 atque
1398 534 1499 565 fastis:
1520 538 1571 577 qui
1569 538 1724 606 stermulra
1733 537 1765 568 ob
1775 548 1838 568 eam
1848 549 1934 568 unam
1945 541 2060 580 causizm
2066 541 2120 580 fa—

1154 575 1234 605 ciunt
1245 595 1253 609 ‚
1265 576 1337 617 quia
1345 575 1420 604 decet
1432 596 1440 609 ‚
1460 577 1530 617 qnia
1540 588 1566 606 re
1583 589 1646 607 uum
1659 599 1667 614 ,
1678 580 1749 621 quia
1761 579 1900 616 honestum
1910 581 1954 611 est
1963 601 1972 615 ,
1992 581 2044 622 etfi
2050 582 2118 611 nul-⁷

1152 616 1213 645 lum
1224 617 1431 656 consecuturum
1442 619 1658 649 emolumentum
1668 622 1776 651 vident.
1800 623 1944 653 homines
1954 625 2051 657 enim,
2063 620 2115 657 etfi

1151 658 1218 688 aliis
1229 659 1334 689 multis
1345 679 1353 693 ‚
1374 668 1475 689 tamen
1487 662 1544 691 hoc
1557 671 1620 691 uno
1633 663 1649 693 a
1664 663 1765 694 bestiis
1775 664 1944 704 plurimum
1956 662 2112 699 differunt,

1151 700 1235 741 quod
1255 709 1443 731 RArioNEM
1463 702 1589 733 habeant
1602 702 1617 722 ⁶
1626 703 1641 734 a
1652 714 1752 735 natura
1762 705 1859 736 datam
1871 714 2044 747 mentemque
2055 727 2063 740 ,
2076 707 2113 738 ’ὃς

1149 752 1246 772 acrem
1260 761 1269 776 ‚
1281 742 1314 772 ὃς
1323 752 1474 784 vigentem
1488 763 1496 776 ‚
1511 744 1725 786 celerrimeque
1736 748 1830 780 multa
1841 747 1928 778 simul
1938 750 2111 790 agitanterm

1151 784 1184 814 &
1195 792 1228 814 ut
1240 786 1278 814 ita
1295 784 1394 814 dicam
1406 804 1415 818 ‚
1432 785 1560 825 sagacem
1576 797 1580 815 :
1604 796 1668 826 quae
1691 788 1722 817 δε
1733 790 1831 819 causas
1852 800 1952 820 rerum
1967 810 1975 823 ‚
1990 790 2112 820 &con-

1150 826 1319 856 secutiones
1330 826 1444 860 videat,
1461 828 1493 857 ὃς
1506 826 1717 858 similitudines
1728 830 1900 865 transferat,
1918 832 1951 862 ὃς
1960 831 2114 871 disjuncta

1148 868 1334 909 conjungat,
1352 868 1386 898 &
1398 878 1469 898 cum
1486 869 1682 908 praesentibus
1700 870 1797 901 futura
1810 874 1929 911 copulet
1941 893 1949 907 ,
1966 883 2114 904 omnem-

1150 919 1208 950 que
1225 908 1442 950 complectatur
1459 913 1528 941 vitae
1542 912 1756 952 consequentis
1775 913 1893 944 statum.
1916 920 1931 942 7
1945 916 2110 956 eademque

1147 953 1223 982 ratio
1240 951 1312 982 fecit
1330 952 1491 982 hominem
1511 954 1677 983 hominurn
1690 963 1880 994 appetentem
1892 976 1900 989 ,
1920 966 2050 997 cumque
2061 959 2111 988 liis

1148 1003 1250 1024 natura
1261 1014 1269 1027 ,
1290 994 1323 1024 &
1333 994 1471 1024 sermone
1482 1015 1491 1028 ,
1513 995 1546 1025 ὃς
1557 996 1609 1025 usu
1621 1005 1840 1037 congruentem
1850 1017 1860 1031 ‚
1882 1006 1915 1027 ut
1928 998 2082 1037 profeElms
2093 999 2116 1031 ἶ(

1147 1038 1264 1066 caritate
1277 1034 1514 1066 domesticorum
1528 1057 1536 1070 ‚
1548 1046 1579 1067 ac
1590 1037 1711 1068 suorum
1723 1058 1731 1072 2
1754 1034 1767 1057 8
1777 1039 1871 1079 serpat
1881 1039 2004 1080 longius
2013 1060 2021 1073 ,
2035 1041 2066 1070 &
2079 1041 2108 1071 se

1148 1079 1286 1118 implicet
1305 1076 1441 1118 primum
1459 1080 1573 1109 civium
1596 1099 1604 1112 ‚
1634 1079 1745 1110 deinde
1766 1083 1909 1111 omnium
1933 1082 2111 1113 mortalium

1147 1120 1302 1150 societate:
1323 1129 1410 1161 atque
1420 1139 1429 1154 ,
1449 1130 1481 1150 ut
1490 1121 1525 1151 ad
1536 1122 1689 1151 Architam
1701 1121 1811 1162 scripsit
1821 1123 1902 1153 Plato
1913 1143 1922 1156 ,
1946 1134 1998 1154 non
2010 1122 2065 1164 fibi
2085 1125 2111 1159 [Ξ

1139 1161 1196 1201 soli
1205 1169 1307 1191 natum
1317 1162 1476 1191 meminerit
1484 1183 1493 1196 ‚
1511 1163 1660 1204 fhdpate·1ae
1669 1183 1676 1196 ‚
1689 1164 1738 1203 fed
1751 1164 1810 1203 suis
1821 1185 1829 1198 ‚
1840 1173 1875 1194 ter
1881 1166 2036 1206 perexigua
2044 1175 2110 1205 pars

1145 1204 1198 1246 ipsi
1214 1203 1403 1246 relinquatur.
1428 1206 1465 1234 Et
1474 1208 1619 1245 quoniam
1632 1205 1734 1235 eadem
1747 1215 1849 1236 natura
1869 1217 2108 1237 cummi-Arme

1146 1249 1285 1288 ingenuit
1297 1247 1418 1276 homini
1434 1250 1450 1273 9
1463 1256 1546 1277 vent
1567 1256 1776 1277 INVENIENDI
1786 1268 1794 1282 ,
1808 1248 1889 1289 quod
1899 1248 2045 1279 facillime
2056 1259 2109 1289 ap-

1145 1297 1225 1328 paret
1238 1308 1247 1322 ,
1258 1298 1328 1318 curn
1338 1289 1424 1318 vacui
1437 1290 1515 1318 curis
1527 1308 1535 1321 ,
1553 1290 1644 1319 etiam
1655 1289 1727 1330 quid
1739 1291 1771 1320 in
1781 1290 1855 1320 caelo
1867 1289 1917 1320 fiat
1927 1310 1936 1324 ‚
1959 1291 2030 1321 scire
2039 1300 2110 1321 ave-

1147 1340 1234 1360 mus:
1253 1332 1284 1349 ¹0
1293 1330 1339 1360 his
1350 1331 1445 1359 initiis
1455 1329 1574 1360 induffi
1584 1333 1689 1362 omnia
1698 1341 1767 1362 vera
1777 1332 1945 1372 diligimus,
1958 1332 1989 1363 id
2000 1331 2056 1366 est,
2068 1331 2107 1362 fi-

1145 1372 1223 1402 delia
1233 1392 1242 1405 ,
1265 1370 1410 1412 simplicia
1422 1392 1430 1405 ,
1450 1371 1616 1403 constantia
1635 1383 1641 1402 z
1665 1381 1730 1404 tum
1750 1384 1824 1404 vana
1834 1394 1843 1407 ‚
1862 1372 1933 1405 falsa
1943 1394 1952 1408 ,
1971 1373 2107 1405 fallentia

1145 1413 1267 1444 odimus
1288 1434 1297 1447 ,
1322 1422 1355 1443 ut
1373 1412 1507 1444 fraudem
1521 1434 1529 1447 ,
1552 1415 1718 1454 perjurium
1729 1435 1737 1449 ,
1763 1416 1910 1447 malitiam
1921 1435 1929 1449 ‚
1950 1417 2106 1455 injuriam.

1144 1456 1248 1485 eadem
1261 1456 1334 1486 ratio
1348 1455 1435 1485 habet
1448 1457 1481 1485 in
1496 1456 1524 1486 se
1536 1456 1681 1496 quiddam
1691 1459 1827 1497 amplum
1840 1478 1849 1490 2
1869 1466 1956 1498 atque
1965 1456 2108 1498 magnili-r

1145 1507 1216 1527 cum
1228 1516 1236 1530 ‚
1247 1496 1282 1527 ad
1294 1496 1486 1538 imperandum
1496 1500 1590 1538 magis
1600 1517 1609 1531 ‚
1623 1498 1714 1539 quam
1725 1499 1760 1529 ad
1770 1498 1923 1537 parendum
1933 1509 2108 1529 accommo-

1143 1539 1246 1569 datum
1259 1549 1264 1567 :
1286 1540 1393 1568 omnia
1405 1539 1536 1569 humana
1549 1549 1614 1569 non
1628 1540 1793 1571 tolerabilia
1807 1540 1907 1570 solum
1919 1559 1928 1574 ,
1948 1541 1997 1570 sed
2012 1543 2104 1570 etiam

1145 1580 1223 1610 levia
1233 1579 1364 1610 ducens:
1382 1579 1477 1609 altum
1495 1580 1639 1620 quiddam
1650 1581 1684 1611 δε
1695 1582 1847 1611 excelsum
1859 1600 1867 1614 ‚
1889 1582 1968 1611 nihil
1979 1583 2105 1615 timens„

1143 1623 1265 1651 nemini
1281 1621 1391 1651 cedens
1403 1640 1412 1654 ‚
1433 1620 1550 1661 semper
1559 1620 1721 1652 invictum.
1745 1625 1843 1663 Atque
1854 1623 1900 1652 his
1911 1622 2006 1653 tribus
2015 1633 2108 1663 gene-

1143 1663 1227 1694 ribus
1237 1661 1436 1693 honestorum
1447 1664 1558 1693 notatis
1567 1683 1576 1696 ,
1596 1673 1735 1704 quartum
1748 1664 1880 1705 sequitur
1890 1684 1898 1698 ‚
1911 1665 1989 1695 &in
1999 1664 2108 1696 eadem

1143 1705 1367 1745 pulcritudine,
1386 1704 1530 1746 &aptum
1542 1715 1580 1735 ex
1591 1706 1652 1736 illis
1662 1706 1774 1736 tribus:
1793 1709 1827 1736 in
1836 1715 1898 1747 quo
1910 1705 1988 1737 inest
2005 1716 2106 1741 onno,

1144 1748 1177 1778 &
1196 1756 1409 1778 MODERArro.
1431 1747 1517 1786 cujus
1528 1745 1727 1778 similitudine
1738 1748 1889 1788 perspecta
1902 1751 1926 1767 ¹¹
1943 1750 1975 1777 in
1990 1747 2109 1779 forma-

1144 1799 1211 1819 rum
1223 1790 1329 1829 specie3
1339 1788 1356 1819 a
1367 1788 1510 1828 dignitate
1520 1788 1674 1820 transitum
1684 1789 1726 1820 est
1736 1789 1772 1820 ad
1782 1788 1945 1825 honestatem
1952 1788 2104 1824 diffini-um,

1142 1838 1231 1872 atque
1241 1829 1399 1869 fastorum.
1434 1839 1505 1860 narn
1526 1840 1566 1860 ex
1582 1832 1631 1861 his
1651 1831 1746 1862 tribus
1765 1831 1903 1862 laudibus
1914 1851 1922 1864 ,
1946 1841 2017 1872 quas
2036 1834 2107 1863 ante

1143 1872 1230 1905 dixi,
1253 1872 1286 1902 &
1304 1873 1503 1902 temeritatem
1522 1871 1717 1906 reformidat,
1736 1873 1845 1903 &non
1855 1873 1944 1904 audet
1960 1875 2104 1914 cuiquam

1139 1922 1190 1944 aut
1199 1912 1284 1944 dicio
1293 1922 1445 1953 protervo,
1459 1922 1509 1943 aut
1517 1912 1598 1944 fae'to
1608 1924 1716 1944 nocere
1729 1925 1736 1944 τ
1749 1923 1926 1955 vereturque
1934 1915 2101 1956 quidquam

1140 1964 1190 1985 aut
1198 1954 1293 1986 facere
1304 1975 1312 1989 ,
1324 1964 1373 1985 aut
1381 1955 1466 1996 loqui
1479 1975 1488 1987 ‚
1506 1955 1586 1995 quod
1596 1965 1700 1995 parum
1711 1956 1798 1987 virile
1808 1956 1953 1987 videatur.
1999 1957 2102 1988 Habes

1138 1996 1273 2038 undique
1282 1997 1432 2037 expletam
1444 2016 1453 2030 ‚
1472 1996 1505 2026 δε
1515 1996 1677 2037 perfidiam
1688 2017 1697 2031 ‚
1717 2000 1869 2039 Torquate
1878 1999 1894 2029 a
1904 1998 2035 2029 formam
2046 2000 2104 2029 ho—

1138 2038 1275 2069 nestatis:
1293 2048 1359 2079 quae
1369 2047 1431 2069 tota
1441 2039 1488 2068 his
1497 2047 1639 2078 quattuor
1648 2040 1809 2071 virtutibus
1817 2060 1826 2074 ‚
1839 2050 1906 2081 quae
1917 2060 1925 2074 ‚
1937 2049 1965 2070 te
1975 2050 2098 2081 quoque

1135 2081 1464 2112 commemorataesunt
1476 2100 1485 2114 ‚
1503 2082 1710 2112 continentur.
1732 2083 1809 2113 lianc
1829 2082 1858 2112 se
1879 2090 1947 2113 tuus
1956 2084 2104 2123 Epicurus

1970 2133 2103 2155 omnmo

1133 2205 1227 2232 bolum
1239 2213 1320 2241 atque
1340 2205 1450 2241 insignia
1469 2204 1629 2231 membranis
1648 2206 1703 2232 illis
1721 2206 1864 2242 proposita.
1884 2206 2037 2234 Dolcndum
2057 2207 2102 2234 so·

1133 2240 1271 2269 lunimodo
1284 2241 1348 2268 nihil
1359 2250 1391 2267 co
1402 2241 1545 2273 contineri,
1555 2248 1732 2278 praeterquam
1744 2242 1826 2269 libros
1837 2241 1870 2269 de
1879 2242 1974 2270 finibus
1984 2245 2099 2280 priores,

1168 2278 1197 2304 6.
1217 2281 1241 2304 A
1253 2284 1345 2304 natura
1355 2278 1438 2303 datam
1450 2297 1458 2309 ‚
1477 2284 1617 2312 mentemque
1626 2279 1654 2309 (35⁴
1672 2287 1750 2304 acrem
1762 2297 1771 2310 ‚
1790 2278 1858 2312 Gyen]
1881 2279 1924 2306 Est
1935 2279 1967 2305 ab
1977 2279 2097 2307 editione

1132 2313 1306 2344 Vie‘ioria1123
1329 2322 1414 2349 neque
1433 2313 1504 2340 secus
1515 2313 1573 2340 Pal.
1592 2323 1633 2348 pr.
1653 2323 1713 2340 iiam
1725 2314 1874 2350 sec.quiiit.
1893 2314 1948 2341 sex.
1967 2314 1983 2341 ὰ
2002 2322 2095 2342 natura

1133 2353 1205 2376 menti
1213 2351 1295 2376 datam
1304 2350 1333 2381 ἐφ’
1341 2359 1420 2375 acrem
1434 2368 1442 2381 ,
1461 2350 1512 2380 εἴγε.
1532 2349 1629 2385 reliqui
1642 2369 1650 2381 ,
1668 2349 1684 2375 ἃ
1695 2357 1787 2376 natura
1796 2358 1938 2385 mentemque
1947 2352 2030 2377 datam
2042 2370 2050 2383 ,
2063 2359 2094 2378 ut

1132 2386 1274 2422 publicitus
1289 2385 1387 2412 excusi.
1398 2385 1487 2413 media
1496 2385 1579 2413 lectio
1589 2395 1641 2413 nou
1652 2386 1688 2413 est
1699 2385 1809 2414 absurda
1819 2387 1939 2423 quidem,
1950 2386 1993 2414 sed
2003 2393 2092 2416 tamen

1134 2422 1213 2449 vilior
1231 2421 1328 2449 nostra.

1166 2474 1194 2501 7.
1213 2466 1349 2500 Eademque
1359 2467 1420 2492 ratio
1431 2465 1517 2500 ficit]
1538 2465 1645 2502 Vulgati
1658 2464 1765 2501 quidem
1771 2467 1836 2501 facit
1847 2484 1855 2498 ‚
1867 2464 1909 2491 sed
1919 2464 2034 2493 alterum
2045 2474 2091 2494 re-

1133 2502 1189 2538 peri
1200 2503 1229 2529 in
1241 2501 1310 2528 Pall.
1321 2502 1377 2528 sex.

1166 2544 1194 2571 8.
1213 2546 1393 2578 Serpatlongim
1401 2544 1459 2577 &fi
1468 2543 1592 2577 implicet]
1613 2544 1643 2569 In
1658 2543 1727 2570 hunc
1735 2542 1806 2570 diem
1819 2543 1932 2584 vulgati,
1945 2550 2030 2570 currat
2038 2545 2092 2571 lon-

1124 2583 1190 2615 gius.
1209 2581 1326 2607 alterum
1338 2586 1428 2606 tuetur
1439 2579 1462 2606 se
1473 2578 1633 2606 au&oritate
1644 2579 1757 2606 Palatini
1776 2580 1855 2615 primi
1867 2588 1898 2606 ac
1907 2580 1980 2606 tertii
1994 2599 2002 2612 ‚
2021 2580 2088 2607 item

1129 2617 1291 2652 Scaligerani
1303 2616 1412 2643 codicis.
1431 2617 1458 2642 ὃ(
1472 2615 1602 2642 venustius
1612 2615 1648 2642 est
1658 2622 1735 2651 quani
1747 2622 1777 2641 ut
1787 2615 1880 2641 cedere
1890 2615 1984 2642 debeat
1993 2616 2092 2652 priori,

1130 2653 1193 2680 licet
1212 2652 1356 2688 longiffiiui
1375 2652 1502 2688 temporis
1522 2651 1667 2688 possessori.
1687 2651 1777 2678 assei-it
1794 2652 1865 2678 enim
1887 2651 1913 2678 id
1936 2652 1980 2678 libi
1992 2652 2091 2680 Cicero

1129 2689 1175 2715 lib.
1188 2699 1216 2715 v.
1234 2688 1267 2715 de
1278 2688 1365 2715 Finib.
1385 2698 1442 2724 cap.
1453 2696 1499 2723 ²3·
1516 2697 1557 2723 pr.
1575 2688 1729 2723 optimeque
1747 2688 1873 2714 convenit
1890 2697 1949 2714 cum
1969 2687 2090 2724 sequenti

1126 2728 1228 2758 implicet
1239 2745 1246 2757 ,
1258 2724 1328 2761 quod
1341 2724 1440 2751 nollem
1451 2724 1547 2751 mutari
1559 2723 1584 2750 in
1595 2724 1695 2757 adplicet
1703 2733 1763 2750 cum
1774 2723 1918 2760 exemplari
1934 2724 2089 2758 Urfiniano,

1125 2768 1218 2788 contra
1228 2770 1320 2788 omnes
1331 2761 1474 2787 Palatinos.
1497 2759 1583 2786 multo
1593 2760 1680 2787 minus
1691 2767 1721 2788 ut
1737 2760 1770 2787 iis
1781 2759 1978 2796 refragantibus
1987 2759 2089 2788 admit»

1128 2804 1214 2825 tamus
1226 2796 1555 2830 Lainbiniauumfiicietatz‘.
1958 2830 1960 2832 v

1163 2849 1191 2876 9.
1211 2843 1265 2867 Veri
1271 2840 1433 2875 invenienda]
1454 2840 1518 2866 Non
1538 2839 1576 2867 ita
1585 2839 1675 2876 inepte
1695 2839 1752 2867 Pal.
1763 2849 1805 2877 pr.
1823 2842 1878 2867 veri
1885 2839 1994 2867 videndi.
2011 2839 2085 2869 idem

1127 2886 1190 2904 mox
1201 2886 1255 2914 prae
1272 2877 1297 2903 se
1315 2876 1369 2903 fert
1389 2879 1500 2902 habemur
1517 2877 1626 2913 antiqua
1643 2875 1773 2904 scribendi
1791 2875 1898 2910 forma,
1915 2884 1964 2913 pro
1973 2885 2086 2911 amemur,

1127 2912 1263 2950 quomodo
1272 2914 1338 2940 item
1349 2913 1385 2940 est
1398 2914 1424 2939 in
1436 2919 1531 2948 quarto
1541 2921 1570 2939 ac
1581 2912 1667 2939 sexto.

1164 2966 1207 2984 10.
1222 2958 1263 2983 Hie
1272 2957 1347 2983 initiis
1356 2956 1473 2989 indum]
1488 2955 1567 2983 Haud
1576 2955 1655 2982 aliter
1666 2955 1732 2983 Pau.
1743 2965 1770 2982 o.
1780 2965 1832 2983 uon
1842 2957 1937 2989 imbuti,
1948 2956 2020 2992 quod
2030 2956 2082 2984 mi-

1125 3002 1170 3020 ror
1181 3002 1228 3020 cui·
1237 2994 1321 3029 magis
1331 2992 1387 3019 fere
1397 2992 1513 3020 arriserit
1522 2991 1665 3027 Lainbiiio.
2021 3007 2026 3011 ·
2038 2991 2040 2993 ’

1163 3043 1204 3060 11.
1225 3037 1251 3062 ln
1256 3035 1390 3067 formarum
1406 3036 1497 3068 βατίς,-
1514 3032 1530 3059 >i
1549 3033 1665 3067 dignitate
1674 3034 1798 3068 transitum
1807 3035 1861 3065 eff,
1879 3032 1946 3067 ἐγὼ]
1966 3034 2008 3060 Ita
2027 3040 2080 3060 uria

1125 3079 1188 3097 voce
1199 3070 1268 3097 Pall.
1279 3069 1369 3105 itaque
1379 3079 1431 3096 non
1441 3068 1592 3096 admiserim
1603 3069 1693 3096 Urfini
1704 3079 1733 3096 ac
1744 3069 1828 3096 Paulli
1839 3069 1954 3096 Maiiutii
1965 3077 1994 3095 ac
2003 3069 2082 3102 digni-

1123 3113 1184 3139 tate,
1195 3107 1281 3133 multo
1292 3106 1378 3133 minus
1389 3105 1512 3132 Lambini
1523 3106 1607 3133 adhuc
1616 3105 1823 3133 liceiitioliorem
1833 3104 2079 3141 interpolationem.

1125 3143 1197 3169 Nam
1207 3143 1311 3176 dignitas·
1329 3141 1438 3169 resultat
1447 3151 1481 3168 ex
1492 3141 1638 3169 fori-narum
1648 3140 1732 3178 specie
1743 3161 1752 3177 ,
1770 3142 1861 3178 itaque
1878 3151 1911 3170 ne
1921 3150 1978 3170 eam
1989 3148 2082 3167 vocem

1124 3185 1270 3216 repeteret,
1279 3177 1411 3215 suppostiit
1420 3178 1566 3212 dignitatem.

1438 3215 1689 3243 Mmmmmmz
2004 3211 2088 3239 nra-
