2337 3400
563 156 634 200 M.
704 153 1067 200 TULL11

153 178 180 223 7
188 175 251 222 72ss

1136 153 1687 203 CicaRoN1s

153 245 203 272 ris,
228 239 314 280 de
338 238 438 268 scribis
453 257 460 269 .
481 238 570 267 etiam
589 236 704 275 ficujus
714 237 835 266 animus
848 235 916 265 inte
932 233 1110 265 esseroffen-
1135 237 1275 278 ‘negotio
1295 234 1437 266 decidifl'c
1455 236 1558 267 scribis
1576 251 1584 271 3
1612 238 1643 269 id
1664 249 1720 281 ego
1739 240 1838 270 Tadio
1866 239 1899 271 dc
1915 249 2030 283 gratum
2053 241 2112 273 esl'e'

155 284 221 316 fias,
233 288 247 312 Α
265 281 456 320 ,mi-cconig}
468 288 623 319 oportet-03
637 277 709 318 quid
721 278 800 307 dicas
816 287 929 318 :neque
942 277 969 307 id
981 277 1111 317 neglexi:
1153 279 1310 311 intellexi,
1333 278 1366 308 &
1384 287 1566 318 magnopere
1584 282 1764 319 jucundum.
1787 287 1802 309 9
1813 283 1867 314 ille
1878 283 1977 314 noster
1986 286 2112 317 aunem,

156 325 203 355 scd
217 324 256 353 cst
270 334 297 352 ni
306 332 348 351 :io
359 325 490 362 quodam
503 321 597 350 modo
609 319 740 350 :iticEtus
752 329 807 359 ego
818 329 998 359 :iuteimquae
1010 320 1113 349 dicen-
1153 322 1200 351 vir
1210 331 1259 350 me
1270 320 1390 350 hercule
1400 329 1547 360 optimus,
1559 321 1592 351 &
1604 323 1680 352 mihi
1692 323 1896 359 amicissimus,
1910 326 1976 356 sane
1989 325 2044 355 tibi
2057 327 2115 356 ira-

156 367 190 396 da
202 365 261 395 suci
270 373 323 394 tin:
334 363 369 393 de
381 373 407 393 re
418 384 426 396 ‚
440 373 504 393 non
514 364 653 403 praeterii.
670 361 742 402 quid
753 371 851 391 autem
863 360 1113 391 contendendum

156 406 239 440 csl'et,
252 415 288 435 cx
301 406 495 445 tutipiitrbam
505 405 660 434 voluntate
674 408 683 422 ¹
697 402 821 434 statuere
831 412 968 443 oportere
979 413 984 432 :
995 413 1084 444 quarn
1096 401 1115 432 si

155 449 191 479 ad
206 458 256 478 me
267 448 475 487 perscripseris,
488 447 639 487 intelliges
653 455 703 475 me
714 455 811 486 neque
822 445 1047 486 diligentiorem
1059 444 1117 476 esi'c

156 489 283 521 voluisi'c
297 510 305 522 ,
317 491 407 530 quam
421 499 450 518 tu
461 488 533 519 effes
544 508 553 522 ‚
566 498 662 529 neque
676 488 928 528 negligentiorem
938 486 1010 521 fore,
1024 488 1115 528 quam

157 543 189 564 tii
196 533 284 563 velis.
309 534 357 561 De
368 532 504 562 Tadiana
514 541 544 561 re
555 551 563 564 ,
576 540 695 560 mecum
707 530 822 560 Tadius
833 530 952 560 locutus
961 529 1004 560 est
1015 550 1023 564 ‚
1039 532 1118 560 reita

155 572 295 614 scripsisse
305 595 314 607 ,
337 574 414 603 nihil
434 573 492 603 esse
520 573 581 610 jam
597 593 605 605 .
625 572 708 613 quod
728 575 741 592 ²
752 571 950 606 laboraretur,
970 573 1117 613 quoniam

156 617 303 647 hereditas
314 616 451 655 usiicapta
461 613 540 645 effer.
551 615 581 644 id
594 615 778 645 mirabamur
788 623 816 644 te
826 614 1018 654 ignorare,de
1030 614 1120 645 tutela

155 660 292 700 legitima
301 678 310 692 ‚
334 661 366 688 in
386 668 444 698 qua
463 657 573 688 dicitur
591 655 649 688 effe
668 657 766 697 puella
775 676 783 690 ‚
806 656 884 686 nihil
898 656 1017 696 usucapi
1026 655 1119 697 posse.

158 703 346 741 Epiroticam
378 702 569 740 emptionem
598 700 713 740 gaudeo
730 699 786 729 tibi
805 699 928 739 placere.
968 701 1044 739 Qae
1062 698 1119 734 tibi

158 742 311 776 mandavi,
323 743 355 773 &
366 752 432 783 quae
444 752 473 772 tu
483 741 634 782 intelliges
645 742 811 772 convenire
822 739 925 770 nostro
934 741 1119 774 Tusculano,

156 785 263 817 velim,
279 794 311 814 ut
323 785 437 818 scribis,
451 782 546 817 cures,
558 784 640 824 quod
652 782 711 813 sine
723 781 861 813 molestia
873 792 921 812 tua
930 782 1024 812 facere
1033 792 1120 822 pote-

158 829 208 857 ris.
229 836 301 856 nam
313 836 368 856 nos
379 836 417 856 ex
432 826 580 856 omnibus
592 824 739 856 molestiis
750 845 758 858 ‚
780 824 980 854 &laboribus
990 834 1053 854 uno
1067 825 1120 854 illo

159 870 191 899 in
203 870 270 899 loco
283 869 539 908 conquiescimus,
551 878 612 909 quo
622 867 743 897 fratrem
752 866 890 907 quotidie
899 865 1119 906 exspekhmus.

158 913 302 941 Terentia
316 921 441 951 magnos
455 911 650 941 articulorum
662 909 782 939 dolores
792 908 898 940 habet,
920 908 952 938 ὃς
964 918 1009 942 te,
1031 909 1064 938 δε
1074 909 1119 938 so-

158 963 257 983 rorem
270 962 351 983 tuam
369 972 377 986 ‚
403 953 434 982 ὃς
445 960 572 982 matrem
583 950 719 981 maxime
731 950 832 991 diligit
841 969 849 983 ‚
871 950 1054 991 salutemque
1065 951 1120 980 tibi

158 997 321 1035 plurimam
342 994 481 1025 adscribit
497 1014 504 1026 ,
526 993 559 1024 δε
580 993 718 1024 Tulliola
733 1012 742 1026 ‚
764 992 874 1023 delitiae
893 991 1010 1022 nostrae.
1034 994 1119 1026 Cura,

159 1047 194 1067 ut
212 1038 307 1067 valeas
318 1057 326 1069 ,
348 1037 458 1076 &2nos
479 1045 562 1066 ames
576 1047 583 1069 3
609 1035 643 1065 &
660 1034 714 1065 cibi
725 1033 896 1075 persuadeas
907 1055 916 1068 ,
936 1043 965 1064 te
976 1034 1052 1065 ari-ie
1062 1033 1122 1064 fra-

160 1080 246 1110 terne
255 1081 354 1110 amari.

123 1122 144 1154 6
396 1122 588 1150 CICERO
613 1121 830 1152 ATTICO,
853 1121 882 1148 S.

166 1161 313 1239 NON
323 1165 514 1192 committam
531 1160 651 1202 posthac
663 1182 671 1195 ,
685 1171 718 1191 ut
731 1171 781 1191 me
790 1161 923 1191 accusare
936 1159 974 1190 de
983 1159 1122 1200 epistola-

264 1214 330 1234 rum
354 1205 535 1246 negligentia
552 1202 650 1244 poffis.
671 1212 703 1233 tu
723 1202 819 1232 modo
839 1202 941 1232 videto
956 1221 965 1235 ‚
987 1204 1019 1232 in
1037 1211 1121 1232 tanto

160 1250 226 1278 0tio
239 1257 269 1277 ut
279 1257 329 1287 par
337 1248 416 1276 milii
428 1237 475 1276 sis.
497 1249 637 1276 Domum
649 1245 844 1276 Rabirianam
856 1244 1006 1283 Neapoli,
1029 1254 1121 1284 quarn

160 1299 193 1319 tu
211 1290 274 1329 jam
285 1288 454 1319 dimensam
466 1309 475 1322 ,
496 1289 529 1318 &
539 1286 755 1318 exaedificatam
766 1288 871 1316 animo
879 1285 1006 1316 habebas
1016 1305 1025 1319 ,
1046 1289 1058 1313 3
1075 1287 1119 1316 M.

159 1333 311 1362 Fontinus
327 1333 403 1360 emit
413 1341 466 1361 ms
483 1340 630 1361 cccrooo
643 1339 723 1360 xxx.
744 1328 775 1359 id
787 1337 814 1359 te
823 1329 896 1359 scire
907 1328 1005 1361 volui,
1017 1326 1122 1369 siquid

157 1372 238 1403 forte
263 1382 297 1403 ea
316 1382 362 1404 res
382 1372 417 1403 ad
437 1375 634 1414 cogitationes
644 1381 707 1402 tuas
717 1373 890 1410 pertineret.
909 1369 1049 1410 erater
1058 1390 1067 1405 ,
1090 1379 1123 1400 ut

159 1416 239 1445 mihi
256 1414 375 1445 videtur
386 1435 394 1448 ,
418 1424 480 1455 quo
500 1415 645 1445 volumus
663 1415 769 1444 animo
779 1412 864 1443 estin
875 1413 1078 1452 Pomponiam
1089 1412 1122 1442 &2

159 1467 232 1487 cum
244 1467 277 1487 ca
286 1459 410 1487 nuncin
421 1462 438 1483 4
448 1456 642 1497 Arpinatibus
652 1455 771 1496 praediis
781 1464 840 1485 erat
855 1474 864 1488 ,
876 1454 908 1485 &
918 1454 1017 1484 secum
1032 1454 1120 1485 liabe-

158 1506 208 1537 bat
219 1507 380 1536 hominem
390 1498 591 1542 χρηςῦκᾳθῧ-
599 1509 639 1536 D.
652 1507 850 1536 Turranium.
873 1508 958 1536 Pater
967 1504 1056 1535 nobis
1066 1503 1122 1534 de-

157 1547 277 1579 decessit
300 1552 336 1579 Α.
355 1551 495 1578 D.v111.
517 1548 583 1577 Kal.
605 1547 769 1578 Decembr.
794 1550 868 1577 Haec
885 1547 1031 1577 habebam
1045 1545 1120 1580 fere,

157 1600 224 1631 quae
243 1601 269 1621 te
290 1590 362 1641 scire
378 1589 501 1620 vellem.
544 1591 595 1619 Tu
618 1611 626 1624 ‚
656 1590 750 1620 velim
770 1609 778 1623 ,
798 1593 810 1616 ἵ
833 1587 853 1619 si
872 1599 930 1630 qua
947 1597 1124 1619 ornamenta

158 1626 367 1677 wssavxmwQ
379 1640 506 1679 reperire
516 1641 628 1679 poteris
640 1659 648 1673 ‚
668 1649 734 1680 quae
745 1638 804 1669 loci
815 1637 871 1669 sint
882 1639 946 1679 ejus
962 1659 970 1672 ,
987 1648 1079 1679 quem
1091 1647 1122 1668 tu

159 1692 225 1713 non
238 1684 356 1722 ignoras
369 1701 377 1715 ,
399 1691 438 1711 ne
448 1683 665 1721 praetermittas.
690 1683 756 1711 Nos
766 1681 938 1712 Tusculano
948 1683 984 1711 ita
995 1679 1123 1711 delesta-

160 1733 232 1754 mur
244 1744 252 1757 ,
277 1732 307 1753 ut
325 1723 478 1753 nobismet
489 1721 557 1763 ipsis
573 1732 637 1753 tum
647 1723 779 1764 denique
791 1743 799 1756 ‚
818 1723 890 1753 curn
902 1721 958 1752 illo
966 1724 1122 1756 venimus,

157 1766 327 1808 placeamus.
353 1765 434 1803 Quid
453 1773 518 1805 agas
539 1765 686 1794 omnibus
704 1765 740 1794 de
751 1765 840 1795 rebus
850 1785 858 1799 ‚
880 1764 913 1795 &
922 1764 995 1805 quid
1005 1763 1124 1795 asiturus

159 1806 206 1841 fis,
216 1807 261 1838 fac
270 1816 327 1837 nos
339 1816 430 1848 quarn
440 1805 668 1847 diligentissime
680 1808 833 1837 certiores.

400 1850 593 1879 CICERO
617 1851 835 1882 ATTICO,
855 1851 883 1879 S.

281 1893 351 1921 Pur>
371 1899 498 1921 matrem
517 1888 596 1920 redte
617 1889 659 1920 est
672 1910 680 1923 ,
700 1900 791 1931 eaque
814 1890 903 1920 nobis
919 1900 996 1920 curae
1015 1889 1066 1919 est.
1086 1891 1122 1920 L.

284 1935 392 1964 Cincio
416 1942 470 1963 1-i·s
494 1942 583 1963 xxcn
598 1931 742 1962 constitui
762 1942 811 1962 me
833 1941 1008 1963 curaturum
1018 1931 1124 1961 Idibus

160 1975 245 2005 Febr.
257 1977 307 2005 Tu
319 1994 327 2008 ,
339 1975 434 2005 velim
446 1995 454 2009 ,
465 1985 498 2006 ea
508 1994 516 2009 ‚
528 1985 594 2015 quae
608 1974 698 2004 nobis
709 1972 813 2004 emisse
825 1994 833 2008 ‚
846 1974 879 2004 &
889 1972 996 2014 parasse
1007 1974 1120 2007 scribis,

158 2018 210 2047 des
220 2027 352 2057 operam,
367 2016 497 2058 utquam
508 2019 643 2057 primum
658 2016 822 2046 habeamus
834 2026 839 2045 :
852 2016 885 2046 δε
897 2017 990 2046 velim
1000 2017 1124 2056 cogites,

156 2059 187 2089 id
210 2059 291 2100 quod
308 2060 385 2089 mihi
408 2059 563 2099 pollicitus
574 2068 605 2088 es
615 2078 624 2092 ‚
646 2057 907 2099 quemadmodum
930 2057 1126 2087 bibliothecam

156 2101 248 2132 nobis
258 2100 406 2131 conficere
416 2099 515 2142 poffis.
538 2110 667 2131 omnem
681 2101 763 2141 spem
775 2099 991 2131 dele&ati0nis
1002 2099 1122 2134 nostrae,

156 2152 249 2184 quarn
261 2163 269 2176 ‚
290 2145 405 2173 cumin
419 2145 518 2173 otium
530 2145 704 2173 venerimus
719 2162 728 2176 ‚
740 2142 846 2174 habere
856 2143 1000 2173 volumus
1011 2162 1021 2176 ,
1034 2143 1068 2172 iri
1077 2152 1127 2173 tua

159 2186 346 2216 humanitate
353 2183 479 2225 positam
490 2185 646 2216 habemus.

395 2239 419 2266 C
438 2238 600 2267 ICERO
618 2238 838 2271 ATTICO,
858 2239 887 2268 S.

253 2280 323 2308 Pub
341 2283 370 2308 te
388 2277 450 2311 est,
475 2287 507 2308 ut
524 2278 680 2308 volumus.
699 2287 793 2308 mater
813 2287 879 2313 tua,
900 2277 1050 2309 &sorora
1062 2287 1124 2312 me,

254 2321 430 2360 Qintoque
448 2319 536 2350 fratre
557 2319 701 2360 diligitur.
726 2322 804 2350 Cum
816 2321 950 2351 Acutilio
963 2320 1126 2350 sumlocu-

160 2369 218 2391 tiis.
241 2363 265 2391 is
278 2360 329 2392 fibi
343 2370 429 2403 negat
438 2361 454 2392 Ξι
465 2362 516 2392 suo
526 2370 715 2401 procuratore
724 2361 890 2402 quidquam
901 2362 1044 2401 scriptum
1055 2359 1127 2394 effe,

160 2404 194 2433 δε
207 2404 331 2434 miratur
344 2402 429 2434 istam
443 2401 675 2434 controversiam
689 2402 787 2435 fuisse,
801 2408 815 2431 7
828 2402 910 2444 quod
926 2403 978 2432 ille
989 2403 1128 2432 recusarit

160 2445 289 2476 satisdari
301 2465 310 2479 ,
332 2445 462 2486 amplius
481 2445 532 2477 abs
553 2454 581 2476 te
598 2455 663 2476 non
673 2447 746 2485 peti.
771 2445 864 2486 de
875 2455 901 2476 te
912 2441 926 2465 8
938 2444 974 2474 de
987 2443 1126 2475 Tadiano

160 1889 178 1911 6

197 2573 221 2590 r.
240 2569 348 2590 statuere
356 2565 482 2599 oportere]
504 2565 648 2591 Lambinus
660 2564 758 2592 codicis
769 2563 886 2591 Tornaes.
899 2563 1034 2599 scripturae.
1044 2562 1123 2589 vesti-

158 2602 231 2636 gium
244 2601 370 2636 sequutus
382 2620 390 2633 ,
402 2601 427 2627 in
440 2611 493 2637 quo
504 2602 539 2628 est
552 2621 560 2633 ,
571 2611 600 2627 cx
614 2604 783 2634 mapuraham
795 2602 1051 2634 wluiitatemstatuere
1058 2606 1125 2633 opor-

160 2646 206 2662 rer-c
218 2646 225 2667 3
239 2637 304 2672 legit
315 2647 335 2663 e.
346 2644 400 2670 up.
411 2640 534 2663 voluntate
545 2640 687 2671 mestarucre
696 2644 769 2670 oport.

196 2682 224 2699 2.
247 2674 436 2708 Laborat-iun]
461 2675 503 2700 Ita
512 2674 597 2700 codex
609 2674 727 2700 'roi-ntes.
741 2673 821 2709 vulgo
833 2674 964 2699 laboraret.

189 2724 224 2755 .3·
245 2720 301 2744 ὑί.
313 2716 453 2751 Fontinm]
476 2717 612 2744 victorius
624 2722 663 2745 M.
675 2719 784 2751 Fontejus
795 2717 862 2753 legit
872 2725 901 2744 ut
923 2717 965 2743 hic
974 2715 1006 2752 sit
1016 2725 1064 2753 pro
1074 2724 1127 2751 quo

161 2752 257 2777 Cieero
269 2752 360 2779 hibuit
378 2754 537 2781 orationem.
553 2753 711 2786 Lambinus,
724 2754 835 2780 Ursinus
848 2753 982 2788 &Junius
1001 2754 1052 2779 M.'
1065 2755 1128 2778 Fun-

160 2789 222 2820 rejm
233 2788 373 2823 legendum
385 2789 557 2826 suspicantur,
573 2790 600 2816 id
610 2790 659 2822 est,
669 2793 792 2819 (Manius
802 2792 929 2825 Fonti7'1155
942 2792 1049 2815 fantium
1061 2789 1124 2815 vero

161 2831 211 2863 pro
222 2826 339 2857 Fontsjiim
354 2826 410 2852 mss.
422 2826 517 2853 habere
534 2827 609 2860 ajunt
620 2826 730 2853 Fulvius
743 2846 751 2858 ,
772 2828 799 2852 &
811 2827 913 2861 Junius
926 2845 934 2857 ‚
949 2834 1063 2860 quorum
1075 2825 1129 2856 hic,

162 2860 250 2898 reficit
261 2869 349 2887 vocem
361 2862 437 2889 illam
451 2882 458 2893 ‚
469 2865 571 2888 Pontius
582 2882 590 2894 ,
601 2871 659 2898 quae
670 2862 696 2889 in
710 2862 813 2897 vulgari
824 2861 943 2889 editione
953 2861 1009 2897 post
1021 2862 1129 2894 Fontq‘us-

163 2894 271 2921 additui·
283 2905 289 2925 3
302 2900 415 2924 Fontinus
427 2899 488 2925 vero
501 2909 549 2935 pro
561 2900 670 2934 Fontejm
679 2899 705 2925 in
717 2898 838 2925 auditum
848 2897 898 2925 esse
909 2896 1055 2924 contendit.
1078 2896 1129 2922 Sed

164 2931 192 2956 Sc
207 2930 318 2958 Deciirt.
333 2933 359 2958 &
373 2934 489 2960 Tornaes.
509 2935 678 2972 aliorumque
690 2934 864 2962 vetustiorum
875 2933 995 2961 codicum
1006 2932 1058 2959 fide
1067 2942 1130 2970 pro-

165 2966 227 2993 bum
239 2966 289 2994 esse
300 2967 388 2995 asserit
399 2970 500 2997 Bosius.

199 3017 228 3043 4.
247 3013 423 3044 cArpinatibm
432 3014 552 3048 prmiſsa]
573 3014 656 3050 Vulg.
667 3016 783 3047 Arpinati
788 3015 883 3047 predio.

203 3059 230 3084 5.
249 3054 331 3085 Siqua
341 3060 480 3078 ornamenta
490 3052 715 3093 warato-michi]
742 3055 808 3082 Haec
817 3054 970 3082 emendatio
987 3054 1024 3082 est
1034 3054 1129 3082 ν’ἰξὶο-

165 3089 198 3116 rii
209 3098 243 3116 ex
254 3091 364 3126 antiqno
374 3091 443 3118 libi-0
455 3093 480 3119 in
493 3103 545 3129 quo
557 3094 589 3120 sic
601 3095 738 3130 legebatur
750 3115 758 3126 ,
773 3098 887 3133 gymnasio
896 3097 1026 3128 dereperire
1032 3096 1129 3129 pateris.

160 3126 249 3153 Antea
260 3126 498 3162 liabebitur,fi1qua
507 3138 645 3156 ornamenta
650 3141 666 3164 g
666 3134 769 3165 ymnasto
779 3136 879 3165 reperire
884 3132 981 3165 poteris.

160 3171 224 3242 &J
243 3171 331 3210 :Apud
338 3173 463 3207 matrem]
478 3173 539 3201 Hoc
546 3174 707 3210 principium
718 3176 844 3211 epistolae,
857 3184 885 3205 ut
897 3185 1024 3205 monuere
1035 3175 1126 3206 Bosius

219 3216 306 3235 uilius.

1155 372 1200 393 tus
1210 361 1262 392 cst.
1287 362 1345 392 hoc
1358 381 1367 396 ,
1377 360 1409 395 fi,
1422 363 1526 403 quanti
1540 371 1572 392 tu
1583 362 1712 394 aestimes
1725 386 1732 397 .
1746 366 1847 399 sciam,
1861 376 1938 401 tum,
1949 367 2022 408 quid
2036 368 2113 397 mihi

1155 404 1371 434 elaborandum
1384 403 1428 438 sit,
1441 404 1513 434 scire
1524 403 1641 444 poffim.
1661 408 1696 436 L.
1708 408 1816 438 Cincio
1828 419 1882 439 res
1894 419 1996 440 ccmo
2010 419 2112 439 ccmo

1157 456 1255 476 cccc.
1267 456 1321 486 pro
1332 444 1420 487 signis
1437 447 1597 487 Megaricis
1608 467 1617 480 ‚
1639 456 1669 477 tit
1680 456 1711 477 tu
1721 448 1756 478 ad
1767 458 1816 479 me
1827 451 1987 485 scripseras,
2000 453 2111 481 curavi.

1158 491 1279 518 Hermae
1290 490 1334 518 tui
1346 489 1488 518 Pentelici
1499 498 1570 518 cum
1579 489 1726 529 capitibus
1737 494 1840 523 aeneis,
1854 483 2008 533 dequibus
2018 493 2053 523 ad
2062 502 2114 523 me

1157 530 1381 570 sc1·ipsisti‚jam
1394 540 1476 560 nunc
1489 540 1540 560 me
1549 530 1716 561 admodum
1727 532 1886 563 delectant.
1905 545 1993 575 quare
2004 536 2111 569 velim,

1139 581 1142 605 ὲ
1158 573 1190 603 &
1201 582 1252 603 cos
1266 593 1275 606 ,
1290 572 1322 602 &
1333 571 1411 612 signa
1421 592 1429 606 ‚
1443 572 1476 603 δε
1487 581 1593 607 cetera,
1603 583 1670 614 quae
1680 574 1733 604 tibi
1745 575 1808 614 ejus
1820 575 1889 610 ioci,
1903 577 1935 606 δε
1949 577 2042 607 nostri
2054 576 2116 608 stu-

1139 606 1142 666 }
1158 615 1199 645 dii
1210 635 1218 648 ,
1234 615 1266 645 &
1277 623 1335 645 tuae
1346 614 1487 655 elegantia
1495 613 1553 644 effe
1563 614 1757 650 videbuntur,
1772 626 1860 656 quam
1872 618 2012 657 plurima,
2022 629 2114 660 quam

1141 696 1142 703 ἵ
1157 659 1350 697 primumque
1360 659 1460 687 mittas
1471 676 1479 689 ‚
1491 656 1524 686 δε
1537 658 1672 688 maxime
1685 668 1751 699 quae
1763 660 1818 689 tibi
1834 658 1978 700 gymnasii
1990 680 1999 693 ‚
2020 660 2115 700 xysti-

1141 710 1143 722 ·
1159 709 1216 740 que
1226 698 1411 729 videbuntur
1422 697 1488 729 effe.
1500 708 1569 729 nam
1585 702 1617 730 in
1626 710 1663 730 eo
1672 710 1781 741 genere
1791 699 1827 731 fic
1839 702 1937 731 studio
1948 700 2115 736 efferimur,

1161 751 1193 771 ut
1205 741 1255 771 abs
1268 750 1296 771 te
1305 740 1478 782 adjuvandi,
1489 741 1525 771 ab
1537 741 1604 771 aliis
1615 752 1708 782 prope
1726 743 1964 782 reprehendendi
1983 742 2082 774 simiis.
2094 743 2116 774 si

1141 779 1144 860 Ι
1161 784 1283 813 Lentuli
1295 785 1378 813 navis
1393 793 1457 813 non
1467 784 1523 813 erit
1535 803 1542 816 ‚
1555 782 1617 824 quo
1630 784 1833 824 tibiplacebit,
1849 787 2012 825 imponito.
2035 786 2118 816 Tul-

1158 825 1230 855 liola
1240 845 1248 859 ,
1270 825 1419 855 deliciolae.
1439 824 1546 856 nostrae
1561 846 1569 859 ‚
1587 835 1675 855 tuum
1698 827 1915 857 munusculum
1935 826 2044 869 flagitat
2054 847 2062 861 ‚
2083 828 2118 858 δε

1159 877 1218 900 me,
1236 876 1266 897 ut
1281 868 1468 907 sponsorem,
1479 867 1615 908 appellat.
1631 869 1673 898 mi
1685 878 1786 899 autem
1797 869 1929 909 abjurare
1943 872 2050 900 certius
2060 869 2116 903 est.

1157 909 1248 950 quam
1268 909 1445 950 dependere.

1397 963 1589 992 CICERO
1611 963 1830 996 ATTICO,
1848 965 1876 993 S.

1260 1013 1377 1042 tntum
1397 1009 1463 1041 raro
1482 1010 1573 1040 nobis
1591 1011 1642 1041 abs
1651 1020 1678 1041 te
1690 1012 1795 1042 litterae
1803 1010 1966 1043 afferuntur
1977 1023 1982 1041 ;
1994 1011 2066 1042 cum
2085 1011 2119 1043 &

1262 1053 1360 1082 multo
1379 1061 1409 1082 tu
1421 1052 1539 1083 facilius
1549 1055 1677 1092 reperias
1686 1073 1695 1087 ‚
1717 1056 1769 1094 qui
1779 1056 1912 1086 Romam
1925 1053 2120 1094 proficiscan-

1160 1104 1206 1124 tur
1218 1113 1225 1127 ‚
1247 1095 1337 1134 quam
1358 1104 1413 1135 ego
1425 1114 1433 1127 ,
1451 1097 1505 1134 qui
1516 1095 1676 1124 Athenas:
1699 1095 1731 1125 δε
1743 1098 1851 1126 certius
1862 1096 1917 1126 tibi
1927 1095 1962 1126 sit
1971 1116 1979 1129 ‚
2000 1106 2049 1126 me
2060 1095 2119 1126 csse

1160 1138 1268 1166 Romae
1280 1155 1287 1168 ‚
1302 1135 1394 1176 quam
1405 1137 1494 1169 mihi,
1507 1144 1534 1166 te
1544 1136 1681 1166 Athenis.
1706 1139 1807 1178 Itaque
1816 1147 1935 1178 propter
1943 1139 2017 1168 lianc
2027 1138 2118 1168 dubi-

1158 1179 1306 1208 tationem
1326 1187 1425 1208 meam
1445 1177 1566 1207 brevior
1588 1178 1649 1207 haee
1666 1179 1726 1218 ipsa
1737 1178 1862 1218 epistola
1879 1179 1921 1209 est
1935 1190 1941 1209 τ
1953 1179 2036 1220 quod
2045 1179 2118 1210 ct‘im

1160 1221 1289 1250 incertus
1309 1217 1400 1249 essem
1411 1240 1421 1254 ‚
1444 1219 1498 1249 ubi
1508 1217 1581 1249 effes
1593 1239 1601 1253 ‚
1623 1220 1768 1251 nolebam
1778 1221 1868 1251 illum
1878 1220 2016 1251 nostrum
2026 1220 2119 1252 fami-

1159 1263 1263 1292 liarem
1284 1261 1457 1292 sermonem
1482 1263 1516 1291 in
1537 1261 1649 1292 alienas
1659 1271 1766 1292 manus
1776 1263 1929 1294 devenire.
1953 1264 2042 1303 Signa
2051 1265 2121 1293 Me-

1158 1306 1262 1346 garica,
1275 1304 1308 1334 &
1320 1306 1448 1333 Hermas
1457 1323 1464 1337 ‚
1479 1303 1516 1333 de
1524 1304 1634 1344 quibus
1643 1304 1680 1334 ad
1693 1315 1743 1335 me
1757 1303 1914 1346 scripsisti,
1927 1306 2120 1335 vehementer

1160 1345 1297 1386 expetito.
1316 1345 1464 1387 quidquid
1476 1345 1610 1384 ejusdem
1619 1349 1737 1388 generis
1748 1346 1870 1377 habebis
1880 1367 1888 1380 ‚
1908 1347 2035 1388 dignum
2045 1350 2121 1377 Aca-

1159 1388 1259 1418 demia
1284 1387 1340 1418 tibi
1359 1388 1440 1429 quod
1451 1387 1604 1419 videbitur
1614 1408 1622 1421 ,
1642 1399 1680 1419 ne
1689 1388 1834 1420 dubitaris
1846 1391 1965 1420 mittere
1978 1410 1987 1423 ‚
2006 1389 2039 1419 δε
2048 1399 2120 1421 arcae

1159 1429 1268 1460 nostrae
1278 1428 1439 1460 confidito.
1463 1439 1558 1471 genus
1571 1431 1629 1461 hoc
1640 1430 1682 1461 est
1691 1430 1845 1472 voluptatis
1854 1441 1929 1462 mea:
1942 1441 2024 1472 :quae
2033 1444 2121 1476 μμ-

1159 1466 1295 1509 ναπώῶϊ
1308 1480 1444 1510 maxime
1458 1480 1524 1510 sunt
1535 1500 1543 1514 ‚
1566 1490 1600 1511 ea
1621 1491 1732 1522 quaero.
1758 1484 1788 1501 ¹0
1800 1482 1948 1512 Lentulus
1958 1490 2048 1512 naves
2059 1480 2122 1511 suas

1158 1521 1326 1562 pollicetur.
1346 1531 1416 1563 peto
1433 1522 1520 1552 abste
1531 1542 1539 1556 ‚
1561 1531 1594 1553 ut
1603 1523 1667 1554 haec
1675 1533 1758 1554 cures
1770 1523 1941 1565 diligenter.
1964 1523 2082 1554 Chilius
2092 1530 2122 1553 te

1157 1581 1239 1613 rogat
1249 1592 1258 1607 ,
1272 1572 1305 1603 δε
1315 1583 1371 1615 ego
1381 1573 1446 1613 ejus
1458 1581 1560 1614 rogatu
1573 1593 1583 1607 ‚
1598 1576 1622 1593 ¹¹
1638 1561 1859 1608 Εὗμθλπῑὲὦν
1869 1567 2025 1608 2³5³&ae-

1395 1630 1589 1659 CICERO
1611 1629 1830 1660 ATTICO,
1848 1630 1877 1658 S.

1249 1682 1310 1710 ΗΜ
1332 1677 1423 1710 essem
1446 1680 1477 1709 in
1488 1679 1662 1709 Tusculano
1673 1697 1681 1712 ,
1701 1677 1712 1717 (
1726 1679 1781 1708 erit
1791 1678 1850 1708 hoc
1859 1677 1915 1708 tibi
1924 1686 1978 1718 pro
1988 1676 2044 1707 illo
2054 1683 2119 1710 tuo,

1252 1720 1323 1751 Cam
1336 1720 1415 1759 cffim
1429 1721 1459 1750 in
1473 1721 1613 1750 Ceramico
1624 1720 1641 1759 )
1655 1729 1868 1751 verumtamen
1878 1718 1949 1749 cum
1960 1719 2004 1749 ibi
2015 1716 2120 1752 effem,

1160 1765 1272 1796 Roma,
1284 1772 1356 1802 puer
1364 1763 1379 1793 a
1389 1764 1490 1793 sorore
1500 1771 1549 1793 tua
1559 1760 1664 1792 miss'us
1675 1781 1684 1795 ‚
1696 1761 1853 1802 epistolam
1864 1762 1942 1791 mihi
1952 1760 2002 1791 abs
2012 1769 2041 1791 te
2050 1759 2123 1790 alla·

1157 1813 1217 1835 tam
1229 1804 1325 1838 dedit,
1347 1806 1569 1845 nuntiavitque,
1582 1813 1619 1834 eo
1631 1804 1695 1844 ipso
1706 1804 1755 1834 die
1768 1802 1836 1844 post
1849 1802 2012 1833 meridiem
2021 1806 2050 1822 ¹²
2063 1803 2123 1832 itu-

1161 1856 1229 1876 rum
1239 1856 1309 1877 eum
1320 1867 1329 1880 ,
1348 1847 1403 1887 qui
1413 1846 1449 1877 ad
1460 1855 1487 1876 te
1495 1844 1740 1886 proficisceretur.
1754 1855 1791 1875 eo
1799 1843 1916 1875 fastum
1929 1843 1972 1881 est
1982 1864 1991 1879 ‚
2012 1853 2046 1874 ut
2057 1844 2123 1883 epi-

1162 1887 1245 1919 stolae
1264 1896 1322 1918 tuae
1341 1888 1534 1919 rescriberem
1553 1886 1667 1928 aliquid
1692 1899 1701 1922 3
1726 1887 1871 1918 brevitate
1889 1888 2035 1927 temporis
2059 1894 2122 1915 tam

1161 1940 1250 1970 pauca
1267 1940 1388 1971 cogerer
1407 1930 1544 1961 scribere.
1568 1928 1707 1961 Primum
1723 1929 1780 1960 tibi
1790 1929 1827 1959 de
1836 1927 1940 1960 nostro
1950 1929 2050 1959 amico
2059 1927 2123 1968 pla-

1162 1972 1279 2006 cando,
1296 1981 1347 2003 aut
1367 1973 1457 2003 etiam
1477 1971 1566 2013 plane
1584 1970 1769 2002 restituendo
1779 1971 1934 2012 polliceor.
1958 1970 2041 2012 quod
2054 1978 2123 2010 ego,

1162 2013 1212 2045 etfi
1224 2024 1291 2046 mea
1300 2015 1406 2055 sponte
1416 2023 1482 2045 ante
1492 2013 1650 2048 faciebam,
1665 2024 1701 2044 eo
1715 2024 1798 2044 nunc
1807 2022 1910 2044 tamen
1920 2013 1954 2044 &
1962 2022 2047 2053 agam
2060 2012 2125 2042 stu·

1161 2056 1275 2088 diofii‘is
1285 2076 1293 2091 ‚
1316 2057 1348 2087 &
1357 2056 1540 2087 contendam
1550 2056 1587 2087 ab
1596 2056 1652 2086 illo
1662 2055 1875 2087 vehementius
1884 2075 1893 2089 ‚
1917 2054 2000 2097 quod
2010 2062 2123 2084 tantam

1162 2108 1201 2129 ex
1224 2098 1349 2139 epistola
1375 2099 1566 2129 voluntatem
1584 2098 1648 2139 ejus
1666 2101 1709 2128 rei
1728 2107 1811 2129 tuam
1833 2098 1996 2138 perspicere
2004 2095 2122 2127 videor.

1163 2142 1223 2171 hoc
1243 2150 1271 2172 te
1294 2141 1461 2183 intelligere
1472 2141 1564 2175 volo,
1587 2142 1766 2182 pergraviter
1784 2140 1875 2170 illum
1891 2137 1949 2170 effe
1960 2136 2122 2169 offensum:

1163 2182 1212 2214 sed
1246 2184 1294 2214 uia
1303 2183 1420 2214 nullam
1430 2183 1521 2213 video
1531 2192 1653 2223 gravem
1664 2180 1776 2213 subesse
1787 2183 1902 2223 caicfizm
1914 2202 1921 2215 ,
1941 2187 2123 2222 magnopere

2140 1649 2183 1675 10

1163 2235 1225 2256 con
1249 2225 1289 2256 do
1299 2226 1388 2256 illum
1398 2225 1464 2256 fore
1474 2227 1508 2255 in
1519 2223 1623 2255 officio
1633 2245 1642 2259 ‚
1657 2225 1690 2255 δε
1703 2226 1736 2254 in
1747 2224 1846 2254 nostra
1857 2222 2009 2264 potestate.
2032 2223 2123 2262 Signa
2149 2249 2154 2253 .

1163 2267 1263 2298 nostia
1275 2287 1284 2302 ‚
1305 2272 1315 2287 ¹
1324 2271 1336 2295 3
1349 2267 1383 2298 &
1394 2267 1612 2300 Hermeraclas,
1626 2276 1658 2297 ut
1669 2267 1783 2300 scribis,
1793 2265 1865 2296 cum
1875 2261 2123 2295 commodissime

1161 2320 1273 2358 poteris
1284 2338 1292 2352 ,
1312 2318 1556 2358 velimimponas
1571 2338 1580 2351 ‚
1600 2317 1632 2348 ὃς
1650 2316 1671 2346 fi
1691 2316 1774 2357 quod
1788 2315 1869 2346 aliud
1889 2319 1919 2342 ¹4
1930 2306 2044 2342 οἷκεῗῦν
2058 2315 2123 2355 ejus

1166 2360 1225 2390 loci
1237 2380 1247 2393 ‚
1270 2369 1363 2400 quem
1374 2370 1439 2389 non
1453 2361 1569 2400 ignoras
1580 2379 1589 2393 ‚
1612 2361 1739 2399 reperies
1753 2378 1762 2392 ‚
1783 2358 1815 2388 δε
1825 2355 1961 2387 maxime
1971 2376 1979 2390 ‚
1990 2365 2056 2396 quae
2067 2355 2123 2387 tibi

1164 2400 1304 2440 palaestrae
1315 2421 1323 2435 ,
1334 2400 1540 2442 gymnasiique
1551 2400 1735 2431 videbuntur
1744 2398 1810 2429 esse.
1836 2401 1950 2429 etenim
1960 2399 2003 2428 ibi
2018 2398 2124 2429 sedens

1164 2444 1228 2473 haec
1247 2442 1283 2473 ad
1301 2451 1329 2473 te
1349 2442 1536 2477 scribebam3
1553 2451 1586 2473 ut
1605 2452 1654 2472 me
1666 2441 1820 2482 locusipse
1834 2441 2023 2472 admoneret.
2046 2443 2124 2472 Prae-

2043 2491 2124 2514 terea

1163 2597 1180 2622 d
1196 2569 1225 2595 7.
1244 2559 1312 2607 Qud
1327 2562 1364 2586 ille
1382 2561 1498 2595 recusarit
1508 2560 1656 2595 satisda›·i'.]
1678 2560 1759 2597 Vulg.
1770 2562 1832 2596 quod
1847 2561 1883 2587 ille
1893 2561 2034 2594 recusarat3
2048 2560 2125 2594 satis.

1180 2606 1230 2627 art,
1241 2605 1292 2627 &⁴5-

1202 2633 1228 2659 8.
1248 2636 1282 2658 De
1291 2632 1396 2658 Tadiano
1405 2635 1490 2666 negotio
1499 2632 1737 2669 decidiffl.]Junius
1748 2641 1782 2659 ex
1793 2631 1941 2659 mss-Palat.
1952 2629 2086 2663 emendat,
2098 2629 2125 2656 d:

1165 2669 1224 2695 Tad.
1235 2678 1285 2701 neg.
1298 2669 1413 2702 decepiffe,
1425 2677 1503 2704 quein
1516 2668 1587 2695 vide.

1201 2713 1230 2740 9.
1250 2707 1289 2730 Ille
1297 2707 1372 2737 noster
1384 2708 1477 2730 amicus
1486 2707 1530 2730 vir
1537 2707 1666 2731 mehercule
1673 2706 1799 2741 optinum]
1819 2704 1901 2740 Vulg.
1910 2705 1946 2730 ille
1954 2705 2026 2737 noster
2035 2704 2126 2728 amitat

1167 2741 1195 2771 ὠ·
1204 2742 1329 2766 mehercule
1338 2744 1382 2766 vir
1391 2745 1500 2774 optimus.
1825 2757 1828 2760 ·

1208 2786 1249 2803 ιο.
1270 2779 1392 2803 Lentulus
1400 2786 1477 2804 ›ra-ves
1481 2778 1542 2812 ficas
1554 2777 1700 2812 pollii-etun]
1721 2777 1832 2804 Ursinus
1843 2775 1935 2802 mallet
1944 2783 1977 2802 ex
1989 2774 2047 2800 mss.
2066 2776 2127 2800 navi

1160 2813 1210 2847 fite
1215 2814 1346 2847 pollicetur.

1207 2850 1453 2890 11-Eu'ltu7tmd‘03v
1470 2849 1624 2891 mirem]
1650 2848 1802 2888 Πατρλάξι
1813 2851 1939 2888 quosdam
1959 2850 2064 2878 codices
2083 2851 2129 2878 ha-

1167 2893 1249 2922 buisse
1259 2903 1293 2920 cx
1305 2894 1426 2921 ViCtorio
1437 2893 1527 2920 videre
1538 2894 1585 2925 est,
1597 2894 1643 2929 qui
1655 2901 1743 2920 tamen
1754 2891 1822 2919 illud
1832 2891 1952 2928 perfert.

1208 2939 1250 2957 ιε..
1271 2933 1366 2957 Irarum
1384 2931 1460 2964 eum.]
1482 2930 1526 2957 Est
1543 2929 1612 2956 Bosii
1625 2939 1659 2956 ex
1678 2931 1790 2955 Decurt.
1811 2928 1938 2955 Torn.&
1956 2926 2127 2954 Crusellino:

1167 2966 1269 2994 etiamsi
1280 2967 1415 3002 vulgatam
1430 2966 1574 2992 editionem
1588 2985 1596 2997 ‚
1616 2974 1694 3001 quam
1715 2964 1898 2993 ViEtorianam
1918 2963 2032 3000 appellat
2043 2982 2052 2995 ‚
2076 2972 2129 2990 non

1168 3003 1276 3030 damnet
1288 3011 1296 3032 ;
1318 3012 1347 3028 ea
1357 3010 1446 3029 autem
1458 3002 1491 3028 sic
1500 3001 1524 3028 se
1535 3001 1625 3034 habet,
1636 3002 1757 3035 nnffitram
1767 3010 1827 3027 cum.

1208 3048 1250 3076 13.
1266 3039 1470 3073 Hermeraclas]
1503 3039 1613 3064 Veteres
1632 3037 1764 3064 editiones
1776 3057 1785 3070 ,
1804 3037 1868 3064 teste
1887 3030 2007 3068 Urfino‘,
2034 3034 2132 3062 habent

1168 3077 1349 3120 ἑρμέρωτας,
1363 3078 1434 3115 quod
1446 3078 1492 3104 ille
1503 3085 1589 3105 tamen
1601 3077 1744 3115 improbat.

1203 3120 1378 3158 14.Ot'ne‘1'ov.
1390 3120 1404 3160 ]
1426 3126 1467 3152 Ita
1477 3125 1584 3163 reponit
1599 3124 1747 3157 Vibienus,
1757 3131 1815 3152 tuin
1827 3133 1861 3151 ex
1872 3123 1942 3150 libro
1953 3130 2056 3150 tum-ex
2067 3130 2131 3148 con-

1160 3163 1268 3199 je6³cura
1280 3185 1288 3197 ‚
1308 3165 1336 3191 &
1348 3173 1407 3190 eum
1420 3163 1544 3200 sequutus
1555 3165 1656 3192 Bonus.
1671 3165 1773 3201 Junius
1786 3165 1848 3192 vero
1861 3163 2001 3191 contendit
2010 3162 2132 3189 retinen-

1162 3204 1229 3234 dum
1248 3206 1301 3235 effe
1312 3201 1415 3241 ω’νέῖσν,
1427 3205 1455 3234 in
1467 3214 1548 3233 unuin
1559 3204 1784 3234 consentientibus
1795 3204 1853 3233 mss‘.
1869 3204 2007 3232 Palatinis.

1997 3252 2022 3270 ¹·
2031 3240 2126 3276 ‘lim-El
