2360 3400
669 68 711 118 (3
779 85 809 114 o
880 82 913 114 N
983 81 1006 114 s

163 157 250 196 petus
268 154 371 180 armat.
395 149 444 178 An
461 145 641 181 censemus,
661 148 832 188 Harpagum
852 145 981 177 Medum
1003 154 1122 178 tantum

163 190 354 224 tortitudinis
368 190 544 229 exemplum
558 208 567 222 ,
584 198 730 230 quantum
745 190 781 219 ab
791 187 951 220 Herodoto
963 189 1121 218 memoriae

166 232 342 264 mandatum
362 230 422 264 est,
442 231 526 261 edere
541 229 669 271 potuisse
682 251 690 265 ,
710 229 764 261 nisi
786 232 868 270 prius
892 232 923 260 iti
932 231 1082 269 patientiae
1092 238 1124 259 ac

163 274 352 311 fortitudinis
371 275 585 307 exercitatione
606 271 763 312 saepiss'ime
785 272 914 303 versatus
934 269 1005 301 esset
1027 273 1037 301 ?
1067 280 1124 300 nec

165 314 226 347 fine
251 318 390 345 maximo
409 313 508 344 ouem
521 334 529 348 ,
551 323 715 355 magnaque
732 316 834 354 potius
846 323 916 343 cum
929 313 1068 343 nominis
1080 311 1125 342 sui

164 357 268 398 gloria.
292 366 408 387 tantum
427 358 511 386 enirn
532 355 736 390 foi-titudine,
755 365 787 386 ac
802 355 958 396 prudentia
977 353 1122 394 praestitit,

165 408 200 430 ut
208 397 424 429 acerbissimam
439 398 582 438 injuriam
594 396 653 427 sine
669 398 732 427 ullo
742 397 831 437 plane
840 397 954 427 doloris
965 395 1049 427 sensu
1058 405 1123 435 per·
1149 406 1151 413 ⁴

165 440 268 473 tulerit
278 460 286 473 ,
300 440 331 470 &
343 441 400 470 sese
409 440 560 471 cumulate
571 448 675 470 contra
686 441 778 479 Regis
787 440 1006 469 immanitatem
1020 437 1124 467 ulcisci
1149 439 1151 442 ’

163 484 305 524 potuerit.
330 491 398 511 nam
411 502 418 515 ‚
431 480 502 511 cum
514 482 578 521 ejus
589 479 686 511 filium
699 483 767 511 Rex
776 479 913 520 Astyages
924 477 1123 511 interfe&um

165 523 202 555 ad
218 523 400 564 epulandum
412 525 521 563 apponi
532 520 654 561 jussiffet
664 542 674 556 ,
694 532 840 562 caputque
850 532 877 552 ei
891 519 957 561 post
967 530 1070 551 cenam
1082 521 1125 550 al-

164 566 258 596 latum
276 563 449 595 ostendisset
468 584 476 598 ,
498 573 607 604 rogans
621 584 630 597 ,
650 565 735 603 cujus
753 563 822 594 fetae
844 564 954 593 viscera
972 564 1003 592 in
1024 561 1127 592 mensa

165 606 357 639 comedisset:
382 607 433 636 ille
455 605 526 636 vero
546 606 805 645 nihilpeiterritus
818 625 826 639 ,
848 615 903 635 nec
914 614 1019 635 animo
1031 604 1125 634 ullam

165 651 199 680 in
220 658 330 688 partem
353 647 492 687 dejfflko,
511 648 657 689 agnosco,
678 649 796 688 inquit,
816 646 888 687 quid
908 644 941 676 fit
955 645 1053 676 aestum
1067 665 1076 679 ,
1095 655 1127 675 ac

164 690 312 731 quidquid
333 692 409 729 Regi
432 690 561 730 placuit,
582 691 659 719 mihi
677 699 798 730 quoque
816 690 929 728 placere
950 696 1127 727 pronuntio.

165 733 223 762 hoc
233 739 333 761 autem
345 729 543 761 immaniss'im
551 740 600 760 um
611 740 705 771 genus
717 733 833 769 injuriae
844 738 903 760 tarn
915 728 1126 762 dissimulavit,

157 772 263 814 >quoad
276 775 389 813 Cyrum
401 782 438 802 ex
450 771 541 804 Persii
553 775 586 802 in
598 772 731 802 Mediam
742 782 864 802 evocare
875 773 974 811 potuit
988 781 1065 811 :quo
1076 769 1128 801 ad·

164 817 326 848 veniente,
348 813 420 844 cum
438 816 588 844 exercitus
609 816 772 853 Imperator
791 823 894 843 contra
910 823 979 843 eum
1004 816 1019 842 a
1040 815 1128 853 Rege

165 855 271 886 missus
289 854 357 885 ess‘et
370 875 378 889 ,
402 855 434 885 &
453 858 616 895 Regnum,
637 855 670 885 &
689 857 803 894 Regem
817 855 1007 885 iliitradidit.
1031 856 1129 894 itaque

167 897 306 938 Astyages
316 899 346 927 in
362 899 429 935 Cyri
440 895 628 936 pomstaoem,
638 898 802 936 impietatis
813 897 870 927 suae
879 906 981 936 poenas
996 895 1127 928 daturus,

165 939 301 971 redaStus
323 937 374 968 est.
397 939 424 967 O
446 937 560 967 farSkum
572 941 713 969 omnium
725 941 861 979 gentium
876 958 884 971 ,
908 949 940 968 ac
951 938 1127 968 saeculorum

167 982 316 1011 memoria
339 978 554 1019 dignissimum
569 982 574 1008 l
599 990 636 1010 ex
646 990 709 1020 quo
719 991 781 1011 non
796 979 889 1011 modo
900 982 953 1020 qui
964 981 1062 1009 dolori
1078 989 1128 1009 ce-

167 1022 256 1055 dunt,
268 1022 302 1051 ad
314 1024 486 1061 patientiam
500 1041 508 1054 ,
520 1031 551 1051 ac
561 1021 772 1052 fortitudinem
783 1024 969 1055 excitentur3
983 1021 1029 1052 sed
1041 1023 1128 1051 etiam

167 1066 265 1105 Reges
278 1084 285 1096 ,
297 1066 408 1104 quique
421 1063 599 1094 hominibus
611 1066 759 1103 imperant
771 1083 780 1098 ,
791 1074 828 1094 ne
837 1063 910 1104 quid
925 1065 1072 1104 impium,
1081 1072 1131 1092 aut
1153 1065 1155 1076 ¹

166 1107 314 1137 indecens
337 1104 481 1138 audeant,
501 1105 681 1136 erudiantur.
704 1115 772 1135 nam
793 1104 1128 1144 adversusinjustitiam,

167 1157 255 1188 atque
274 1149 459 1186 impietatem
473 1156 589 1177 tantum
608 1146 650 1178 est
659 1147 768 1177 odium
782 1167 792 1180 ,
812 1147 1013 1177 tantainvidia
1025 1166 1035 1182 ,
1052 1155 1131 1176 utne

166 1191 265 1230 ipsum
276 1189 400 1229 quidem
414 1189 541 1221 coelum,
553 1198 601 1219 aut
612 1187 702 1218 sidera
714 1209 722 1222 ‚
737 1191 824 1219 etiam
839 1187 857 1219 fi
869 1191 1011 1219 homines
1024 1189 1129 1221 velint,

166 1230 344 1268 huiusmodi
361 1230 468 1260 scelera
487 1234 567 1271 pati,
591 1240 624 1260 ac
634 1230 818 1261 dissimulare
829 1229 950 1270 possint.
969 1240 1021 1264 ac,
1041 1228 1060 1259 si
1072 1230 1132 1260 sera

169 1272 296 1303 deorum
311 1271 444 1303 vindicta
453 1270 484 1302 sit
495 1292 503 1305 ,
525 1272 690 1303 noluerunt
700 1282 801 1303 tamen
812 1275 923 1312 impios
935 1272 998 1312 ipso
1010 1274 1042 1302 in
1060 1271 1131 1301 faci·

167 1324 241 1345 nore
250 1314 324 1344 adeo
335 1314 491 1347 exsultare,
506 1324 536 1344 ut
547 1324 610 1344 noti
622 1324 731 1354 angore
742 1314 946 1347 conscientiae,
959 1313 1130 1354 fraudisque

168 1358 300 1387 cruciatu
312 1376 321 1389 ,
344 1364 497 1397 tamquam
518 1354 697 1386 domesticis
716 1355 802 1386 furiis
814 1375 822 1388 ,
840 1354 951 1387 affidue
973 1364 1130 1386 vexentur.

172 1407 350 1438 tantumque
358 1396 454 1436 potest
466 1399 628 1437 impietatis
637 1398 743 1427 odium
755 1417 764 1430 ,
788 1406 819 1428 ut
828 1401 1007 1437 Tyrannum
1018 1396 1132 1428 exstin—
1155 1402 1157 1426 J

170 1439 255 1471 &um
271 1459 280 1473 ‚
291 1449 322 1469 ac
333 1437 493 1470 saevifl'ime
503 1441 705 1468 excruciatum
717 1448 812 1468 nemo
822 1439 1011 1472 misereatur,
1036 1447 1130 1468 nemo
1155 1438 1156 1447 ¹

170 1481 280 1512 doleat.
304 1490 373 1510 nam
394 1479 531 1510 adversus
552 1481 610 1511 hoc
631 1480 796 1510 hominum
819 1490 913 1519 genus
925 1499 933 1513 ,
957 1482 1053 1511 necin
1067 1480 1131 1509 ullo

168 1532 317 1564 praeterea,
336 1530 463 1551 omnem
476 1521 593 1560 prorsus
605 1522 681 1554 vim,
693 1520 858 1560 omnesque
870 1520 1012 1552 stimulos
1021 1523 1133 1551 amittit

171 1565 269 1595 dolor.
289 1564 341 1603 qui
360 1561 382 1592 si
391 1564 508 1593 ratione
517 1563 768 1601 comprimendus
778 1561 821 1592 est
834 1581 842 1595 ,
864 1562 945 1602 quod
958 1562 1042 1601 supra
1051 1562 1133 1593 dixi-

147 1603 153 1605 ”
171 1614 242 1636 mus
254 1625 264 1638 ,
284 1604 384 1634 multo
402 1613 492 1634 etiam
511 1606 605 1646 magis
621 1603 839 1635 consuetudine
862 1605 998 1634 vincetur
1021 1614 1027 1632 2
1049 1604 1134 1642 cujus

172 1655 258 1681 tantae
272 1646 339 1676 sunt
349 1647 439 1678 vires,
450 1654 482 1675 ut
493 1655 557 1675 non
568 1643 662 1677 modi>
672 1645 908 1685 perturbationes
917 1646 1011 1676 animi
1024 1645 1133 1679 sedare,

173 1688 222 1720 sed
233 1689 322 1718 etiam
338 1696 448 1717 naturae
457 1687 521 1716 vim
534 1684 637 1717 afferre
649 1706 659 1720 ,
679 1696 805 1726 eamque
817 1687 882 1725 saepi
891 1684 978 1716 ss'ime
992 1688 1133 1717 immuta-

171 1740 214 1764 re,
226 1740 258 1759 ac
265 1732 385 1769 penitus
393 1729 481 1758 aliam
494 1726 582 1768 poffic
591 1725 720 1758 efficere.
742 1728 826 1766 cujus
837 1728 953 1758 auxilio
963 1737 1027 1759 non
1038 1726 1134 1759 modo

175 1771 289 1803 doloris
301 1772 394 1800 aculei
409 1789 417 1803 ,
439 1770 487 1800 sed
498 1772 588 1800 etiam
600 1769 729 1800 fortuna:
743 1768 875 1799 fulmina
885 1769 1007 1809 depelli,
1018 1779 1050 1798 ac
1059 1779 1134 1798 con-

174 1814 274 1845 temni
293 1811 380 1842 facile
392 1820 542 1851 poterunt.
565 1812 752 1842 Meditemur
763 1813 872 1852 igitur,
895 1811 926 1840 &
937 1813 1068 1842 omnino
1079 1809 1136 1841 sta-

175 1863 306 1888 tuamus,
321 1855 397 1883 nihil
407 1854 525 1893 prorsus
535 1855 701 1883 humanum
711 1851 767 1884 efl'e
779 1852 947 1884 dolendum
961 1863 965 1881 z
979 1862 1042 1882 non
1055 1862 1136 1883 mor-

175 1906 239 1928 tem
251 1916 259 1929 ,
270 1905 360 1936 quam
369 1896 432 1934 jam
444 1897 592 1934 optimum
604 1894 662 1925 effe
671 1897 872 1935 cognovimus
886 1904 966 1924 :non
977 1893 1134 1935 egestatem

173 1949 243 1980 qiiae
257 1935 415 1978 saepissime
427 1938 556 1967 maximi
570 1937 643 1966 boni
660 1937 743 1966 causa
753 1937 768 1966 a
778 1936 836 1966 diis
848 1937 1072 1966 immortalibus
1084 1938 1135 1965 tri-

174 1981 289 2012 buamrz
302 1989 364 2010 non
376 1977 528 2012 exsilium,
540 1978 611 2008 cum
624 1979 706 2008 orbis
716 1987 857 2008 terrarum
869 1978 1012 2007 omnibus
1023 1983 1133 2018 pateat:

176 2032 241 2054 non
251 2031 347 2052 cetera
361 2023 479 2062 generis
496 2020 627 2058 ejusdem
644 2039 652 2053 ,
676 2030 741 2060 qiiae
753 2021 835 2060 vulgi
845 2022 993 2058 opinione
1002 2017 1136 2060 gravissi-

179 2066 239 2096 mis
251 2063 380 2097 inssmalis
393 2071 596 2093 numerantur.
621 2062 740 2092 nullum
755 2072 837 2091 enim
850 2071 910 2091 tarn
921 2071 1005 2101 grave
1021 2062 1136 2091 malum
1160 2083 1161 2087 ,

176 2105 338 2146 apparebit,
350 2106 424 2145 quin
435 2114 472 2134 ex
483 2114 519 2134 eo
528 2104 644 2134 bonum
658 2104 780 2144 aliquod
794 2104 891 2133 multo
902 2112 1009 2141 majus,
1023 2103 1137 2132 multo-

179 2157 238 2189 que
255 2146 418 2187 optabilius
437 2156 549 2186 magno
566 2146 695 2176 deorum
719 2143 867 2175 beneficio
879 2145 1038 2184 aliquando
1049 2145 1137 2174 colli-

178 2198 271 2231 gatur.
293 2189 379 2220 Pleni
389 2188 456 2218 sunt
466 2188 533 2217 libri
544 2188 807 2227 philosophorum,
820 2186 933 2217 referta:
943 2189 1137 2226 argumentis,

182 2241 214 2261 ac
225 2230 390 2261 rationibus
401 2234 512 2270 paginae
520 2229 582 2259 fere
592 2239 700 2259 omnes
713 2241 716 2257 :
729 2238 806 2259 tanta
814 2238 913 2258 autem
924 2229 1137 2268 exemplorum

181 2274 278 2311 copia,
291 2281 322 2302 ut
333 2272 412 2301 nihil
421 2270 511 2311 possit
520 2270 577 2301 effe
587 2272 778 2301 cumulatius.
798 2280 863 2311 qua:
873 2277 941 2301 curn
954 2273 994 2300 ita
1005 2269 1071 2304 sint,
1083 2280 1139 2310 qua

179 2316 242 2355 jam
264 2324 293 2344 re
314 2323 497 2347 terreamur,
517 2323 566 2343 aut
582 2315 630 2343 cui
650 2314 749 2342 dolori
767 2314 908 2342 cedamus
925 2315 935 2340 ?
954 2315 1039 2342 Dion
1048 2313 1138 2345 certe,

182 2358 234 2397 qui
255 2356 272 2385 ὲ
284 2356 416 2386 Platonis
429 2355 527 2385 schola
539 2353 667 2386 defluxit
680 2374 687 2388 ,
709 2354 778 2385 cuin
791 2356 855 2392 ejus
868 2352 947 2384 filius
958 2355 990 2384 'in
1002 2356 1110 2383 atrium
1123 2354 1139 2383 ὲ

182 2397 264 2428 tedio
273 2397 408 2437 delapsus
418 2396 563 2426 interisset
574 2417 582 2430 ,
605 2406 666 2426 non
680 2394 774 2426 modo
788 2405 850 2425 non
860 2396 976 2429 doluit,
992 2396 1038 2425 sed
1049 2397 1139 2425 etiam

182 2441 216 2471 in
237 2450 274 2469 eo
288 2459 297 2473 ,
317 2439 397 2479 quod
417 2447 481 2468 turn
501 2438 580 2468 forte
598 2438 718 2479 agebat,
738 2436 907 2467 constanter
925 2436 1060 2476 perstitit.
1078 2447 1140 2477 quo

181 2480 264 2512 fa8w
280 2482 425 2520 judicavit
435 2480 467 2510 &
477 2490 523 2510 vii·
532 2481 646 2519 sapiens
658 2499 665 2512 ‚
679 2481 710 2509 &
722 2480 854 2509 Platonis
867 2479 1033 2518 discipulus
1046 2499 1054 2512 ,
1066 2479 1140 2519 quid

183 2531 298 2552 ceteros
310 2541 319 2554 ‚
339 2524 389 2562 qui
413 2522 555 2561 sapientes
569 2521 668 2551 haberi
687 2522 811 2554 volunt,
830 2520 924 2550 facere
935 2530 1078 2560 oporteat.
1102 2523 1141 2550 At

184 2563 363 2602 Traheaspas
384 2565 485 2593 multo
499 2562 619 2593 fortius.
641 2562 786 2603 siquidem
802 2562 856 2592 filii
870 2565 1048 2596 morlentis‚
1068 2562 1140 2592 cum

182 2605 264 2636 ferro
284 2606 482 2641 trajiceretur,
507 2604 566 2634 sine
587 2606 650 2634 ullo
673 2605 791 2644 prorsus
802 2604 906 2634 dolore
918 2603 1060 2644 spe-&ator
1072 2603 1142 2634 fuit.

184 2647 346 2686 Cambyses
363 2648 447 2676 enim
466 2648 554 2676 iratus
566 2666 574 2680 ,
595 2646 626 2676 ὃ(
636 2646 735 2676 ebrius
745 2645 816 2675 cum
830 2648 928 2676 lilium
942 2647 1050 2687 sagittis
1060 2655 1141 2684 pete-

183 2697 246 2722 ret,
270 2690 391 2728 jamque
409 2687 674 2728 pestusrcclusum
685 2687 852 2728 appareret,
872 2698 983 2727 patrem
999 2687 1141 2727 justitiu-

175 2731 296 2771 *spicere
309 2749 319 2764 ,
342 2739 417 2760 num
437 2740 488 2760 cor
506 2729 673 2769 percussum
687 2729 766 2760 eli‘et.
787 2729 915 2760 cuicum
930 2739 1008 2769 pater
1019 2730 1142 2769 respon-

184 2771 288 2806 disset,
313 2773 371 2808 iam
395 2771 477 2801 cordi
499 2772 631 2811 sagittam
651 2771 708 2802 ess'e
727 2770 854 2802 infixam
869 2782 873 2800 ;
887 2781 951 2801 tum
971 2771 1145 2810 Cambyses,

183 2814 336 2855 numquid
345 2823 454 2844 certam
467 2833 475 2847 ‚
499 2816 616 2854 inquit,
638 2814 890 2845 liabeomanum?
908 2823 1042 2853 atpater,
1056 2814 1140 2844 nullo

184 2855 300 2887 doloris
319 2854 402 2897 figno
418 2856 507 2889 datu,
529 2866 583 2886 nec
604 2856 725 2896 usquam
746 2855 908 2889 conversa,
929 2864 1142 2886 autcummota

184 2897 261 2929 facie
279 2908 284 2926 :
305 2908 343 2928 ne
363 2898 537 2937 Apollinem
559 2897 681 2938 quidem
703 2917 711 2929 ,
732 2898 851 2937 inquit,
869 2899 1009 2927 certiores
1029 2897 1141 2938 sagittas

185 2938 361 2970 emiss'urum
372 2939 564 2970 crediderim.
589 2940 670 2980 Qid
684 2941 761 2969 hunc
772 2949 883 2979 patrem
895 2938 1140 2978 putemusfaestu-

187 2990 255 3013 rum
265 2980 364 3015 fuiss'e,
378 2979 396 3011 fi
411 2980 488 3011 filius
500 2984 530 3011 in
545 2991 641 3022 pugna
652 2980 767 3010 fortiter
779 2981 929 3010 dimicans
943 2979 1138 3014 occubuisset,

185 3024 239 3064 qui
258 3023 372 3054 nullius
387 3023 481 3062 culpae
501 3023 657 3053 conscium
679 3022 776 3053 filium
787 3020 1139 3052 crudehslimenucrdari

184 3073 253 3096 non
264 3064 412 3099 doluerit?
423 3074 502 3097 num
509 3066 677 3100 credamus,
689 3063 744 3096 filli
758 3074 890 3098 mortem
899 3062 1068 3098 honestam,
1082 3074 1137 3104 pro

1075 81 1408 114 OLAT

1158 3006 1164 3077 l

1175 1810 1261 1841 lunt.

1473 82 1497 112 ι
1567 82 1613 112 ο,
2001 81 2123 128 1295

1169 147 1260 187 patria
1269 146 1431 186 susceptam
1441 163 1450 179 ,
1472 144 1521 175 tali
1535 145 1608 184 patri
1619 142 1751 176 futuram
1764 142 1852 176 fuiss‘e
1859 142 2124 186 jucundissimam?

1171 191 1238 218 Nec
1251 196 1352 219 tamen
1363 187 1468 217 dubito
1477 187 1644 226 permultos
1655 186 1720 217 fore
1729 207 1738 221 ,
1756 189 1809 228 qui
1818 188 1951 228 impium
1961 186 2051 217 illum
2060 206 2070 221 ‚
2093 197 2127 217 ac

1170 229 1254 270 paene
1275 229 1423 260 viscerum
1446 228 1568 259 suorum
1586 227 1760 259 carnificem
1780 237 1900 260 vocent.
1939 227 1996 260 Sed
2016 227 2127 260 faciant

1170 272 1251 305 sane,
1262 281 1294 302 ut
1305 271 1404 301 lubet:
1426 269 1500 300 dum
1512 271 1570 301 hoc
1581 271 1659 300 mihi
1668 270 1836 302 concedant
1847 290 1856 305 ,
1875 271 2053 311 exemplum
2065 271 2125 301 hoc

1168 312 1359 343 fortitudinis
1367 331 1375 346 ,
1389 321 1421 342 ac
1431 311 1544 342 deviffi
1555 311 1669 342 doloris
1678 311 1735 342 esse
1744 311 2013 353 praeclariffimum.
2033 306 2125 355 Qod

1169 353 1190 383 si
1203 356 1241 384 ita
1251 354 1294 385 est
1303 374 1312 388 ,
1324 363 1356 384 ut
1366 351 1505 384 infirmos
1515 356 1597 384 anim
1603 364 1635 384 os
1648 353 1771 394 (pestata
1783 363 1952 385 ceterorum
1962 356 2057 386 virtus
2067 355 2126 386 eri-

1169 406 1236 437 gat,
1255 397 1287 426 &
1297 394 1460 425 confirmet
1472 414 1480 428 ‚
1502 405 1594 436 quem
1604 396 1777 426 censeamus
1788 397 1848 434 jam
1861 395 1960 427 dolori
1969 393 2126 427 concessu-

1169 448 1237 469 rum
1249 458 1257 471 ,
1276 437 1348 468 cum
1370 447 1429 466 tam
1441 438 1556 467 multos
1564 438 1663 468 audiat
1673 457 1681 471 ,
1701 440 1753 478 qui
1764 437 1872 478 seipsos
1884 439 1915 468 iri
1928 437 2033 468 dolore
2045 437 2129 478 supe-

1171 481 1272 509 rarint.
1298 481 1435 519 quocirca
1447 497 1456 511 ²
1481 488 1541 508 tam
1561 480 1657 510 multa
1673 489 1809 510 veterum
1822 480 1962 520 exempla
1984 479 2128 520 colligere

1171 531 1278 552 vereor
1288 541 1296 554 ,
1310 531 1347 550 ne
1359 521 1605 560 supervacaneum
1619 541 1628 555 ,
1639 530 1688 551 aut
1698 519 1817 551 foi-caste
1828 521 1970 561 putidum
1984 521 2128 551 videatur.

1170 562 1253 603 quod
1264 561 1284 592 fi
1294 565 1399 593 ceteris
1410 571 1538 595 tantum,
1550 562 1582 592 &
1594 573 1657 593 non
1668 561 1907 603 nobismetipsis,
1918 563 2077 594 scriberem
2083 572 2126 593 us.

1150 610 1151 624 ³
1171 603 1289 635 fortaffe
1309 605 1460 634 breviores
1472 605 1503 633 in
1517 604 1672 635 scribendo
1682 624 1690 639 ,
1714 607 1746 635 in
1755 605 1903 645 exemplis
1913 614 2014 635 autem
2025 614 2130 635 recen-

1172 646 1272 676 sendis
1290 646 1379 675 etiarn
1390 647 1505 685 priores
1516 644 1656 676 ess'emus.
1684 646 1732 676 sed
1744 644 1777 676 fit
1788 646 1887 677 nescio
1897 645 2054 687 quomodo
2064 666 2074 680 ‚
2098 654 2131 677 ut

1171 698 1210 718 eit
1230 689 1357 718 aliorum
1369 685 1479 717 casibus
1489 686 1523 717 ad
1539 688 1617 718 mala
1627 687 1725 718 nostra
1736 687 1863 718 sananda
1874 688 2057 719 medicinam
2067 688 2133 718 col-

1171 730 1309 770 ligamus.
1333 728 1424 758 nobis
1443 728 1566 768 quidem
1584 730 1626 759 ita
1645 729 1762 760 videtur
1775 741 1780 758 :
1793 730 1826 760 &
1848 729 1919 760 cum
1941 728 2044 760 nostro
2063 729 2131 759 vul-

1174 773 1238 801 neri
1261 771 1435 801 medeamur
1448 790 1456 803 ,
1476 772 1579 800 mirari
1597 780 1662 801 non
1681 771 1833 801 debebunt
1843 773 1894 812 qui
1906 773 1968 802 haec
1979 772 2012 801 in
2025 780 2132 801 manus

1172 813 1311 846 sument,
1331 810 1425 852 siquid
1443 810 1562 842 fortafl'e
1580 813 1683 852 paullo
1693 811 1863 853 expressum
1875 812 1994 843 uberius
2006 815 2135 843 invene—

1172 857 1241 885 rint.
1265 854 1341 885 illud
1360 853 1443 884 certe
1452 852 1634 893 propofitum
1647 854 1790 885 habemus
1802 874 1811 888 ,
1830 863 1861 884 ut
1876 854 2021 885 omnibus
2031 854 2134 885 nobis-

1171 907 1242 927 cum
1253 894 1399 937 prodeffe,
1409 897 1612 936 omniumque
1621 896 1732 930 dolori,
1744 896 1834 942 quam
1844 895 2058 927 accuratissime
2071 894 2134 925 fieri

1173 938 1283 979 pofl'it,
1304 937 1547 967 consolationem
1566 936 1670 968 afferre
1689 937 1844 978 poflimus.
1867 939 2066 978 quamobrem
2088 939 2135 967 his

1175 979 1389 1010 enumerandis
1410 978 1541 1009 nostram
1552 979 1794 1010 valdeimminui
1807 1000 1815 1014 ,
1838 989 1925 1019 atque
1935 981 2054 1010 allevari
2066 989 2134 1008 mo-

1174 1022 1290 1053 lestiam
1310 1022 1483 1060 experimur
1501 1031 1506 1050 ι
1528 1023 1634 1051 ceteris
1652 1022 1734 1052 idem
1754 1031 1912 1062 optamus,
1931 1032 1984 1055 ac,
2008 1020 2136 1052 fidicere

1176 1066 1282 1097 liceat,
1302 1066 1392 1092 etiam
1414 1062 1574 1101 speramus.
1599 1065 1800 1094 namintanta
1811 1065 1857 1094 vel
1872 1072 2133 1104 argumentorum,

1175 1107 1224 1136 vel
1243 1105 1459 1144 exemplorum
1478 1107 1564 1144 copia
1585 1123 1594 1137 ‚
1617 1104 1727 1145 quibus
1747 1105 1775 1135 se
1793 1106 1924 1146 legentes
1942 1105 2026 1145 paene
2047 1104 2135 1134 obrui

1177 1149 1326 1179 sentient,
1346 1155 1447 1186 ecquis
1465 1146 1494 1176 se
1514 1145 1709 1177 immobilem
1724 1166 1733 1180 ,
1753 1157 1803 1178 aut
1822 1150 1855 1178 in
1874 1147 1980 1178 dolore
1990 1149 2134 1176 inexora-

1179 1191 1274 1222 bilem
1286 1188 1413 1230 praebeat
1428 1190 1439 1217 ἓ

1519 1272 1633 1312 Deficnt
1655 1273 1794 1303 nonnulla.

1177 1355 1245 1383 Nec
1256 1349 1329 1382 verb
1349 1350 1460 1390 ignoro
1479 1356 1627 1386 nonnulla
1642 1355 1792 1386 interdum
1803 1356 1953 1390 accidere,
1977 1355 2088 1397 quibus
2099 1357 2140 1387 ita

1176 1392 1374 1435 perturbetur,
1392 1396 1424 1426 &
1435 1406 1620 1437 opprimatur
1630 1400 1762 1431 animus,
1772 1407 1804 1428 ut
1813 1399 1828 1428 a
1841 1398 1990 1429 medicina
2001 1397 2143 1439 refugiat,

1176 1437 1268 1477 idque
1282 1432 1300 1462 fi
1313 1435 1416 1467 ullojn
1439 1439 1508 1468 casu
1526 1442 1695 1480 contingit,
1713 1441 1791 1469 cert'e
1804 1460 1812 1473 ‚
1831 1441 1904 1470 cum
1914 1439 2019 1470 dolore
2029 1439 2140 1481 affligi—

1178 1488 1265 1510 mur,
1287 1478 1424 1509 maxime
1448 1480 1522 1510 solet
1540 1483 1670 1510 evenire.
1695 1481 1775 1521 quod
1788 1491 1826 1511 ex
1837 1492 1873 1511 eo
1886 1480 1937 1515 fit,
1957 1482 2140 1521 quoderepti

1179 1520 1226 1550 vel
1240 1522 1343 1553 amici,
1355 1521 1401 1550 vel
1413 1519 1522 1553 affinis.
1534 1523 1583 1550 vel
1595 1522 1650 1551 filii
1659 1524 1804 1562 cogitatio
1815 1523 1888 1552 adeo
1899 1523 1988 1552 nobis
1997 1531 2076 1562 grata
2085 1522 2140 1556 est,

1179 1560 1262 1601 quod
1283 1562 1371 1590 illum
1391 1572 1474 1600 paene
1494 1572 1562 1592 ante
1581 1565 1685 1593 oculos
1705 1563 1888 1593 constituere
1907 1563 2041 1593 videatur
2056 1583 2064 1597 ,
2097 1572 2139 1597 ut,

1178 1603 1268 1633 etiam
1279 1600 1299 1631 si
1309 1601 1450 1633 dolorem
1471 1603 1588 1634 refricet
1601 1623 1611 1637 ,
1631 1605 1664 1635 δε
1679 1605 1820 1644 lacrymas
1830 1606 1944 1638 eliciat,
1964 1614 2065 1635 tamen
2075 1615 2149 1636 eam-

1180 1643 1331 1684 deponere
1342 1645 1487 1674 nolimus.
1510 1655 1542 1675 ac
1554 1665 1561 1678 ,
1588 1644 1608 1675 fi
1620 1647 1654 1676 ad
1664 1647 1882 1676 consolandum
1896 1646 2028 1676 remedia
2038 1647 2144 1687 suppe-

1181 1694 1244 1717 tant
1257 1705 1265 1719 ,
1283 1694 1383 1715 tamen
1396 1687 1477 1716 nihil
1487 1690 1590 1717 minus
1602 1707 1610 1721 ,
1632 1689 1721 1728 quam
1733 1689 1957 1727 consolantium
1970 1688 2075 1722 verba,
2089 1698 2143 1719 au-

1182 1727 1309 1757 diamus.
1339 1726 1485 1757 falluntur
1504 1728 1572 1758 sane
1589 1732 1717 1770 graviter
1739 1732 1790 1769 qui
1810 1732 1848 1759 ita
1857 1739 1970 1770 agunt:
1990 1730 2037 1760 sed
2062 1732 2143 1761 hunc

1181 1778 1311 1799 errorem
1325 1788 1335 1801 ,
1354 1778 1415 1808 quo
1427 1779 1606 1809 magnopere
1615 1770 1800 1800 deleEtantur
1811 1790 1819 1804 ‚
1839 1769 1891 1800 fibi
1902 1774 2075 1812 exrorqueri
2087 1782 2145 1802 no-

1283 1812 1379 1850 Qare
1399 1810 1485 1840 suum
1507 1815 1669 1852 unicuique
1688 1811 1819 1842 studium
1835 1833 1846 1846 ,.
1874 1813 1980 1854 suaque
1999 1813 2144 1844 omnibus

1179 1851 1342 1884 delefihitio
1367 1853 1558 1892 relinquatur.
1583 1863 1646 1883 non
1657 1857 1742 1883 enim
1752 1864 1855 1884 veieor
1868 1875 1877 1887 ,
1897 1858 1971 1895 quin
1983 1874 1990 1888 ,
2010 1854 2030 1885 si
2041 1858 2150 1886 minus-

1184 1895 1216 1923 in
1229 1893 1293 1932 ipso
1309 1893 1425 1923 doloris
1437 1893 1507 1923 aestu
1520 1895 1660 1925 remediis
1680 1896 1827 1926 utendum
1841 1897 1982 1927 homines
1992 1897 2140 1932 censeant,

1159 1948 1160 1962 1
1182 1936 1282 1968 certe,
1302 1934 1373 1964 cum
1399 1935 1521 1965 modice
1540 1936 1629 1966 dolor
1647 1937 1806 1971 resederit,
1821 1948 1854 1968 ac
1875 1939 1903 1968 se
1916 1938 2051 1979 paullum
2063 1937 2145 1980 quasi

1188 1979 1339 2008 remittere
1347 1980 1471 2016 coeperit
1483 1997 1493 2010 2
1505 1977 1540 2008 ad
1553 1977 1786 2019 exstinguendas
1799 1980 1916 2010 doloris
1925 1982 2064 2021 reliquias
2075 1991 2144 2010 mo·

1185 2021 1248 2049 nita
1259 2038 1267 2052 ,
1282 2028 1483 2059 praeceptaque
1494 2019 1595 2050 nostra
1604 2020 1811 2052 adhibeantur.
1837 2023 1913 2052 nihil
1925 2032 2024 2052 autem
2040 2023 2151 2052 utilius-

1185 2060 1246 2093 est,
1266 2062 1356 2100 quarn
1376 2061 1438 2090 haec
1456 2060 1559 2091 cadem
1571 2064 1601 2092 in
1613 2063 1784 2102 voluptate,
1802 2074 1834 2093 ac
1846 2063 2142 2103 laetitiapertraCtare,

1183 2111 1269 2142 atque
1280 2112 1313 2132 in
1333 2102 1475 2132 manibus
1491 2103 1606 2134 habere.
1631 2103 1668 2134 sic
1693 2108 1776 2135 enim
1792 2105 1891 2146 &legi
1905 2125 1914 2139 ,
1935 2115 2021 2146 atque
2032 2107 2066 2136 ad
2079 2116 2145 2135 ver-

1187 2145 1257 2175 bum
1271 2144 1373 2178 edisci,
1385 2144 1417 2174 &
1428 2147 1548 2183 penitus
1557 2148 1713 2176 memoriae
1725 2147 1856 2176 mandati
1868 2145 2001 2186 potsunt,
2020 2157 2061 2181 ut,
2072 2148 2145 2178 cum

1182 2188 1218 2216 in
1231 2188 1370 2216 animum
1382 2188 1501 2229 penitus
1523 2186 1702 2218 influxerint
1713 2208 1723 2222 ,
1746 2198 1809 2218 tum
1823 2190 1973 2219 exhauriri
1986 2199 2018 2219 ac
2028 2190 2146 2229 prorsus

1187 2228 1285 2260 elabi,
1304 2237 1368 2258 non
1388 2228 1476 2258 facile
1494 2239 1614 2269 queant.
1638 2231 1678 2259 ita
1697 2228 1748 2263 fit,
1767 2240 1799 2260 ut
1813 2251 1822 2263 ,
1840 2230 1912 2260 cum
1925 2235 2045 2270 repente
2055 2231 2146 2261 dolor

1185 2268 1291 2299 invasit
1301 2290 1309 2303 ,
1324 2274 1388 2299 tum
1400 2271 1435 2299 iis
1446 2279 1564 2300 utamur
1574 2282 1579 2300 ;
1590 2281 1666 2312 quae,
1681 2270 1736 2301 nisi
1748 2274 1815 2302 ante
1827 2282 1971 2312 percepta,
1985 2272 2017 2302 &
2026 2275 2148 2314 cognita

1186 2310 1242 2341 sint
1252 2331 1260 2344 ,
1282 2314 1398 2351 impetu
1408 2311 1472 2350 ipso
1482 2313 1595 2342 doloris
1608 2323 1778 2344 incurrente
1789 2333 1798 2346 ‚
1817 2315 1904 2353 plane
1915 2314 2045 2354 depelli,
2058 2324 2146 2355 atque

1185 2353 1305 2384 excludi
1328 2354 1434 2383 solent.
1459 2353 1602 2384 sensimus
1622 2356 1679 2385 hoc
1698 2358 1730 2385 in
1751 2356 1841 2385 nobis
1861 2354 1946 2395 ipsis:
1967 2366 2022 2386 nec
2038 2365 2145 2396 parum

1187 2395 1276 2425 nobis
1287 2394 1387 2425 obfuit
1399 2416 1408 2429 ,
1420 2396 1496 2425 hanc
1507 2397 1821 2428 umvcrsamadveisus
1832 2397 1971 2428 dolorem
1983 2407 2145 2428 commen-

1187 2439 1333 2467 tationem
1348 2447 1410 2467 non
1435 2438 1535 2468 multo
1555 2439 1623 2468 ante
1642 2440 1770 2472 animo,
1785 2449 1817 2470 ac
1838 2449 1942 2469 mente
1959 2439 2142 2479 percurrisse.

1185 2488 1323 2518 quamvis
1333 2480 1417 2509 enim
1440 2481 1608 2518 permultos
1628 2481 1880 2521 philosophorum
1893 2481 1986 2511 libros
1997 2481 2042 2511 vel
2051 2482 2088 2512 de
2098 2483 2148 2511 lu-

1188 2520 1237 2550 &u
1249 2540 1257 2553 ‚
1279 2521 1326 2550 vel
1350 2521 1386 2550 de
1405 2530 1502 2551 morte
1520 2522 1588 2552 satis
1611 2523 1742 2552 accurate
1761 2521 1934 2563 legissemus
1953 2542 1962 2557 ,
1985 2532 2018 2553 ut
2036 2525 2143 2554 Theo-

1186 2561 1295 2602 phrasti
1306 2582 1315 2596 ,
1327 2564 1504 2593 Xenocratis
1514 2582 1524 2596 ,
1551 2564 1678 2593 aliorum
1691 2584 1699 2597 ,
1718 2574 1793 2605 quos
1807 2574 2049 2595 commemorare
2065 2566 2144 2595 nihil

1186 2604 1293 2634 attinet
1306 2614 1311 2632 τ
1334 2613 1433 2635 tamen
1446 2606 1503 2634 lioc
1517 2615 1579 2635 non
1593 2605 1662 2635 ideo
1672 2605 1837 2636 feceramus
1848 2626 1858 2641 ‚
1868 2606 1951 2648 quod
1963 2616 2153 2637 eventurum·v

1187 2654 1358 2685 putaremus
1368 2666 1376 2680 ,
1402 2656 1433 2677 ut
1443 2649 1480 2676 iis
1490 2646 1556 2686 ipfis
1567 2650 1598 2676 in
1609 2647 1711 2677 nostro
1723 2657 1853 2678 moerore
1863 2658 2023 2679 uteremur.
2046 2652 2146 2690 itaque

1188 2687 1459 2727 nequelefinonem
1472 2709 1481 2722 ‚
1503 2699 1648 2729 quantum
1667 2688 1862 2730 oportuisset,
1886 2699 2067 2724 accuratam,
2090 2701 2147 2722 nec

1189 2732 1370 2759 memoriam
1390 2731 1454 2760 satis
1464 2733 1611 2761 intentam
1623 2731 1828 2762 adhibuimus.
1853 2733 1918 2762 casu
1928 2742 2027 2763 autem
2040 2742 2147 2773 repen-

1188 2773 1256 2801 tino
1274 2770 1400 2811 oppreffi
1412 2793 1422 2805 ,
1441 2782 1504 2802 non
1528 2772 1611 2812 prius
1629 2773 1663 2803 ad
1682 2773 1776 2803 libros
1796 2774 1959 2814 confugere
1976 2777 2150 2813 potuimus,

1187 2823 1261 2854 quin
1272 2814 1338 2843 ante
1350 2814 1514 2844 acerbitatis
1526 2824 1554 2844 vi
1568 2813 1834 2854 prosterneremur.
1853 2825 2034 2857 quamquam
2046 2816 2146 2857 postea

1189 2864 1323 2894 tempore
1343 2856 1407 2895 ipso
1419 2855 1532 2886 laetum
1552 2855 1613 2890 est,
1635 2866 1665 2886 ut
1676 2857 1762 2887 dolor
1774 2867 1848 2890 nce,
1876 2867 2015 2892 mantea,
2040 2862 2145 2893 acrior,

1190 2897 1317 2927 &mens
1336 2897 1395 2937 ipsa
1414 2898 1516 2936 paullo
1534 2897 1604 2928 ess'et
1624 2898 1769 2932 sedatior,
1788 2898 1863 2930 &ad
1876 2900 2060 2930 medicinam
2071 2904 2148 2931 acci-

1189 2940 1330 2978 piendam
1341 2950 1433 2981 magis
1444 2940 1561 2971 idonea.
1584 2940 1638 2970 Sed
1652 2950 1807 2981 pergamus
1817 2940 1852 2971 ad
1868 2942 1979 2982 reliqua
1989 2962 1997 2975 ,
2011 2953 2075 2983 quae
2092 2952 2146 2972 nec

1191 2982 1285 3010 multa
1295 2981 1401 3011 restant
1413 3001 1421 3014 ,
1441 2982 1473 3011 δε
1486 2982 1576 3015 scitu,
1594 2992 1626 3012 ac
1643 2985 1820 3023 cognitione
1837 2982 2027 3024 dignissima:
2047 2983 2146 3014 fruEtu

1188 3031 1286 3052 autem
1301 3023 1382 3062 ipso,
1393 3033 1481 3063 quem
1495 3024 1640 3063 praecipue
1651 3027 1812 3065 quaerinius
1825 3028 1965 3066 ,gratiora
1974 3024 2101 3057 fortasse,
2116 3025 2148 3055 &

1190 3064 1338 3096 uberiora.
1361 3066 1443 3107 Qid
1462 3066 1504 3096 est
1518 3076 1587 3106 ergo
1597 3086 1606 3100 ‚
1617 3066 1698 3107 quod
1709 3067 1838 3107 aliquam
1849 3067 1938 3098 nobis
1949 3066 2049 3097 afferre
2058 3068 2149 3097 dubi-

2004 3118 2148 3140 tationem
