2295 3400
196 152 290 202 390
603 135 1116 183 MTULLM

214 230 282 251 uam
297 218 525 250 similitudinem
538 220 664 259 propriae
681 215 866 257 poss'cffionis
880 237 888 251 ,
910 218 1041 259 aliquam
1062 218 1143 258 spem

193 229 395 292 diuturnitatis
404 262 571 301 attingunt:
598 269 691 290 nemo
703 258 745 289 est
756 269 815 289 tam
827 259 986 299 impudens
1005 259 1142 294 istorum,

192 306 268 344 quin
277 305 320 342 agi
332 304 429 332 secum
442 301 576 341 pra-clare
588 301 751 331 arbitretur.
777 304 826 331 Tu
836 300 907 331 vero
919 321 927 335 ‚
952 301 1060 335 Rulle,
1073 301 1146 343 quid

194 347 299 385 quaeris
311 345 320 369 ?
329 343 408 383 quod
421 343 528 372 habent
538 363 545 376 ‚
559 352 592 372 ut
601 343 727 372 habeant
738 345 748 372 ?
757 344 823 384 quis
833 352 913 372 vetat
922 344 931 369 ?
941 351 972 373 ut
981 345 1143 383 privatum.

195 386 384 416 Atitalatum
396 383 448 418 est,
462 393 493 414 ut
505 384 614 414 melior
624 387 667 414 tui
679 385 769 414 soceri
779 383 890 414 fundus
904 386 1022 425 Irpinus
1033 384 1076 419 fit,
1093 384 1149 415 sive

197 437 264 468 ager
273 428 391 466 Irpinus
409 427 518 464 (totum
531 427 613 456 enim
623 424 756 467 possidet)
778 427 868 468 quam
886 437 971 457 meus
988 436 1126 467 paternus
1142 447 1149 460 ‚

196 469 349 508 avitusque
360 466 472 498 fundus
483 470 617 507 Arpinas.
630 467 659 498 id
671 470 754 497 enim
765 478 860 500 caves.
872 478 1000 499 OPTIMO
1008 469 1152 508 enimju-

195 508 492 550 rehcasuncprofeetb
510 509 636 549 praedia,
657 519 723 550 quae
743 512 856 550 optima
879 510 1058 541 conditione
1075 512 1149 541 sunt.

197 551 305 581 Libera
320 571 328 584 ‚
359 552 485 581 meliore
510 553 577 591 jure
599 551 667 581 sunt
677 571 685 585 ‚
721 551 922 592 quamserva.
962 554 1056 592 capite
1075 553 1132 582 hoc
1142 571 1151 584 ‚

194 594 317 626 omnia,
339 603 404 633 quae
420 593 603 627 serviebant,
619 603 683 623 non
692 593 827 624 servient.
844 594 945 624 Soluta
960 614 967 627 ‚
984 595 1110 623 meliore
1120 596 1153 623 in

192 635 276 664 causa
288 635 366 667 sunt,
381 635 473 675 quam
489 635 625 676 obligata.
651 638 659 654 ¹
672 635 780 665 codem
795 637 889 676 capite
900 636 1027 677 obligata
1037 637 1151 668 omnia,

192 673 214 704 fi
227 675 321 706 modo
331 677 451 707 Sullana
461 676 528 706 sunt
539 696 548 710 ,
559 677 732 707 liberantur.
747 680 828 707 Imm
835 679 903 707 unia
913 698 920 710 ‚
938 676 1152 707 commodiore

191 717 366 748 conditione
379 716 434 747 sint
443 738 451 752 ‚
463 718 555 760 quam
567 718 616 749 illa
626 739 634 752 ,
647 729 711 759 qua:
722 717 876 758 pensitant.
901 722 964 760 Ego
973 718 1150 748 Tusculanis

190 768 245 798 pro
260 762 273 777 2
283 769 356 800 aqua
367 760 471 790 Crabra
480 759 605 801 ve&igal
616 760 757 800 pendam,
774 763 785 787 3
799 762 865 800 quia
875 761 890 789 Ξι
901 761 1070 799 municipio
1079 758 1151 789 fun-

191 800 266 830 dum
277 803 385 841 accepi.
421 800 442 830 si
455 801 470 832 a
487 802 568 832 Sulla
581 803 658 832 milii
681 802 764 832 datus
783 801 872 835 efflet,
896 802 980 832 Rulli
1003 802 1066 841 lege
1085 810 1150 830 non

189 842 363 882 penderem.
387 843 484 873 Video
493 852 548 873 vos
558 863 566 877 ‚
578 845 710 884 Qirites
720 864 727 876 ,
740 842 822 872 sicuti
832 853 877 873 res
888 844 946 882 ipsa
956 845 1149 882 cogit‚c0m-

190 886 310 914 moveri
319 885 368 914 vel
377 885 448 927 legis
460 905 467 919 ‚
489 886 536 915 vel
551 887 694 915 orationis
706 884 893 924 impudentia
905 896 908 913 :
921 885 992 925 legis
1004 905 1013 917 ‚
1025 885 1148 925 quaejus

193 926 304 956 melius
315 927 445 957 Sullanis
455 927 571 967 praediis
581 926 741 956 constituat
754 946 762 959 ,
781 926 870 966 quam
879 930 1022 967 paterm's:
1041 928 1151 957 oratio-

189 969 344 1008 nis‚quae4
355 969 505 1008 ejusmodi
515 966 779 999 causainsimulare
792 978 974 1008 quemquam
986 967 1151 999 :indeanta—

155 1013 169 1045 3
190 1010 288 1039 tiones
298 1010 387 1040 Sulla:
398 1009 493 1040 css'ent
502 1009 637 1040 nimium
648 1009 1060 1039 vehementerdefendere.At
1071 1008 1090 1038 sl
1101 1010 1152 1039 :lla

188 1050 289 1081 solum
300 1053 502 1092 sanciret,qua:
514 1051 529 1081 a
539 1051 620 1081 Sulla
632 1049 725 1080 essent
735 1051 814 1081 data:
826 1060 952 1081 tacerem
964 1062 969 1079 τ
982 1050 1077 1081 modo
1088 1052 1148 1091 ipse

188 1093 218 1123 se
229 1093 386 1123 Sullanum
396 1092 453 1123 esse
465 1091 668 1123 confiteretur.
689 1093 812 1122 sednon
823 1091 919 1122 modi>
931 1093 990 1122 illis
1000 1102 1148 1126 cavet‚ve-

186 1132 258 1164 rum
271 1136 359 1165 ctiam
370 1135 449 1164 aliud
460 1134 612 1176 quoddam
624 1144 717 1175 genus
728 1134 901 1164 donationis
921 1135 1054 1164 inducit:
1069 1135 1101 1165 &
1110 1137 1146 1169 is,

186 1177 239 1216 qui
251 1176 267 1206 a
279 1186 327 1206 me
336 1176 467 1206 Sullanas
479 1174 670 1216 possessiones
679 1175 800 1206 defendi
808 1178 985 1206 criminatur
995 1196 1003 1210 ,
1024 1186 1089 1206 non
1097 1187 1143 1206 eas

186 1216 289 1248 solum
304 1218 395 1247 sancit
406 1229 411 1247 :
422 1218 529 1248 verum
541 1217 601 1258 ipse
611 1227 704 1248 novas
714 1215 920 1258 assignationes
942 1217 1089 1251 instituit,
1113 1219 1145 1248 &

185 1261 362 1298 repentinus
381 1260 459 1290 Sulla
473 1259 561 1289 nobis
575 1261 718 1289 exoritur.
743 1261 824 1288 Nam
838 1259 980 1289 attendite
991 1279 999 1293 ‚
1021 1269 1145 1300 quantas

184 1299 390 1330 concessiones
401 1311 539 1342 agrorum
548 1301 597 1330 hic
607 1300 708 1330 noster
721 1300 891 1342 objurgator
909 1311 971 1330 uno
990 1301 1082 1330 verbo
1101 1301 1145 1331 fa—

184 1352 251 1372 cere
261 1351 397 1372 conetur.
411 1353 488 1384 QAE
502 1352 603 1376 DATA,
615 1351 751 1372 DONATA
762 1362 770 1375 ,
784 1352 947 1372 concessa
960 1363 968 1376 ‚
983 1352 1142 1372 vnxmrA.

185 1385 293 1414 Patior.
306 1384 404 1414 audio.
417 1385 489 1425 quid
502 1384 610 1414 deinde
627 1387 810 1413 ?1‘ossassA.
834 1386 906 1414 Haec
917 1385 1054 1414 tribunus
1063 1385 1141 1424 pleb.

185 1426 375 1466 promulgare
386 1427 470 1456 ausus
482 1425 542 1459 est,
565 1435 614 1458 ut,
633 1425 714 1466 quod
735 1425 857 1466 quisque
875 1425 941 1465 post
960 1428 1094 1456 Marium
1111 1427 1143 1456 &

185 1467 367 1500 Carbonem,
381 1465 639 1507 Cosspoffidenid
651 1477 687 1497 eo
697 1467 760 1505 jure
772 1477 894 1500 teneret,
910 1471 922 1495 ἲ
932 1478 992 1508 quo
1003 1470 1054 1508 qui
1063 1470 1142 1508 opti-

184 1519 241 1539 mo
251 1510 420 1548 privatum?
441 1513 569 1539 etiamne
581 1507 601 1538 si
610 1511 639 1538 vi
648 1509 735 1548 ejecit
744 1514 754 1539 ?
764 1511 895 1538 etiamne
905 1508 925 1538 si
934 1509 1011 1539 clam
1024 1529 1032 1542 ‚
1046 1507 1066 1538 si
1075 1520 1140 1549 pre-

185 1549 266 1580 cario
276 1552 402 1580 venitin
414 1549 622 1590 poss'effionem
633 1551 642 1577 ?
663 1553 741 1590 Ergo
753 1551 805 1580 hac
814 1551 876 1591 lege
881 1551 930 1589 jm
940 1551 1024 1579 civile
1032 1571 1040 1584 ‚
1050 1552 1142 1581 causae

184 1590 399 1632 pofl'efficnum
411 1613 419 1625 ‚
432 1601 593 1632 praetorum
606 1591 762 1622 interdieta
774 1592 926 1622 tollentur.
939 1595 1014 1622 Non
1024 1593 1142 1623 medio-

183 1635 242 1663 cris
253 1644 297 1663 res
311 1654 319 1668 ‚
346 1644 443 1674 neque
453 1643 579 1673 parvum
589 1633 643 1663 sub
659 1634 718 1663 hoe
728 1634 819 1663 verbo
839 1632 954 1664 furtum
967 1654 975 1667 ,
997 1636 1140 1674 Qirites,

183 1675 267 1705 latet.
278 1679 353 1705 Sunt
363 1678 446 1705 enim
458 1675 548 1705 multi
564 1677 623 1716 agri
633 1675 696 1715 lege
705 1675 844 1704 Cornelia
853 1675 1006 1714 publicati,
1017 1686 1071 1706 nec
1079 1678 1143 1706 cui-

182 1727 275 1757 quam
285 1715 426 1758 assignari,
442 1727 538 1757 neque
548 1716 673 1748 venditi,
689 1718 741 1756 qui
754 1716 878 1756 apaucis
891 1718 1069 1747 hominibus
1085 1718 1140 1746 im-

179 1758 553 1799 pudentissimi·poffideatur.
576 1759 622 1787 his
643 1768 727 1788 cavet
737 1779 744 1791 ‚
763 1759 818 1787 hos
829 1757 964 1788 defendit
973 1780 980 1791 ,
1006 1760 1061 1788 hos
1080 1762 1143 1799 pri-

182 1809 269 1829 vatos
279 1800 364 1830 facit:
384 1802 574 1840 hosinquam
584 1819 592 1833 ‚
614 1809 698 1839 agros
712 1820 719 1833 ‚
734 1809 810 1840 quos
819 1800 900 1829 Sulla
911 1801 1135 1834 neminidedit,

183 1841 296 1871 Rullus
314 1852 377 1871 non
391 1841 478 1871 vobis
495 1839 633 1882 assignare
654 1842 719 1871 vult
730 1861 738 1874 ,
764 1842 812 1872 sed
824 1843 866 1871 eis
876 1842 1063 1876 condonare,
1086 1844 1138 1883 qui

183 1881 344 1922 poflident.
368 1883 491 1914 Causam
502 1892 602 1923 quaero
615 1902 624 1916 ,
644 1893 696 1913 cur
705 1893 755 1917 ea,
774 1893 839 1925 quae
857 1884 984 1924 majores
998 1884 1084 1915 vobis
1105 1886 1138 1914 in

219 2083 243 2101 ι.
265 2075 346 2099 Eodem
357 2078 432 2106 capite
439 2077 539 2107 obligata
548 2076 649 2108 omnia]
671 2076 810 2102 Turnebus
820 2076 848 2102 d.
858 2086 914 2112 cap.
925 2076 962 2102 ait
971 2076 1013 2102 edi
1026 2095 1034 2108 ‚
1053 2077 1137 2102 Eodem

177 2114 254 2143 capite
271 2117 327 2135 nota
344 2112 458 2144 obsignata
476 2114 564 2137 omm'a.
583 2114 610 2138 ἃ
622 2111 724 2147 probat.
746 2121 771 2138 at
785 2113 855 2138 enim
868 2112 935 2138 l‘all.
956 2113 1049 2146 (Jujac.
1070 2113 1135 2138 item

179 2146 242 2171 cdd.
256 2153 322 2171 vett.
333 2146 461 2173 exhibent
473 2166 481 2178 ,
499 2147 582 2172 Eodem
591 2148 805 2181 capitcfitbsignata
822 2151 915 2180 ommi&
936 2148 1006 2183 quod
1017 2158 1066 2184 ego
1076 2158 1136 2175 om-

180 2182 245 2208 nino
257 2181 358 2208 malim.

217 2226 245 2242 2.
264 2221 350 2251 <Aqua
359 2218 478 2252 Crabra]
500 2218 560 2244 Mss.
570 2220 598 2245 Sc
609 2218 716 2254 antiqui:
727 2218 791 2244 editi
811 2220 911 2244 Crebra.
931 2218 972 2245 sed
984 2219 1010 2246 in
1021 2218 1136 2254 epistolis

179 2252 213 2279 ad
226 2253 367 2284 Tironem,
378 2260 407 2279 ut
418 2254 474 2279 licie
485 2256 603 2281 Crabram
615 2262 698 2281 vocat.
708 2258 741 2280 Β».-
751 2257 846 2280 Crabra
855 2255 914 2288 quid
921 2263 1019 2287 agatur,
1029 2256 1069 2289 ctfi
1075 2264 1138 2281 nunc

176 2289 271 2323 quidem
279 2292 351 2314 etiam
359 2292 458 2314 nimium
468 2293 503 2315 ef?
510 2299 586 2323 aquae,
596 2298 674 2316 tamen
683 2290 829 2323 velimftire.
839 2290 999 2317 Gulielmius
1005 2310 1011 2316 -

218 2332 243 2360 3.
263 2325 327 2356 Qia
344 2324 359 2350 ὰ
378 2328 500 2357 municipio
512 2327 617 2357 fimdum
635 2326 736 2360 asaph]
756 2327 783 2351 51
796 2325 869 2351 libris
879 2325 997 2352 standum
1009 2327 1064 2352 tiim
1077 2326 1134 2352 mss.

178 2369 260 2395 quam
271 2360 347 2386 caleis
358 2359 517 2387 editionibus
531 2381 538 2392 ‚
551 2361 739 2388 restituendum
751 2380 760 2392 ‚
778 2365 836 2395 qnia
846 2363 1074 2394 nmncipiofimdum.
1096 2363 1136 2388 vi-

179 2395 296 2422 dendum
308 2404 395 2422 tamen
409 2415 416 2428 ,
426 2406 458 2423 an
469 2397 515 2423 illa
524 2400 640 2424 immunia
650 2417 657 2430 ,
673 2406 730 2433 qua:
741 2397 870 2433 mancipio
881 2405 1002 2433 accepra5
1025 2403 1136 2424 annota-

180 2439 238 2458 tum
249 2432 406 2459 Gulielmio.

215 2475 243 2500 4.
263 2468 378 2502 Iljtssnmdi
387 2469 484 2503 masin]
497 2467 651 2503 anufinodi
663 2479 692 2496 ea
702 2469 737 2496 est
748 2478 824 2505 quam
834 2469 932 2495 Rullus
944 2467 1063 2504 suscepit,
1080 2477 1136 2504 quse

179 2511 240 2529 cum
252 2503 332 2529 Sullae
349 2502 407 2530 aista
426 2504 565 2531 confirmet
579 2505 695 2531 maximi:
709 2525 716 2537 ,
736 2504 957 2533 inmudendssime
970 2505 1066 2530 Rullus
1079 2513 1134 2530 eam
1154 2527 1155 2530 ,

179 2538 349 2575 suspicionem
362 2540 486 2576 impingit
498 2541 633 2567 Ciceroni.
662 2541 727 2568 hanc
737 2536 892 2567 sententiam
904 2541 961 2566 elici
974 2539 1042 2576 posse
1052 2549 1085 2566 ex
1097 2540 1136 2566 his

180 2574 268 2600 verbis
280 2585 329 2601 non
341 2583 478 2611 putarunt,
490 2577 533 2612 qui
544 2576 576 2602 ad
588 2576 752 2611 conjecturas
764 2576 932 2611 confugiunt.
945 2578 1091 2601 Gulielmius.

213 2609 243 2643 ⁶5.
260 2612 309 2643 ,εἶρα
319 2614 358 2644 qm·
368 2614 446 2643 optinro
454 2613 603 2647 privatum]
618 2613 660 2639 Est
671 2615 685 2639 a
698 2613 833 2639 Turnebo.
845 2611 970 2638 hanstenus
981 2611 1065 2638 abfuit
1093 2620 1136 2638 ai·-

179 2645 262 2672 ticula
272 2649 312 2679 qui
321 2658 330 2678 ‚·
340 2655 397 2682 quae
407 2656 493 2675 tamen
505 2658 557 2675 non
568 2648 628 2675 ideo
638 2648 672 2676 est
683 2649 709 2676 in
721 2649 788 2676 Pali.
800 2648 892 2682 Cujac.
902 2655 948 2675 aut
959 2655 1025 2675 vett.
1037 2646 1068 2674 ed
1094 2648 1135 2674 .in

180 2680 275 2717 quibus
286 2680 368 2708 solum
380 2701 386 2711 ,
400 2684 459 2717 qnod
467 2687 555 2717 optimo.

218 2717 244 2743 6.
264 2721 319 2742 ‘l'nm
329 2718 362 2743 ad
369 2721 490 2754 Summe]
503 2722 568 2754 Jam
579 2730 648 2748 nunc
658 2721 773 2757 primum
784 2719 883 2748 accedit
895 2719 1081 2756 particularum
1092 2739 1100 2752 ,
1120 2722 1134 2747 ὲ

180 2752 249 2780 Pall.
261 2753 352 2781 Cuiac.
363 2754 390 2779 8<
405 2762 468 2781 vett.
484 2755 544 2781 cdd.

214 2796 241 2822 7.
261 2791 294 2816 De
308 2793 386 2823 generi
395 2790 564 2828 impudentia]
586 2793 626 2822 Ita
637 2792 708 2823 ι’βᾶὲ
719 2793 750 2820 Ρ.
762 2793 907 2822 Manutius.
929 2792 1017 2828 inepte
1027 2791 1099 2829 prius
1109 2792 1136 2818 de

1197 138 1736 187 Crcssnours

1197 220 1296 254 Italia,
1307 221 1408 251 Sicilia
1419 242 1427 254 ‚
1440 221 1553 253 duabus
1564 223 1715 263 Hispaniis
1727 243 1735 257 ,
1749 221 1927 254 Macedonia
1938 242 1946 257 ‚
1967 221 2032 255 Asia
2046 225 2152 266 quaefi-

1199 271 1306 292 verunt
1318 283 1326 295 ‚
1337 266 1439 293 venire
1452 266 1627 304 patiamini,
1646 264 1718 295 curn
1730 275 1762 295 ea
1771 286 1778 298 ,
1796 275 1862 306 quae
1875 264 1967 295 vestra
1977 266 2045 296 sunt
2054 287 2063 299 ,
2074 278 2150 297 con—

1195 303 1300 334 donari
1311 303 1523 344 poss'efl'oribus
1541 306 1718 348 eademlege
1729 307 1863 336 videatis.
1884 308 1950 348 Jam
1963 327 1971 340 ,
1991 316 2086 338 totam
2109 309 2153 338 le·

1195 355 1263 387 gem
1277 366 1284 379 ‚
1307 347 1480 388 intelligetis
1491 367 1499 381 ‚
1522 347 1592 377 cum
1604 348 1638 378 ad
1649 357 1810 388 paucorum
1827 349 2070 379 dominationem
2079 349 2154 380 scri-

1195 386 1284 427 ptasit
1294 407 1301 420 ‚
1321 385 1337 407 ⁶
1347 388 1381 418 ad
1393 390 1520 419 Sullanae
1535 388 1736 430 affignationis
1751 392 1880 420 rationes
1899 389 1958 420 ess'e
1977 400 2153 422 accommo-

1196 427 1387 459 dauss'imam.
1411 440 1480 460 nam
1492 431 1572 460 socer
1582 431 1671 470 hujus
1683 451 1691 464 ,
1712 432 1760 461 vir
1769 433 1902 462 multum
1911 432 2010 462 bonus
2021 431 2080 462 est:
2101 442 2156 462 ne-

1198 480 1256 511 que
1267 480 1321 510 ego
1337 481 1418 501 nunc
1431 471 1466 501 de
1477 472 1558 502 illius
1568 472 1701 502 bonitate
1716 492 1724 505 ‚
1744 473 1792 503 scd
1812 478 1826 501 7
1837 473 1872 503 de
1882 476 1982 513 generi
1993 474 2155 514 impuden-

1197 514 1237 541 tia
1246 512 1374 551 disputo.
1398 513 1449 542 ille
1468 515 1552 542 enim
1566 534 1574 546 ‚
1592 513 1673 554 quod
1685 514 1791 548 habet,
1812 517 1938 544 retinere
1952 516 2035 545 vult:
2054 526 2154 556 neque

1199 553 1227 583 se
1237 553 1396 583 Sullanum
1407 552 1464 584 ess'e
1474 553 1648 585 dissimulat.
1676 557 1735 585 Hic
1744 575 1753 589 ‚
1774 557 1874 596 utipse
1884 556 1987 586 habeat
1996 557 2078 597 quod
2086 567 2152 588 non
2173 565 2196 597 4

1202 594 1289 624 habet
1299 614 1308 627 ,
1320 605 1384 635 quae
1395 594 1555 636 dubiafimt
1567 617 1574 629 ,
1587 606 1637 636 per
1646 607 1701 626 vos
1711 598 1820 627 sancire
1832 598 1913 628 vult:
1933 598 1965 628 δε
1977 619 1985 631 ,
2003 608 2072 628 cum
2083 599 2152 638 plus

1199 645 1331 676 appetat,
1350 637 1441 678 quam
1451 638 1509 677 ipse
1519 638 1616 668 Sulla:
1639 639 1748 679 quibus
1759 649 1813 680 ego
1822 640 1908 670 rebus
1919 638 2017 670 resisto
2028 660 2036 674 ‚
2056 640 2152 672 Sulla-

1198 687 1250 707 nas
1263 688 1307 708 res
1320 678 1479 709 deiende-re
1489 681 1646 710 criminor.
1679 681 1777 710 Habet
1794 691 1878 723 agros
1897 681 2085 717 nonnullos,
2101 684 2150 712 in-

1198 721 1283 760 quit,
1306 721 1387 750 socer
1400 730 1486 751 meus
1498 721 1626 752 desertos
1637 742 1645 755 ‚
1667 722 1958 765 atquelonginquos.
1981 723 2151 754 vendeteos

1199 772 1264 792 mea
1275 763 1337 804 lege
1349 782 1357 796 ‚
1377 765 1479 802 quanti
1489 763 1582 793 volet.
1607 764 1695 794 habet
1706 766 1832 794 ineertos
1842 785 1850 799 ,
1866 775 1899 795 ac
1911 765 1998 795 nullo
2007 765 2071 804 jure
2081 765 2143 806 pos·

1197 802 1284 834 sessbs
1297 815 1302 832 :
1321 803 1583 835 confirmabuntur
1593 807 1712 845 optimo
1722 807 1796 845 jure.
1819 807 1907 837 habet
1917 807 2069 846 publicos:
2082 807 2151 838 red-

1195 844 1262 875 dam
1284 847 1423 884 privatos.
1447 847 1578 886 denique
1597 857 1647 876 eos
1662 847 1773 877 fundos
1785 868 1792 882 ‚
1813 858 1888 889 quos
1899 850 1931 878 in
1941 858 2010 889 agro
2024 848 2150 879 Casinati

1194 888 1326 926 optimos
1337 906 1346 919 ,
1369 887 1402 917 &
1422 886 1671 919 frueruofiffimos
1690 890 1870 919 continuavit
1881 910 1889 923 ‚
1909 890 1979 920 cuin
2001 891 2091 931 usque
2109 889 2149 921 eb

1193 930 1311 959 viciuos
1318 929 1512 969 proscriberet
1520 950 1527 963 ‚
1540 925 1554 949 Β
1564 930 1660 971 quoad
1670 932 1765 961 oculis
1775 930 1984 962 confirmando
1992 953 2001 966 ,
2020 942 2058 962 ex
2069 932 2152 962 mul-

1195 980 1232 1000 tis
1242 971 1360 1010 praediis
1370 981 1459 1000 unam
1470 970 1558 1001 fundi
1569 974 1723 1012 regionem
1735 993 1744 1006 ‚
1764 973 1956 1014 formamque
1973 973 2148 1014 perfecerit:

1193 1022 1269 1052 quos
1277 1022 1360 1042 nunc
1368 1022 1438 1042 cum
1448 1013 1548 1053 aliquo
1559 1024 1641 1044 metu
1652 1023 1742 1048 tenet,
1762 1014 1823 1045 fine
1834 1016 1894 1045 ulla
1903 1025 1968 1045 cura
1976 1014 2147 1055 possidebit.

1193 1056 1231 1083 Et
1240 1073 1248 1086 ‚
1270 1055 1413 1094 quoniam
1426 1074 1434 1087 ‚
1454 1065 1511 1095 qua
1528 1055 1565 1084 de
1582 1057 1665 1086 causa
1675 1057 1707 1086 &
1717 1067 1847 1098 quorum
1858 1058 1940 1087 causa
1949 1058 2001 1087 ille
2012 1058 2070 1087 hoc
2079 1066 2149 1096 pro-

1193 1095 1336 1136 mulgavit
1347 1116 1356 1128 ‚
1377 1095 1512 1126 ostendi:
1533 1096 1639 1127 doceat
1650 1098 1711 1138 ipse
1722 1118 1729 1131 ,
1746 1109 1820 1128 num
1836 1109 1891 1140 ego
1903 1109 1994 1139 quem
2004 1097 2148 1138 poss'effo-

1190 1146 1254 1166 rem
1265 1136 1423 1167 defendam
1438 1158 1446 1170 ‚
1457 1137 1528 1167 cum
1539 1141 1665 1179 Agraria:
1675 1140 1733 1180 legi
1743 1139 1853 1170 resisto.
1876 1142 1988 1170 Silvam
1998 1142 2147 1171 Scantiam

1191 1177 1308 1208 vendis.
1331 1179 1405 1218 resp.
1421 1177 1563 1218 poss‘idet:
1591 1180 1730 1210 defendo.
1774 1184 1960 1221 Campanum
1981 1191 2083 1221 agrum
2106 1181 2154 1212 di-

1189 1219 1282 1249 vidis:
1302 1230 1357 1249 vos
1367 1220 1435 1250 estis
1454 1224 1487 1250 in
1497 1220 1691 1260 posseffione:
1711 1232 1776 1253 non
1793 1223 1877 1253 cedo.
1910 1223 2032 1252 Deinde
2042 1223 2145 1257 Italiae,

1191 1261 1298 1291 Siciliae
1310 1281 1318 1294 ‚
1339 1270 1560 1303 ceterarumque
1578 1264 1803 1302 provinciarum
1821 1262 2014 1304 pofl'effiones
2029 1284 2037 1298 ‚
2057 1274 2150 1295 vena-

1192 1304 1246 1332 leis
1257 1323 1265 1336 ‚
1277 1313 1309 1333 ac
1320 1303 1494 1343 proscriptas
1506 1306 1558 1333 hac
1572 1305 1636 1345 lege
1646 1305 1736 1335 video
1750 1316 1755 1334 :
1781 1305 1878 1336 vestra
1886 1305 1954 1336 sunt
1962 1305 2084 1347 praedia.
2096 1316 2151 1337 ve-

1192 1343 1255 1374 stiae
1266 1343 1469 1384 poss'efliones.
1495 1344 1622 1376 resistam
1636 1366 1644 1380 ‚
1666 1355 1752 1387 atque
1762 1347 1934 1388 repugnabo
1946 1359 1951 1376 2
1979 1357 2076 1388 neque
2098 1357 2150 1388 pa*

1188 1387 1242 1416 tiar
1255 1406 1264 1419 ‚
1286 1386 1302 1415 a
1321 1396 1474 1427 quoquam
1487 1387 1626 1428 populum
1642 1391 1802 1417 Romanum
1818 1389 1849 1417 de
1862 1389 1920 1428 fuis
1929 1388 2148 1430 poffiffionibm,

1189 1438 1232 1455 me
1241 1438 1287 1456 con
1302 1433 1346 1456 ule
1358 1449 1365 1461 ,
1385 1429 1546 1457 demoveri:
1558 1429 1731 1469 ‚praesertim
1750 1434 1822 1460 cum
1841 1431 1930 1460 vobis
1940 1431 2019 1460 nihil
2036 1440 2150 1471 quaera-

1190 1478 1244 1498 tur.
1269 1473 1284 1495 9
1298 1472 1367 1499 Hoc
1386 1472 1470 1499 enim
1481 1480 1536 1500 vos
1556 1480 1653 1501 errore
1673 1472 1780 1502 versari
1800 1471 1914 1502 diutius
1930 1482 1994 1502 non
2015 1481 2146 1512 oportet.

1192 1513 1278 1540 Num
1291 1513 1356 1551 quis
1366 1509 1500 1541 vestrum
1509 1511 1544 1542 ad
1554 1514 1619 1542 vim
1631 1533 1639 1546 ‚
1657 1512 1692 1542 ad
1702 1512 1817 1543 facinus
1828 1533 1837 1547 ‚
1857 1513 1892 1543 ad
1902 1513 2016 1544 caedem
2026 1523 2148 1544 accom-

1190 1552 1330 1582 modatus
1339 1552 1401 1583 est?
1412 1563 1514 1584 nemo.
1539 1556 1633 1594 Atqui
1644 1556 1670 1584 ei
1681 1556 1784 1596 generi
1794 1555 1958 1585 hominum
1974 1575 1983 1588 ‚
1995 1556 2074 1585 mihi
2085 1566 2150 1586 cre-

1184 1594 1428 1634 dite,Campanus
1436 1604 1512 1636 ager,
1518 1595 1549 1625 &
1558 1596 1694 1634 praeclara
1702 1597 1754 1626 illa
1762 1599 1860 1636 Capua
1869 1597 1998 1627 servatur
2008 1607 2013 1626 :
2026 1598 2142 1627 exerci-

1186 1645 1231 1666 tus
1240 1645 1343 1666 contra
1351 1646 1416 1670 vos,
1432 1645 1534 1666 contra
1544 1637 1712 1667 libertatem
1723 1637 1967 1671 vestram‚contra
1987 1640 2042 1668 Cn.
2055 1641 2150 1669 Pom-

1187 1678 1289 1717 pejum
1307 1677 1498 1707 constituitur
1511 1687 1516 1706 1
1530 1687 1632 1708 contra
1641 1679 1716 1708 hanc
1727 1679 1954 1719 urbem‚Capua:
1969 1688 2072 1709 contra
2079 1689 2148 1714 vos,

1186 1729 1292 1748 manus
1305 1720 1469 1749 hominum
1480 1718 1746 1750 audacissimorum
1760 1732 1766 1749 ;
1777 1729 1880 1751 contra
1891 1721 2145 1761 Cn.Pompejum,

1185 1760 1289 1791 decem
1300 1760 1389 1790 duces
1399 1770 1619 1800 comparantur.
1646 1763 1780 1792 Veniant
1788 1763 1889 1792 coram
1899 1782 1908 1796 ,
1929 1763 1962 1793 ὃς
1973 1783 1983 1797 ,
1998 1764 2150 1804 quoniam?

1186 1804 1278 1832 mein
1294 1801 1423 1832 vestram
1434 1804 1616 1834 concionem
1630 1822 1639 1837 ‚
1652 1805 1683 1823 ³0
1691 1803 1780 1835 vobis
1792 1803 1996 1845 flagitantibus
2004 1824 2014 1840 ‚
2028 1813 2150 1836 convo-⁴*

1181 1852 1323 1876 caverunt
1334 1863 1343 1879 ‚
1363 1841 1512 1876 differant.
2147 1867 2149 1869 ·

1866 1956 1938 2002 M.
1973 1955 2144 2003 TUL-

1175 2086 1266 2110 genere.
1289 2077 1404 2104 Rullum
1415 2079 1485 2105 enim
1497 2079 1583 2114 tangit
1596 2098 1603 2110 ,
1615 2079 1701 2114 Valgii
1713 2087 1852 2114 generum.

1216 2112 1242 2139 8.
1261 2115 1346 2146 Qoad
1353 2115 1421 2140 oculis
1432 2115 1647 2149 confi÷⁴mando.]1n
1659 2114 1736 2141 editis
1750 2113 1927 2146 vetuste‚item
1938 2112 2036 2139 1³:211&
2047 2111 2140 2147 Cujac.

1183 2149 1282 2184 legitur
1296 2169 1303 2181 ‚
1321 2151 1391 2175 οειιίιᾉιΔ
1408 2152 1581 2184 confirmand05
1600 2151 1713 2186 ideoque
1725 2149 1866 2177 excludere
1884 2159 1934 2175 non
1952 2148 2026 2185 potui
2037 2159 2044 2175 :
2065 2155 2142 2175 taum

1181 2195 1186 2209 ι
1202 2185 1288 2211 uidem
1300 2186 1386 2211 minus
1400 2205 1407 2217 ,
1420 2185 1491 2222 quod
1503 2186 1610 2221 vulgata
1621 2206 1629 2219 ,
1640 2190 1712 2212 oculos
1722 2186 1876 2212 continuando
1887 2204 1895 2216 ‚
1906 2194 1997 2220 parum
2008 2184 2065 2210 heic
2074 2192 2141 2220 qua-

1178 2194 1268 2247 ‹iraret
1280 2240 1288 2252 ,
1305 2221 1339 2246 ob
1350 2231 1379 2247 ea
1390 2231 1446 2258 qum
1456 2222 1578 2258 proxime
1589 2222 1767 2258 praecesserant
1775 2242 1780 2248 .
1803 2221 1966 2247 Gulielmius
1978 2220 2094 2246 nostrum
2104 2219 2140 2246 il-

1179 2255 1224 2282 lud
1236 2257 1353 2283 mutabat
1364 2257 1389 2282 in
1403 2277 1410 2288 ,
1431 2258 1502 2282 oculis
1512 2259 1680 2290 confirmando.
1703 2257 1822 2293 sequitur
1832 2257 1902 2282 enim
1915 2275 1923 2287 ,
1943 2256 2092 2287 unamfimdi
2101 2264 2139 2280 rc-

1173 2294 1412 2326 gioncmformamque
1418 2295 1548 2325 perfecerit.
1569 2302 1620 2319 non
1640 2293 1736 2319 damno
1748 2312 1756 2324 ,
1777 2292 1828 2318 fuit
1838 2292 1917 2317 etiam
1928 2290 1998 2326 quod
2017 2290 2086 2317 idem
2098 2290 2139 2317 le-

1176 2335 1253 2362 geret
1265 2347 1272 2358 ‚
1293 2329 1388 2360 angulos
1407 2329 1576 2361 confirmando.
1595 2328 1704 2355 eandem
1715 2327 1772 2355 fitne
1782 2327 1908 2355 infimiam
1919 2325 2074 2363 cupidorum
2085 2336 2135 2354 no-

1179 2370 1218 2389 tat
1230 2364 1358 2391 Horatius
1370 2373 1377 2390 ε

1505 2415 1606 2421 .......
1625 2401 1636 2424 ὁ
1650 2400 1674 2433 fi
1691 2400 1792 2433 angulus·
1808 2400 1844 2425 ille

1257 2436 1384 2460 Proximus
1401 2436 1496 2460 accedat
1508 2455 1516 2467 ,
1535 2439 1577 2470 qui
1593 2445 1656 2460 nunc
1675 2437 1788 2468 defhrmat
1806 2435 1909 2468 agellum.

1212 2477 1241 2504 9.
1261 2473 1307 2494 Hoc
1317 2473 1377 2495 enim
1386 2479 1429 2495 vos
1440 2481 1515 2496 errore
1524 2472 1620 2505 versari
1629 2472 1720 2497 diutius
1728 2481 1772 2496 non
1781 2471 1890 2505 oportet]
1902 2470 1963 2496 Sine
1973 2469 2135 2507 praepositio-

1177 2514 1208 2531 ne
1220 2504 1289 2530 edidi
1303 2525 1310 2536 ‚
1321 2515 1353 2531 ex
1365 2505 1524 2534 auftoritate
1535 2507 1601 2533 Pali.
1615 2507 1707 2540 Cujac.
1723 2508 1776 2534 imo
1786 2507 1815 2532 &
1830 2509 1979 2533 veterrima:
1989 2506 2054 2534 edit.
2074 2506 2136 2533 vul-

1175 2547 1236 2575 gata
1246 2540 1370 2568 haetenus
1380 2545 1405 2566 in
1415 2552 1500 2568 errore.
1522 2543 1607 2569 minus
1625 2543 1697 2570 reuste
1710 2552 1717 2574 3
1740 2546 1810 2568 certe
1831 2552 1882 2568 non
1902 2541 2054 2569 necessario.
2072 2551 2133 2570 nam

1174 2578 1268 2608 verlini
1285 2596 1292 2608 ‚
1304 2577 1338 2603 est
1350 2577 1478 2604 ludificari
1491 2579 1518 2604 &
1529 2578 1633 2605 irrideri
1643 2591 1652 2612 ‚-
1663 2586 1692 2605 ut
1702 2577 1815 2605 ostendit
1823 2578 1982 2615 jampridem
1991 2579 2019 2605 in
2030 2578 2134 2605 Plauti-

1176 2613 1215 2638 nis
1227 2613 1420 2647 Qiuestioriibils
1431 2614 1592 2641 Gulielmius
1606 2615 1702 2642 noster.

1221 2657 1229 2673 1
1237 2650 1508 2683 0.Voh121flagitantibus
1519 2649 1851 2685 convocaverunt.]Ve1·bum
1860 2659 1987 2676 convocare
1996 2652 2056 2686 apte
2065 2648 2134 2677 dici-

1177 2690 1219 2710 tnr
1230 2684 1263 2710 de
1276 2684 1377 2711 multis.
1398 2685 1482 2712 nescio
1493 2696 1523 2712 an
1536 2687 1616 2712 etiam
1626 2686 1659 2713 de
1670 2696 1724 2713 uno
1735 2705 1743 2718 ,
1763 2693 1873 2713 annotat
1884 2686 2056 2713 Gulielmius.
2077 2694 2134 2712 ma-

1176 2720 1223 2745 lim
1235 2721 1328 2755 igitur,
1339 2722 1393 2747 vob.
1399 2725 1458 2756 flag.
1470 2723 1578 2756 confidem
1587 2729 1745 2749 vocaverunt.
1766 2722 1836 2758 quod
1849 2721 1924 2748 valde
1934 2721 1964 2748 fit
1975 2721 2032 2748 heic
2040 2730 2132 2758 grave,

1178 2756 1205 2781 8<
1218 2763 1339 2791 tanquam
1353 2757 1378 2783 in
1389 2757 1458 2784 bono
1469 2757 1569 2785 lumine
1584 2759 1696 2794 positum
1716 2758 1836 2785 verbum.
1864 2767 1940 2786 error
1959 2756 2027 2786 nasci
2045 2757 2135 2793 potuit

1177 2791 1332 2828 compendio
1342 2792 1478 2834 scripturae
1489 2812 1497 2828 ,
1508 2803 1557 2821 con.
1568 2801 1687 2822 vocarunt
1699 2814 1708 2828 ‚
1719 2794 1776 2824 sane
1787 2794 1879 2823 facile.

2033 3054 2060 3072 ι.
2080 3048 2132 3072 Non
2170 3068 2173 3071 .
