2337 3400
583 113 1096 162 M.Tu1,1„ii

179 215 287 245 magna
306 201 390 233 laude
408 200 533 240 dignum
555 216 563 229 ‚
581 194 663 236 quod
687 201 714 223 te
730 188 993 232 praetermiss'urum
1014 187 1133 218 credam

180 257 228 277 aut
250 253 354 275 mortis
366 263 374 276 ,
393 250 440 271 aut
450 240 564 269 doloris
577 245 670 266 metu.
694 244 757 264 non
768 234 908 274 quaeritur
921 240 1020 260 autern
1034 249 1042 263 ‚
1062 230 1136 271 quid

184 297 288 317 natio-‚z
311 294 365 314 tuae
387 281 620 312 consentaneum
641 274 694 310 fit,
718 275 767 305 sed
787 274 859 314 quid
878 272 1035 313 disciplina.
1059 274 1136 302 ratio

184 329 236 358 issa
249 347 256 359 ,
269 335 356 366 quam
368 322 504 353 defendis
518 327 676 359 3praecepta
686 337 694 350 ,
705 327 770 358 quae
781 314 930 348 didicisti,
942 324 1006 354 quae
1017 314 1134 353 probas,

184 369 321 398 funditus
341 371 477 395 evertunt
492 362 673 391 amicitiam:
695 360 834 399 quamvis
844 366 908 387 eam
921 357 1083 396 Epicurus,
1104 363 1137 385 ut

181 410 270 442 facit,
293 411 322 437 in
341 407 452 436 coelum
474 400 731 433 efferatlaudibus.
754 403 793 430 At
805 399 900 430 coluit
911 398 1136 438 ipseamicitias.

184 450 271 490 Qasr
292 452 360 489 quis
376 448 466 477 illum
484 444 614 485 neget&
627 443 743 473 bonum
756 444 856 472 virum
869 461 877 473 ,
896 440 929 470 &
940 448 1060 469 comem
1073 458 1082 473 2
1104 438 1137 468 &

183 494 352 522 humanum
375 487 470 518 fuiffe.
493 487 529 517 de
548 486 655 526 ingenio
675 486 738 524 ejus
759 485 791 513 in
810 484 857 513 lais
876 481 1137 521 disputationibuS‚

183 543 247 563 non
267 532 302 562 dc
312 529 434 560 moribus
443 530 593 569 quaeritur.
615 525 647 556 sit
657 525 708 556 ista
718 527 751 556 in
761 527 938 555 Graecorum
950 524 1138 563 levitateper-

182 574 308 614 wfinu,
318 575 370 613 qui
382 569 549 609 maledictis
561 567 743 598 insectantur
751 576 815 600 eos,
826 568 841 596 a
850 565 962 606 quibus
971 565 1008 595 de
1018 573 1139 594 veritate

182 616 369 646 dissentiunt.
400 612 455 644 Sed
491 619 630 653 quamvis
649 619 747 640 comis
766 612 776 629 ¹
798 611 831 638 in
851 608 997 638 amicitiis
1020 605 1140 636 tuendis

184 657 275 688 fuerit
285 677 293 690 ,
307 665 406 686 tamen
419 674 427 688 ‚
441 652 460 683 si
470 655 530 683 haec
539 662 608 683 vera
619 651 686 682 sunt
699 671 707 684 ‚
720 650 911 690 (nihilenim
922 647 1061 687 affirmo)
1075 656 1139 677 non
1156 646 1158 659 ¹

181 699 251 729 satis
271 707 372 728 acutus
392 695 461 726 fuit.
487 699 525 726 At
548 694 653 724 multis
675 693 703 723 se
721 692 875 733 probavit:
899 689 1140 731 &quidemjure
1157 704 1158 715 ι

180 738 309 771 fortass'e2
321 738 369 770 sed
380 747 480 768 tamen
492 746 558 766 Nox
571 743 815 765 GRAVlssrmuM
826 743 882 763 EST
894 740 1140 762 rnsrrmomum
1157 730 1159 740 ⁴

184 789 462 813 mutrirun1t<1s5
483 781 517 809 in
535 780 623 808 omni
634 779 718 807 enim
728 785 787 807 arte
799 795 808 809 ‚
820 776 867 805 vel
877 773 996 808 studio,
1012 773 1059 803 vel
1069 782 1141 813 qua-

182 827 228 854 vis
244 824 381 855 scientia,
400 822 448 851 vel
466 822 498 850 in
510 820 568 860 ipsa
585 822 692 849 virtute
704 838 713 852 ‚
730 819 885 857 optimum
896 815 1026 857 quidque
1035 813 1142 844 rariffi-

183 875 270 895 mum
294 863 344 894 cst.
366 867 412 894 Ac
429 863 507 893 mihi
527 861 672 903 quidem,
691 858 774 901 quod
789 859 892 898 &ipse
906 861 1003 887 bonus
1014 859 1059 886 vir
1071 855 1138 889 fuit,

181 908 217 937 &
228 907 317 936 multi
327 907 467 945 Epicurei
479 903 602 934 fuerunt
612 923 620 936 ‚
641 903 674 932 &
684 902 775 932 hodie
787 901 853 930 sunt
867 899 900 930 &
910 901 940 929 in
954 899 1096 930 amicitiis
1107 897 1142 927 fi-

182 948 277 981 deles,
291 948 322 977 80
333 949 366 977 111
375 948 463 977 0111111
474 948 534 975 vita
543 943 726 976 constantes,
740 943 772 973 ὃς
781 951 882 983 graves
892 961 901 974 ‚
912 951 968 972 nec
978 941 1140 980 voluptate,
1158 959 1159 964 ,

179 989 231 1021 sed
252 990 337 1029 officio
348 988 462 1030 confina
470 988 640 1016 moderantes
651 1006 661 1018 ‚
683 986 742 1015 hoc
753 985 871 1014 videtur
881 983 978 1022 major
989 984 1036 1012 vis
1045 983 1142 1011 horie-

184 1031 263 1062 statis
276 1051 284 1064 ,
306 1031 338 1061 &
350 1040 452 1060 minor
464 1030 634 1068 voluptatis.
658 1029 697 1057 ita
707 1028 790 1056 enim
800 1024 1040 1065 vivuntquidam
1052 1043 1061 1057 ‚
1084 1026 1098 1042 ²
1111 1032 1142 1053 ut

182 1082 287 1103 eorum
308 1074 369 1102 vita
393 1071 544 1102 refellatur
563 1071 668 1099 oratio.
690 1077 778 1108 atque
789 1076 820 1098 ut
830 1068 919 1097 ceteri
931 1065 1142 1096 existimantur

176 1114 267 1144 dicere
276 1112 376 1143 melias
388 1133 396 1147 ‚
420 1120 508 1153 quam
510 1112 603 1151 facere
612 1122 623 1138 .·
643 1109 680 1140 fic
690 1111 721 1139 hi
733 1110 810 1139 mihi
820 1108 962 1138 videntur
971 1108 1065 1138 facere
1076 1116 1141 1136 me-

189 123 309 173 1016

120 1153 165 1187 26
183 1157 243 1186 lius
254 1177 264 1190 ,
285 1158 374 1197 quam
387 1155 496 1185 dicere.
520 1153 575 1184 Sed
589 1154 652 1182 haec
664 1151 742 1182 nihil
753 1151 822 1182 sane
832 1150 867 1180 ad
879 1159 950 1179 rem.
975 1150 1027 1179 illa
1041 1148 1141 1178 videa-

182 1208 251 1228 mus
261 1218 269 1231 ,
291 1207 357 1238 quae
366 1197 381 1226 a
391 1207 418 1226 te
429 1196 465 1226 de
476 1197 606 1226 amicitia
617 1192 697 1224 dic‘ta
704 1193 783 1224 sunt.
806 1192 823 1222 ἐ
833 1192 942 1232 quibus
955 1201 1051 1221 unum
1063 1190 1139 1233 inihi

180 1239 302 1270 videbar
320 1239 355 1269 ab
376 1239 440 1278 ipso
455 1239 584 1277 Epicuro
604 1235 722 1267 dietum
739 1234 936 1276 cognoscere:
950 1233 1142 1276 amicitiam-a

181 1289 328 1322 vmuptate
338 1291 388 1309 non
394 1279 463 1322 poffe
473 1280 590 1311 divelli,
612 1278 652 1308 ob
669 1287 794 1318 eamque
804 1286 867 1306 rem
878 1295 887 1309 ,
900 1276 1058 1304 colendam
1069 1272 1138 1307 efle,

185 1327 199 1351 3
211 1321 361 1364 (10ὸά1ῑο0
371 1333 404 1353 ea
413 1321 488 1354 tuto,
502 1322 534 1351 &
546 1319 604 1350 sine
613 1329 696 1350 metu
706 1321 771 1349 vivi
783 1328 846 1348 non
854 1315 959 1357 postet,
969 1317 1142 1355 1100100011-

178 1364 218 1396 ide
240 1364 364 1405 quidem
389 1362 492 1404 poflet.
528 1364 602 1393 Satis
623 1360 665 1391 est
682 1360 717 1391 ad
737 1361 793 1391 hoc
811 1359 1000 1399 responsum.
1018 1356 1143 1388 attulisti

180 1407 263 1437 aliud
276 1408 440 1436 humanius
454 1406 564 1434 horum
574 1404 788 1435 recentiorum,
799 1410 968 1441 numquam
976 1399 1096 1430 dietum
1106 1399 1145 1429 ab

180 1449 248 1488 ipso
266 1448 321 1477 illo
334 1467 343 1480 ‚
361 1447 443 1488 quod
455 1447 564 1476 sciam:
582 1443 684 1485 primb
695 1445 831 1474 utilitatis
846 1443 929 1473 causa
943 1444 1075 1472 amicum
1087 1451 1142 1470 cx-

181 1491 245 1530 peti
259 1488 344 1519 :cum
358 1498 458 1518 autem
474 1488 542 1517 usus
551 1484 727 1520 accessisset,
739 1494 805 1516 tum
816 1485 915 1525 ipsum
926 1485 1021 1513 amari
1029 1490 1143 1526 propter
1160 1482 1162 1523 1

176 1532 229 1572 se,
249 1532 338 1560 etiam
361 1528 468 1560 omissa
486 1529 535 1569 spe
557 1529 728 1567 voluptatis.
751 1528 810 1557 hoc
827 1525 879 1556 etsi
900 1527 1032 1555 ‘emulus
1041 1524 1143 1554 modis

181 1570 358 1612 reprebendi
376 1570 473 1611 potest
487 1590 495 1604 ‚
516 1579 619 1600 tamen
642 1573 655 1597 5
668 1568 877 1609 accipio⁴quod
891 1567 949 1597 dat.
971 1568 1142 1597 mihienim

182 1614 251 1645 satis
275 1613 317 1643 est
330 1633 338 1646 ,
366 1611 432 1652 ipsis
456 1622 519 1642 non
541 1612 620 1642 satis.
642 1620 711 1640 nam
725 1609 886 1651 aliquando
894 1606 977 1648 pofl'e
987 1607 1066 1638 10610
1079 1606 1144 1637 fieri

185 1655 304 1688 dicunt,
318 1655 400 1684 nulla
410 1653 597 1694 exspeEtata,
616 1663 671 1683 nec
679 1650 797 1693 quaesita
805 1652 971 1691 voluptate.
993 1648 1143 1681 ⁶Posuisti
1162 1661 1163 1664 ¹

183 1699 275 1727 etiam
287 1716 295 1730 ,
317 1696 414 1726 dicere
424 1696 498 1726 alios
511 1714 520 1729 ,
532 1694 630 1725 foedus
639 1694 791 1735 quoddam
802 1695 878 1723 inter
890 1693 917 1723 se
927 1692 1020 1722 facere
1028 1693 1145 1732 sapien·
1162 1707 1163 1712 =

183 1740 259 1771 teis,
283 1746 314 1767 ut
330 1736 591 1778 quemadmodum
622 1735 679 1766 sint
699 1738 732 1765 in
743 1735 860 1775 seipsos
869 1736 1015 1767 animati,
1035 1734 1144 1763 eodem
1162 1738 1163 1751 ¹

180 1779 278 1810 modo
297 1777 353 1808 sint
374 1789 439 1819 erga
462 1780 578 1808 amicos
596 1788 601 1806 z
624 1778 655 1807 id
677 1777 709 1807 &
728 1776 791 1806 fieri
812 1774 893 1816 poffe
912 1795 921 1809 ,
943 1775 976 1805 &
993 1775 1067 1814 saepe
1084 1772 1143 1803 effe

180 1820 295 1852 faelium
307 1840 316 1853 ‚
338 1820 371 1850 δε
389 1821 425 1850 ad
437 1821 606 1860 voluptates
617 1818 823 1859 percipiendas
841 1818 974 1846 maxime
986 1818 1143 1855 pertinere.

180 1865 252 1893 Hoc
262 1861 359 1892 foedus
371 1861 463 1892 facere
474 1860 493 1890 fi
504 1869 678 1901 potuerunt,
694 1859 805 1889 faciant
813 1861 903 1889 etiam
916 1858 1004 1891 illud,
1015 1865 1048 1886 ur
1057 1857 1145 1898 aequi-
1161 1883 1163 1892 N

180 1912 272 1934 tatem
282 1924 291 1938 ,
303 1902 462 1939 modestiam
473 1923 482 1936 ‚
497 1903 623 1933 virtutes
634 1902 736 1932 omneis
743 1908 790 1943 per
795 1901 824 1940 fi
834 1901 1001 1942 ipsasgratia
1010 1900 1144 1940 diligant.

180 1950 221 1976 At
241 1955 311 1976 vero
338 1944 359 1974 si
374 1944 545 1977 fructibus,
575 1943 608 1974 &
629 1943 868 1976 emolumentis,
899 1942 931 1971 δε
966 1937 1163 1972 utilitatibus1

182 1990 330 2018 amicitias
347 1987 484 2017 colemus
496 2006 506 2020 ‚
524 1984 545 2016 fi
564 1985 648 2016 nulla
657 1988 761 2016 caritas
770 1994 843 2018 erit,
865 1994 931 2025 quae
942 1983 1028 2014 faciat
1036 1985 1142 2013 amici-

180 2038 253 2060 tiam
264 2029 358 2069 ipsam
377 2029 425 2059 sua
438 2029 554 2068 sponte,
568 2027 658 2057 visua
667 2047 676 2061 ,
686 2037 725 2057 ex
739 2027 778 2061 se,
791 2027 824 2057 &
833 2035 951 2066 propter
961 2026 990 2056 se
999 2035 1143 2066 expeten—

180 2072 266 2102 dam:
278 2071 405 2102 dubium
417 2070 461 2101 est
471 2089 481 2104 ‚
499 2072 575 2110 quin
579 2069 685 2108 fimdos
694 2088 702 2102 ‚
725 2068 761 2101 ὼ
770 2069 876 2109 infitias
886 2068 982 2097 amicis
991 2075 1142 2108 antepona-

179 2121 264 2144 mus?
286 2115 371 2143 Licet
391 2110 440 2142 hic
447 2113 545 2142 rursus
558 2122 589 2141 ea
599 2120 842 2144 commemores,
863 2120 931 2150 quae
940 2111 1065 2150 optimis
1077 2118 1141 2139 vet-

180 2154 228 2185 bis
238 2153 274 2184 ab
285 2156 417 2194 Epicuro
426 2154 462 2184 de
474 2153 612 2184 laudibus
621 2154 760 2183 amicitiae
771 2151 850 2183 dicta
860 2153 936 2182 sunt.
955 2161 1018 2182 non
1029 2160 1140 2192 quaero,
1159 2160 1161 2175 1

180 2196 255 2236 quid
265 2195 352 2229 dicat,
366 2195 414 2225 sed
424 2194 497 2236 quid
507 2197 722 2226 convenienter
731 2192 980 2234 poffiti·ationi,&
989 2194 1143 2224 sententiae

181 2239 240 2268 suae
266 2237 372 2268 dicere.
407 2237 554 2267 Utilitatis
580 2236 664 2266 causa
683 2237 823 2271 amicitia¹
837 2235 879 2266 est
900 2234 1031 2275 quaesita.
1064 2243 1141 2265 num

180 2280 271 2321 igitur
297 2279 450 2308 utiliorem
479 2278 535 2308 tibi
565 2279 644 2308 hunc
669 2279 823 2308 Triarium
851 2286 933 2318 putas
961 2275 1018 2307 effe
1045 2274 1142 2317 poffe2
1159 2296 1161 2306 1

179 2326 195 2350 7
206 2320 296 2361 quam
316 2319 335 2350 fi
346 2329 394 2350 tua
405 2319 478 2353 sint,
497 2320 628 2350 Puteolis
640 2321 775 2361 gramina
789 2320 800 2346 ?
811 2320 922 2360 collige
932 2321 1036 2349 omnia
1046 2338 1054 2352 ‚
1074 2327 1141 2359 quae

182 2363 285 2394 soletis
302 2372 307 2391 :
322 2372 413 2392 PRAEs
421 2371 529 2391 1n1uM
542 2370 742 2391 AMicouuM.
766 2362 839 2391 Satis
853 2360 894 2390 est
905 2361 959 2390 tibi
969 2363 1001 2390 in
1015 2370 1041 2389 te
1053 2380 1060 2393 ‚
1074 2361 1140 2389 satis

180 2406 214 2435 in
235 2404 372 2447 legibus,
399 2399 413 2424 8
433 2403 501 2434 satis
520 2403 553 2434 &
570 2405 605 2433 in
613 2403 817 2433 mediocribus
833 2404 975 2432 amicitiis
994 2400 1139 2442 praesidii:

220 2517 243 2534 1.
263 2512 290 2535 1η
301 2510 410 2536 αιηῐείιὶἱι
420 2510 537 2544 tut-udin]
559 2511 600 2536 Ita
610 2508 717 2545 quidem
728 2508 843 2535 victorii
855 2508 938 2535 editio
949 2507 1137 2544 &sequentes‚

182 2552 273 2571 verum
286 2545 350 2572 Aldi
362 2553 448 2577 vetus,
458 2550 484 2572 in
494 2547 586 2572 amicis.
599 2544 733 2581 quomodo
744 2546 770 2570 8<
783 2545 851 2572 Pali*
864 2544 919 2571 sex.

217 2589 246 2606 2.
267 2584 294 2606 Ut
303 2591 380 2607 eorum
390 2586 444 2608 vita
454 2583 574 2616 refellatur
582 2582 681 2616 omnm]
703 2580 813 2607 Reduxi
834 2580 988 2616 scripturam
1011 2587 1140 2611 veterem,

183 2622 236 2655 tam
256 2616 376 2644 cnsoruin
390 2637 398 2649 ,
426 2627 505 2654 quam
526 2627 602 2644 manu
623 2625 794 2644 exaratorum
814 2616 947 2643 codicum.
980 2617 1142 2644 recentiores

181 2660 252 2678 cmm
259 2672 265 2684 ‚
276 2657 331 2679 vita
338 2655 458 2686 probetur,
469 2655 587 2687 refellatur
595 2657 680 2680 oratio.

222 2696 251 2727 3...
272 2690 417 2723 {andfifine
426 2699 454 2715 ea
463 2696 511 2715 mro
523 2709 530 2720 ,
545 2690 613 2723 dria]
637 2690 723 2716 Acute
735 2688 878 2716 admodum
891 2687 998 2721 Paullus
1010 2687 1145 2714 Manutius

183 2725 303 2756 conjicit,
312 2726 449 2759 qiiodfifine
458 2735 496 2757 ca,
506 2726 557 2756 (fc.
577 2725 619 2752 sed
631 2726 716 2752 haereo
727 2725 810 2751 adhuc
820 2735 849 2751 an
861 2724 1007 2751 admittere
1018 2723 1132 2750 debeam
1141 2744 1147 2750 .

222 2765 250 2790 4.
269 2762 354 2786 Multis
373 2762 442 2787 niudis
461 2762 632 2796 repr-theada]
655 2762 710 2788 l'al.
723 2771 763 2797 pr.
783 2762 913 2788 multimode
929 2768 974 2788 aut
993 2760 1143 2786 multimodis.

188 2802 249 2820 nain
262 2793 356 2829 syllaba
368 2797 462 2822 ultima
473 2795 566 2834 scripta
578 2798 613 2824 est
625 2807 670 2833 pei·
681 2805 780 2824 notam.

226 2838 251 2859 ς.
272 2835 376 2863 <Aternio
385 2833 444 2866 quoii
453 2834 521 2867 dat]
544 2834 638 2860 Malim
648 2834 720 2866 dant,
732 2833 766 2860 ob
775 2833 861 2860 statim
873 2831 1009 2869 sequentia
1020 2842 1026 2859 ι
1040 2832 1068 2857 &
1081 2832 1143 2858 vcro

189 2864 337 2925 fleguoque
349 2868 392 2892 ille
404 2878 445 2902 pr.
457 2869 514 2894 l'al.

247 2920 253 2926 .
271 2902 367 2934 Pofiiifli
377 2904 472 2942 etiam]
495 2905 535 2930 ita
545 2904 622 2940 plane
634 2905 690 2931 Pal.
702 2915 742 2947 pr.
755 2904 825 2941 quod
837 2904 917 2941 long&
927 2904 985 2931 heic
1002 2904 1088 2940 aptius
1098 2903 1148 2930 1110

191 2935 304 2971 vulgato
314 2945 401 2963 nutem.
423 2938 535 2974 ideoque
547 2941 632 2967 statim
645 2942 720 2974 ejeci,

224 2979 251 3005 7·
272 2974 353 3003 guam
365 2991 372 3002 2
385 2975 510 3012 sivrisafim
523 2995 530 3006 ,
547 2977 794 3011 Puteolisgramina]
818 2976 930 3003 Palatini
950 2983 1065 3012 quatuor
1084 2985 1147 3012 pro-

187 3008 384 3043 pugnantium
397 3010 565 3044 lsriptuiam,
578 3022 635 3038 nani
648 3016 850 3046 tert.granaria.
871 3020 898 3039 at
909 3013 979 3038 enim
991 3012 1148 3048 [οι-1111051110

189 3043 485 3083 rcproeseiitatgmmann
495 3065 503 3076 ,
524 3054 553 3071 ut
566 3057 569 3062 ’
581 3047 607 3072 ix
621 3049 684 3074 11111ιί
695 3049 804 3075 dubium
820 3049 865 3074 liat
878 3068 886 3080 ‚
909 3048 970 3084 quin
983 3049 1019 3075 ita
1033 3048 1148 3074 scriben-

188 3078 252 3105 dum
266 3098 273 3111 ‚
294 3079 336 3105 led
349 3080 425 3106 litera
437 3089 524 3115 priore
538 3083 679 3114 majuscula
691 3103 698 3114 ‚
719 3093 748 3110 ut
760 3085 790 3111 fit
801 3094 896 3111 nomeu
910 3085 983 3111 fundi
1004 3083 1148 3110 admodum

188 3114 278 3143 uberis
291 3117 316 3142 in
339 3114 423 3141 tractu
439 3116 596 3142 Puteolano.
618 3118 737 3145 videatur
757 3127 844 3146 tamen
858 3120 992 3147 vietor-ius
1006 3120 1079 3156 super
1091 3120 1152 3146 vul-

1177 111 1722 159 CICERON15

1176 193 1236 230 jam
1268 193 1428 222 contemni
1451 201 1514 222 non
1533 194 1656 232 poteris.
1683 195 1790 226 odium
1810 202 1910 226 autem
1931 193 1964 225 &
1984 193 2132 226 invidiam

1177 233 1264 263 facile
1276 233 1393 263 vitabis.
1413 233 1448 264 ad
1459 243 1506 264 eas
1517 236 1599 264 enirn
1611 244 1657 264 res
1667 235 1704 265 ab
1714 239 1842 276 Epicuro
1858 246 2000 277 praecepm
2015 235 2131 267 dantur.

1179 276 1211 305 &
1223 284 1325 305 tamen
1344 278 1359 302 9
1386 284 1450 305 non
1474 276 1562 305 tantis
1581 274 1774 316 vectigalibus
1795 279 1831 309 ad
1847 279 2013 309 libertatem
2033 287 2132 312 utens,

1177 319 1266 347 etiam
1278 314 1338 346 sine
1348 317 1401 346 hac
1411 317 1535 356 Pyladea
1543 318 1675 346 amicitia
1684 336 1692 351 ,
1705 319 1870 350 multorum
1882 329 1908 350 te
1923 320 2135 350 benevolentia

1177 358 1313 399 praeclare
1326 358 1486 389 &tuebere
1501 378 1510 392 ,
1530 359 1563 389 &
1575 359 1705 388 munies.
1728 361 1767 389 At
1776 363 1896 401 quicum
1904 363 1979 400 joca,
1987 361 2062 401 feria
2072 381 2081 395 ,
2099 369 2134 391 ut

1177 400 1289 430 dicitur
1301 419 1310 433 ,
1334 401 1459 440 quicum
1481 410 1586 429 arcana
1595 419 1605 433 ‚
1625 401 1749 440 quicum
1761 402 1870 432 occulta
1879 405 1971 432 omnia
1984 407 1994 432 ?
2014 405 2133 433 Tecum

1178 441 1317 482 optime:
1339 442 1449 472 deinde
1468 444 1559 472 etiam
1581 451 1651 472 cum
1674 442 1819 473 mediocri
1829 445 1935 474 amico.
1958 444 2014 475 Sed
2025 443 2133 474 facista

1178 483 1235 514 ess‘e
1253 486 1355 513 ¹⁰non
1372 486 1569 523 inoportuna:
1589 483 1662 524 quid
1675 483 1711 513 ad
1723 485 1881 514 utilitatem
1892 495 1976 516 tantae
1986 488 2133 526 pecuniae?

1179 525 1271 555 Vides
1289 527 1399 564 igitur,
1420 524 1440 554 si
1464 525 1690 565 amicitiamfica
1698 527 1820 554 caritate
1828 527 1961 560 meriare,
1984 525 2133 557 nihiless‘e

1179 566 1364 608 praestantius
1383 578 1389 597 ε
1412 566 1455 597 sin
1483 568 1698 598 emolumento
1714 587 1724 600 ‚
1759 568 1888 598 summas
1906 566 2133 602 familiaritates,

1178 609 1359 649 praediorum
1391 610 1589 649 pretiosorum
1617 609 1754 639 mercede
1781 609 1919 649 superari.
1951 619 1978 639 M
1992 619 2011 638 a.
2043 611 2134 649 igitur

1182 660 1283 681 ipsum
1294 660 1376 681 ames
1388 659 1524 690 oportet,
1541 660 1605 681 non
1617 661 1683 681 mea
1692 669 1702 684 ,
1713 650 1805 680 siveri
1814 653 1904 681 amici
1913 649 2007 680 futuri
2020 650 2136 680 sumus.

1179 692 1236 723 Sed
1256 694 1290 722 in
1307 693 1393 722 rebus
1410 691 1600 732 apertiffirnis
1618 692 1753 722 nimium
1766 693 1851 734 longi
1860 693 1976 722 sumuS.
1999 690 2133 732 perfefir0

1179 737 1263 765 enim
1287 754 1296 768 ,
1313 734 1346 764 &
1363 734 1507 764 concluso
1526 755 1536 768 ,
1558 744 1655 775 neque
1676 734 1854 768 virtutibus,
1874 743 1972 774 neque
1991 734 2136 763 amicitiis

1183 776 1303 817 usquam
1325 776 1429 806 locum
1452 774 1531 810 effe,
1551 774 1572 805 si
1590 776 1627 806 ad
1648 776 1834 815 voluptatem
1845 785 1950 805 omnia
1960 774 2134 805 referantur:

1180 819 1259 848 nihil
1277 827 1415 858 praeterea
1425 828 1605 858 magnopere
1614 818 1788 848 dicendum.
1802 827 1943 851 attamen,
1954 826 1992 847 ne
2002 817 2051 846 cni
2063 817 2134 847 loco

1180 870 1244 890 non
1265 860 1401 890 videatur
1419 858 1476 890 effe
1488 860 1660 900 responsum
1672 880 1681 893 ,
1701 869 1790 900 pauca
1799 861 1888 890 etiam
1899 868 1981 888 nunc
1989 858 2086 889 dicam
2099 857 2137 889 ad.

1180 903 1325 943 reliquam
1341 903 1510 932 orationem
1527 912 1620 932 tuam.
1639 903 1794 942 Qoniam
1805 903 1896 942 igitur
1906 902 2008 930 omnis
2017 901 2136 932 sumina

1177 944 1392 985 philosophiae‚
1413 943 1448 974 ad
1468 944 1553 974 beate
1569 945 1735 973 vivendum
1759 942 1884 972 refertur
1898 963 1906 975 ,
1927 942 2015 983 idque
2036 951 2136 973 unum

1180 994 1351 1026 expetentes
1365 987 1503 1015 homines
1515 986 1542 1016 se
1556 985 1590 1016 ad
1603 987 1660 1015 hoc
1671 984 1803 1025 studium
1817 985 2011 1014 contulerunt
2023 994 2028 1013 :
2049 984 2137 1014 beate

1179 1037 1280 1057 autern
1301 1028 1402 1057 vivere
1425 1028 1476 1057 alii
1495 1029 1527 1056 in
1540 1027 1618 1060 alio,
1641 1037 1696 1057 vos
1706 1029 1739 1056 in
1750 1026 1900 1066 voluptate
1908 1028 2040 1066 ponitis,
2059 1028 2133 1056 item

1179 1069 1298 1101 contra,
1316 1073 1325 1087 ¹
1336 1073 1345 1087 ¹
1361 1078 1487 1098 omnem
1500 1067 1711 1098 infelicitatem
1721 1070 1753 1098 in
1763 1067 1869 1098 dolore
1885 1067 1931 1097 :id
1941 1067 2077 1108 primum
2088 1069 2138 1097 vi-

1180 1110 1314 1143 deamus,
1326 1110 1410 1139 beate
1420 1112 1521 1139 vivere
1530 1108 1661 1139 vestrum
1673 1110 1759 1150 quale
1773 1107 1817 1138 fit.
1841 1112 1936 1150 Atque
1946 1110 2005 1139 hoc
2015 1109 2137 1142 dabitis,

1182 1161 1214 1182 ut
1223 1154 1333 1191 opinor
1344 1171 1353 1185 ,
1374 1150 1394 1180 si
1405 1149 1499 1180 modo
1511 1149 1664 1191 fitaliquid
1675 1171 1684 1184 ,
1705 1148 1762 1180 efle
1773 1150 1893 1180 beatum
1906 1171 1914 1184 ,
1927 1151 1957 1179 id
1966 1157 2082 1191 oportere
2091 1158 2137 1180 1ο-

1182 1201 1315 1234 rumpam
1325 1191 1638 1234 inporestatefizpienris.
1661 1201 1731 1222 nam
1744 1212 1752 1226 ,
1774 1190 1902 1222 fiamitti
1915 1194 1977 1221 vita
1988 1193 2067 1222 beata
2079 1202 2138 1231 po-

1181 1235 1234 1266 test
1246 1256 1254 1268 ,
1276 1236 1358 1265 beata
1369 1233 1427 1264 effe
1439 1244 1503 1264 non
1512 1233 1617 1274 potest.
1639 1235 1706 1275 quis
1720 1236 1804 1263 enim
1816 1231 1944 1263 confidit
1958 1233 2072 1272 semper
2083 1232 2138 1264 sibi.

1180 1277 1258 1307 illud
1273 1276 1394 1310 stabile,
1416 1277 1448 1306 δε
1460 1275 1582 1306 firmum
1598 1276 1824 1315 permansurum
1837 1295 1846 1309 ,
1865 1274 1948 1316 quod
1959 1274 2060 1315 fragile
2073 1294 2082 1308 ,
2101 1275 2137 1305 8c

1180 1318 1325 1350 caducum
1337 1318 1454 1359 11εὲςυί
1466 1328 1565 1348 autem
1577 1316 1694 1348 diffidet
1703 1320 1890 1358 perpetuitati
1902 1317 2054 1346 bonorum
2066 1317 2137 1346 suo-

1181 1370 1249 1391 rum
1262 1380 1271 1394 ,
1292 1362 1395 1390 timeat
1414 1359 1530 1390 neceffe
1551 1359 1592 1390 est
1604 1380 1612 1393 ‚
1633 1359 1862 1400 nealiquando‚
1882 1356 2084 1391 amiffisillis,
2102 1356 2138 1388 fit

1183 1403 1287 1433 miser.
1305 1401 1401 1432 beatus
1420 1411 1521 1433 autem
1540 1402 1588 1440 effe
1609 1403 1638 1430 in
1648 1402 1844 1430 maximarum
1852 1410 1944 1430 rerum
1955 1400 2137 1429 timorenemo

1160 1465 1162 1474 „
1180 1443 1284 1486 potest'.
1311 1454 1404 1474 nemo
1436 1446 1524 1485 igitur
1547 1442 1605 1473 effe
1626 1443 1726 1472 beatus
1742 1441 1849 1482 potest.
1883 1451 1980 1482 neque
1998 1443 2082 1472 enim
2101 1443 2136 1472 in

1180 1487 1279 1526 aliqua
1287 1495 1376 1526 parte,
1393 1485 1442 1515 sed
1456 1487 1488 1515 in
1499 1487 1692 1525 perpetuitate
1702 1486 1846 1524 temporis
1860 1487 1889 1503 ¹²
1898 1485 1958 1513 vita
1967 1483 2058 1513 beaeta
2066 1483 2138 1514 duci

1183 1528 1275 1558 soler:
1291 1537 1388 1568 neque
1403 1528 1565 1567 appellatur
1583 1529 1715 1556 omnino
1729 1528 1788 1556 vita
1800 1526 1881 1555 beata
1891 1545 1900 1559 ‚
1917 1523 1972 1555 nisi
1985 1524 2138 1557 confecta,

1183 1578 1269 1610 atque
1280 1569 1429 1599 absoluta:
1447 1579 1503 1598 nec
1512 1567 1607 1607 potest
1615 1568 1770 1609 quisquam
1781 1566 1851 1597 alias
1861 1567 1962 1598 beatus
1974 1565 2032 1597 effe
2042 1587 2051 1600 ‚
2065 1564 2137 1597 aliis

1185 1611 1282 1650 miser.
1305 1621 1357 1652 qui
1368 1613 1451 1640 enim
1463 1609 1649 1640 existimabit
1659 1609 1740 1650 poffe
1751 1612 1780 1640 ie
1791 1609 1933 1640 mistrum
1943 1607 2003 1639 effe
2013 1628 2021 1642 ,
2034 1608 2137 1639 beatus

1184 1663 1248 1683 non
1266 1655 1331 1683 erit.
1353 1663 1423 1683 nam
1447 1653 1517 1682 cum
1539 1652 1630 1682 semel
1648 1651 1691 1681 est
1711 1652 1840 1691 suscepta
1857 1651 1942 1681 beata
1960 1652 2020 1680 vita
2040 1670 2049 1684 ‚
2074 1659 2136 1680 tam

1183 1704 1339 1734 permanet
1347 1714 1357 1727 ‚
1377 1694 1466 1735 quam
1478 1693 1537 1733 ipsa
1546 1694 1596 1723 illa
1607 1691 1733 1733 effeffl'rix
1743 1692 1826 1722 beata
1837 1692 2047 1732 viraefizpi'entia
2055 1703 2068 1719 .·
2082 1701 2139 1722 ne-

1182 1746 1240 1777 que
1252 1735 1402 1775 exspectat
1413 1736 1558 1764 ultimum
1573 1743 1690 1774 tempus
1701 1737 1810 1764 aetatis:
1827 1733 1909 1773 quod
1922 1733 2026 1763 Croeso
2039 1732 2140 1763 scribit

1185 1777 1360 1807 Herodotus
1369 1785 1546 1816 praeceptum
1557 1775 1572 1805 ἒι
1582 1776 1705 1806 8010110.
1728 1777 1842 1805 etenim
1854 1795 1864 1808 ,
1874 1773 2137 1815 quemadmodum.

1162 1831 1163 1848 ι
1185 1827 1247 1849 tute
1258 1817 1375 1848 dicebas
1386 1837 1394 1851 ‚
1422 1825 1510 1859 negat
1520 1818 1665 1857 Epicurus
1676 1817 1904 1847 diuturnitatem
1915 1815 2039 1856 quidem
2056 1824 2140 1846 tem-

1181 1862 1264 1901 poris
1280 1859 1316 1890 ad
1339 1859 1422 1890 beate
1439 1859 1608 1889 vivendum
1628 1858 1743 1899 aliquid
1766 1856 1889 1892 afferre,
1911 1867 1966 1888 nec
1984 1858 2140 1890 minorem

1182 1903 1370 1942 voluptatem
1387 1903 1500 1942 percipi
1519 1903 1552 1931 in
1564 1901 1706 1931 brevitate
1715 1901 1880 1940 temporis,
1904 1899 1994 1949 quam
2009 1896 2031 1928 fi
2042 1899 2091 1929 illa
2104 1899 2140 1932 sit

1182 1945 1373 1984 sempiterna.
1407 1945 1481 1973 Haec
1499 1942 1641 1973 dicuntur
1657 1939 1936 1973 inconstantiffime.
1960 1939 2032 1971 eum
2053 1942 2140 1973 enim

1181 1987 1339 2017 summurn
1353 1985 1469 2016 borium
1480 1987 1513 2015 in
1525 1985 1676 2024 voluptate
1686 1993 1880 2025 ponat‚negat
1888 1981 2012 2013 infinito
2021 1991 2144 2022 tempo-

1181 2039 1213 2060 re
1223 2029 1315 2058 aetatis
1323 2025 1585 2068 voluptatem-fieri
1595 2026 1752 2066 majorem,
1763 2035 1853 2066 quam
1864 2023 1964 2059 finito,
1974 2034 2062 2064 atque
2071 2033 2143 2056 mo-

1181 2070 1259 2100 dico.
1284 2071 1346 2111 Qii
1360 2069 1477 2099 bonurn
1492 2078 1586 2098 omne
1605 2070 1637 2098 in
1651 2070 1759 2098 virtute
1767 2068 1873 2108 ponit,
1895 2069 1920 2096 is
1929 2066 2025 2107 potest
2043 2065 2142 2098 dicere

1178 2111 1272 2154 perfici
1283 2110 1396 2140 beatam
1405 2111 1500 2140 vitam
1506 2108 1672 2153 perfectione
1682 2110 1811 2139 virtutis.
1825 2117 1911 2150 negat
1922 2110 2005 2138 enim
2017 2108 2141 2139 summo

1182 2155 1264 2185 bono
1271 2151 1372 2184 afferre
1381 2155 1604 2182 incrementum
1616 2151 1765 2193 diem-qui
1775 2159 1874 2181 autem
1883 2150 2035 2190 voluptate
2044 2151 2141 2181 vitam

1180 2194 1259 2226 effici
1271 2195 1386 2226 beatam
1397 2194 1522 2234 putabit,
1534 2192 1586 2234 qui
1597 2192 1650 2223 fibi
1662 2196 1686 2223 is
1697 2194 1878 2226 conveniet,
1894 2190 1914 2221 fi
1925 2191 2043 2232 negabit
2052 2192 2144 2222 volu-

1159 2250 1161 2268 l
1179 2246 1291 2277 ptatem
1303 2236 1428 2267 crescere
1439 2237 1658 2278 longinquitate
1669 2237 1680 2265 ?
1693 2238 1785 2276 igitur
1798 2245 1836 2264 ne
1846 2233 1984 2264 dolorem
2003 2232 2140 2272 quidem.

1180 2282 1230 2309 An
1246 2277 1498 2318 dolorlongfflmiu
1517 2277 1637 2318 quisque
1656 2277 1850 2318 miserrimus:
1871 2275 2055 2314 voluptatem
2075 2283 2141 2304 non

1179 2321 1390 2361 optabiliorem
1405 2320 1586 2350 diuturnitas
1595 2318 1683 2350 facit?
1697 2318 1778 2357 Quid
1789 2317 1830 2348 est
1839 2318 1939 2358 igitur,
1950 2325 2001 2346 cur
2011 2317 2050 2346 ita
2062 2316 2141 2346 sem-

1159 2396 1161 2399 ·
1179 2372 1231 2402 per
1239 2362 1330 2392 deum
1346 2362 1472 2402 appellet
1483 2363 1628 2401 Epicurus
1640 2379 1648 2394 ,
1663 2361 1782 2391 beatum
1795 2359 1995 2389 &aeternum.
2019 2357 2142 2398 dempta

1183 2405 1266 2434 enim
1288 2406 1449 2434 aeternitate
1467 2404 1567 2434 nihilo
1584 2402 1698 2433 beatior
1715 2403 1853 2444 Jupiter,
1873 2401 1962 2441 quam
1982 2401 2140 2440 Epicurus.

2019 2449 2145 2483 uterque

1182 2507 1310 2535 vers-arius
1322 2506 1392 2534 libro
1403 2516 1460 2533 vii.
1471 2507 1534 2532 Var.
1546 2506 1609 2532 leet.
1622 2515 1678 2541 cap.
1691 2514 1739 2531 20.

1217 2544 1243 2570 85
1268 2544 1332 2569 Satis
1342 2546 1368 2568 in
1378 2544 1530 2569 mediocribus
1540 2542 1650 2568 amicitiis
1655 2539 1784 2574 presidii]
1805 2540 1891 2566 Palat.
1902 2539 1949 2565 ille
1959 2548 1998 2575 pr.
2006 2538 2145 2572 praefidium,

1180 2580 1290 2614 antique
1302 2590 1307 2606 ι
1330 2588 1416 2615 neque
1435 2578 1601 2614 refugerim'3
1621 2577 1764 2614 pracsertim
1785 2578 1848 2602 cum
1868 2575 1901 2602 sic
1915 2584 2020 2615 quoque
2039 2581 2144 2608 compa-

1183 2617 1274 2642 reatin
1286 2616 1381 2641 ceteris
1394 2614 1461 2641 Pall.
1472 2614 1593 2650 quamvis
1604 2614 1654 2639 alia
1663 2611 1855 2642 disti216t101103
1875 2621 1905 2638 ea
1915 2611 2013 2638 icilicct
2025 2617 2101 2645 quam
2112 2609 2143 2634 δι’

1183 2653 1208 2678 111
1222 2652 1267 2678 sno
1279 2652 1377 2687 reperit
1388 2650 1498 2677 Fulvius
1510 2651 1596 2676 noster
1606 2649 1733 2675 Ursinus.
1909 2664 1912 2665 ν

1216 2696 1246 2723 9.
1267 2691 1319 2714 Non
1338 2687 1413 2713 rantis
1423 2688 1579 2720 vefflgalibm
1596 2686 1630 2712 ad
1636 2687 1769 2710 libertatem
1789 2683 1884 2718 uuna]
1906 2679 2146 2710 Revomviexole-

1182 2731 1269 2751 tarum
1290 2723 1438 2750 editionum
1459 2722 1612 2758 scripturam
1624 2721 1796 2762 pertinaciter
1815 2720 1955 2745 haerentem
1974 2717 2000 2743 iu
2016 2715 2144 2742 Palatinis

1183 2759 1319 2791 omnibus,
1330 2766 1405 2786 tanto
1415 2759 1498 2794 magis
1508 2761 1580 2794 qnod
1590 2757 1742 2793 dilpliceret
1753 2755 1895 2786 Lambino,
1907 2754 1948 2780 cui
1958 2753 1986 2778 in
1996 2750 2098 2791 deliciis
2110 2751 2146 2776 ad

1183 2798 1363 2822 liberalitatem.
1384 2795 1493 2821 interim
1506 2793 1652 2820 monendus
1672 2792 1758 2818 lector
1769 2790 1885 2818 nondum
1897 2787 1989 2814 Tullio
1999 2787 2068 2813 luam
2081 2787 2143 2813 red-

1185 2831 1268 2858 ditam
1281 2831 1450 2861 senteutiam,
1462 2830 1596 2864 ejiciamus
1609 2829 1756 2864 negativam
1767 2836 1812 2852 nan
1823 2845 1831 2857 ,
1844 2833 1901 2860 quat
1911 2823 1982 2849 nulla
1995 2822 2098 2858 prorsus
2107 2822 2145 2850 est

1183 2869 1209 2895 in
1223 2868 1278 2896 Pal.
1297 2868 1385 2904 primo
1397 2887 1405 2898 ,
1416 2867 1525 2902 heicquc
1536 2866 1618 2892 menti
1629 2864 1762 2900 loquentis
1774 2861 1889 2890 maxime
1899 2858 2052 2885 adversatur
2063 2878 2071 2890 ,
2083 2867 2145 2885 meo

1185 2905 1292 2940 quidem
1308 2903 1421 2940 judicio.
1444 2901 1509 2941 quid
1526 2901 1597 2937 quod
1617 2899 1686 2927 idem
1703 2908 1749 2925 non
1761 2895 1928 2923 .subdu5tum
1950 2895 2026 2922 lineis
2045 2895 2147 2922 1118011.-

1185 2941 1315 2977 ligerano.

1226 2986 1264 3003 io.
1291 2980 1341 3002 Non
1359 2974 1539 3010 inopportuna]
1559 2973 1600 2999 lta
1610 2977 1717 3006 quoque
1734 2967 1792 2994 Pal.
1811 2976 1852 3004 pr.
1872 2977 1923 2994 non
1943 2970 2097 3001 importuna,
2116 2971 2149 2996 ut

1186 3013 1259 3049 prius
1271 3012 1348 3039 editi.
1658 3041 1664 3046 ι

1227 3058 1236 3074 1
1247 3058 1268 3074 1.
1288 3048 1452 3081 Insilit-itatem
1461 3043 1571 3077 omnem]
1591 3041 1647 3068 Pal.
1659 3039 1728 3067 idem
1742 3049 1749 3072 3
1771 3039 1887 3075 mifiriam
1898 3049 1992 3066 omnem.
2013 3036 2149 3076 quomodo

1189 3085 1255 3112 item
1267 3083 1335 3110 scal.

1228 3129 1270 3146 ιι.
1295 3121 1354 3145 Vita
1363 3118 1434 3142 beata
1444 3113 1583 3147 ducistii'en]
1597 3112 1753 3142 Communis
1765 3111 1847 3140 leffio
1857 3112 1913 3140 dici.
1924 3111 1967 3140 sed
1977 3118 2070 3139 contra
2081 3109 2152 3137 Pall-

188 3158 256 3187 5²⁸²
265 3150 380 3178 10611000
393 3150 462 3180 libro
474 3161 516 3179 vi.
526 3153 590 3181 Var.
601 3152 664 3180 icet.
676 3163 732 3189 cap.
747 3164 788 3183 n..
801 3157 923 3185 Muretus
937 3158 1000 3184 vcro
1011 3156 1098 3184 eidem
1108 3155 1155 3185 ad·
1169 3164 1279 3189 lomnes,
1288 3154 1355 3183 item
1367 3150 1482 3182 victorii
1494 3149 1654 3179 editionem.

2075 3183 2148 3210 nde
