2337 3400
122 305 165 330 ³21

178 145 274 198 554
579 127 649 175 M.
717 98 1080 170 Tun-L11

181 215 264 248 fiensi
274 213 340 246 esse.
351 213 453 243 villam
465 217 497 241 iit
507 208 682 250 perspiceret
692 208 703 236 ἒ
713 205 826 236 millies
838 206 870 234 iri
880 213 913 234 ca
921 202 1024 233 fuer-at.
1038 204 1047 220 ¹
1059 198 1133 241 quid

186 269 256 300 ergo
265 265 323 287 crat
336 259 344 276 ²
356 253 486 286 mora‚&
497 247 784 291 tergiversatio-dum
795 247 844 276 hic
853 244 1086 277 venii·et,locum
1097 251 1143 271 re·

189 302 322 339 linquere
340 296 450 326 noluit.
474 293 555 334 Age:
578 301 660 321 nunc
680 292 737 320 iter
751 288 885 328 expediti
907 287 1050 318 latronis,
1070 293 1141 314 cum

189 342 317 372 Milonis
328 336 555 377 impedimentis
565 339 743 372 comparate.
769 333 892 369 Semper
908 329 959 358 illc
978 336 1061 357 antea
1073 335 1143 356 cum

188 391 299 413 uxore:
315 388 380 409 turn
391 377 451 407 sine
463 386 503 407 ea.
515 384 682 415 numquam
694 374 801 403 nonin
811 371 916 401 rheda:
931 379 997 400 tum
1009 371 1040 399 in
1053 377 1140 409 equo.

190 424 317 454 comites
336 419 484 452 Graeculi,
503 426 696 459 quocumque
711 414 791 447 ibat,
811 415 902 443 etiam
921 411 992 442 cum
1011 411 1040 439 in
1058 408 1146 446 castra

191 464 310 496 Etrusca
322 460 510 503 properabat:
522 469 586 490 tum
597 466 742 499 nugarum
755 458 788 485 in
796 456 942 486 comitatu
952 453 1040 483 nihil.
1053 452 1144 484 Milo,

190 508 243 548 qui
256 513 421 545 numquam
433 523 443 537 ‚
465 511 531 532 tum
541 501 607 531 casu
615 507 723 540 pueros
732 498 964 538 symphoniacos
978 504 1080 525 uxoris
1090 493 1146 524 du-

188 548 283 580 cebat,
295 547 327 577 &
336 545 513 576 ancillarum
522 551 633 585 greges.
655 541 708 571 ille
721 560 729 574 ,
744 542 795 581 qui
805 540 920 579 semper
928 538 1028 568 secum
1040 536 1146 568 scorta,

190 591 307 629 semper
315 587 462 620 exoletos,
473 586 588 624 semper
597 584 678 623 lupas
687 582 824 614 ducebat,
835 589 899 611 tum
912 581 1081 611 neminem,
1093 575 1147 607 nisi

191 628 363 661 utvi'ruma
382 629 444 658 viro
457 625 560 656 lectum
578 624 634 655 efl‘e
645 625 765 656 diceres.
789 626 848 654 Cur
860 624 949 664 igitur
968 620 1066 651 vffitus
1082 618 1146 649 est?

192 674 262 714 quia
282 681 348 701 non
369 679 499 700 SEMPER
520 671 617 698 viator
633 666 791 699 Macrone,
811 672 1045 704 nonnumquam
1058 663 1147 691 ctiam

194 717 270 744 latro
284 713 298 743 a
310 715 423 743 viatore
433 710 594 741 occiditur:
614 710 693 749 quia,
703 716 884 748 quamquam
895 714 1008 746 paratus
1019 708 1033 723 2
1043 706 1075 733 in
1086 704 1148 732 im-

195 765 310 796 paratos
321 754 457 787 Clodius,
469 758 572 783 tamen·
580 753 690 781 mulier
703 749 846 779 inciderat
856 750 886 778 in
897 749 988 777 viros.
1001 749 1066 776 Nec
1075 743 1148 774 vero

193 797 232 827 iic
243 806 301 827 erat
312 805 454 835 umquam
466 804 529 824 non
539 802 652 834 partitus
663 791 743 821 Milo
752 799 852 821 contra
863 790 950 819 illum
963 807 971 821 ,
991 797 1023 817 ut
1033 797 1097 817 non
1108 786 1149 831 sa.-

194 842 234 869 tis
251 838 312 869 sere
334 837 405 868 esset
423 845 547 877 paratus.
579 835 695 874 semper
712 833 763 862 ille
783 833 815 862 ὃς
834 840 978 872 quantum
999 826 1152 859 interesset

195 880 336 912 1¹.Clodii
349 880 498 920 seperire,
518 877 550 907 ὅτ.
568 885 681 917 quanto
698 874 743 904 illi
757 874 830 903 odio
849 871 937 906 estet,
960 872 1150 912 &quantum

194 923 247 952 ille
257 922 375 952 auderet
387 941 395 955 ‚
413 919 568 961 cogitabat.
594 915 800 958 Qamobrem
820 916 914 944 vitam
933 913 1015 943 suam
1027 932 1035 946 ,
1060 920 1150 953 quarn

194 965 340 994 maximis
352 965 484 1002 praemizs
504 958 681 1000 propositam
693 978 701 991 ,
726 957 758 987 &
771 956 854 996 paene
871 954 1021 985 addifltam
1033 953 1151 985 sciebat,

195 1011 366 1047 numquam
384 1006 417 1034 in
428 1003 595 1043 periculum
612 999 671 1029 sine
689 997 841 1039 praesidio,
864 998 897 1028 &
916 1000 930 1025 ³
949 996 1009 1026 sine
1021 994 1154 1025 custodia

194 1047 384 1088 projiciebat.
406 1045 478 1076 adde
498 1043 578 1074 casus
594 1062 603 1076 ‚
624 1041 698 1072 adde
714 1042 844 1070 incertos
855 1041 954 1069 exitus
972 1046 1152 1079 pugnarum,

195 1090 381 1128 Martemque
393 1094 592 1117 communem
606 1094 611 1112 t
633 1084 686 1124 qui
695 1084 768 1121 saepe
778 1081 1027 1122 spoliantemjatn
1037 1100 1046 1113 ‚
1059 1079 1091 1108 &
1100 1088 1154 1108 ex-

195 1131 356 1162 sultantem
371 1130 495 1161 evertit,
516 1127 548 1156 ὅτ.
559 1127 684 1166 perculit
701 1125 737 1155 ab
754 1122 882 1163 abjeeio.
904 1122 980 1153 adde
999 1121 1152 1151 inscitiam

196 1170 291 1213 pransi
302 1172 384 1210 ‚poti
396 1190 405 1204 ‚
427 1170 579 1200 oscitantis
590 1167 693 1197 ducis:
715 1165 848 1207 quicum
861 1164 877 1195 a
888 1173 971 1205 tergo
979 1161 1097 1193 hostem
1107 1163 1155 1190 in—

196 1214 359 1244 terclusum
377 1208 562 1252 reliquisset:
586 1209 666 1238 nihil
686 1208 722 1238 dc
743 1209 807 1246 ejus
828 1208 973 1236 eXtremis
990 1203 1154 1234 comitibus

197 1255 356 1297 cogitavit:
380 1256 412 1283 in
426 1263 501 1294 quos
516 1251 653 1281 incensos
671 1251 731 1283 ira,
750 1251 903 1289 vitamque
922 1247 1043 1277 domini
1054 1244 1157 1284 despe-

198 1299 308 1327 ranteis
318 1295 390 1326 cum
403 1292 570 1326 incidisset,
588 1291 668 1323 haesit
678 1293 711 1321 in
721 1292 757 1321 iis
765 1293 865 1330 poenis
877 1310 886 1322 ,
897 1299 968 1330 quas
979 1288 1014 1317 ab
1035 1297 1071 1316 eo
1081 1286 1157 1316 servi

200 1337 303 1369 fideles
314 1337 499 1378 pro'domini
510 1338 570 1366 vita
583 1335 801 1375 expetiverunt.
820 1334 878 1362 Cur
887 1333 978 1372 igitur
986 1338 1037 1359 eos
1050 1337 1158 1358 manu—

202 1379 305 1411 misit?
327 1383 344 1406 4
354 1378 504 1409 metuebat
512 1378 633 1409 scilicet,
646 1385 685 1405 ne
695 1375 877 1405 indicarent:
895 1383 934 1402 ne
943 1372 1082 1402 dolorem
1092 1379 1159 1410 per-

198 1422 276 1452 ferre
290 1432 353 1452 non
363 1420 498 1461 possent:
521 1429 560 1449 ne
570 1420 730 1448 tormentis
742 1424 919 1457 cogerentur
928 1434 936 1448 ‚
949 1413 1082 1444 occisum
1101 1409 1159 1441 effe

197 1463 314 1494 aser-vis
325 1464 454 1493 Milonis
470 1463 504 1491 in
516 1462 611 1501 Appia
631 1461 678 1490 via
696 1462 726 1490 Ρ.
743 1458 886 1488 Clodium
906 1454 1055 1486 confiteri.
1078 1453 1160 1494 Qid

200 1515 275 1546 opus
290 1504 331 1536 est
342 1515 454 1535 tortore
466 1506 475 1533 ?
493 1503 565 1543 quid
577 1503 684 1543 quaeris
695 1504 705 1530 ?
718 1499 900 1530 occideritne
911 1501 922 1527 ?
933 1496 1054 1529 occidit.
1076 1497 1159 1537 Jure,

201 1557 238 1579 an
249 1548 378 1584 injuria?
393 1546 514 1576 nihilad
525 1553 683 1574 tortorem.
708 1545 814 1572 FAcrr
829 1542 913 1571 enim
925 1541 958 1569 iti
967 1539 1072 1569 eculeo
1081 1547 1161 1578 quae-

205 1589 262 1620 stio
277 1588 332 1622 est,
342 1589 416 1628 juris
429 1590 461 1617 in
476 1587 603 1626 judicio.
626 1584 717 1625 Qod
729 1586 819 1626 igitur
829 1585 861 1612 in
870 1581 953 1612 causa
962 1580 1160 1621 quaerendum

204 1630 251 1661 est
260 1651 269 1665 ,
282 1634 295 1658 5
306 1630 336 1661 id
347 1639 467 1672 agamus
477 1630 540 1658 hic:
551 1626 633 1669 quod
645 1627 803 1656 tormentis
815 1625 954 1654 invenire
964 1633 1010 1653 vis
1020 1642 1029 1656 ,
1047 1621 1077 1652 id
1086 1620 1163 1651 fate—

203 1680 282 1703 mur.
306 1674 400 1702 Manu
413 1669 486 1701 verb
496 1680 547 1700 cur
566 1669 699 1701 miserit,
721 1665 741 1696 fi
753 1666 782 1697 id
800 1665 902 1707 potius
921 1667 1027 1705 quaeris
1039 1684 1048 1697 ‚
1069 1664 1160 1704 quam

202 1724 255 1745 cui·
264 1723 367 1754 parum
378 1713 486 1753 amplis
495 1709 627 1742 affecerit
636 1711 767 1750 praemiis
778 1720 783 1738 ;
806 1707 900 1738 nescis
913 1708 1031 1736 inimici
1048 1703 1161 1735 factum

202 1755 427 1796 reprehendere.
451 1755 541 1784 Dixit
558 1754 641 1783 enim
659 1753 709 1781 hic
728 1750 810 1780 idem
822 1770 830 1784 ,
849 1751 902 1790 qui
924 1750 1029 1778 omnia
1048 1748 1164 1786 semper

203 1797 390 1830 constanter,
409 1795 443 1827 &
459 1795 595 1827 fortiter,
616 1795 660 1822 M.
673 1795 763 1823 Cato:
786 1792 924 1832 dixitque
941 1792 974 1820 in
994 1790 1164 1820 turbulenta

205 1842 355 1870 concione
368 1858 375 1871 ‚
391 1848 456 1879 quae
465 1846 566 1868 tamen
577 1835 665 1874 liujus
675 1833 849 1865 au&0ritate
859 1838 967 1873 placata
976 1831 1018 1861 est
1028 1851 1036 1865 ‚
1049 1840 1112 1860 non
1127 1830 1163 1859 li-

206 1881 316 1911 bertate
336 1879 435 1910 solum
448 1899 456 1913 ,
478 1878 525 1909 sed
543 1879 634 1907 etiam
659 1876 805 1906 omnibus
823 1876 955 1915 praerniis
974 1870 1164 1913 dignissimos

204 1921 310 1956 fuisse,
333 1924 384 1962 qui
404 1921 511 1950 domini
529 1926 614 1956 capnt
632 1916 841 1948 defendissent.
873 1915 963 1956 Qiod
987 1917 1070 1944 enim
1090 1923 1162 1954 prae-

207 1965 318 1997 mium,
331 1966 396 1994 satis
407 1972 552 2003 magnum
566 1960 608 1990 est
620 1969 680 1990 tem
692 1959 858 1991 benevolis,
868 1967 928 1988 tam
938 1958 1040 1989 bonis,
1054 1966 1112 1986 tam
1127 1954 1164 1984 fi-

205 2005 323 2036 delibus
334 2005 434 2038 servis,
448 2013 569 2044 propter
578 2012 654 2043 quos
663 2003 761 2031 vivit?
780 1999 831 2031 etsi
840 2000 870 2029 id
880 1999 1004 2040 quidem
1015 2008 1079 2028 iion
1091 1998 1166 2027 tanti

205 2047 258 2081 est,
270 2046 359 2088 quam
373 2045 454 2088 quod
465 2055 584 2086 propter
598 2043 718 2074 eosdem
730 2053 794 2073 non
804 2043 944 2083 sanguine
957 2061 966 2075 ,
987 2041 1020 2070 ὃς
1030 2041 1165 2078 vulneri-

205 2089 262 2120 bus
274 2091 344 2122 suis,
354 2086 550 2119 crudelissimi
560 2087 678 2116 inimici
689 2094 824 2115 mentem
836 2102 845 2118 ‚
857 2082 1163 2123 oculosquesatiavz't.

209 2140 287 2171 qnos
298 2129 353 2160 nisi
365 2128 597 2162 manumisisset,
618 2129 776 2158 tormentis
786 2128 876 2156 etiam
885 2125 1015 2156 dedendi
1031 2122 1164 2156 fuissent,

205 2173 430 2203 conservatores
446 2171 568 2202 domini
579 2191 588 2205 ,
610 2170 721 2200 ultores
732 2169 869 2202 sceleri53
888 2167 1058 2197 defensores
1073 2167 1164 2195 necis.

209 2216 269 2244 Hic
280 2212 353 2243 vero
365 2214 440 2243 nihil
454 2213 539 2243 habet
548 2215 582 2242 in
592 2213 639 2241 his
649 2212 737 2241 malis
748 2230 755 2244 ,
768 2210 850 2251 quod
861 2212 925 2239 min
932 2208 964 2238 ¹Cis
977 2207 1103 2238 moleste
1121 2206 1165 2236 fe-

209 2265 251 2286 rat
261 2275 270 2289 ,
285 2255 376 2296 quam
388 2275 396 2288 ‚
408 2257 498 2285 etiam
507 2253 526 2284 si
538 2253 610 2294 quid
626 2251 679 2292 ipsi
692 2253 811 2286 accidat,
823 2250 879 2281 ess'e
892 2251 1062 2281 tamenillis
1074 2250 1167 2278 meri-

209 2307 274 2327 tum
295 2298 452 2337 praemium
464 2297 661 2336 persolutum·
689 2293 744 2324 Sed
758 2292 939 2334 quaestiones
955 2301 1060 2331 urgent
1071 2293 1163 2319 Milo-

209 2349 294 2372 nem,
306 2349 371 2379 quae
382 2339 450 2368 sunt
461 2337 567 2367 habitae
578 2336 700 2366 nuncin
710 2337 784 2364 atrio
794 2334 961 2363 Libertatis.
976 2333 1163 2373 Qibusnam

211 2381 248 2410 de
258 2381 368 2411 servis?
387 2385 491 2420 rogas?
510 2378 547 2409 de
564 2381 595 2409 P.
607 2376 715 2407 Clodii.
745 2378 821 2416 Qis
831 2384 881 2404 eos
894 2373 1080 2413 postulavit?
1104 2376 1166 2411 Ap-

210 2425 286 2462 pius.
307 2423 375 2463 quis
386 2421 550 2461 produxit?
568 2420 691 2459 Appius.
710 2417 812 2447 unde?
831 2416 866 2446 ab
884 2416 992 2455 Appio.
1013 2416 1066 2444 Dii
1079 2414 1165 2446 boni,

210 2463 282 2503 quid
294 2462 389 2504 potest
399 2465 443 2503 agi
454 2460 606 2493 severius?
625 2463 672 2490 De
683 2460 772 2489 servis
787 2459 868 2488 nulla
877 2455 1001 2498 quaestio
1012 2455 1054 2486 est
1064 2457 1096 2485 in
1110 2455 1165 2485 do-

214 2508 348 2539 minum,
360 2503 413 2534 nisi
426 2504 462 2534 de
473 2503 599 2536 incestu,
610 2512 642 2532 ut
652 2501 709 2531 suit
718 2503 750 2530 in
761 2500 915 2530 Clodium.
939 2501 1083 2528 Proxime
1096 2497 1168 2527 deos

212 2546 327 2576 accessit
337 2546 473 2579 Clodius,
485 2545 607 2585 propius
617 2552 795 2585 quamtum,
809 2541 879 2572 curn
896 2541 931 2571 ad
942 2541 1018 2580 ipsos
1035 2548 1168 2579 penetra·

213 2597 269 2618 rat:
281 2590 365 2629 cujus
376 2589 412 2618 de
422 2597 529 2621 morte,
540 2595 692 2628 tamquam
703 2585 738 2616 de
748 2585 935 2614 caeremoniis
946 2583 1078 2615 violatis,
1088 2590 1169 2622 quae-

253 2705 274 2720 i.
294 2696 358 2727 ,θ’-ΨΑ
367 2706 413 2728 ergo
422 2704 473 2721 crat
485 2700 493 2722 ἓ
504 2706 578 2727 mora,
589 2698 617 2727 ὠ·
626 2696 810 2730 tergiversatio]
837 2696 880 2721 Sic
891 2694 969 2721 Bafii.
980 2693 1073 2719 melius
1085 2702 1164 2728 qiiiiin

214 2730 328 2765 vulgati,
340 2740 392 2757 ertit
403 2742 466 2757 mora
476 2734 504 2763 (1)
513 2733 709 2766 tui-gimeiffatiom's
720 2736 730 2758 ,ἕ

210 2778 214 2781 ·
250 2775 278 2792 2.
298 2769 324 2792 In
335 2770 463 2799 lmpav-atos
474 2769 567 2794 Gladim
577 2787 585 2800 ‚
595 2775 673 2793 tamen
682 2769 766 2794 mulier
776 2787 784 2799 ,
795 2767 862 2801 ἀνι]
884 2768 914 2793 In
926 2765 986 2793 eod.
1000 2765 1101 2792 ssafiiic.
1113 2767 1165 2790 Clo-

210 2803 278 2834 dius,
287 2804 331 2835 ipse
340 2803 433 2828 Clodius·
449 2811 528 2830 tamen
545 2807 629 2830 mulier
637 2815 648 2836 ‚-
665 2804 823 2839 repetitione
834 2813 885 2830 non
897 2802 1038 2835 iniucunda
1047 2801 1166 2837 quidem,

216 2836 256 2864 secl
268 2848 345 2873 quain
359 2838 465 2871 nescias,
479 2850 508 2866 ain
520 2840 645 2875 glossema
657 2840 686 2866 sii
698 2839 728 2865 ad
742 2849 829 2866 vocem
841 2841 933 2865 muller.

248 2882 279 2914 3.
298 2878 351 2899 Smc
368 2876 468 2907 custodia
483 2877 647 2911 provehi-hat]
670 2877 733 2902 Non
752 2875 887 2912 displicuit
905 2874 1033 2910 scriptura
1053 2871 1164 2899 Erfurd.

216 2910 340 2945 Hirtorp.
351 2911 376 2936 δ(
392 2911 493 2949 υ-νοηὶ.
502 2914 645 2946 projicit-bat.
657 2920 733 2938 antea
744 2911 870 2948 impressi,
878 2913 1030 2944 praebebat.
1161 2936 1163 2941 ,

251 2954 278 2979 4.
299 2947 486 2978 Memftscilzcct
503 2958 531 2971 m·
549 2948 717 2982 indicaretis]
740 2948 824 2974 Malui
842 2946 909 2974 istud
929 2956 987 2973 cuin
1008 2945 1168 2981 Turingico‚

215 2982 276 3008 tuin
288 2981 322 3008 set
334 2989 451 3012 ueretiir,
463 2984 543 3014 rossem
554 2985 579 3008 δε
593 2991 734 3017 cogerentur.
756 2984 836 3020 vulgi)
848 2984 1007 3009 indicaretur.

253 3021 326 3058 551..
339 3026 435 3057 rigamini
454 3018 509 3043 1:1¹⁶:
526 3020 609 3053 qnod]
632 3019 710 3045 Haud
721 3020 799 3047 aliter
818 3018 898 3046 iidem
909 3019 1014 3046 mss.hi¹c
1026 3037 1034 3051 ,
1052 3018 1079 3045 iii
1091 3017 1172 3044 caiisae

215 3061 368 3089 cognitione
380 3053 489 3084 scilicet,
501 3054 527 3079 8<
539 3054 592 3090 ipso
603 3054 710 3084 jndicio.
1161 3067 1165 3071 ’

251 3091 278 3115 6.
298 3093 330 3115 Et
340 3090 434 3114 dominis
446 3097 514 3114 morrc
523 3092 573 3123 ipsa
583 3092 699 3125 tristius]
714 3091 828 3127 Egi-egis.
838 3091 892 3117 iiaec
901 3090 1052 3118 emendatio
1061 3089 1173 3116 debetur

215 3125 314 3151 Gelon.
329 3125 434 3160 vulgata
455 3125 536 3151 ieffio
547 3126 641 3162 ineptit
655 3146 662 3155 ,
682 3136 711 3157 Ο
720 3128 805 3154 dom-‘ni
813 3134 884 3154 morte
895 3147 902 3160 ,
922 3127 972 3159 ε’ῇτ.
992 3136 1070 3163 quam
1083 3127 1109 3153 ὃς
1122 3125 1174 3152 du-

213 3161 277 3188 dum
287 3161 365 3196 injus
377 3160 462 3198 rapuit
475 3162 581 3189 Modius
594 3162 674 3197 Epist.
688 3171 792 3191 xxxix.

622 3250 650 3276 Q

1160 117 1704 169 erminonis

1184 200 1267 247 titur.
1281 197 1338 228 Sed
1348 206 1448 229 tamen
1458 201 1585 241 majores
1594 203 1689 235 nostri
1698 206 1730 235 in
1741 203 1903 235 dominum
1914 204 1951 236 de
1961 204 2044 236 strvo
2052 207 2136 246 quai}

1186 251 1210 271 ri
1221 241 1402 287 noluerunt,¹
1414 250 1478 289 non
1487 245 1555 282 quia
1563 254 1627 276 non
1639 245 1733 286 posset
1741 257 1846 277 verum
1857 249 1999 281 inveniri,
2011 247 2058 278 sed
2067 250 2136 290 quia

1186 292 1383 313 VIDEBATUR
1395 282 1576 330 mdlgnurm
1595 285 1799 319 ⁶&dominis
1817 298 1914 320 morte
1933 289 1993 329 ipsa
2013 288 2137 319 tristius.

1188 328 1224 372 [ii
1238 334 1322 372 reum
1333 323 1472 354 deservis
1486 328 1657 359 accusatoris
1674 329 1746 360 curri
1757 333 1915 371 quaerirur,
1935 341 2041 361 verum
2052 333 2139 360 inve-

1190 377 1248 414 niri
1259 364 1375 412 potest?
1390 369 1451 407 Age
1461 367 1544 414 γετὸ,
1557 379 1622 410 quae
1632 380 1701 405 erat,
1712 382 1761 402 aut
1770 374 1864 413 qualis
1875 372 2018 414 quaestio?
2029 378 2042 401 7
2054 375 2140 402 Heus

1191 408 1243 456 ubi
1254 410 1364 438 Ruicio
1375 407 1469 446 (verbi
1478 410 1572 451 causa)
1583 412 1706 442 Clodius
1722 413 1839 444 insidias
1847 414 2040 445 fecitMiloni
2054 418 2066 443 ‚²
2084 416 2140 444 Fe·

1187 459 1237 481 cit.
1261 452 1346 496 Certa
1360 459 1443 496 cruit.
1476 452 1583 482 Nullas
1600 452 1680 484 fecit.
1703 456 1811 495 sperata
1828 456 1956 487 libertas.
1987 456 2067 498 Qid
2086 457 2141 486 hac

1189 490 1354 532 quaestione
1364 495 1494 541 certius?
1514 494 1621 524 Subito
1639 499 1786 536 arreptiin
1798 498 1993 537 quaestionem
2009 518 2017 532 ,
2039 506 2141 528 tamen

1190 535 1356 581 separantur
1365 544 1380 581 a
1388 535 1491 564 ceteris
1504 554 1513 567 ‚
1524 536 1556 566 &
1567 538 1600 566 in
1608 547 1684 567 arcas
1694 539 1915 578 conjiciuntur,
1937 550 1975 569 ne
1986 541 2052 580 quis
2071 538 2149 570 cum
2171 565 2174 568 .

1192 585 1229 620 iis
1238 575 1374 623 colloqui
1387 574 1481 615 possit.
1499 579 1541 606 Hi
1551 588 1673 608 centum
1685 579 1748 609 dies
1757 590 1848 619 penes
1860 582 2056 612 accusatorem
2069 590 2141 611 cum

1191 616 1323 650 ruisient,
1335 618 1371 647 ab
1380 627 1416 647 eo
1427 618 1489 658 ipso
1499 620 1657 658 accusatore
1665 620 1804 660 produe'ti
1815 622 1892 651 sunt.
1907 623 1988 663 Qid
1998 625 2051 653 hac
2060 632 2142 663 quae-

1193 659 1290 689 stione
1303 659 1363 689 dici
1374 659 1471 699 potest
1488 663 1654 702 integrius?
1676 662 1748 702 qnid
1763 665 1987 703 incorruptius?
2011 664 2102 706 Qod
2120 661 2142 693 si
2163 666 2204 698 εξ

1192 701 1330 731 nondum
1343 701 1410 731 satis
1419 705 1539 732 cernitis
1551 723 1559 736 ‚
1579 703 1648 733 cum
1660 713 1705 734 res
1727 704 1786 744 ipsa
1799 713 1861 738 tot,
1880 714 1940 735 tam
1955 706 2039 736 claris
2057 715 2143 747 argu-

1193 744 1316 776 mentis,
1328 738 1342 761 8
1353 742 1497 790 signisque
1507 745 1613 778 luceat,
1625 755 1696 785 pura
1707 755 1820 779 mente,
1830 756 1917 787 atque
1927 749 2039 788 integra
2050 750 2147 777 Milo-

1192 795 1275 818 nem,
1286 784 1373 814 nullo
1381 786 1486 815 icelere
1494 787 1661 821 imbutum,
1671 788 1758 817 nullo
1768 798 1851 818 metu
1861 791 2064 828 perteriitum‚
2075 789 2147 818 nul-

1193 827 1220 857 la
1230 826 1412 873 conscicntia
1423 830 1628 858 exanimatum
1640 849 1648 863 ‚
1673 831 1808 860 Romam
1821 829 1971 860 revertiss'e
1985 841 1990 859 :
2012 830 2148 861 recorda-

1196 877 1274 915 mini
1289 887 1297 902 ,
1320 878 1371 908 per
1379 868 1452 899 deos
1464 871 1660 914 immortaleis
1671 890 1680 904 ,
1701 881 1767 912 quae
1783 871 1874 902 fuerit
1889 872 2020 902 celeritas
2037 872 2149 902 reditus

1197 920 1259 950 ejus
1271 920 1277 939 :
1300 913 1352 950 qui
1366 909 1508 950 ingressus
1520 913 1552 942 in
1563 911 1664 942 forum
1677 933 1686 946 ‚
1706 913 1824 943 ardente
1837 916 1934 944 curia:
1957 924 2022 954 quae
2033 915 2151 954 magni-

1196 951 1268 1001 tudo
1279 954 1387 986 animi,
1399 954 1451 992 qui
1460 953 1563 983 vultus
1575 974 1582 987 ‚
1595 964 1659 995 quae
1669 956 1772 985 oratio.
1796 958 1904 996 Neque
1914 955 1985 985 vero
1998 956 2026 986 se
2037 955 2152 996 populo

1199 994 1297 1023 solum
1312 1014 1320 1027 ‚
1341 994 1415 1024 sed9
1427 997 1517 1025 etiam
1530 996 1821 1029 senatuicommisit:
1844 1007 1940 1038 neque
1959 999 2070 1028 senatui
2082 1007 2151 1026 mo—

1197 1034 1238 1065 do
1255 1035 1331 1084 ,xsed
1355 1036 1445 1066 etiam
1465 1037 1594 1076 publicis
1609 1036 1751 1077 praesidiis
1761 1059 1769 1073 ,
1791 1040 1823 1069 &
1844 1049 1936 1069 armis
1948 1050 1953 1068 t
1986 1049 2082 1080 neque
2106 1040 2152 1068 his

1199 1085 1317 1106 tantum
1329 1097 1346 1123 ³,
1360 1087 1467 1107 verum
1482 1081 1572 1115 etiam
1591 1090 1655 1119 ejus
1672 1080 1807 1120 potestati
1820 1101 1829 1114 ‚
1852 1084 1900 1111 ciii
1923 1081 2037 1111 senatus
2058 1089 2154 1111 totam

1199 1117 1415 1165 rempublicam
1429 1139 1439 1152 ,
1453 1129 1579 1150 omnem
1591 1122 1682 1151 Italiae
1693 1123 1815 1161 pubem,
1830 1121 1936 1152 cumsia
1944 1123 2046 1163 populi
2056 1125 2152 1152 Rom.

1199 1169 1279 1206 arma
1289 1160 1490 1190 commiserat.
1507 1165 1556 1191 cui
1567 1172 1721 1202 nunquam
1735 1164 1762 1192 se
1774 1165 1821 1193 hic
1831 1164 1968 1203 profetae>
1979 1163 2154 1196 tradidisset,

1200 1199 1256 1230 nisi
1268 1202 1361 1231 causa:
1372 1201 1430 1231 suae
1439 1201 1622 1237 confidei·et;
1645 1204 1806 1243 praesertim
1819 1207 1925 1235 omnia
1935 1206 2079 1238 audienti,
2091 1214 2156 1235 ma-

1201 1253 1258 1283 gna
1269 1245 1437 1276 metuenti,
1453 1244 1549 1274 multa
1559 1245 1716 1284 suspicanti
1727 1267 1736 1279 ‚
1758 1247 1907 1276 nonnulla
1915 1248 2057 1277 credenti.
2079 1249 2157 1276 MA-

1204 1293 1274 1313 GNA
1292 1287 1348 1315 vis
1366 1284 1408 1315 est
1419 1286 1608 1316 conscientiae
1620 1308 1629 1320 ‚
1643 1288 1757 1326 judices
1769 1308 1778 1320 ‚
1799 1288 1831 1317 &
1843 1298 1948 1329 magna
1958 1290 1991 1318 in
2000 1298 2157 1328 utramque

1201 1335 1334 1366 partem:
1356 1336 1389 1356 ut
1399 1330 1641 1368 nequetimeant,
1653 1339 1704 1368 qui
1715 1330 1791 1358 nihii
1802 1330 2027 1360 commiserint:
2052 1330 2159 1369 &poe-

1204 1378 1277 1398 nam
1290 1368 1405 1408 semper
1414 1378 1482 1399 ante
1492 1370 1597 1400 oculos
1608 1371 1713 1401 versari
1723 1380 1840 1410 putent,
1852 1374 1902 1411 qui
1913 1373 2070 1410 peccarint.
2093 1373 2160 1401 Ne-

1201 1420 1258 1451 que
1270 1409 1341 1440 verb
1355 1409 1414 1440 fine
1424 1412 1537 1441 ratione
1547 1421 1623 1442 certa
1634 1431 1643 1444 ‚
1662 1413 1744 1442 causa
1756 1414 1883 1442 Milonis
1901 1414 2016 1453 semper
2031 1412 2046 1443 ἐι
2058 1413 2160 1443 senatu

1202 1452 1323 1492 probata
1337 1451 1387 1482 est.
1410 1452 1552 1483 videbant
1563 1454 1648 1483 enim
1660 1453 1864 1493 sapientissimi
1875 1456 2018 1484 homines
2026 1454 2098 1485 faeti
2111 1464 2159 1485 ra·

1205 1495 1334 1527 tionem,
1348 1494 1534 1534 praesentiam
1545 1497 1660 1528 animi,
1676 1494 1859 1525 defensionis
1875 1495 2086 1526 constantiam.
2109 1499 2160 1526 An

1203 1534 1276 1566 vero
1287 1536 1375 1566 obliti
1386 1535 1455 1566 estis
1466 1556 1474 1570 ‚
1490 1537 1604 1573 judices
1613 1557 1622 1570 ‚
1640 1539 1752 1567 recenti
1761 1537 1816 1567 illo
1827 1540 1935 1567 nuntio
1946 1541 2027 1568 necis
2038 1537 2161 1568 clodia-

1204 1588 1261 1612 nae,
1272 1587 1335 1608 non
1347 1577 1442 1608 modo
1456 1580 1652 1609 inimicorum
1664 1579 1794 1608 Milonis
1807 1579 1958 1609 sermones
1970 1599 1978 1613 ,
1993 1580 2026 1609 ὃς
2037 1581 2160 1619 opinio—

1203 1620 1320 1653 nes,sed
1332 1620 1554 1650 nonnullorum
1566 1623 1657 1651 etiam
1669 1622 2078 1662 ¹0imperitorum31iegabant
2088 1630 2159 1651 eum

1204 1664 1338 1692 Romam
1351 1661 1410 1692 esse
1427 1662 1592 1691 rediturum.
1615 1665 1684 1694 Sive
1697 1672 1781 1693 enim
1798 1663 1874 1693 iilud
1889 1674 1993 1693 animo
2014 1665 2086 1694 irato
2097 1683 2108 1696 ‚
2127 1672 2162 1693 ac

1204 1705 1319 1743 percito
1332 1702 1446 1734 feciss'et
1456 1724 1466 1737 ,
1476 1713 1507 1734 ut
1515 1705 1654 1735 incensus
1664 1704 1736 1734 odio
1745 1704 1904 1735 trucidaret
1913 1707 2075 1735 inimicum
2088 1715 2093 1733 :
2116 1713 2163 1734 ar-

1206 1746 1386 1776 bitrabantur
1396 1766 1404 1778 ‚
1417 1755 1488 1775 eum
1499 1749 1571 1776 tanti
1584 1755 1716 1776 mortem
1728 1749 1759 1776 P.
1772 1747 1872 1776 Clodii
1882 1745 2010 1786 putafl'e,
2030 1755 2062 1776 ut
2073 1755 2163 1785 aequo

1204 1789 1308 1817 animo
1336 1788 1427 1827 patria
1447 1797 1555 1817 careret
1565 1808 1574 1822 ‚
1602 1788 1675 1817 cum
1703 1787 1846 1827 sanguine
1873 1789 1993 1818 inimici
2019 1785 2163 1828 explefl'et

1206 1829 1311 1874 odiu-m
1322 1829 1408 1858 suum
1423 1839 1427 1857 :
1450 1827 1508 1859 sive
1526 1832 1617 1859 etiam
1626 1830 1708 1859 illius
1719 1838 1818 1859 morte
1828 1832 1953 1869 patriam
1972 1829 2096 1859 liberare
2106 1838 2163 1859 vo-

1207 1869 1316 1904 luislet,
1328 1880 1392 1900 non
1402 1870 1607 1901 dubitaturum
1619 1870 1729 1901 fortem
1739 1872 1839 1900 virum
1849 1891 1857 1904 ,
1869 1873 1958 1912 quin,
1967 1869 2038 1901 cum
2048 1871 2100 1901 suo
2109 1880 2163 1910 pe-

1206 1913 1302 1943 riculo
1316 1912 1439 1942 salutern
1450 1915 1524 1952 reip.
1535 1912 1685 1947 attulisset,
1697 1913 1813 1943 cederet
1825 1923 1911 1954 aequo
1920 1916 2023 1943 animo
2034 1912 2165 1953 legibus,

1208 1955 1308 1984 secum
1318 1953 1444 1984 auferret
1461 1955 1587 1994 gloriam
1609 1955 1817 1995 sempiternam
1829 1974 1837 1988 ,
1855 1955 1946 1984 nobis
1964 1956 2025 1985 haec
2037 1953 2163 1985 fruenda

1206 1997 1399 2036 relinqueret,
1414 2006 1479 2036 quae
1489 1997 1549 2037 ipse
1560 1995 1704 2027 servass'et.
1728 1997 1820 2027 Multi
1831 1997 1920 2027 etiam
1931 1997 2103 2030 Catilinam,
2118 2004 2162 2026 at-

1208 2047 1266 2079 que
1282 2039 1334 2068 illa
1351 2039 1715 2079 portentaloquebantur:
1737 2044 1897 2069 ERUMPET
1908 2059 1920 2072 ,
1937 2038 2092 2078 occupabit
2107 2037 2163 2067 ali-

1207 2090 1298 2121 quem
1309 2080 1411 2110 locum
1424 2099 1432 2114 ‚
1455 2080 1569 2110 bellum
1580 2083 1679 2121 patriae
1697 2079 1795 2110 faciet.
1817 2081 1946 2111 Miseros
1955 2079 2108 2110 interdum
2117 2079 2162 2109 ci-

1208 2124 1284 2155 veis,
1295 2122 1410 2162 optime
1423 2121 1459 2151 de
1471 2132 1529 2162 rep.
1541 2125 1667 2152 meritos
1679 2125 1684 2152 i
1707 2124 1740 2151 in
1751 2122 1859 2163 quibus
1869 2123 2009 2152 homines
2019 2131 2083 2151 non
2093 2130 2162 2150 mo÷

1208 2163 1248 2194 do
1262 2173 1306 2193 res
1319 2162 1548 2203 praeclarissimas
1560 2165 1792 2198 obliviscuntur,
1805 2164 1852 2194 sed
1866 2166 1957 2194 etiam
1967 2161 2091 2193 nefarias
2108 2162 2162 2202 fia-

1201 2206 1358 2245 spicamur.
1383 2207 1521 2247 Ergoilia
1529 2206 1597 2236 falsa
1606 2205 1744 2236 suerunt:
1766 2216 1831 2246 quae
1846 2205 1925 2235 certe
1942 2214 2011 2234 vera
2031 2203 2163 2234 exstitis-

1209 2249 1273 2278 sent
1282 2267 1290 2281 ,
1309 2246 1329 2276 si
1341 2247 1421 2276 Milo
1430 2246 1708 2287 admisisl'etaliquid
1719 2267 1728 2280 ,
1746 2247 1827 2287 quod
1838 2256 1902 2276 tion
1912 2244 2006 2286 pofl'et
2023 2244 2161 2279 honeste,

1208 2299 1334 2329 vereque
1348 2287 1519 2318 defendere.
1543 2288 1623 2329 Qiid
1633 2308 1642 2322 ‚
1655 2298 1719 2328 quae
1734 2287 1834 2327 postea
1844 2288 1911 2317 sunt
1924 2290 1956 2317 in
1969 2297 2039 2317 eum
2051 2296 2161 2326 conge·
2184 2296 2232 2329 24

1210 2330 1271 2360 sta?
1294 2334 1320 2349 ¹²
1336 2339 1401 2370 quae
1414 2332 1553 2369 quemvis
1569 2332 1659 2359 etiam
1679 2329 1879 2358 mediocrium
1891 2328 2070 2358 deli&orum
2087 2338 2162 2359 con-

1209 2372 1329 2402 scientia
1338 2370 1530 2409 perculissent
1540 2391 1549 2403 ,
1571 2379 1602 2400 ut
1612 2369 1750 2400 sustinuit
1760 2391 1771 2404 ,
1790 2370 1832 2400 dii
1844 2371 2052 2400 immortales?
2075 2369 2164 2400 susti-

1211 2414 1296 2443 nuit?
1317 2410 1419 2440 immo
1432 2411 1502 2441 verb
1517 2420 1549 2441 ut
1557 2410 1726 2445 contemsit,
1742 2422 1774 2443 ac
1784 2422 1838 2452 pro
1849 2413 1947 2442 nihilo
1957 2413 2070 2452 putavit
2080 2413 2167 2452 >quae

1211 2463 1306 2494 neque
1320 2455 1458 2483 maximo
1467 2459 1571 2484 animo
1581 2463 1692 2484 nocens
1705 2474 1715 2486 ‚
1733 2464 1830 2494 neque
1843 2457 1989 2483 innocens
2002 2474 2010 2487 ‚
2030 2452 2086 2483 nisi
2100 2459 2165 2484 tor-

1211 2495 1338 2540 tissimus
1358 2497 1422 2528 vir,
1445 2496 1593 2537 negligere
1614 2493 1763 2535 potuisset.
1786 2496 1956 2528 scutorum,
1981 2495 2165 2536 gladiorum,

1209 2539 1376 2568 frenorum,
1386 2537 1539 2582 sparorum
1553 2558 1561 2570 ,
1579 2539 1771 2577 pilorumque
1786 2539 1873 2567 etiarn
1885 2536 2051 2567 multitudo
2061 2536 2167 2577 depre-

1211 2579 1303 2609 hendi
1320 2577 1404 2618 poste
1415 2579 1609 2610 indicabatur.
1632 2579 1753 2609 nullum
1765 2581 1797 2609 in
1816 2579 1888 2609 urbe
1900 2581 2022 2613 vicum,
2043 2579 2167 2609 nullum

2080 2630 2171 2660 angi-

1247 2699 1274 2724 7.
1298 2695 1360 2716 Hem
1370 2698 1395 2715 ru
1406 2691 1486 2722 Rirl'cio
1499 2691 1577 2723 (verbi
1587 2689 1663 2722 ιαμβι
1680 2689 1773 2715 Clodius
1783 2710 1790 2722 ‚
1810 2689 1876 2723 ⁸:255]
1898 2691 2007 2715 Secutus
2025 2687 2080 2713 suin
2096 2686 2165 2713 Pall.

1210 2728 1281 2763 prius
1293 2727 1359 2753 editi
1371 2746 1378 2757 ‚
1389 2727 1468 2759 Rastia
1481 2745 1488 2756 ‚
1508 2727 1549 2750 ubi
1557 2726 1630 2758 Casca
1643 2728 1652 2750 ,ἕ
1671 2725 1773 2751 Gladim.
1795 2725 1906 2751 ridicule
1922 2724 2012 2751 Ahalae
2022 2723 2089 2749 iiber·
2098 2723 2166 2749 item.

1212 2765 1247 2789 1⁴31·
1252 2763 1270 2789 f.
1281 2764 1308 2788 δε
1320 2764 1344 2788 U
1351 2761 1424 2788 vcrd.
1435 2761 1563 2787 habebant
1573 2760 1685 2796 amplius
1698 2780 1705 2793 ,
1715 2763 1785 2787 vei-hi
1793 2763 1866 2795 cansa
1877 2781 1886 2794 ‚
1905 2769 1963 2787 cave
1971 2759 2103 2785 mentiaris.
2114 2760 2168 2784 Clo-

1211 2801 1275 2825 dim.
1297 2808 1381 2834 neque
1393 2796 1609 2833 reprehenderim
1617 2816 1622 2822 .

1247 2836 1274 2861 δ’.
1293 2836 1410 2869 signisque
1418 2833 1521 2867 lucum]
1542 2832 1703 2858 Gulielmius
1714 2832 1824 2866 conjicit
1832 2834 1930 2865 liqueat.
1951 2839 2002 2857 non
2014 2830 2093 2856 mals:-

1246 2880 1274 2906 9.
1296 2871 1478 2904 Etiamsenmui
1487 2868 1619 2902 commifit]
1642 2868 1684 2894 Est
1694 2867 1726 2894 ab
1736 2868 1902 2894 Ei·f.Hitt.&
1914 2865 2017 2892 Uverd.
2029 2875 2087 2892 iiam
2099 2865 2169 2892 Pali.

1212 2907 1240 2933 &
1250 2906 1442 2933 Gi·iit.vei·bnin
1455 2904 1558 2931 nnllnni
1569 2904 1626 2930 heic
1635 2902 1789 2938 agnoscunt,
1801 2902 1898 2929 nedum
1910 2902 2042 2936 vulgatum
2053 2903 2165 2927 tradidit.

1253 2951 1293 2969 10.
1315 2945 1474 2976 Imperitorum
1483 2941 1597 2974 negabant
1607 2949 1669 2971 eum,
1679 2940 1746 2973 &c.]
1760 2939 1886 2975 Expuiixi
1901 2939 2018 2965 voculam
2029 2938 2167 2973 qui‚inter·

1212 2979 1321 3015 positam
1331 2977 1492 3004 :iusim-'itate
1505 2975 1645 3001 1¹all.item
1656 2974 1912 3001 Gulielmianorum.

1254 3024 1262 3041 1
1272 3012 1302 3041 i.'
1314 3016 1370 3047 βαι
1377 3012 1482 3047 quemn-is·
1492 3014 1562 3037 etiam
1573 3012 1670 3036 mcd.del
1681 3012 1816 3043 constantia
1822 3009 1994 3043 perculiſj‘cnn]
2012 3010 2052 3036 Ita
2063 3009 2122 3045 lego
2133 3010 2167 3036 e'x

1217 3050 1278 3077 Col.
1290 3050 1353 3077 Falx
1364 3051 1390 3075 δε
1403 3048 1505 3074 Uverti.
1517 3047 1645 3073 sententia
1654 3046 1800 3082 planiffiina
1812 3055 1819 3076 3
1841 3046 1903 3072 licet
1917 3053 1996 3080 neget
2011 3045 2174 3077 Lambinus,

1217 3087 1296 3112 lioino
1305 3083 1446 3121 aliquando
1459 3085 1566 3119 Lynceo
1577 3083 1706 3108 oculatior
1719 3101 1726 3113 ,
1745 3081 1888 3117 aliquando
1899 3082 1967 3117 talpa
1981 3090 2063 3107 caeciis
2075 3081 2169 3116 inagis.

1217 3131 1318 3183 mergium
1339 3121 1397 3147 heic
1415 3119 1494 3147 scutit
1512 3118 1600 3147 Andr.
1612 3118 1735 3146 Schottus
1753 3118 1855 3146 amicus.
1863 3137 1872 3152 ‚
1891 3118 1937 3154 qui
1955 3117 2064 3144 adeatur
2081 3116 2128 3143 lib.
2142 3124 2169 3152 3.

1218 3159 1264 3186 No
1287 3177 1293 3184 .
1304 3166 1360 3194 cap.
1373 3165 1416 3192 13.

2087 3195 2113 3216 ι.
2124 3189 2175 3219 ἳνα
