2297 3389
638 149 988 193 *ORArto

208 231 300 273 qnam
313 232 343 261 in
355 230 463 261 eodem
473 228 598 259 homine
618 236 668 257 me
685 237 805 268 quoque
823 229 927 257 erroris
946 228 1008 256 mei
1025 227 1160 266 poenitet,

1058 161 1193 191 PRO

1265 144 1332 190 M.
1390 140 1711 191 COEL1o.-‘
2071 146 2165 200 517

1187 221 1191 240 ¹
1208 224 1242 255 ad
1260 226 1324 255 haec
1341 225 1425 256 acute
1435 246 1447 259 ‚
1463 234 1622 270 arguteque
1631 223 1834 265 responderit:
1853 227 1921 254 tum
1930 229 2060 262 quaeram
2072 219 2161 250 deni-

175 282 192 315 7
207 276 298 315 quarn
313 272 437 303 utistius
451 270 582 300 amicitia:
591 269 693 298 crimen
709 268 891 299 reformidet.
916 272 1018 308 Itaque
1036 268 1051 297 a
1069 268 1163 296 male-
1207 277 1265 307 que
1274 277 1312 297 ex
1326 277 1386 308 quo
1397 267 1450 297 iste
1459 271 1543 298 tonte
1554 267 1668 298 senator
1676 266 1805 297 emanet.
1827 275 1898 295 nam
1916 263 1938 293 si
1956 263 2016 303 ipse
2036 263 2159 294 orietur,

209 315 298 346 diens
308 314 459 354 pudicitiae
467 312 502 342 ad
512 311 730 350 conjurationis
741 311 888 341 invidiam
899 313 993 340 oratio
1011 307 1053 338 est
1069 307 1163 337 vestra
1210 309 1241 337 ὃς
1252 309 1383 339 nascetur
1393 319 1431 339 ex
1441 309 1513 339 sese:
1532 308 1651 339 fortasse
1662 328 1673 343 5
1681 318 1714 339 ut
1724 309 1805 339 soleo
1813 327 1821 341 ,
1833 303 2065 338 commovebor.
2087 307 2105 330 4
2115 301 2158 332 sin

207 356 331 396 delapsa.
353 352 489 394 posuistis
499 355 583 382 enim
593 371 601 385 2
614 361 701 392 atque
712 351 743 381 id
753 349 851 382 tamen
864 351 1025 382 titubanter
1034 369 1043 383 ‚
1056 349 1088 378 δε
1098 348 1163 378 stri·
1206 359 1305 378 autem
1318 370 1325 383 ‚
1346 360 1378 380 ur
1391 351 1505 380 rivulus

208 397 300 430 etim,
319 396 535 433 conjurationis
556 395 652 426 hunc,
684 403 804 433 proprer
821 395 986 424 amicitiam
1006 391 1160 422 Catilinae,

205 439 377 478 participem
388 434 487 465 fuiffe.
513 437 567 464 ¹in
580 445 642 475 quo
653 445 716 465 non
737 435 832 465 modo
851 437 967 465 crimen
987 442 1050 462 non
1070 433 1161 461 haere-

200 481 273 512 bat,
297 477 344 507 sed
354 479 407 506 vix
420 477 520 506 diserti
531 477 726 506 adolescentis
737 477 901 508 cohaerebat
920 477 1024 505 oratio.
1045 475 1106 513 Qi
1128 482 1160 502 e-

207 521 273 550 nim
285 528 384 548 tantus
395 518 477 548 furor
491 520 524 548 in
534 519 654 548 Coelio?
672 519 753 559 quod
773 528 888 548 tantum
906 525 955 547 aut
971 519 1003 545 in
1023 513 1159 547 moribus,

199 560 369 601 matur-‘aque
386 560 498 589 vulnus
509 581 517 593 ‚
538 562 630 590 autin
643 571 672 590 re
685 580 693 593 ‚
709 568 796 601 arque
802 561 945 599 fortuna?
963 558 1015 587 ubi
1031 557 1159 596 denique

205 602 249 632 est
267 604 299 631 in
314 601 367 632 ista
384 601 550 641 suspicione
570 603 658 632 Coelii
683 612 800 632 nomen
819 601 980 631 auditum?
1011 597 1156 628 Nimium
1180 620 1183 626 .

195 644 300 673 multa
308 643 344 673 de
354 653 384 672 re
392 643 524 673 mmime
534 644 623 673 dubia
633 645 741 684 loquor
761 654 767 672 :
791 645 849 672 hoc
862 651 962 672 tamen
977 640 1045 670 dico
1056 658 1065 673 ‚
1092 648 1156 668 non

196 683 300 715 'modo
312 683 331 714 fi
341 685 438 715 socius
447 686 680 724 conjurationis,
702 685 750 714 sed
768 683 823 714 nisi
842 680 1062 713 inimiciffimus
1074 679 1157 709 istius

202 725 443 760 scelerisfuiss'et,
463 737 631 767 numquam
645 726 861 758 coniurationis
879 722 1063 766 accusatipne
1082 721 1155 751 ado-

193 768 373 799 -lescentiam
385 768 402 797 s
399 778 464 798 uam
475 767 661 808 potissimum
671 765 882 797 commendare
892 761 1033 793 voluiflet
1043 773 1048 791 :
1060 763 1152 803 quod,

203 809 281 839 haud
292 810 351 839 scio
363 829 372 842 ,
393 820 429 840 an
440 810 476 839 de
487 811 602 840 ambitu
613 830 621 841 ,
643 809 675 838 &
684 807 721 836 de
731 806 910 836 criminibus
921 803 983 834 istis
992 804 1152 839 sodalium,

202 861 235 881 ac
247 850 437 891 sequestrium
451 851 606 891 (quoniam
621 851 679 878 huc
694 847 798 887 incidi)
819 846 954 876 similiter
972 846 1152 885 responden-

203 893 279 922 dum
296 902 412 932 putem.
434 900 601 932 numquam
619 892 701 919 enim
719 898 778 919 tam
790 890 904 919 Coelius
920 897 1024 917 amens
1040 886 1152 921 fuisset,

202 943 246 968 ut,
259 933 279 963 fi
294 935 322 964 se
336 934 394 964 isto
405 932 528 963 infinito
540 932 654 962 ambitu
667 929 922 962 commaculasset,
940 929 1071 959 ambitus
1082 931 1154 960 alte-

199 986 268 1006 rum
277 976 435 1014 accuſsaret:
452 984 550 1015 neque
562 974 624 1013 ejus
636 973 706 1004 faffi
719 975 751 1002 in
761 973 852 1002 altero
863 972 1061 1011 suspicionem
1073 973 1154 1012 qiiae-

201 1027 294 1050 reret,
313 1018 398 1055 cujus
411 1017 471 1055 ipse
485 1015 538 1045 sibi
551 1015 886 1055 perpetuamlicentiam
896 1022 1026 1053 optaret:
1046 1022 1102 1043 nec
1112 1034 1120 1046 ,
1133 1012 1153 1042 si

190 1057 254 1088 >fibi
264 1058 356 1088 semel
363 1058 530 1097 periculum
540 1057 670 1087 ambitus
681 1056 869 1086 subeundum
881 1063 995 1095 putaret
1004 1074 1013 1087 ‚
1034 1055 1094 1094 ipse
1109 1056 1152 1085 al-

199 1109 296 1130 terum
318 1101 426 1129 iterum
449 1099 581 1129 ambitus
603 1100 732 1128 crimine
753 1096 910 1128 arcess‘eret.
940 1096 1022 1137 quod
1045 1106 1152 1136 quam-

191 1141 288 1181 ‘quam
302 1150 357 1170 nec
367 1142 527 1180 sapienter,
548 1141 581 1170 ὃς
596 1150 647 1170 me
664 1142 764 1169 invito
780 1139 868 1172 facit,
889 1142 1012 1168 ²tamen
1023 1137 1065 1167 est
1075 1139 1151 1175 ejus-

184 1182 285 1212 ·modi
297 1182 447 1222 cupidinis
461 1202 469 1216 ‚
494 1192 525 1212 ut
544 1184 637 1223 magis
649 1181 788 1211 inseetari
800 1181 921 1211 alterius
933 1181 1150 1214 innocentiam,

197 1222 289 1265 quam
308 1223 345 1253 de
362 1225 391 1254 se
411 1224 518 1254 timide
534 1227 662 1264 cogitare
677 1223 819 1252 videatur.
843 1225 923 1251 Nam
935 1221 1017 1262 quod
1027 1231 1065 1251 axs
1079 1222 1152 1251 alie-

196 1275 275 1295 num
293 1265 446 1305 objectum
464 1265 526 1299 est,
547 1266 661 1295 sumtus
674 1262 857 1304 reprehensi,
877 1263 984 1294 tabulae.
997 1261 1150 1303 flagitatae:

195 1306 295 1337 videte
307 1327 316 1339 ‚
336 1306 425 1347 quam
443 1317 532 1347 pauca
549 1306 754 1346 respondeam.
778 1305 926 1337 Tabulas,
946 1305 998 1344 qui
1016 1306 1049 1333 in
1065 1307 1152 1343 patris

196 1348 340 1388 potestate
351 1347 393 1378 est
402 1368 410 1382 ,
423 1349 520 1378 nullas
529 1348 660 1378 conficit.
677 1347 827 1377 versuram
839 1355 1006 1385 numquam
1018 1348 1150 1376 omnino

196 1389 269 1420 fecit
279 1390 382 1420 ullam.
405 1393 527 1419 Sumtus
537 1392 626 1419 unius
635 1390 752 1428 generis
762 1388 812 1427 obj
817 1387 898 1416 eEtus
908 1386 950 1416 est
961 1407 974 1420 ‚.
989 1387 1149 1417 habitatio-

189 1433 260 1461 ‘nisz
272 1433 390 1472 triginta
400 1431 538 1460 millibus
547 1430 665 1461 dixistis
675 1440 745 1459 eum
756 1429 895 1459 habitare.
919 1431 1011 1458 Nunc
1021 1428 1147 1458 demum

190 1473 333 1513 intelligo
345 1493 354 1505 ,
372 1475 402 1502 P.
414 1472 513 1502 Clodii
531 1472 660 1502 insulam
679 1470 735 1500 ess'e
752 1471 889 1500 venalem
901 1491 909 1503 ,
928 1471 1012 1508 cujus
1027 1471 1077 1500 hic
1093 1474 1105 1497 3
1117 1473 1149 1500 in

194 1514 330 1545 aediculis
340 1513 452 1544 habiret
461 1533 469 1547 ‚
481 1513 585 1544 decern
597 1534 606 1547 ,
618 1523 652 1543 ut
664 1516 774 1553 opinor
784 1533 792 1545 ‚
804 1512 940 1542 millibus
953 1522 958 1541 z
971 1522 1026 1541 vos
1036 1521 1146 1546 autem,

195 1556 270 1585 dum
280 1556 326 1584 illi
339 1555 452 1595 placere
466 1555 557 1585 vultis
568 1577 577 1589 ,
598 1555 633 1585 ad
646 1564 765 1594 tempus
775 1557 800 1583 ei
813 1554 1006 1583 mendacium
1016 1553 1148 1583 vestrum

191 1597 486 1628 accommodavistis.
499 1596 757 1636 Reprehendistis‚
768 1596 785 1626 a
794 1604 872 1635 patre
882 1595 963 1636 quod
972 1596 1146 1635 ftmtgrarit.

192 1638 275 1679 quod
288 1639 411 1679 quidem
423 1640 486 1678 jam
501 1642 533 1669 in
546 1641 600 1669 hac
617 1647 701 1668 aetate
720 1638 850 1667 minime
867 1637 1147 1677 reprehendendum

193 1680 245 1710 est.
267 1680 401 1721 quicum
412 1681 444 1710 δε
454 1691 492 1710 ex
502 1680 615 1720 reipub·
627 1681 709 1710 causa
720 1701 734 1713 ⁷
748 1678 819 1709 esset
828 1679 906 1708 mihi
916 1679 1038 1720 quidem
1050 1680 1148 1709 mole-

186 1721 266 1752 stam
278 1743 288 1755 ,
304 1721 357 1752 fibi
367 1731 466 1752 tamen
475 1723 637 1763 gloriosam
650 1743 659 1756 ‚
678 1721 836 1752 vietoriam
847 1722 1023 1752 consecutus
1035 1741 1042 1755 ,
1055 1722 1087 1752 &
1098 1732 1149 1762 per

185 1772 310 1794 -aetatem
331 1763 515 1805 magistratus
533 1773 630 1804 petere
641 1763 753 1804 posset,
775 1774 838 1794 non
849 1762 945 1793 modo
954 1765 1147 1804 permittente

191 1814 271 1845 patre
283 1825 291 1838 ,
307 1805 355 1835 sed
367 1808 456 1836 etiarn
465 1807 603 1836 suadente
614 1826 622 1839 ‚
637 1806 673 1836 ab
683 1816 720 1836 eo
731 1806 900 1847 semigravit
912 1816 917 1835 z
940 1806 972 1835 &
984 1826 992 1840 ,
1008 1805 1079 1835 cum
1092 1806 1148 1836 do-

193 1855 264 1876 mus
272 1849 362 1886 patris
373 1846 388 1876 a
398 1846 466 1877 foro
475 1848 566 1889 longe
577 1846 684 1878 abesset
694 1868 703 1882 ‚
723 1858 783 1888 quo
795 1847 913 1877 facilius
925 1847 958 1876 δε
969 1848 1081 1878 nostras
1091 1849 1147 1878 do-

193 1897 263 1917 mus
280 1888 383 1922 obire,
404 1889 531 1929 &ipsea
543 1889 795 1929 suiscoliposs'et,
814 1889 1007 1918 conduxitin
1019 1890 1140 1923 Palatio,
1169 1921 1171 1932 >

155 1930 173 1961 8
193 1939 258 1959 non
270 1939 397 1970 magno,
418 1930 560 1960 domum..
582 1933 652 1972 Qo
667 1931 735 1961 loco
746 1929 864 1970 poffum
881 1930 978 1960 dicere
995 1931 1026 1961 id
1038 1951 1046 1964 ‚
1064 1931 1145 1971 quod

190 1969 365 2001 clariffimus
375 1991 384 2004 ,
404 1973 447 2000 M.
460 1971 597 2005 Crassus,
611 1971 683 2002 curn
702 1972 739 2002 de
757 1971 887 2001 adventu
902 1974 977 2012 regis
990 1973 1146 2002 Ptolemaei

191 2022 361 2053 quereretur
371 2033 379 2045 ,
401 2013 568 2052 paulo-ante
579 2013 658 2043 dixit
669 2033 680 2046 ,
721 2033 744 2046 „
754 2014 878 2042 vtinam
891 2024 922 2042 ne
936 2015 963 2042 in
979 2024 1084 2043 nemore
1095 2017 1145 2043 Pe—

191 2060 230 2082 tto
240 2070 270 2074 --
289 2064 322 2083 ac
332 2054 451 2095 longius
460 2054 582 2095 quidem
596 2056 672 2084 mibi
683 2064 844 2085 contexere
853 2055 911 2085 hoc
920 2065 1039 2086 carmen
1050 2076 1057 2089 ‚
1071 2056 1145 2085 lice-

187 2103 243 2125 ret.
287 2115 308 2129 „
321 2097 400 2124 Nam
413 2106 570 2138 numquam
585 2097 650 2126 hera
667 2106 758 2126 errans
778 2097 855 2126 hanc
869 2097 1038 2127 molestiam
1055 2097 1144 2127 nobis

189 2136 346 2167 exhiberet
364 2157 372 2170 ‚
417 2158 438 2171 ‚‚
451 2139 552 2167 Medea
570 2139 664 2167 animo
684 2149 754 2179 agra
769 2159 777 2171 ,
800 2149 892 2167 amore
906 2139 979 2177 savo
993 2141 1104 2179 fizucia.
1115 2155 1144 2160 --

187 2181 237 2208 Sic
247 2180 332 2208 enirn
343 2199 351 2213 ,
363 2179 480 2218 J‘udices
491 2200 499 2213 ,
515 2177 668 2220 reperietis
678 2200 686 2213 ‚
699 2180 782 2220 quod
791 2200 800 2214 ‚
813 2179 886 2210 cum
897 2180 932 2210 ad
943 2181 973 2210 id
985 2182 1043 2211 loci
1052 2191 1143 2210 vene-

186 2229 222 2250 ro
234 2239 242 2253 ,
253 2219 408 2251 ostendam
420 2241 428 2254 ‚
443 2223 518 2252 hanc
526 2223 687 2252 Palatinam
700 2222 839 2251 Medeam
851 2242 862 2255 ,
871 2224 1144 2263 migrationemque

185 2262 258 2291 huic
270 2261 450 2292 adolescenti
463 2263 578 2293 causam
593 2262 652 2293 five
667 2263 817 2293 malorum
831 2266 973 2293 omnium
987 2286 995 2298 ,
1016 2263 1074 2294 sive
1088 2274 1143 2304 po-

186 2304 246 2333 tius
255 2303 432 2334 sermonum
442 2303 540 2334 fuisse.
563 2305 770 2346 Qamobiem
784 2305 838 2334 illa
849 2325 857 2337 ,
872 2315 937 2345 quae
947 2315 984 2335 ex
995 2307 1143 2336 accusato-

185 2354 254 2374 rum
265 2348 399 2375 oratione
408 2348 652 2386 pi‘aemunirijam
663 2366 672 2380 ,
686 2346 717 2375 &
727 2345 799 2386 fingi
811 2347 1017 2388 intelligebam
1029 2368 1037 2380 ‚
1050 2347 1142 2377 fretus

186 2385 281 2416 vestra
291 2387 448 2426 prudentia
458 2408 471 2420 ,
479 2387 596 2427 judices
605 2397 695 2421 „non
705 2387 896 2427 pertimesco.
919 2389 1141 2425 Aiebant*enim

185 2426 252 2458 fore
261 2427 365 2458 testem
377 2429 542 2459 senatorem
555 2449 563 2463 ‚
576 2431 627 2470 qui
641 2430 670 2459 se
679 2428 844 2469 pontificiis
852 2430 1144 2470 comitiispm‘fiztum

185 2468 203 2499 ὲ
214 2469 312 2499 coelio
321 2469 443 2500 diceret.
466 2469 552 2511 aquo
562 2481 690 2512 quaeram
703 2491 710 2504 ,
731 2470 752 2500 fi
763 2471 906 2511 prodierit
918 2481 922 2500 :
944 2472 1080 2511 primum
1092 2480 1144 2502 cur

187 2509 286 2540 statim
297 2512 373 2540 nihil
383 2514 472 2553 egerit
484 2523 490 2542 :
504 2513 614 2543 deinde
625 2533 633 2547 ,
646 2511 708 2542 si-id
719 2514 821 2552 queri,
834 2512 923 2553 quam
934 2523 1018 2552 agere
1028 2514 1144 2543 malue-

187 2554 243 2585 rit,
264 2562 315 2581 cur
326 2553 490 2591 produ&us
502 2554 518 2584 a
532 2555 620 2584 vobis
634 2553 756 2594 potius,
777 2555 867 2594 quam
884 2555 946 2593 ipse
958 2565 1010 2594 per
1024 2556 1069 2585 se:
1089 2566 1144 2585 cur

186 2602 269 2624 tanto
279 2592 346 2634 post
352 2594 454 2634 potius
462 2615 470 2629 ‚
485 2595 576 2636 quam
585 2594 747 2630 continuo,
757 2597 839 2636 queri
850 2596 998 2626 maluerit.
1022 2599 1052 2627 Si
1065 2597 1143 2627 mihi

224 2707 248 2724 1.
268 2703 295 2725 ln
305 2708 347 2733 qne
357 2708 401 2724 mm
419 2699 480 2724 morib
491 2702 576 2725 crimen
593 2710 637 2725 non
647 2700 775 2733 liutran]
800 2697 935 2725 Affeverat
945 2698 1090 2726 Lambinus
1102 2699 1136 2726 li·
1162 2720 1163 2724 ,

1162 2754 1163 2758 =
1181 2738 1279 2773 poterit
1291 2737 1361 2762 enirn
1377 2736 1506 2770 intelligi,
1518 2734 1605 2760 rivalis
1617 2734 1698 2759 (Joel'ii
1709 2734 1734 2760 iii
1747 2733 1882 2759 Clodium.

186 2734 245 2760 bros
257 2743 358 2761 veteres
369 2744 460 2761 omnes
470 2735 562 2761 habere
572 2745 616 2761 non
625 2737 759 2761 inea-rebar.
779 2742 806 2761 at
823 2744 873 2770 ego
883 2743 974 2762 contra
986 2736 1066 2762 testor
1078 2736 1137 2763 nul-

188 2769 243 2796 lum
262 2773 277 2796 *e
296 2771 422 2797 Palatinis
441 2771 508 2796 illud
528 2771 633 2797 firmare
651 2779 825 2806 praeterquam
846 2771 968 2797 tertium.
989 2772 1016 2796 &
1032 2779 1135 2798 tantum

183 2805 254 2832 abest
264 2814 293 2832 ut
303 2807 340 2832 ita
349 2806 403 2842 legi
413 2806 507 2833 debeat
517 2827 525 2838 ‚
547 2815 575 2833 ut
586 2808 668 2843 palam
680 2808 728 2833 stet
742 2816 782 2842 pr<
799 2807 880 2833 altera
891 2807 1017 2843 scriptura
1028 2808 1135 2833 Tullius

181 2850 230 2876 pro
240 2841 371 2868 Coruo-‘do
382 2852 436 2878 cap.
448 2843 475 2868 6.
493 2846 570 2876 potet?
578 2845 616 2868 hoc
624 2845 664 2869 hoc
673 2845 759 2869 homini
768 2845 821 2868 huic
830 2845 1039 2876 haercrcpeccamm
1051 2848 1061 2870 ἓ
1072 2843 1136 2870 item

182 2877 239 2904 heic
249 2877 319 2904 iufra
331 2887 386 2914 cap.
397 2887 431 2914 23
456 2882 604 2912 ›rumpe-tivit
616 2883 625 2899 ?
644 2889 672 2904 ne
682 2882 769 2904 crimen
778 2882 872 2905 haereret
883 2883 894 2904 ,2

217 2921 245 2939 2.
264 2918 348 2939 ‘Tamm
358 2915 504 2948 effcyifiriodi
515 2915 653 2949 cupidinis]
678 2916 753 2940 Prius
767 2923 823 2941 etat
842 2916 948 2948 cupidus.
969 2913 1088 2951 supposui
1098 2914 1138 2940 al-

182 2954 270 2974 terum
281 2952 294 2974 t:
305 2950 486 2976 Gembiacenli
499 2960 506 2980 ·‚
526 2953 588 2976 cum
601 2951 799 2984 nihiljuvarent
811 2950 878 2976 Pall.

220 2991 246 3017 3.
265 2987 293 3008 ln
302 2984 402 3010 edicatis
420 2987 536 3020 habram]
559 2986 662 3014 Placuit
681 2987 830 3013 Gulielmio
843 2988 914 3012 habet
925 3006 933 3019 ,
952 2985 1023 3022 quod
1043 2985 1138 3012 alicubi

182 3017 295 3052 legitur,
306 3021 413 3055 antique
425 3030 472 3056 pro
482 3024 587 3048 habim.
753 3039 759 3044 -

219 3061 245 3085 4.
269 3057 310 3079 Sin
320 3062 396 3080 aurem
405 3059 440 3081 ef!
451 3059 557 3089 rivulm,
569 3060 701 3091 arttssftm,
712 3058 779 3091 ἀνα]
792 3059 832 3084 lta
844 3057 912 3084 Pall.
924 3058 1002 3084 nostri
1015 3058 1041 3083 St
1055 3059 1080 3083 S.
1093 3059 1141 3083 Vi-

181 3088 276 3128 &oi-is,
287 3098 336 3115 non
347 3097 376 3115 ut
387 3090 463 3117 hodie
472 3092 523 3118 cusi
536 3111 544 3124 ‚
562 3100 590 3117 ut
601 3095 705 3118 rivulus.
728 3103 786 3120 iiam
798 3095 935 3129 antiquior
946 3093 1028 3119 editio
1041 3113 1048 3124 ‚
1067 3103 1095 3119 cx
1106 3097 1141 3118 ri-

179 3126 253 3149 vulis.
280 3126 418 3164 Ceterum,
428 3126 557 3154 indicavit
568 3128 708 3154 Turnebus
719 3129 768 3155 lib.
780 3139 879 3155 xxvaii.
900 3129 1013 3156 Adi-cri.
1025 3138 1081 3163 cap.
1094 3137 1140 3164 23.

182 3160 318 3187 Dori-itum
330 3169 357 3187 m
368 3161 489 3190 Terentii
503 3163 630 3191 Eunucho
640 3163 727 3192 isthaec
738 3164 845 3194 laudare
854 3164 915 3193 assiu
928 3174 953 3191 r.
964 3165 1038 3192 (cena
1048 3165 1074 3191 S.
1094 3165 1141 3192 liae

1517 371 1525 384 ‚
1545 349 1689 381 arceffitus
1699 371 1707 385 ‚
1730 351 1762 380 &
1772 349 1878 380 ducTtus
1888 347 1924 378 ab
1933 347 1998 386 ipso
2007 347 2101 385 capite
2110 354 2159 374 ac·

1205 391 1366 420 cusationis
1381 391 1484 421 vestrae
1506 403 1511 420 2
1534 393 1675 426 laerabor,
1694 391 1767 422 cum
1786 400 1865 421 tanta
1882 391 1989 431 gratia,
2011 387 2158 427 tantisque

1203 431 1311 469 opibus
1328 433 1472 462 accusatio
1490 433 1584 464 vestra
1602 437 1733 467 nitatur,
1754 442 1850 463 unum
1868 433 2036 462 senatorem
2056 428 2155 458 solum

1205 471 1261 501 efle
1270 491 1278 504 ,
1289 475 1341 511 qui
1352 473 1438 502 vobis
1449 474 1603 513 gratificari
1615 475 1723 507 vellet,
1737 477 1907 504 inventum.
1929 475 1995 502 Nec
2004 479 2105 500 tamen
2117 469 2157 498 il-

1180 519 1184 531 ·
1202 513 1254 543 lud
1273 520 1365 554 genus
1383 515 1509 543 alterum
1528 515 1748 546 nofiuirnorum
1767 516 1887 546 testium
1900 513 2090 554 pertimesco.
2112 509 2155 541 est

1203 557 1287 584 essim
1299 554 1416 584 difhlm
1425 555 1460 584 ab
1470 557 1530 585 illsss
1542 576 1550 589 ,
1567 557 1630 586 fore
1640 559 1691 598 qui
1701 558 1834 588 dicerent
1843 577 1852 590 ‚
1862 565 1972 586 uxores
1983 555 2046 584 suas
2056 553 2073 583 a
2081 562 2155 584 cena

1202 596 1388 629 redeunteis‚
1409 596 1576 625 attrectata<
1593 597 1650 628 effe
1668 599 1684 629 a
1697 601 1804 629 Coelio.
1829 601 1940 628 Graves
1954 596 2154 626 erunt'nomi-

1204 647 1257 666 nes
1268 657 1276 670 ‚
1292 639 1364 677 5qui
1374 639 1431 667 hoc
1439 638 1524 673 iurati
1533 638 1630 668 dicere
1641 640 1809 670 audebunt:
1825 640 1894 670 cum
1906 638 1940 668 sit
1949 640 1994 668 his
2004 635 2154 667 confiten-

1178 691 1181 699 ι
1200 678 1275 708 dum
1288 698 1296 711 ,
1317 688 1484 719 numquam
1496 680 1523 708 se
1535 699 1543 712 ‚
1563 690 1600 708 ne
1610 681 1764 721 congrefl'u
1774 682 1898 722 quidem
1908 701 1917 714 ‚
1938 680 1970 710 &
1988 676 2154 709 constituto

1197 763 1349 802 gnationis
1362 763 1451 800 hujus
1463 782 1475 794 ,.
1489 762 1607 800 judices
1620 783 1629 796 ‚
1648 763 1680 792 &
1699 764 1758 795 iam
1776 764 1942 802 prospicitis
1954 763 2064 792 animis
2075 781 2083 794 ‚
2105 762 2138 791 δε

1199 802 1270 832 σξη-η
1286 803 1430 833 inferetur
1440 824 1448 836 ‚
1470 805 1640 843 propulsare
1651 805 1807 834 debebitis.
1832 815 1894 834 non
1904 806 1987 833 enim
1997 804 2033 833 ab
2043 803 2151 833 iisdem

1197 845 1346 875 accusatur
1356 847 1400 874 M.
1411 846 1543 878 Caelius,
1561 847 1576 874 a
1590 845 1699 886 quibus
1713 855 1907 887 oppugnatur.
1931 846 2026 885 palam
2038 846 2070 874 in
2080 854 2151 874 eum

1199 887 1427 925 telajaciuntur,
1441 882 1775 929 ciamfublministrantm.
1801 890 1908 926 Neque
1918 887 1947 916 id
1956 896 2011 926 ego
2021 886 2089 915 dico
2098 906 2106 918 ,
2119 894 2151 915 ut

1198 928 1385 958 invidiosum
1395 926 1429 958 fit
1438 930 1469 957 in
1481 938 1531 958 eos
1543 948 1550 961 ,
1565 929 1676 970 quibus
1686 930 1853 970 gloriosum
1865 930 1921 957 hoc
1931 930 2020 957 etiam
2031 926 2089 957 esse
2099 927 2152 956 de-

1198 969 1258 999 bet.
1281 969 1449 1011 funguntur
1458 969 1578 1000 officio:
1599 970 1766 1001 defendunt
1776 972 1859 1001 suos:
1878 968 2083 1009 faciuntquod
2093 970 2152 998 viri

1197 1010 1349 1041 fortiffimi
1360 1012 1468 1042 solent.
1492 1010 1550 1042 laefi
1559 1012 1680 1046 dolent,
1695 1015 1760 1043 irati
1770 1011 1953 1045 efferuntur,
1968 1019 2100 1050 pugnant
2110 1011 2153 1039 la-

1196 1051 1296 1083 ceffiti.
1321 1053 1370 1083 sed
1386 1053 1489 1083 vestrae
1507 1054 1655 1094 sapientia:
1674 1064 1774 1085 tamen
1792 1053 1850 1086 est,
1870 1053 2006 1093 judices,
2028 1061 2090 1081 non
2102 1071 2110 1083 ,
2130 1050 2151 1081 fi

1195 1095 1278 1125 causi
1287 1094 1364 1134 justa
1378 1094 1419 1125 est
1429 1097 1500 1125 viris
1510 1095 1637 1126 fortibus
1649 1096 1842 1139 oppugnandi
1854 1098 1896 1124 M.
1907 1094 2038 1125 Coelium
2051 1113 2059 1126 ,
2080 1093 2149 1122 ideo

1196 1137 1284 1166 vobis
1293 1147 1412 1177 quoque
1424 1147 1479 1167 vos
1490 1138 1605 1167 causam
1620 1148 1720 1178 putare
1737 1137 1794 1168 eli'e
1810 1149 1815 1175 1
1820 1136 1916 1173 ustam
1934 1136 2035 1165 alieno
2051 1134 2151 1164 dolori

1195 1177 1316 1217 potius,
1334 1189 1424 1219 quam
1441 1178 1544 1208 vestrae
1565 1178 1633 1209 fidei
1650 1179 1834 1210 consulendi.
1858 1181 1931 1220 Qae
1941 1176 1975 1207 sit
1984 1175 2150 1206 multitudo

1195 1222 1230 1249 in
1238 1219 1307 1249 foro
1318 1240 1326 1254 ‚
1345 1230 1410 1260 quae
1419 1230 1524 1260 genera
1535 1240 1543 1253 2
1564 1231 1629 1262 quae
1639 1221 1734 1252 studia
1744 1242 1753 1255 ,
1765 1232 1830 1262 quae
1841 1223 1962 1250 varietas
1972 1220 2148 1251 hominurn,

1194 1261 1314 1291 videtis.
1337 1272 1375 1291 ex
1392 1263 1445 1291 hac
1463 1264 1548 1302 copia
1567 1273 1656 1303 quam
1675 1264 1788 1293 multos
1801 1261 1858 1292 ess'e
1873 1261 2077 1293 arbitramini,
2097 1261 2152 1300 qui

1172 1302 1175 1325 ἕ
1194 1303 1374 1332 hominibus
1392 1305 1563 1342 potentibus
1580 1325 1597 1337 ,-
1611 1303 1761 1346 gratiosis,
1785 1304 1898 1334 disertis
1916 1323 1925 1338 ‚
1946 1302 2017 1333 curn
2036 1300 2149 1342 aliquid

1196 1354 1247 1373 eos
1257 1345 1335 1374 velle
1347 1344 1526 1375 arbitrentur
1537 1366 1544 1379 ‚
1560 1345 1669 1386 utrrbse
1679 1346 1772 1386 offerre
1781 1347 1915 1378 soleant,
1928 1354 2050 1384 operam
2060 1352 2151 1373 nava-

1195 1396 1225 1415 re
1235 1406 1243 1419 ‚
1265 1386 1476 1416 testimonium
1495 1388 1630 1427 polliceri
1642 1396 1651 1421 ἒ
1675 1383 1744 1418 Hoc
1755 1398 1792 1418 ex
1801 1397 1908 1429 genere
1918 1385 1938 1415 fi
1948 1385 2038 1426 quise
2050 1387 2081 1414 in
2092 1385 2151 1414 hoc

1191 1428 1343 1466 judicium
1352 1428 1429 1458 forte
1438 1431 1814 1469 projecerint:excluditote
1824 1438 1930 1459 corum
1942 1426 2148 1466 cupiditatem,

1192 1469 1307 1508 judices
1316 1490 1329 1503 ,-
1346 1471 1485 1509 sapientia
1494 1471 1588 1502 vestra
1601 1483 1606 1500 ε
1628 1482 1659 1502 ut
1669 1473 1776 1502 eodem
1788 1480 1924 1510 ternpore
1934 1470 1965 1498 δε
1975 1468 2064 1507 hujus
2074 1467 2152 1497 salu-

1172 1520 1174 1534 Ι
1195 1514 1217 1541 ti
1228 1532 1235 1544 ‚
1251 1511 1282 1540 8<
1293 1512 1434 1553 religioni
1443 1511 1555 1547 vestrae,
1568 1514 1600 1543 ὃς
1609 1523 1711 1544 contra
1719 1510 2150 1554 periculosiffimasbominum

1172 1567 1174 1573 ¹
1191 1555 1340 1592 potentias
1359 1553 1530 1584 conditioni
1545 1557 1686 1585 omnium
1701 1558 1817 1585 civium
1830 1551 1992 1594 providifle
2003 1551 2150 1580 videami—

1194 1597 1240 1624 ni.
1263 1595 1414 1635 Equidem
1427 1605 1481 1625 vos
1491 1596 1635 1626 abducam
1647 1597 1663 1626 a
1673 1596 1796 1627 testibus
1808 1607 1814 1625 2
1833 1605 1929 1635 neque
1943 1594 2032 1633 hujus
2044 1591 2151 1631 judicii

1192 1637 1348 1667 veritatem
1361 1657 1369 1670 ‚
1381 1647 1445 1677 quae
1456 1640 1563 1667 mutari
1574 1639 1660 1668 nullo
1671 1638 1766 1668 modo
1775 1636 1882 1678 potest,
1896 1636 2094 1666 inuoluntate
2104 1642 2149 1663 te-

1192 1678 1283 1708 stium
1294 1679 1434 1709 collocari
1448 1678 1559 1709 finam:
1579 1678 1595 1700 ⁶
1604 1690 1668 1721 quae
1678 1679 1824 1710 facillime
1838 1678 1910 1719 fingi
1924 1699 1932 1711 ,
1954 1677 2042 1706 nullo
2052 1685 2149 1717 nego—

1190 1723 1233 1750 tio
1245 1719 1326 1750 fletffti
1338 1741 1346 1755 ,
1363 1731 1394 1751 ac
1402 1721 1571 1763 detorqueri
1582 1721 1688 1763 potest.
1711 1723 1895 1762 argumentis
1905 1728 2024 1762 agemus
2037 1728 2042 1747 :
2061 1716 2149 1758 signis

1193 1765 1281 1793 omni
1299 1763 1366 1793 luce
1381 1764 1557 1794 clarioribus
1578 1766 1707 1794 crimina
1727 1763 1913 1794 refellemus.
1942 1771 1989 1790 res
2011 1769 2082 1790 cum
2104 1769 2145 1792 re,

1190 1805 1274 1835 causa
1284 1815 1355 1835 curn
1365 1816 1415 1835 cau
1421 1806 1447 1836 sa
1455 1826 1464 1839 ,
1475 1808 1550 1836 ratio
1558 1817 1628 1836 cum
1640 1808 1754 1836 ratione
1763 1805 1907 1846 pugnabit
1949 1805 2050 1842 Itaque
2059 1801 2141 1830 illam

1189 1856 1302 1886 partem
1313 1841 1403 1877 cau'sae
1413 1847 1501 1877 facile
1515 1849 1612 1887 patior
1623 1850 1766 1888 graviter,
1788 1847 1820 1877 &
1838 1844 1941 1875 ornate
1957 1844 1972 1874 a
1992 1846 2035 1872 M.
2048 1841 2147 1873 Crass'o

1191 1887 1248 1918 efl'e
1257 1898 1423 1928 peroratam
1435 1910 1443 1922 ,
1465 1890 1500 1919 de
1511 1890 1707 1919 seditionibus
1721 1888 1929 1928 Neapolitanis
1938 1906 1947 1919 ⁷
1967 1885 2003 1915 de
2013 1886 2147 1914 Alexan-

1190 1930 1347 1960 drinorum
1367 1931 1535 1970 pulsatione
1550 1931 1709 1961 Puteolana
1721 1951 1728 1963 ‚
1751 1930 1787 1960 de
1805 1930 1893 1959 bonis
1905 1927 2000 1958 Pallae.
2024 1926 2144 1956 Vellem

1190 1970 1307 2001 diStum
1319 1970 1389 2001 effet
1399 1972 1434 2001 ab
1445 1972 1552 2001 eodem
1565 1975 1653 2002 etiarn
1667 1972 1702 2001 de
1712 1973 1824 2001 Dione.
1847 1970 1882 2000 de
1896 1979 1957 2010 quo
1967 1968 2032 2008 ipso
2043 1977 2144 1997 tamen

1188 2013 1262 2053 quid
1273 2012 1316 2042 est
1326 2033 1334 2046 ‚
1355 2013 1436 2053 quod
1448 2013 1628 2053 expeCketis:
1648 2013 1728 2053 quod
1741 2015 1766 2042 is
1778 2034 1790 2046 ,
1805 2014 1857 2053 qui
1866 2011 1954 2044 fecit,
1973 2018 2022 2040 aut
2033 2019 2097 2038 non
2108 2010 2146 2038 ti.-

1190 2064 1254 2084 met
1263 2074 1273 2087 ,
1294 2064 1345 2084 aut
1354 2055 1579 2084 etiam-fatetur?
1599 2060 1614 2083 7
1625 2055 1667 2085 est
1677 2057 1760 2084 enim
1773 2064 1839 2084 reus
1851 2074 1858 2087 ,
1878 2055 1930 2093 qui
1944 2052 2034 2091 hujus
2045 2049 2144 2080 dietus

1192 2095 1234 2126 est
1243 2096 1275 2126 &
1284 2096 1401 2134 adjutor
1410 2095 1496 2126 fuiss'e
1507 2117 1520 2130 ⁷
1529 2097 1561 2126 ὃς
1571 2098 1708 2127 conscius
1719 2117 1726 2130 ,
1739 2099 1768 2127 P.
1779 2096 1909 2126 Ascitius
1920 2115 1928 2127 ,
1941 2096 1965 2123 is
1977 2092 2090 2132 judicio
2101 2091 2144 2121 est

1190 2139 1339 2167 liberatus.
1365 2138 1452 2177 Qod
1463 2139 1553 2177 igitur
1565 2138 1606 2168 est
1616 2138 1790 2178 hujusmodi
1800 2139 1928 2169 crimen,
1941 2145 1989 2168 ut,
2006 2136 2059 2175 qui
2067 2143 2144 2164 con-

1186 2178 1285 2213 misit,
1301 2189 1365 2209 non
1376 2189 1478 2221 neget:
1494 2176 1508 2198 S
1516 2182 1566 2220 qui
1577 2183 1693 2220 negavit
1703 2200 1711 2214 ‚
1725 2180 1876 2210 absolutus
1886 2177 1934 2208 sit:
1950 2177 1982 2207 id
1993 2177 2042 2205 hic
2052 2177 2144 2215 perti.-

1188 2222 1297 2251 mescat
1307 2242 1327 2254 ,ἡ
1336 2223 1388 2261 qui
1400 2231 1464 2251 non
1475 2221 1570 2251 modo
1580 2221 1595 2251 a
1605 2221 1684 2252 fafito
1695 2242 1703 2255 ,
1722 2220 1828 2252 verum
1841 2222 1930 2250 etiam
1947 2218 1962 2248 a
1978 2218 2143 2257 confitentia

1188 2264 1355 2303 suspicione
1369 2262 1482 2292 abfuit?
1505 2264 1538 2293 ὃς
1549 2283 1557 2296 ,
1578 2261 1598 2292 fi
1610 2264 1722 2294 Ascitio
1733 2263 1815 2294 causa
1824 2263 1890 2302 plus
1900 2260 2033 2301 profuit,
2050 2267 2141 2299 quam

1188 2309 1293 2334 nocuit
1302 2304 1416 2334 invidia
1426 2324 1434 2337 ‚
1453 2305 1524 2334 huic
1542 2305 1638 2334 oberit
1657 2315 1742 2334 tuum
1759 2303 1953 2334 maledi&um
1966 2323 1975 2335 ‚
1996 2303 2048 2342 qui
2059 2300 2144 2330 istius

1188 2346 1259 2376 faffi
1270 2356 1335 2375 non
1348 2345 1443 2375 modo
1458 2347 1622 2386 suspicione
1634 2367 1642 2380 ‚
1665 2347 1711 2376 sed
1724 2357 1761 2376 ne
1771 2345 1895 2376 infarri-ia
1905 2345 2030 2385 quidem
2040 2341 2082 2386 est
2093 2342 2144 2371 ad-

1189 2388 1299 2427 spersus
1311 2388 1320 2413 ἓ
1334 2391 1373 2417 At
1383 2390 1622 2427 praevaricatione
1634 2388 1675 2418 est
1686 2389 1813 2418 Ascitius
1824 2387 1975 2417 liberatus.
2000 2384 2142 2414 Peiiacile

1166 2433 1167 2438 ¹
1190 2429 1235 2459 est
1247 2429 1295 2459 isti
1310 2429 1378 2459 loco
1394 2430 1590 2469 respondere,
1611 2431 1685 2460 mihi
1700 2430 1880 2470 praesertim‚
1900 2428 1914 2457 a
1927 2437 1987 2468 quo
1999 2427 2050 2455 illa
2060 2425 2144 2455 causti

1189 2471 1310 2501 defensa
1331 2470 1383 2500 est.
1408 2471 1464 2501 Sed
1475 2472 1586 2501 Coelius
1597 2474 1741 2511 optimam
1754 2471 1868 2500 causam
1881 2470 1981 2499 Ascitii
1994 2465 2050 2496 effe
2063 2466 2143 2496 arbi-

1189 2522 1295 2543 tratur:
1317 2513 1486 2548 c-uiusmodi
1500 2522 1599 2543 autem
1616 2512 1667 2546 sit,
1692 2513 1707 2543 a
1726 2513 1774 2542 sua
1790 2521 1870 2551 putat
1887 2509 1943 2539 esl'c
1958 2507 2140 2549 stupentium-.-

1190 2565 1287 2595 neque
1300 2554 1399 2584 solum
1412 2555 1524 2584 Coelius
1535 2575 1542 2586 ‚
1555 2554 1602 2584 sed
1615 2557 1704 2584 etiam
1715 2554 1913 2583 adolescentes
1923 2548 2141 2583 humanissimi,

1194 2597 1227 2627 &
1245 2594 1426 2629 doffiilimi,
1445 2594 1615 2626 reffiffimis
1633 2595 1762 2629 studiis3
1782 2604 1867 2634 atque
1887 2595 2010 2634 optimis
2028 2591 2140 2662 aigibus

2010 2643 2050 2672 pr·
2091 2642 2140 2666 iti,

1182 2700 1284 2728 forma:
1301 2702 1396 2734 fineri:
1411 2710 1440 2726 cx
1458 2702 1493 2724 iilo
1504 2702 1568 2734 sonet
1588 2699 1682 2724 erraris.
1702 2700 1794 2723 acite:
1814 2703 1844 2722 ut
1863 2695 1936 2722 ludat
1956 2695 1981 2721 in
2001 2694 2137 2730 ambiguo.

1220 2781 1244 2805 5.
1276 2773 1324 2804 §Qi
1340 2774 1378 2798 hoc
1389 2774 1473 2805 jus-ati
1489 2772 1563 2797 ,fin-cre
1581 2770 1718 2803 multane]
1740 2768 1885 2795 Lambinus
1903 2767 2041 2798 andebam,
2060 2767 2088 2793 ὅτ
2107 2766 2140 2793 fic

1181 2809 1321 2843 exemplati·
1335 2810 1362 2833 S.
1375 2808 1434 2832 tici
1444 2828 1447 2832 .
1458 2816 1487 2832 ac
1497 2810 1578 2832 (urnii.
2106 2840 2109 2841 .

1219 2845 1246 2870 6.
1265 2845 1437 2877 Qua-thasiam&
1450 2843 1538 2876 fagil]
1561 2842 1603 2868 Sic
1614 2841 1670 2868 Pal.
1682 2851 1732 2868 non
1744 2840 1792 2867 stc.
1805 2848 1868 2866 tert.
1880 2839 2042 2866 Gulielmius
2053 2839 2141 2865 conii-

1160 2902 1162 2911 ,
1182 2880 1217 2905 cit
1232 2882 1338 2913 confingi.
1359 2878 1427 2914 quod
1441 2889 1490 2904 nou
1505 2874 1580 2903 vilico
1601 2876 1774 2913 curproeferri
1793 2876 1888 2903 debeat
1901 2877 2019 2910 uulgato.
2040 2875 2139 2902 redde-

1161 2917 1162 2920 ’
1182 2923 1270 2951 ceptus
1282 2917 1370 2940 iuerat
1383 2914 1490 2949 vulgato
1501 2915 1580 2946 effingi.

1225 2959 1252 2984 7.
1272 2953 1317 2975 Es?
1334 2954 1395 2975 enim
1414 2961 1467 2974 rem
1485 2952 1526 2983 qni
1544 2951 1613 2982 huj-ts
1631 2949 1707 2974 disrm
1725 2952 1759 2974 eff
1775 2949 1868 2982 afflator
1880 2948 1951 2982 flitffe
1968 2948 1997 2978 5)·
2011 2947 2088 2980 ⁴(eci-‘1³¹
2106 2950 2138 2973 P.

1161 3001 1163 3007 ι
1182 2986 1320 3019 Ascitiun]
1351 2987 1391 3011 lta
1411 2985 1466 3011 fere
1488 2985 1542 3010 Pal.
1563 2995 1645 3011 nouus
1667 3004 1675 3016 ‚
1694 2986 1720 3011 &
1742 2993 1823 3011 ceteri
1837 3004 1844 3015 ,
1863 2983 1909 3010 nisi
1929 2983 2001 3022 quod
2019 2983 2140 3023 plerique

1183 3031 1274 3047 eorum
1288 3041 1295 3051 ‚
1315 3024 1349 3046 ef?
1358 3024 1416 3045 caini
1429 3032 1470 3046 rex
1482 3040 1489 3051 ,
1510 3021 1573 3047 item
1593 3022 1622 3051 ὡ·
1639 3022 1751 3053 corifi-ins.
1771 3020 1812 3047 sed
1832 3029 1916 3055 neque
1935 3022 2101 3045 couletitiuut
2114 3028 2139 3044 ui

1162 3054 1164 3068 ¹
1185 3059 1290 3083 nomine
1302 3057 1426 3083 heminis.
1449 3056 1544 3083 hibent
1560 3057 1628 3083 euim
1639 3057 1734 3090 edsius,
1744 3059 1840 3091 :isi-ius,
1849 3057 1959 3089 Asinius,
1970 3056 2070 3088 Afirim,
2080 3056 2141 3088 Affi-

1185 3097 1245 3118 iim.

1220 3129 1247 3154 8.
1266 3130 1313 3161 Qi
1335 3135 1422 3162 negat,
1442 3129 1621 3163 absilmmsft]
1643 3128 1686 3154 Sic
1697 3127 1764 3155 Pau.
1783 3136 1894 3158 ornnes3
1917 3127 1980 3153 'uem
1991 3126 2056 3152 olim
2067 3124 2139 3153 curm

1163 3196 1165 3202 ,
1190 3164 1345 3200 posteriores
1356 3165 1425 3192 enim
1437 3168 1532 3199 quinon
1541 3171 1619 3197 rugat.

1597 3201 1615 3226 s
1628 3208 1637 3227 t
1650 3209 1659 3226 t
1688 3209 1699 3224 2

2058 3205 2067 3219 τ
2077 3216 2080 3220 ,
2092 3193 2153 3221 esd.

2171 726 2178 734 ι

1199 719 1318 759 coepifl'e
1329 720 1366 749 de
1375 729 1462 750 tantis
1472 721 1592 766 injuriis
1602 724 1742 761 experiri.
1777 723 1832 752 Sed
1844 724 1943 752 totum
1952 730 2045 763 genus
2055 729 2150 760 oppu—
2167 725 2190 755 —)

2170 1810 2211 1833 10
