2360 3400
150 1220 190 1245 21

700 110 794 140 DE

215 174 527 219 tunaque‘versantur:
551 173 591 203 ita
603 171 678 205 ferre
687 193 696 207 ‚
719 183 752 204 ut
762 173 840 204 nihil
850 173 866 205 a
878 174 951 206 statu
963 184 1071 207 naturae
1082 175 1176 207 disce-

219 219 270 249 das
280 239 289 253 ,
301 218 377 248 nihil
387 217 401 246 a
412 216 556 254 dignitate
569 215 707 254 sapientis
720 235 728 249 ,
739 215 852 246 robusti
862 218 956 247 animi
969 217 1011 247 est
1023 237 1031 251 ,
1046 224 1176 259 magnae-

212 258 468 300 queconstantiae.
493 260 565 286 Non
577 257 618 286 est
627 266 725 287 autem
738 258 973 289 consentaneum
988 279 996 292 ,
1017 262 1069 299 qui
1089 268 1174 289 metu
1196 297 1198 308 Δ

217 310 281 331 non
292 299 457 340 frangatur,
477 308 548 328 eum
559 298 653 339 frangi
662 299 820 338 cupiditate
836 310 842 328 :
866 301 938 332 fiee,
958 300 1171 341 quiinviehim

214 342 246 372 >sc
255 342 271 371 a
283 341 383 371 labore
392 340 568 380 praestiterit,
580 342 689 370 vincia
704 343 864 380 voluptate.
889 345 899 361 ¹
912 342 1121 382 Qamobrem
1137 342 1170 372 &

212 383 279 413 δερ
293 383 439 416 videnda;
463 382 495 412 &
509 392 641 422 pectiniae
652 381 791 423 fugienda
807 383 971 422 cupiditas:
996 384 1073 412 nihil
1088 386 1171 412 enim

209 424 260 454 -est
269 433 326 454 tam
339 424 453 463 angusti
464 426 570 457 animi,
580 433 700 464 tamque
710 433 804 463 parvi,
817 426 906 464 quam
919 434 1016 454 amare
1026 424 1165 454 divitias:

214 466 293 496 nihil
304 462 458 496 honestius
469 486 477 498 ,
495 464 807 505 magnificentiusque,
830 466 918 505 quam
929 468 1086 504 pecuniam
1097 475 1171 496 con—

212 516 358 541 temnere,
371 506 388 536 fi
405 518 466 537 non
478 508 597 537 habeas:
621 505 640 535 s:
651 506 754 536 habeas
767 527 774 540 ‚
785 510 799 526 ²
810 512 845 536 ad
858 505 1096 537 beneficientiam
1112 527 1121 541 ,
1134 509 1172 537 li-

212 547 610 589 beralitatemqueconferre.
633 548 770 578 Cavenda
782 548 824 578 est
838 551 927 578 etiam
938 546 1041 589 gloriae
1051 551 1170 589 cupidi-

211 599 265 624 tas,
278 600 310 620 ut
326 592 408 631 supra
419 592 495 620 dixi.
521 592 706 629 Eripitenirn
721 591 886 620 libertatem
899 610 907 623 ,
921 600 973 630 pro
983 601 1040 632 qua
1051 601 1171 632 magna-

214 635 310 663 nimis
321 635 393 662 viris
407 634 510 662 omnis
527 629 681 661 debeteffe
701 641 869 673 contentio.
893 634 958 661 Nec
967 632 1038 661 vero
1050 635 1174 672 imperia

212 674 382 714 expetenda
393 694 400 706 ,
417 677 429 701 ³
441 685 470 703 ac
479 683 579 713 potius
590 682 637 702 aut
647 683 697 703 non
706 674 865 714 accipienda
875 674 1025 703 interdum
1038 695 1046 707 ,
1059 683 1107 704 aut
1118 675 1170 705 de-

213 716 352 756 ponenda
363 725 606 755 nonnumquam.
630 716 803 744 Vacandum
816 724 914 744 autem
927 715 969 744 est
980 717 1171 745 omnianimi

212 756 445 797 perturbatione,
458 766 522 786 tum
533 755 705 795 cupiditate,
718 756 751 785 &
762 765 844 785 metu
857 775 864 788 ,
878 765 940 785 tum
951 758 1040 787 etiam
1052 767 1170 797 aegritu-

212 798 297 832 dine,
310 799 342 828 &
354 798 505 838 voluptate
514 799 609 827 animi
621 817 628 830 ‚
642 797 676 827 δε
688 798 857 830 iracundia,
879 807 911 826 ut
922 799 1121 838 tranquillans
1137 799 1170 828 &

210 840 353 871 securitas
361 838 442 873 adsit,
453 849 518 879 quae
531 837 614 867 affert
623 848 692 867 cum
702 839 898 869 constantiam
916 858 923 871 ‚
941 848 1006 869 tum
1018 842 1106 870 etiam
1121 841 1168 870 di—

208 883 367 922 gnitatem.
390 881 481 909 Multi
492 888 589 908 autem
603 879 636 908 δε
647 879 724 912 sunt,
735 880 767 908 &
776 885 909 912 ruerunt,
921 882 973 920 qui
987 890 1063 914 eam,
1075 891 1167 922 quam

212 923 302 954 dico,
330 921 572 960 tranquillitatem
595 920 786 959 expetente‘s,
806 922 822 950 a
841 923 972 961 negotiis
990 923 1119 961 publicis
1140 924 1168 952 se
1188 927 1190 947 ὲ

1188 966 1190 976 '
1215 976 1260 995 res
1276 967 1398 997 honesta
1410 967 1460 998 sit:
1481 969 1528 998 sed
1549 971 1636 999 etiam
1649 990 1656 1003 ,
1678 980 1711 1000 ut
1725 972 1828 1002 habeat
1842 974 1972 1011 efficiendi
1982 976 2168 1014 facultatem.

210 967 230 990 4
242 963 440 995 removerint,
450 962 483 991 ad
497 962 644 1002 otiumque
653 961 847 1002 perfugerint.
872 965 907 991 ln
920 964 964 992 his
975 964 1007 994 &
1020 963 1166 994 nobilissi-

213 1006 259 1034 mi
275 1004 467 1044 philosophi,
488 1003 636 1043 longeque
656 1013 821 1043 principes,
842 1004 1007 1044 &quidam
1025 1007 1167 1036 homines
1188 1026 1189 1042 i

210 1046 319 1079 severi,
336 1046 368 1075 &
381 1055 492 1086 graves,
509 1048 522 1072 5
535 1054 590 1073 nec
599 1044 702 1084 populi
714 1064 722 1078 ,
734 1055 788 1075 nec
799 1048 968 1085 principum
983 1057 1081 1077 mores
1089 1047 1166 1078 ferre
1188 1053 1189 1066 ³

210 1095 390 1127 potueiunt:
415 1089 615 1126 vixeruntque
626 1087 768 1116 nonnulli
778 1089 809 1117 in
818 1090 894 1127 agris
906 1107 914 1120 ‚
924 1088 1062 1119 deleetati
1073 1100 1103 1119 re
1118 1091 1166 1121 sua

209 1128 365 1159 familiari.
390 1130 446 1158 His
456 1128 536 1157 idem
547 1126 730 1167 propositum
740 1127 799 1157 fuit
809 1149 816 1161 ‚
836 1130 916 1168 quod
928 1131 1048 1171 regibus
1057 1150 1066 1163 ,
1083 1141 1113 1160 ut
1125 1141 1164 1163 ne

210 1181 268 1212 qua
279 1181 307 1200 re
318 1180 453 1211 egerent,
477 1180 513 1199 ne
522 1172 570 1199 cui
581 1179 717 1208 parerent
726 1189 734 1202 ,
754 1169 884 1199 libertate
895 1179 1038 1200 merentur
1046 1183 1059 1199 .·
1079 1172 1165 1213 cujus

209 1214 365 1253 proprium
377 1212 418 1242 est
430 1231 438 1245 ‚
454 1210 491 1242 sic
503 1213 602 1241 vivere
613 1230 622 1244 ,
640 1220 672 1241 ut
683 1212 769 1241 velis.
793 1215 889 1254 Qare
900 1232 908 1246 ,
928 1214 999 1243 cum
1013 1215 1069 1245 hoc
1079 1224 1164 1244 com-

209 1263 304 1284 mune
314 1252 347 1284 fit
356 1254 497 1293 potenti-z
505 1253 684 1292 cupidorum
694 1263 766 1282 cum
777 1256 813 1283 iis
826 1274 833 1287 .
845 1254 926 1293 quod
938 1254 1023 1289 dixi,
1044 1254 1163 1286 otiosis:

206 1295 291 1326 alteri
312 1296 339 1325 se
358 1295 480 1335 adipisci
492 1294 521 1324 id
535 1293 615 1333 posse
625 1295 818 1328 arbitrantur,
843 1295 864 1325 fi
883 1305 954 1335 opes
972 1307 1092 1337 magnas
1108 1300 1162 1328 ha-

209 1337 316 1367 beant:
338 1338 432 1370 alteri,
443 1335 461 1365 si
473 1338 607 1366 contenti
622 1334 678 1366 fint
687 1336 719 1366 &
730 1337 795 1369 suo,
807 1337 839 1366 &
851 1347 953 1377 parvo.
972 1340 1004 1368 in
1015 1349 1076 1379 quo
1088 1349 1164 1369 neu-

207 1387 325 1409 trorum
337 1388 468 1408 omnino
484 1378 708 1408 contemnenda
724 1378 767 1408 est
790 1379 947 1409 sententia:
973 1381 1019 1410 sed
1040 1381 1072 1411 &
1088 1380 1162 1411 faci-

208 1420 278 1454 lior,
296 1421 328 1450 &
338 1429 431 1450 tutior
443 1439 451 1453 ,
469 1419 503 1448 δε
514 1421 615 1448 minus
627 1420 692 1449 aliis
701 1422 796 1459 gravis
806 1439 814 1453 ,
833 1429 882 1450 aut
900 1421 1025 1451 molesta
1046 1424 1106 1453 vita
1119 1422 1161 1453 est

211 1462 378 1491 otiosorum
400 1472 406 1490 :
429 1458 608 1490 fruehiofior
625 1469 724 1489 autem
752 1462 914 1491 hominum
933 1465 1052 1502 generi,
1076 1464 1109 1494 &
1125 1465 1160 1495 ad

205 1503 379 1535 claritatem,
391 1501 683 1541 amplitudinemque
693 1503 787 1541 aptior
795 1506 969 1543 eoi·um,qui
982 1505 1009 1533 se
1019 1505 1054 1534 ad
1065 1514 1160 1545 remp.

206 1544 243 1573 &
252 1544 287 1573 ad
297 1554 342 1573 res
356 1553 477 1584 magnas
486 1543 628 1582 gerendas
636 1543 950 1573 accommodaverunt.
973 1547 1160 1585 Qapropter

206 1585 289 1616 &iis
299 1583 418 1615 forsitan
431 1583 663 1615 concedendum
674 1582 707 1614 fit
718 1604 727 1617 ,
748 1594 841 1623 remp.
857 1594 920 1614 non
931 1585 1157 1625 capessentibus,
1182 1617 1183 1623 ¹

205 1629 258 1668 qui
267 1624 283 1646 ⁶
294 1626 456 1656 excellenti
474 1627 597 1666 ingenio
610 1645 617 1658 ,
630 1624 776 1656 dostn’nae
785 1626 845 1656 sese
855 1626 1048 1657 dediderunt:
1068 1628 1101 1658 &
1111 1631 1157 1663 iis,

179 1677 182 1682 ⁴
206 1667 505 1709 quiautvalitudinis
523 1667 747 1700 imbecillitate,
766 1676 815 1697 aut
825 1668 1065 1709 aliquag1·avi0re
1075 1670 1158 1701 causa

169 1721 172 1724 ·
203 1709 364 1750 impediti,
384 1710 399 1739 a
418 1706 727 1748 repubrecefl'erunt,
748 1708 818 1738 cum
837 1709 900 1747 ejus
918 1710 1157 1742 administrandae

202 1751 380 1791 potestatem
393 1751 469 1783 aliis,
482 1749 661 1790 laudemque
669 1750 878 1780 concederent.
900 1755 914 1778 7
926 1752 1043 1790 Qiibus
1056 1762 1156 1783 autem

204 1793 272 1823 talis
286 1793 369 1823 nulla
381 1791 422 1821 est
431 1792 513 1822 causa
525 1812 533 1824 ,
555 1789 574 1820 fi
585 1791 731 1830 despicere
743 1792 770 1821 se
780 1791 879 1821 dicant
887 1802 918 1822 ea
929 1812 937 1825 ,
949 1803 1015 1832 quae
1023 1794 1158 1835 plerique

202 1837 361 1867 mirentur,
374 1836 498 1873 imperia
507 1853 515 1867 ‚
532 1833 564 1863 &
574 1832 759 1873 magistratus
770 1853 778 1866 ,
791 1835 827 1862 iis
840 1843 902 1863 non
914 1835 1008 1864 modo
1020 1845 1083 1864 non
1094 1837 1157 1866 lau-

203 1876 247 1909 di,
260 1876 365 1906 verum
377 1878 466 1905 etiarn
477 1877 555 1905 vitio
565 1874 697 1904 dandum
708 1884 791 1914 puto.
814 1877 952 1914 Qorum
961 1875 1110 1915 judicium
1123 1879 1156 1907 in

200 1927 249 1951 eo,
259 1918 340 1958 quod
353 1917 477 1957 gloriam
487 1925 683 1947 contemnant
694 1936 701 1949 ,
723 1917 817 1955 &pro
828 1917 926 1946 nihilo
936 1927 1041 1957 putent
1052 1938 1059 1951 ‚
1073 1917 1155 1948 diffi-

198 1955 259 1989 cile
273 1958 351 1989 ta&u
367 1959 408 1988 est
429 1969 491 1988 non
502 1958 639 1998 probare:
667 1957 715 1987 sed
727 1959 866 1988 videntur
880 1959 996 1989 labores
1006 1979 1014 1992 ,
1031 1960 1064 1989 &
1083 1970 1156 1990 mo-

202 2000 300 2031 lestias
313 2020 321 2034 ,
341 1995 356 2019 8
369 2010 432 2030 tum
443 1998 646 2030 offensionum
658 2019 666 2032 ‚
679 2008 743 2028 tum
756 2000 934 2039 repulsarum
948 2020 955 2034 ,
967 1999 1047 2041 quasi
1060 2012 1155 2044 quan-

201 2041 270 2072 dam
285 2043 484 2084 ignominiam
496 2045 613 2074 timere,
627 2041 659 2070 &
668 2040 837 2071 infantam.
860 2044 934 2072 Sunt
944 2045 1026 2072 enim
1038 2063 1046 2076 ,
1059 2045 1111 2084 qui
1123 2054 1155 2073 in

202 2084 289 2114 rebus
297 2086 455 2114 contrariis
466 2093 569 2123 paium
585 2081 638 2113 sibi
657 2082 811 2113 constent:
836 2084 1020 2124 voluptatem
1033 2085 1155 2115 severis-

241 2198 264 2215 1.
283 2191 435 2222 Qamobrem
445 2190 474 2218 ὠ
483 2190 526 2214 haec
534 2189 650 2219 videnda,
663 2188 702 2220 (ἔγ,
712 2187 779 2222 elya]
801 2188 845 2214 Sic
855 2189 894 2215 M.
905 2189 934 2216 P.
947 2190 981 2216 D.
995 2189 1058 2215 item
1071 2189 1157 2216 Palat.

201 2224 284 2260 vulgo
294 2227 405 2257 elidunt
414 2225 530 2249 vitanda.
873 2260 879 2265 ⁹

238 2270 264 2286 2.
283 2260 541 2300 Adbeneficientiam.]
565 2260 643 2287 lta&
657 2260 705 2286 hoc
724 2259 783 2286 loco
795 2259 909 2287 Palatiii.
929 2261 968 2287 &.
988 2261 1030 2287 M.
1043 2262 1073 2287 F.
1093 2270 1156 2298 pro-

204 2296 304 2333 batque
315 2296 486 2322 tiu-ieiunus.

885 97 930 142 (2
963 111 989 141 F
1029 113 1049 142 r
1090 113 1107 143 1
1139 115 1169 144 c
1208 116 1223 146 1
1259 115 1275 145 1
1315 114 1333 145 s

1424 102 1464 147 Ii
1497 116 1515 146 1
1552 116 1592 147 Β.
1680 104 1734 149 L·
2055 123 2174 174 1219

1224 177 1297 209 sime
1307 186 1503 211 contemnant
1514 199 1522 214 ‚
1534 181 1564 210 in
1575 181 1680 213 dolore
1693 180 1932 215 fintmolliores:
1946 185 2073 228 gloriam
2085 188 2179 230 negli-

1222 229 1291 260 gant
1301 240 1310 254 ,
1333 220 1637 263 franganturinfamia
1651 233 1656 252 :
1677 232 1762 266 atque
1774 235 1807 255 ea
1816 227 1939 266 quidem
1952 238 2016 258 non
2028 229 2093 259 satis
2103 239 2178 260 con-

1222 260 1340 292 stanter.
1372 266 1434 293 SED
1451 273 1495 293 us
1507 283 1515 297 ,
1532 266 1585 304 qui
1604 265 1713 296 habent
1729 268 1745 297 a
1767 276 1868 298 natura
1885 270 2058 307 adjumenta
2076 280 2175 302 rerum

1221 304 1415 342 gerendarum
1429 325 1437 338 .
1456 305 1567 343 abjecta
1578 307 1878 344 omnicunetatione‚
1892 314 1907 337 9
1920 311 2101 352 adipiscendi
2112 322 2177 343 ma·

1219 343 1367 384 gistratus,
1379 346 1412 376 &
1420 347 1545 386 gerenda
1555 348 1627 388 resp.
1647 348 1700 379 est.
1714 360 1769 380 nec
1780 353 1864 381 enim
1875 353 1960 383 aliter
1968 363 2017 384 aut
2027 356 2086 395 regi
2096 357 2176 384 civi-

1194 385 1196 399 ⁴
1220 395 1281 419 tam,
1303 387 1498 418 autdeclarai·i
1511 392 1607 418 animi
1627 392 1802 432 magnitudo
1820 394 1925 432 potest.
1948 395 2172 435 Capessentibus

1218 436 1317 457 autem
1330 438 1423 468 remp.
1436 430 1535 460 nihilo
1547 431 1649 461 minus
1660 451 1668 465 ,
1689 434 1780 473 quarn
1796 436 1998 476 philosophis,
2020 437 2099 468 haud
2111 438 2171 468 scio

1217 478 1253 497 an
1267 472 1359 509 magis
1372 473 1460 499 etiam
1477 491 1485 504 ,
1506 472 1539 501 δε
1558 472 1799 512 magnificentia,
1822 476 1854 505 ὃς
1875 477 2068 517 despicientia
2087 479 2173 509 adhi-

1216 509 1312 540 benda
1324 510 1463 541 fitierum
1476 515 1685 548 humanarum,
1697 526 1786 557 quam
1802 518 1873 557 saepe
1886 519 1966 552 dico,
1983 519 2015 550 δε
2028 521 2173 561 tranquil-

1216 552 1281 580 litas
1299 554 1392 581 animi
1403 573 1410 586 ,
1431 563 1516 594 atque
1536 556 1670 586 securitas
1688 568 1692 585 :
1714 556 1734 586 fi
1758 559 1881 599 quidem
1901 570 1955 590 nec
1972 563 2055 591 anxii
2074 561 2166 592 futuri

1217 592 1302 626 sunt,
1318 594 1350 623 δε
1359 603 1428 624 cum
1440 599 1578 635 gravitate
1590 617 1598 629 ‚
1616 598 1840 641 constantiaque
1850 601 1967 631 viEturi.
1992 605 2066 640 Quae
2077 614 2113 633 eo
2124 603 2168 633 fa-

1216 634 1320 665 ciliora
1329 635 1395 665 sunt
1404 637 1591 677 philosophis
1603 658 1611 672 ,
1623 649 1683 680 quo
1695 642 1797 670 minus
1808 643 1899 672 multa
1908 652 2007 682 patent
2019 645 2051 673 in
2063 654 2167 674 eorum

1220 677 1288 709 vita,
1301 686 1366 717 quae
1376 677 1494 708 fortuna
1506 679 1589 709 feriat
1598 699 1605 713 ,
1618 681 1651 710 &
1660 691 1722 722 quo
1735 682 1839 713 minus
1850 686 1955 715 multis
1966 685 2052 715 rebus
2063 695 2169 727 egent:

1218 717 1251 746 &
1261 720 1329 756 quia
1341 738 1349 752 ‚
1369 717 1389 747 si
1403 719 1474 759 quid
1486 720 1594 750 adversi
1608 724 1726 752 eveniat
1737 743 1745 756 ,
1765 733 1825 754 tam
1845 728 1973 766 graviter
1986 726 2087 757 cadere
2106 737 2169 757 non

1216 757 1346 798 pofliint.
1369 762 1515 799 Qiocirca
1533 772 1595 792 non
1607 761 1666 793 sine
1685 766 1768 794 causa
1782 776 1908 805 majores
1929 777 2032 798 motus
2049 771 2171 799 animo-²

1214 810 1282 830 rum
1294 803 1484 831 concitantur
1497 823 1506 836 ‚
1527 806 1556 822 ¹0
1567 806 1736 845 majoraque
1746 806 1903 838 efficienda
1914 830 1921 842 ‚
1935 819 2029 850 remp.
2040 812 2170 851 gerenti-

1217 841 1282 875 bus,
1295 843 1384 883 quam
1399 846 1517 884 quietis.
1539 855 1600 885 quo
1617 855 1709 887 magis
1721 849 1767 876 his
1780 849 1811 877 ὃς
1825 852 2002 890 magnitudo
2021 854 2115 882 animi
2127 851 2168 882 est

1214 883 1392 918 adhibenda,
1406 886 1439 915 &
1450 887 1577 916 vacuitas
1586 886 1621 916 ab
1630 890 1801 928 angoribus.
1817 891 1862 920 Ad
1874 901 1935 920 rem
1947 893 2170 931 gerendam-au*

1215 934 1275 954 tem
1287 928 1339 966 qui
1349 926 1482 961 accedit„
1493 937 1610 961 caveat,
1621 939 1659 958 ne
1670 930 1699 959 id
1711 929 1806 960 modo
1816 931 1980 963 consideret
1990 954 1997 966 ‚
2012 935 2104 974 quam
2118 935 2169 966 illa

1214 1009 1247 1037 in
1264 1018 1326 1048 quo
1339 1010 1408 1050 ipso
1424 1009 1671 1041 considerandum
1687 1012 1747 1046 est,
1769 1023 1806 1043 ne
1825 1025 1874 1044 aut
1894 1019 2007 1046 temere
2026 1017 2167 1057 desperet,

1212 1058 1332 1091 propter
1341 1052 1502 1092 ignaviam:
1514 1062 1563 1082 aut
1574 1055 1668 1082 nimis
1677 1053 1820 1089 confidat,
1830 1066 1951 1096 propter
1959 1058 2165 1098 cupiditatem.

1212 1094 1248 1121 ln
1262 1093 1408 1122 omnibus
1420 1102 1519 1123 autem
1532 1096 1672 1134 negotiis,
1684 1096 1780 1135 prius,
1793 1107 1882 1138 quarn
1892 1100 2069 1140 aggrediare,
2081 1101 2168 1130 adhi-

1187 1133 1189 1143 '
1212 1132 1308 1163 benda
1317 1133 1359 1175 est
1367 1137 1538 1174 praeparatio
1548 1136 1686 1176 diligens.

1253 1176 1310 1205 Sed
1328 1186 1397 1205 cum
1417 1177 1549 1217 plerique
1569 1178 1747 1209 arbitrentur
1765 1189 1811 1209 res
1821 1179 1941 1211 bellicas
1953 1183 2082 1223 majores
2092 1181 2162 1217 effe.

1210 1225 1299 1256 quarn
1322 1218 1465 1248 urbanas:
1498 1220 1664 1250 minuenda
1681 1220 1723 1250 est
1742 1222 1804 1251 haec
1826 1225 1942 1261 opinio.
1967 1225 2057 1254 multi
2079 1227 2163 1255 enim

1210 1257 1288 1288 bella
1301 1259 1374 1299 saepe
1391 1257 1570 1299 quaefierunt
1587 1270 1707 1301 propter
1718 1263 1820 1302 gloriae
1840 1265 2034 1304 cupiditatem
2049 1277 2055 1295 τ
2077 1276 2167 1307 atque

1210 1299 1241 1328 id
1259 1301 1292 1329 in
1307 1304 1425 1340 magnis
1442 1303 1570 1335 animis,
1590 1304 1782 1344 ingeniisque
1798 1304 1976 1347 plerumque
1996 1309 2165 1348 contingit:

1208 1350 1305 1381 eoque
1317 1345 1411 1384 magis
1420 1362 1428 1376 ,
1441 1341 1460 1372 fi
1471 1343 1539 1373 sunt
1548 1345 1583 1374 ad
1595 1354 1657 1374 rem
1670 1346 1832 1376 militarem
1844 1349 1924 1387 apti,
1943 1348 1976 1378 δε
1985 1349 2087 1389 cupidi
2101 1350 2167 1380 bel-

1207 1382 1306 1412 lorum
1317 1384 1610 1424 gerendorumNer&
1619 1395 1717 1416 autem
1729 1386 1749 1416 si
1758 1388 1863 1418 volum
1869 1399 1902 1419 us
1907 1390 1919 1429 j
1923 1390 2160 1424 udicare,mu›ltae

1208 1434 1253 1453 res
1263 1425 1440 1456 exstiterunt
1455 1427 1574 1456 urbanae
1586 1428 1726 1467 majores,
1739 1429 1942 1471 clarioresque,
1954 1431 2046 1472 quam
2056 1431 2166 1462 bediu.

1184 1467 1185 1476 ¹
1208 1467 1355 1507 Qamvis
1367 1470 1449 1497 enim
1460 1468 1759 1508 Themistoclesjuie
1769 1470 1922 1506 laudetur,
1942 1474 1976 1502 δε
1987 1472 2022 1503 fit
2030 1474 2094 1513 ejus
2106 1483 2166 1503 no-

1207 1517 1279 1537 rnen
1291 1527 1300 1541 ‚
1311 1509 1402 1548 quam
1413 1510 1534 1539 Solonis
1545 1529 1554 1542 ,
1567 1510 1733 1548 illustrius,
1756 1514 1922 1553 citcturque
1931 1514 2054 1544 Salamis
2064 1515 2165 1545 claris-

1183 1555 1184 1561 *
1206 1547 1523 1580 simaetestisvifitoiiae
1535 1570 1542 1583 ‚
1554 1561 1620 1591 quae
1628 1553 1958 1591 anteponaturconsilio
1967 1555 2090 1584 Solonis
2102 1575 2110 1589 ,
2122 1558 2161 1589 ei.

1204 1598 1265 1629 quo
1275 1589 1410 1629 primum
1421 1591 1579 1621 constituit
1588 1595 1787 1633 Areopagitas:
1798 1604 1862 1624 non
1873 1594 1977 1624 minsis
1986 1597 2162 1635 praeclarum

1204 1631 1262 1661 hoc
1273 1650 1281 1663 ,
1294 1631 1387 1672 quam
1400 1632 1476 1662 illud
1493 1652 1501 1665 ‚
1521 1632 1718 1672 judicandum
1730 1634 1782 1665 est.
1806 1635 1883 1665 illud
1894 1638 1976 1666 enim
1989 1637 2080 1667 semel
2091 1647 2161 1677 pro-

1181 1675 1183 1679 '
1202 1671 1260 1702 fuit
1271 1692 1279 1706 ,
1291 1673 1349 1703 hoc
1358 1673 1473 1713 semper
1479 1674 1615 1721 proderit
1622 1676 1754 1706 civitati:
1776 1679 1833 1707 boc
1842 1677 1969 1707 consilio
1981 1679 2059 1719 leges
2068 1680 2164 1709 Athe-

1201 1713 1365 1748 niensium,
1380 1716 1437 1745 boc
1448 1725 1596 1755 majorum
1609 1716 1743 1747 instituta
1753 1718 1913 1749 servantur.
1937 1720 2163 1751 EtThemisto-

1201 1755 1260 1785 cles
1270 1756 1393 1795 quidem
1415 1758 1494 1786 nihil
1515 1758 1644 1791 dixerit,
1663 1760 1698 1788 in
1720 1769 1781 1799 quo
1803 1761 1864 1799 ipse
1874 1763 2060 1802 Areopagum
2074 1762 2161 1802 adju-

1202 1798 1296 1826 verit:
1318 1800 1343 1816 ¹¹
1357 1797 1448 1827 atille
1459 1797 1575 1837 adjuvit
1585 1799 1837 1830 Themistoclem.
1869 1801 1921 1831 Est
1941 1805 2024 1832 enim
2044 1804 2159 1835 bellum

1200 1836 1317 1877 gestum
1328 1837 1454 1868 confilio
1465 1839 1580 1869 senatus
1588 1841 1652 1878 ejus
1662 1860 1670 1873 ,
1686 1843 1737 1880 qui
1751 1842 1766 1871 a
1776 1842 1888 1872 Solone
1897 1843 2157 1875 eratconstitutus.

1203 1880 1289 1908 Licet
1298 1879 1400 1909 eadem
1413 1880 1449 1909 de
1459 1881 1608 1914 Pausania,
1622 1882 1834 1924 Lysandroque
1849 1884 1946 1914 dicere
1962 1895 1968 1914 ;
1986 1889 2014 1905 ¹²
2025 1896 2158 1927 quorum

1201 1919 1382 1962 rebusgestis
1401 1930 1582 1963 quamquam
1601 1925 1764 1963 imperium
1776 1925 2015 1957 Lacedaernoniis
2026 1936 2155 1967 putatur,

1202 1971 1302 1991 tamen
1321 1972 1358 1991 ne
1381 1965 1511 1994 minima
1530 1964 1653 2004 quidem
1669 1975 1710 1995 ex
1733 1975 1813 2005 parte
1822 1969 1950 2009 Lycurgi
1970 1969 2101 2010 legibus,
2121 1970 2163 2000 ὅσΑ

1199 2003 1364 2043 disciplinae
1379 2000 1556 2036 conferendi
1574 2007 1650 2036 sunt.
1673 2009 1849 2048 Qinetiam
1861 2009 1900 2039 ob
1911 2010 1962 2039 has
1975 2011 2049 2051 ipsas
2057 2012 2161 2042 causas

1202 2048 1230 2072 ¹3
1243 2045 1275 2074 &
1286 2047 1470 2084 pai-entiores
1481 2048 1646 2078 habuerunt
1662 2051 1814 2079 exercitus
1823 2070 1832 2084 ‚
1858 2050 1891 2080 &
1901 2050 2050 2082 fortiores.
2074 2054 2157 2083 Mihi

1198 2087 1321 2129 quidem
1332 2097 1428 2128 neque
1438 2091 1539 2128 pueris
1553 2089 1642 2119 nobis
1652 2110 1661 2123 ,
1685 2092 1727 2120 M.
1738 2094 1862 2122 Scaurus
1873 2095 1904 2123 C.
1917 2095 2016 2124 Mario
2026 2113 2035 2128 ,
2056 2104 2155 2135 neque

2071 2136 2145 2167 cum

1233 2198 1263 2226 9.
1284 2194 1435 2226 Adipiscendi
1443 2196 1608 2227 magtstraiur,
1617 2196 1764 2229 &gerendffi
1774 2197 1841 2230 ἀγα]
1852 2199 1895 2223 lta
1906 2197 2074 2224 concorditer
2086 2206 2154 2228 vett.

1199 2226 1260 2253 edd.
1272 2229 1298 2253 δε
1312 2229 1380 2254 Pall.
1392 2229 1494 2265 tresque
1505 2234 1519 2256 e
1532 2230 1588 2256 mss'.
1599 2231 1807 2263 Gulielinianis;
1830 2234 1880 2260 fine
1893 2233 1972 2260 verbo
1983 2234 2055 2266 fimt.

1239 2272 1279 2289 10.
1300 2266 1442 2299 Majoraqiic
1460 2267 1605 2301 efficienda]
1632 2267 1747 2294 I'alatin.
1760 2270 1825 2294 ut&
1836 2271 1876 2295 M.
1887 2276 1965 2303 atque
1977 2270 2007 2295 1³.
2026 2270 2154 2302 efficienda.

1197 2299 1360 2326 Gulielmius
1380 2301 1519 2336 repositum
1540 2301 1595 2329 ibat
1613 2312 1646 2329 cx
1666 2306 1700 2330 C.
1720 2305 1747 2329 St
1768 2305 1802 2330 D.
1823 2307 1941 2339 majorque
1958 2306 2153 2345 cura-effijtndi.

237 2341 264 2368 3.
283 2336 317 2358 At
330 2336 410 2365 potius
425 2339 471 2357 aut
480 2340 524 2357 non
533 2332 670 2365 achpienda
687 2332 806 2357 interdum
820 2351 826 2363 ,
846 2339 890 2357 aut
910 2333 1038 2364 reponenda
1046 2343 1155 2359 nonmm-
1175 2343 1177 2356 ι
1197 2344 1255 2361 nam
1267 2334 1406 2363 solicitudo
1417 2337 1500 2372 major
1511 2346 1589 2373 urget
1608 2339 1673 2374 reip.
1693 2339 1859 2367 administros
1873 2361 1880 2373 ,
1901 2341 2158 2376 quanipi·ivatarum'

201 2369 297 2403 gnam]
322 2369 384 2394 Brex
393 2369 432 2393 ius
444 2368 565 2394 Romana
576 2367 661 2393 editio
671 2368 765 2403 prima,
777 2371 889 2400 atpou‘m
898 2377 942 2393 non
951 2371 1100 2401 accipienda,
1110 2377 1155 2394 aur
1174 2357 1176 2409 i

200 2405 331 2436 deponenda
339 2413 515 2437 nonnunquam.
537 2404 575 2429 M.
589 2405 690 2439 reliqua
702 2404 797 2430 retinet
811 2423 817 2434 ‚
829 2403 964 2438 stilumque
975 2403 1096 2430 excludit
1107 2414 1154 2429 vo-

197 2449 254 2465 cem
264 2440 421 2476 postremam
436 2459 444 2471 ,
463 2438 605 2474 scribitque
618 2459 626 2471 ,
645 2447 689 2465 aut
706 2449 750 2465 non
760 2440 900 2472 deponenda.
921 2439 992 2476 quod
1013 2440 1097 2467 nescio
1109 2441 1153 2477 cui

200 2476 316 2502 Politice
328 2475 380 2501 sali·
392 2485 432 2501 uin
446 2475 573 2501 movebit.

233 2519 262 2544 4.
280 2515 428 2537 Removcri'nt
447 2513 481 2536 ad
496 2515 613 2545 ariumque
623 2511 793 2545 perfirgerinr]
818 2510 896 2537 Haud
907 2510 986 2538 :iliter
997 2511 1053 2537 Pal.
1065 2521 1108 2548 pr.
1125 2514 1153 2539 &

199 2547 339 2573 Gulielmii
353 2548 391 2573 M.
404 2548 434 2573 F.
446 2547 478 2572 V.
490 2548 524 2572 D.
537 2549 571 2572 (j.
582 2547 717 2582 editioque
730 2547 849 2573 Romana
860 2548 979 2583 princeps
992 2567 1001 2579 ,
1019 2549 1043 2573 &
1059 2548 1153 2575 vieto-

199 2583 280 2608 riana.
300 2583 343 2609 alii
356 2582 471 2608 maluere
485 2602 493 2614 ,
506 2591 663 2614 removerunt,
674 2585 699 2608 v&
708 2584 871 2616 perfugerant.
883 2583 965 2610 Palat.
977 2592 1104 2619 praetcrca
1113 2583 1152 2611 se-

198 2618 277 2644 cund.
285 2620 448 2651 profirgcrunt.

236 2663 262 2687 5.
283 2658 332 2680 Nec
346 2657 423 2687 sapidi
438 2664 479 2680 nce
495 2656 628 2686 princisum
646 2663 718 2679 mores
730 2655 796 2686 ferre
810 2654 963 2688 potuerunt]
985 2655 1150 2682 Gulielmius

197 2689 281 2724 cjcaa
292 2690 384 2716 ultimi
402 2700 472 2721 .o‹-e,
483 2689 652 2716 substituebat
663 2690 858 2725 Langiaiioruni
871 2689 949 2716 codd.
964 2699 1082 2724 potentes.
1101 2702 1152 2728 ego

196 2734 330 2760 utrunque
342 2727 429 2762 potius
442 2726 599 2752 removerim
613 2745 621 2758 ‚
641 2733 764 2760 tanquam
776 2736 791 2752 a
801 2725 880 2752 stiolo
890 2726 1032 2753 immissum
1045 2747 1053 2760 ‚
1073 2728 1151 2764 igno-

196 2764 344 2795 raiiteferre
360 2762 441 2788 ..alere
454 2764 575 2795 ferebant.

231 2799 260 2824 6.
280 2800 409 2824 Exi-elltmi
416 2801 504 2831 ingenio
515 2817 522 2829 ,
533 2799 641 2823 derinae
650 2797 677 2831 fi
686 2797 848 2832 dediderunt]
871 2798 914 2824 Sic
925 2798 981 2825 rnss‘.
993 2808 1083 2826 omnes
1097 2819 1105 2832 ‚
1118 2801 1150 2827 sic

193 2832 258 2860 edd.
268 2834 434 2865 vetustiores,
445 2835 525 2860 etiam
539 2833 653 2860 ViCtorii
664 2841 742 2869 atque
753 2833 817 2859 Aldi
829 2834 942 2870 nepotis.
963 2834 1095 2871 sequiores
1107 2837 1150 2864 in-

196 2870 325 2903 tei-jecere
335 2871 392 2896 otio
402 2869 593 2905 dofirinmque.

231 2913 260 2939 7.
277 2907 370 2937 dem
379 2914 458 2932 autem
467 2907 523 2932 talis
534 2906 599 2931 nulia
609 2907 641 2931 1:51¹
652 2905 749 2939 causas]
771 2903 829 2931 Mss.
844 2906 870 2931 &
882 2905 994 2941 impreffi
1005 2907 1053 2932 aevi
1065 2907 1149 2941 majo-

1195 2380 1285 2397 reruin
1296 2372 1410 2399 curiosos
1425 2393 1433 2406 ,
1453 2381 1483 2400 ut
1493 2382 1552 2409 quae
1561 2383 1691 2402 conantur
1702 2376 1777 2402 exitu
1796 2384 1888 2412 optato
1898 2375 2102 2403 coiicliidantur.-
2119 2377 2154 2404 {ic

1195 2407 1252 2433 ille.

1235 2452 1275 2470 11»
1294 2447 1342 2472 <At
1359 2446 1395 2470 ille
1413 2446 1509 2480 adjuvit
1525 2447 1715 2481 ⁷7nmistodem.]
1733 2448 1776 2473 Sic
1784 2448 1869 2484 prima
1881 2448 1962 2474 editio
1976 2467 1983 2479 ‚
2003 2448 2152 2483 Moguntiae

1195 2486 1274 2510 nata;
1297 2480 1329 2506 sic
1342 2480 1464 2507 Romana
1477 2500 1484 2513 ,
1503 2483 1563 2507 anni
1577 2492 1719 2509 cccnxxi.
1742 2493 1826 2519 neque
1846 2484 1946 2510 rec-:dit
1957 2484 2092 2510 Palatinus
2103 2494 2152 2511 no-

1194 2515 1244 2541 ster
1255 2515 1300 2541 nisi
1312 2516 1383 2551 quod
1395 2526 1458 2542 voce
1468 2518 1592 2547 aubtiom
1613 2526 1641 2543 at
1650 2520 1685 2543 ille
1694 2520 1749 2544 ver}
1759 2521 1857 2552 adjuvit
1865 2522 1908 2545 Th.
1931 2527 1986 2545 eruit
1997 2520 2023 2546 ln
2037 2520 2149 2547 Palatin.

1193 2550 1244 2577 sec.
1255 2552 1281 2576 &
1294 2552 1335 2577 M.
1346 2560 1371 2578 at
1380 2554 1416 2578 ille
1426 2554 1481 2578 verb
1493 2554 1520 2587 se
1530 2555 1637 2588 adjutum
1646 2555 1689 2580 Th.
1708 2555 1734 2581 iii
1748 2556 1777 2581 F.
1789 2556 1824 2581 D.
1837 2558 1870 2582 C.
1890 2564 1916 2581 at
1929 2557 1963 2581 ille
1972 2565 2056 2580 verimi
2065 2559 2100 2582 cf?
2111 2557 2156 2590 effe*

1194 2589 1230 2620 αιζ
1236 2594 1302 2612 urum
1311 2589 1342 2612 ‘172
1349 2609 1354 2613 .

1234 2632 1275 2649 η.
1294 2630 1397 2649 vitorum
1415 2626 1482 2650 rcbm
1496 2625 1562 2657 gestis
1579 2634 1723 2659 quamquam
1739 2627 1861 2659 Imperium
1879 2628 2058 2653 Lmedxmanii'ae
2075 2634 2149 2660 pum-

1193 2659 1261 2693 tur.]
1283 2660 1323 2685 lta
1334 2660 1434 2686 reolum
1447 2659 1563 2686 arbitror
1574 2680 1582 2692 ‚
1601 2660 1690 2687 deleta
1703 2670 1764 2687 voce
1775 2671 1832 2697 quae
1844 2663 1965 2698 vulgatos
1978 2663 2059 2689 libros
2069 2663 2147 2690 obse-

1193 2694 1233 2721 dit
1246 2715 1253 2727 ,
1273 2697 1401 2721 dilatatum
1418 2708 1426 2727 ‚-
1457 2705 1533 2731 quam
1555 2706 1638 2732 neque
1658 2697 1764 2723 invenio
1783 2699 1808 2724 iii
1830 2699 1870 2724 M.
1890 2705 1936 2724 aut
1956 2700 1990 2724 D.
2012 2699 2041 2724 &
2061 2700 2076 2725 it
2095 2699 2147 2726 suis

1191 2730 1294 2762 abesse,
1313 2732 1437 2766 permulti
1455 2731 1555 2758 dudum
1576 2733 1763 2759 meminerunt.
1784 2738 1895 2765 Pinare,
1913 2734 2039 2761 aestimare
2049 2735 2095 2762 est.
2116 2736 2152 2762 ln*

1192 2768 1300 2793 Verrem
1315 2769 1345 2793 V.
1356 2771 1380 2792 Si
1390 2768 1495 2793 denariis
1504 2777 1590 2795 cccc.
1601 2769 1731 2801 cupidinem
1740 2770 1803 2795 illum
1817 2771 1933 2804 putaffet.
1953 2771 1991 2797 lti
2003 2770 2060 2796 heic
2072 2790 2080 2802 ,
2093 2771 2146 2797 im-

1191 2803 1257 2837 perii
1269 2803 1387 2839 Spartani
1401 2803 1557 2838 magnitudo
1568 2804 1711 2830 :estimatur
1722 2805 1797 2832 rebus
1808 2806 1886 2840 gestis
1899 2804 2000 2842 Lylnnd
2006 2807 2027 2832 ri
2038 2808 2065 2833 St
2076 2807 2145 2833 Pau-

1192 2838 1276 2865 saniae.
1301 2839 1397 2865 Famil.
1417 2839 1498 2874 Epist.
1513 2849 1553 2871 ις.
1573 2843 1647 2865 Natio
1664 2841 1760 2866 hominis
1769 2851 1803 2866 me
1811 2843 1905 2874 impulit
1916 2861 1924 2873 ,
1941 2849 1969 2868 ut
1986 2845 2008 2867 ei
2020 2843 2079 2868 νείΤὲ
2092 2850 2143 2876 pu-

1191 2883 1278 2901 tarem,
1289 2876 1399 2902 Terent.
1410 2875 1539 2909 Adelphis
1553 2886 1558 2901 :
1580 2880 1651 2910 'Nym
1660 2877 1688 2901 id
1697 2878 1744 2908 fibi
1761 2877 1829 2903 laudi
1843 2884 1918 2910 putat
1930 2896 1937 2909 ‚
1944 2880 2050 2912 fifisium
2061 2887 2143 2904 corru-

1186 2914 1248 2942 pciit
1262 2914 1272 2936 ,2
1292 2910 1427 2936 Sallustius
1439 2911 1551 2937 (tatilin.
1561 2910 1593 2937 de
1605 2912 1743 2946 Cethego:
1764 2916 1918 2940 ffllaximum
1928 2915 2009 2938 honum
2026 2915 2146 2939 celeritate

195 2940 232 2966 ris
245 2960 253 2971 ‚
267 2943 393 2974 fitiansii.
414 2941 523 2976 forte-fit
533 2943 616 2974 causa.
639 2941 746 2967 Plautus
758 2942 924 2968 Mercatore:
945 2945 985 2968 Fit
995 2944 1067 2976 causa
1077 2947 1148 2969 viro.-
1187 2947 1302 2977 putabat.
1322 2947 1359 2972 ita
1377 2944 1424 2972 ms.
1443 2946 1573 2974 Gulielin.
1594 2946 1722 2984 habetque
1741 2947 1902 2985 fibiquoque
1919 2947 2038 2976 faventes
2058 2950 2145 2977 Palat.

193 2979 298 3008 exigitur
306 2979 461 3004 matrimvnio.
481 2977 654 3004 Gulielmius.

231 3012 323 3037 &Tum
333 3012 473 3045 offnfioniim
482 3021 531 3038 rum
541 3012 711 3046 repuffiirum]
725 3014 764 3038 M.
774 3014 805 3039 F.
817 3014 880 3039 item
893 3014 1029 3040 Cari-ionis
1041 3014 1087 3040 ins.
1098 3024 1146 3041 nec

191 3057 244 3075 non
259 3048 340 3073 i’ilit.
352 3049 381 3078 (ly
398 3050 561 3080 repensarum3
583 3048 652 3086 quod
674 3048 799 3085 probabat
818 3050 979 3076 Gulielmius
994 3070 1000 3082 ,
1020 3058 1062 3077 tan
1086 3060 1142 3078 uain

191 3092 306 3117 quatuor
317 3090 426 3118 poneret
436 3084 534 3116 caulas,
545 3084 659 3116 labores,
671 3085 800 3112 molestias
814 3105 822 3117 ,
832 3085 997 3120 offensiones,
1009 3061 1122 3123 repuqffis
1134 3097 1142 3119 5

188 3127 250 3155 qua:
260 3118 358 3146 multos
367 3119 536 3148 deterrerent
545 3119 579 3148 ab
588 3119 716 3148 adeundis
727 3121 929 3157 magistratib-is.

1210 2981 1303 3007 ostros.

1191 2990 1206 3008 n
1230 3025 1271 3052 ¹3·
1293 3020 1325 3042 Et
1339 3020 1489 3049 parentiores
1507 3019 1641 3045 hahuerunt
1659 3019 1814 3054 exer-cium]
1837 3020 1879 3046 Est
1901 3021 1915 3046 :i
1936 3020 2049 3047 Palatin.
2068 3028 2098 3047 ut
2116 3022 2145 3048 &⁸

1191 3054 1229 3079 Μ.
1242 3054 1272 3079 F.
1284 3054 1318 3078 D.
1330 3053 1517 3080 Gulielmianis
1530 3073 1538 3086 ,
1557 3054 1717 3091 praefertque
1736 3055 1819 3082 editio
1829 3055 1955 3083 Viftoi-ii.
1975 3057 2032 3082 aliae
2043 3057 2145 3083 malue-

1191 3095 1252 3115 runt
1265 3091 1410 3121 paratiores.
1430 3099 1463 3116 ex
1483 3088 1574 3116 iisdem
1597 3090 1754 3118 membranis
1775 3091 1876 3118 rursum
1897 3092 1983 3119 statim
2003 3093 2054 3118 feci
2070 3094 2145 3125 parri

1137 3136 1141 3140 Α
1188 3125 1323 3159 enimsunt,
1333 3136 1385 3157 (fc.
1395 3125 1534 3162 probatum
1547 3127 1573 3152 &
1585 3126 1712 3155 Turncbo
1722 3127 1894 3156 lib.-xxviu-.
1905 3138 1961 3165 cap.
1973 3136 2018 3164 39.

2023 3172 2044 3191 x.
2057 3164 2145 3189 Attin-

1454 3163 1668 3200 Prppptr2

2186 1185 2231 1216 22
