2360 3400
664 66 1099 112 Conso

158 149 305 193 perculsa,
325 146 471 188 nulloque
488 144 595 178 dolore
614 145 770 178 confeaa:
801 148 980 188 Numquam
1000 148 1112 188 inquit,

157 203 215 235 ego
230 202 281 223 me
292 200 355 221 non
367 188 489 219 felicem
507 188 636 219 dixerim
652 208 661 222 ,
685 199 753 229 quae
764 189 913 218 Gracchos
932 191 1111 228 pepererim.

156 234 268 264 fortem
277 230 350 262 verb
358 230 513 261 faeminam
526 250 535 264 ,
554 230 588 260 &
605 232 703 260 cuivis
714 240 751 260 ex
760 230 907 260 veteribus
918 232 1030 260 mentis
1038 239 1112 270 prae-

153 274 280 307 stantia,
299 283 334 303 ac
355 271 566 314 magnitudine
583 273 680 302 animi
697 271 922 302 conferendam.
946 281 1010 301 non
1026 274 1110 301 enim

155 316 256 346 dolori
267 313 406 345 concessit
419 326 427 348 3
439 314 487 344 sed
501 315 600 354 potius
613 333 621 346 ,
640 313 712 343 cum
732 316 840 343 virtute
856 311 968 343 vicifl'et
980 332 989 347 ‚
1000 312 1112 343 vidirix

155 357 194 387 de
202 357 307 387 dolore
317 357 507 396 triumphum
525 356 594 395 egit.
617 355 706 385 Nihil
716 356 779 394 jam
791 354 940 385 Rutiliam
952 355 1109 388 miremur,

155 408 223 440 quae
237 400 269 428 C.
283 400 402 428 Cottam
423 396 522 427 filium
543 399 574 426 in
585 395 723 426 exfilitim
736 396 831 426 secuta
841 415 850 429 ,
872 394 942 425 cum
954 395 1054 436 postea
1065 405 1110 425 re-

155 440 276 471 versum
286 441 318 470 in
329 441 453 480 patriam
464 436 602 469 amifisset
611 457 620 472 ,
640 448 734 468 nemo
743 447 808 467 eam
818 438 1032 476 lacrymantem
1043 436 1109 476 post

149 482 265 512 elatum
275 481 365 511 funus
385 480 472 511 vidit.
495 482 614 520 parique
633 478 696 509 fato
718 479 825 509 Clodia
844 480 893 509 usa
910 478 971 512 est,
991 488 1056 520 quae
1067 481 1106 507 D.

152 525 278 554 Brutum
305 522 404 552 filium
418 542 426 556 ‚
452 522 638 552 consularem
654 541 662 554 ,
683 530 842 550 mortuum
866 520 1009 559 superstes
1019 519 1106 554 vidit,

151 575 249 606 neque
258 574 359 595 tamen
381 566 445 604 ejus
455 564 575 601 obitum
588 573 650 592 non
661 562 778 592 fortiter
790 582 798 595 ,
826 562 858 592 δε
868 564 992 602 patienti
1003 564 1108 592 animo

150 608 229 637 tulit.
253 616 318 647 quae
336 607 455 635 virtutis
471 615 534 635 non
557 605 687 645 vulgaria
707 606 737 633 in
757 603 890 634 faeminis
900 604 1038 643 exempla
1049 606 1108 633 mi-

151 650 208 680 rari
217 649 325 689 aliquis
340 646 425 686 poffit
437 667 445 680 ,
458 649 509 687 qui
521 647 606 676 sexus
620 646 860 676 imbecillitatem
872 665 880 679 ‚
900 655 932 675 ac
942 645 1107 675 mollitiem

150 691 270 730 cogitet.
292 687 401 718 atvero
412 707 420 721 ‚
433 691 483 728 qui
493 686 657 718 fortiffimis
667 696 780 727 genitas
791 687 960 726 parentibus
972 706 980 720 ‚
997 686 1029 716 &
1045 685 1106 716 for-

149 730 231 761 tibus
243 732 333 760 etiam
347 731 419 762 avis,
433 729 652 769 majoribusque
664 737 817 769 prognatas
826 728 995 758 recordatus
1005 729 1107 761 ruerit,

150 772 295 803 nihiloab
313 773 356 800 eis
376 773 529 800 minorem
538 771 585 800 vel
596 770 784 810 prudentiam
798 789 807 803 ,
826 770 872 800 vel
883 772 976 800 animi
990 771 1106 809 magni-

149 813 288 844 tudinem
300 814 438 853 requirat.
462 811 513 842 Est
523 821 594 852 ergo
607 812 668 841 ulla
678 821 722 840 res
735 813 826 844 tanti,
847 820 895 841 aut
905 812 1106 841 commodum

151 855 251 885 ullum
262 863 322 885 tam
333 853 536 893 expetendum
548 873 556 886 ,
581 862 614 883 ut
624 872 632 886 ,
652 853 706 882 illo
716 851 824 882 amisso
834 873 842 886 ,
864 863 903 882 ne
915 853 1105 892 prudentiam

149 897 274 937 quidem
286 897 467 925 retineamus
480 897 489 924 ἓ
506 904 571 935 qua:
582 893 602 923 si
616 895 675 924 ulla
686 896 717 923 in
730 894 817 924 nobis
829 893 932 924 residet
944 914 953 927 ,
968 904 1024 924 nos
1034 904 1104 934 pro-

147 937 233 969 festo
243 938 292 968 vel
309 939 395 967 avitae
405 956 414 970 ‚
433 936 481 966 vel
492 939 589 976 patria:
601 938 719 966 virtutis
728 935 889 969 admonet,
909 946 964 965 nec
975 936 1011 966 de
1023 937 1105 966 Piso-

147 980 239 1011 nibus
250 999 259 1014 ‚
282 979 378 1010 Fabiis
392 998 401 1012 ‚
424 980 523 1008 Brutis
538 998 546 1011 ,
568 978 717 1008 Marcellis
725 979 888 1018 cogitantes
899 998 907 1011 ,
918 987 993 1022 quos
1003 979 1105 1007 imite-

147 1031 217 1052 mur
228 1021 261 1052 &
271 1020 286 1051 ὲ
295 1021 404 1062 quibus
412 1029 512 1050 ortum
522 1019 665 1050 ducamus
677 1040 684 1052 ,
708 1021 905 1049 immemores
917 1018 973 1049 esse
986 1018 1103 1059 patitur.

148 1066 271 1094 Horum
296 1065 380 1092 enim
398 1064 490 1092 armis
511 1063 632 1101 imperii
645 1059 719 1091 fines
729 1060 866 1100 produffi
878 1061 963 1091 sunt:
989 1062 1100 1090 horum

145 1105 288 1146 sanguine
296 1113 375 1144 parta
386 1124 395 1137 ,
405 1114 437 1134 ac
446 1103 572 1134 stabilita
582 1102 716 1132 libertas:
730 1105 839 1132 horum
850 1102 979 1143 denique
989 1102 1101 1136 labore,

144 1157 177 1178 ac
189 1147 288 1177 studio
307 1146 379 1186 resp.
403 1145 437 1176 ad
448 1154 558 1175 tantam
569 1143 705 1184 pervenit
714 1143 771 1173 five
783 1144 896 1174 bellicae
908 1143 1002 1174 laudis
1013 1164 1022 1178 ,
1042 1142 1102 1174 five

147 1188 320 1219 domesticae
339 1189 460 1218 virtutis
476 1187 617 1227 gloriam.
652 1195 782 1226 quorum
803 1188 836 1215 in
855 1185 975 1226 vestigia
992 1185 1101 1225 pedem

145 1239 261 1271 ponere
270 1238 399 1269 oportet,
412 1231 464 1269 qui
480 1228 665 1258 laudabiliter
675 1229 773 1257 vivere
783 1247 791 1259 ,
803 1229 915 1268 quique
926 1226 1058 1258 honestis
1068 1229 1100 1257 in

144 1271 319 1302 aaronibus
335 1272 464 1301 exerceri
481 1271 590 1300 volunt
599 1290 606 1303 ‚
630 1279 685 1299 nec
704 1270 767 1299 ullo
777 1271 889 1299 mentis
898 1279 995 1299 errore
1005 1269 1041 1299 ad
1051 1270 1098 1298 ni·

145 1323 246 1344 mium
260 1313 399 1343 dolorem
411 1333 420 1345 ‚
441 1322 527 1353 atque
548 1312 693 1341 insaniam
714 1311 834 1341 traduci.
860 1313 1101 1341 NominaVimus

143 1364 288 1386 excernos
311 1364 435 1394 magnos
445 1373 453 1387 ‚
472 1353 623 1393 clarosque
634 1355 730 1382 viros:
750 1353 930 1393 collegimus
943 1351 978 1382 de
990 1352 1099 1382 nostris

142 1397 314 1437 plurimos,
333 1396 444 1436 quibus
465 1397 572 1424 mortis
591 1394 689 1424 sensus
701 1403 763 1423 non
776 1393 871 1424 modo
883 1396 1030 1434 ingratus,
1050 1393 1098 1424 sed

142 1440 234 1469 etiam
254 1447 372 1478 optatus
385 1456 394 1470 ‚
414 1437 447 1466 &
464 1435 617 1474 jucundus
635 1437 752 1465 accidit.
783 1435 935 1468 Adri-atur,
955 1434 976 1464 fi
996 1437 1099 1475 placet,

143 1489 236 1510 etiam
248 1481 453 1510 Theramenes
464 1497 473 1510 ,
487 1487 539 1517 qui
548 1486 668 1506 veneno
679 1485 769 1514 epoto
784 1495 792 1509 ‚
816 1486 952 1506 maxima
965 1479 1101 1516 aequitate

142 1523 258 1554 animi,
277 1520 384 1550 ludens
399 1520 434 1548 in
451 1528 568 1550 morte,
587 1516 667 1558 quod
688 1526 748 1546 erat
764 1526 796 1546 in
815 1517 926 1556 poculo
936 1518 1098 1557 reliquum,

141 1564 243 1593 Critiae
261 1562 439 1602 propinavit.
462 1563 540 1602 Ergo
558 1559 610 1588 ille
631 1560 664 1588 in
685 1558 735 1588 sua
756 1567 853 1588 morte
868 1560 911 1588 vir
923 1558 1018 1588 clarus
1031 1579 1039 1592 ,
1065 1559 1099 1589 &

140 1605 257 1644 sapiens
266 1602 404 1633 ludebat:
425 1612 481 1632 nos
491 1604 523 1631 in
535 1599 668 1630 filiorum
680 1619 688 1633 ,
699 1610 749 1630 au:
758 1597 897 1630 affinium
909 1609 1007 1630 morte
1016 1600 1099 1641 luge-

139 1645 264 1678 bimus?
287 1644 320 1674 δε
329 1653 465 1673 veterum
477 1642 556 1673 dista
564 1643 699 1682 quotidie
707 1642 838 1682 legentes
847 1650 935 1680 atque
944 1641 1099 1672 addiscen—

141 1696 183 1717 tes
198 1707 207 1720 ,
227 1686 362 1727 praeclara
380 1684 544 1717 ducemus,
565 1683 703 1722 exempla
712 1682 957 1721 repudiabimus?
976 1692 1099 1713 auteam

137 1730 252 1761 vitam,
272 1737 338 1768 quae
361 1735 493 1756 mortem
512 1726 587 1755 hanc
599 1722 861 1757 consecutura-est,
879 1725 1099 1758 immortalem,

137 1770 256 1801 beatam
267 1789 276 1803 ,
289 1771 304 1798 a
315 1768 445 1798 miseriis
454 1766 598 1797 omnibus
608 1774 730 1796 vacuam
740 1784 749 1798 ‚
770 1766 958 1806 negligemus
969 1769 981 1794 ἓ
991 1775 1098 1806 quam-

143 1814 192 1842 vis
205 1813 287 1841 enirn
299 1810 415 1840 nudum
435 1818 542 1849 corpus
551 1828 559 1842 ‚
580 1808 613 1837 δε
631 1808 773 1836 exanime
785 1806 941 1836 discedens
951 1807 1099 1847 relinquat

141 1855 284 1886 animus,
303 1862 360 1882 nec
378 1850 509 1891 amplius
528 1851 614 1880 liceat
633 1849 772 1882 homini,
796 1847 875 1889 quie
887 1849 948 1878 vita
957 1848 1095 1883 discedat,

139 1894 339 1935 suisopibuS,
361 1893 467 1926 bonis,
489 1893 603 1922 divitiis
613 1889 734 1930 perfrui:
751 1929 756 1934 ⁴

231 1934 374 1972 astante,
395 1944 426 1964 ut
438 1935 488 1964 ille
502 1935 543 1964 ait
554 1953 561 1967 ,
582 1941 628 1974 ope
636 1931 806 1965 Barbarica,

231 1976 320 2007 Testa
329 1978 426 2006 caei‘att's
435 1997 443 2009 ,
455 1976 601 2017 laqueatis.

136 2022 256 2052 Tamen
266 2018 366 2049 multo
386 2018 551 2058 majoribus
570 2017 602 2048 &
612 2016 719 2050 bonis,
740 2015 773 2046 &
783 2014 890 2056 opibus
903 2035 912 2049 ‚
933 2025 1000 2057 quae
1011 2016 1094 2047 nulla

134 2061 263 2093 vetustas
274 2062 426 2094 absumet,
447 2060 530 2090 nulla
541 2061 586 2089 vis
595 2060 717 2098 eripiet,
727 2060 848 2098 piorum
860 2067 975 2088 mentes
984 2057 1093 2088 affidue

132 2105 300 2145 potiuntur.
322 2103 378 2132 Sed
399 2102 587 2132 dimittamus
607 2100 639 2130 &
657 2100 797 2139 exempla
816 2100 965 2130 clarorum
988 2101 1093 2130 horni-

134 2155 211 2176 num
224 2165 233 2179 ,
254 2145 422 2175 &illorum
444 2144 562 2173 virtutis
573 2140 740 2182 impressam
753 2140 887 2171 historiis
898 2143 1090 2172 memoriam:

133 2189 294 2218 veniamus
305 2186 340 2217 ad
354 2185 382 2216 id
397 2205 407 2219 ,
425 2184 506 2226 quod
527 2184 725 2224 unusquisque
736 2183 819 2213 sensu
833 2185 976 2223 percipit,
996 2193 1091 2224 quan-

134 2237 262 2269 tumque
271 2238 309 2258 ex
320 2236 416 2257 morte
425 2226 639 2267 consequamur
652 2225 865 2258 emolumenti,
875 2235 906 2255 ac
915 2225 1074 2255 commodi
1082 2245 1091 2260 ,

134 2271 237 2310 reipsa
245 2290 255 2304 ‚
268 2268 411 2310 faffisque
421 2268 595 2309 probemus.
620 2276 657 2297 ex
667 2277 723 2307 qua
732 2266 882 2300 docendi,
898 2277 930 2297 ac
940 2267 1090 2307 disputan-

133 2312 165 2342 di
177 2314 292 2342 ratione
311 2311 462 2352 perspicue
481 2311 589 2340 veritas
610 2309 765 2342 clucescit,
785 2309 916 2349 quidque
927 2310 985 2338 hoc
994 2309 1091 2339 modo

133 2354 162 2385 se
173 2354 277 2383 habeat
287 2373 295 2387 ,
317 2354 364 2383 vel
379 2353 433 2383 illo
444 2372 452 2386 ‚
472 2352 559 2382 facile
571 2350 665 2392 potest
674 2351 808 2390 perspici.
830 2350 1023 2391 Siquisquam
1036 2350 1087 2385 est,

130 2397 185 2436 qui
195 2395 341 2425 secundos
354 2397 384 2424 in
394 2396 483 2424 omni
494 2402 552 2424 vita
563 2402 660 2423 rerum
671 2394 771 2422 exitus
784 2392 926 2432 adipisci,
941 2393 973 2422 &
983 2393 1088 2423 conse-

130 2439 185 2478 qui
202 2435 305 2477 poffit,
327 2436 465 2475 nihilque
486 2437 589 2465 timeat
604 2432 732 2468 adversi,
759 2436 839 2464 hunc
858 2443 951 2464 nemo
967 2432 1091 2465 infitiari

129 2480 262 2519 poterit,
283 2478 348 2517 jure
362 2477 514 2507 <liciturum
534 2476 553 2506 si
568 2478 659 2506 vitam
671 2474 722 2505 sibi
735 2485 830 2506 morte
843 2476 1090 2516 multispartibus

129 2520 293 2550 meliorem
311 2518 449 2549 affirmet.
472 2520 551 2558 atqui
562 2527 654 2548 nemo
666 2537 675 2551 ‚
698 2517 742 2547 est
753 2538 762 2550 ,
781 2519 833 2558 qui
849 2527 911 2548 non
922 2515 1017 2548 modo
1030 2519 1089 2548 rni-

129 2562 236 2593 serias,
262 2569 348 2600 atque
367 2569 515 2590 aerumnas
535 2560 572 2590 ab
594 2561 790 2589 humanavita
800 2559 946 2600 segregare
960 2578 970 2593 ,
993 2559 1041 2589 sed
1052 2569 1090 2589 ne

129 2603 312 2633 semihoram
322 2602 445 2642 quidem
456 2600 576 2632 felicem
589 2600 641 2630 sibi
653 2620 661 2634 ,
682 2610 713 2631 ac
723 2601 838 2631 beatam
848 2599 1087 2640 polliceriposfit.

129 2644 250 2675 Metelli
263 2642 316 2673 fibi
327 2644 481 2673 fortunam
490 2643 604 2683 sperant
615 2652 738 2672 omnes:
759 2645 867 2672 Priami
877 2642 1012 2672 sobolem
1023 2662 1032 2676 ,
1055 2653 1087 2674 ac

128 2695 255 2726 regnum
268 2694 412 2725 exoptant
431 2686 501 2715 alii:
524 2682 604 2725 quasi
623 2694 686 2714 non
707 2684 739 2714 ὅς
751 2684 890 2714 Metellus
903 2692 962 2714 tam
974 2685 1088 2715 multos

130 2726 236 2758 na&us
249 2725 328 2756 filios
341 2747 348 2760 ‚
362 2736 394 2757 ac
405 2735 528 2766 nepotes
540 2746 548 2760 ,
571 2724 643 2756 cum
655 2726 790 2756 maxime
801 2726 904 2756 beatus
914 2725 970 2756 esse
982 2725 1086 2766 posset,

129 2771 244 2799 invitus
258 2768 386 2802 obierit,
405 2769 437 2798 &
447 2770 601 2798 Priamum
614 2777 677 2797 non
688 2771 774 2797 omni
785 2767 921 2798 orbatum
932 2770 1088 2809 progenie,

130 2812 312 2851 summoque
323 2810 426 2840 dolore
436 2809 611 2840 confee‘tum
623 2828 632 2843 ,
645 2808 760 2839 hostilis
770 2819 878 2839 manus
889 2812 1085 2840 interemerit.

130 2854 189 2882 His
199 2854 292 2883 vitam
304 2850 324 2881 si
336 2861 418 2882 mors
437 2852 549 2892 aliquot
569 2851 636 2881 ante
648 2853 734 2881 annis
754 2849 908 2881 ademiffet
921 2871 929 2885 ‚
950 2851 967 2881 e
980 2852 1085 2882 multis

130 2903 184 2924 eos
198 2894 326 2924 miseriis
337 2914 346 2928 ,
357 2903 389 2924 ac
403 2892 534 2923 luc-:tibus
545 2892 596 2922 fim
603 2893 632 2922 ul
642 2890 802 2932 eripuiffet.
825 2902 903 2933 quos
914 2894 1021 2924 iccirco
1031 2903 1084 2923 ex-

129 2937 208 2976 perti
219 2936 304 2969 sunt,
325 2937 394 2977 quia
411 2937 504 2965 vitam
514 2935 645 2968 diutius,
667 2934 757 2975 quarn
774 2934 906 2974 ipsorum
918 2935 1086 2976 requirebat

130 2976 259 3008 felicitas
270 2996 279 3011 ,
300 2977 518 3017 produxerunt.
542 2977 614 3006 hinc
638 2976 690 3007 illa
707 2976 914 3008 miserabiliter
924 2975 1084 3008 decantata:

224 3020 289 3048 Hac
301 3019 395 3047 omnia
404 3018 466 3047 vidi
479 3018 666 3055 inflammari,

221 3061 336 3091 Priamo
346 3060 378 3091 vi
388 3060 483 3091 vitam
491 3060 610 3100 auferri,

1168 62 1605 115 Lario.

1248 148 1332 188 Jovis
1340 148 1561 189 aramfimguine
1569 152 1688 191 turpari.

1157 191 1231 230 Qae
1240 200 1305 220 non
1327 190 1424 221 modo
1445 192 1508 222 visu
1521 210 1529 224 ,
1548 191 1595 221 sed
1617 195 1708 222 etiam
1723 192 1826 224 auditu
1837 191 2020 225 acerbiffima
2031 195 2102 226 sunt

1155 232 1227 272 quid
1238 241 1377 271 putamus
1388 233 1497 262 misero
1508 234 1604 273 Regi,
1629 236 1680 275 qui
1691 237 1797 265 omnia
1806 235 1839 266 &
1849 235 1951 266 videre
1964 256 1973 270 .
1985 237 2017 266 δε
2028 236 2114 267 audi-

1155 282 1185 302 re
1195 272 1228 303 δε
1238 275 1366 313 experiri
1386 273 1505 304 coaetus
1513 273 1576 304 est?
1595 285 1672 306 num
1682 277 1710 306 ei
1722 277 1822 307 multo
1836 278 1946 308 melius
1956 276 2114 311 evenisset,

1155 312 1176 342 fi
1185 316 1277 344 vitam
1290 317 1421 345 omnino
1442 316 1547 346 multis
1557 317 1624 346 ante
1635 320 1720 348 annis
1731 338 1740 351 ,
1760 318 1852 359 quam
1863 320 1925 350 haec
1936 319 2112 351 acciderent.

1154 355 1314 386 amisifl'et?
1335 356 1466 387 Forsitan
1479 357 1627 397 quispiam
1639 359 1768 389 dixerit:
1793 361 1906 394 multa,
1925 371 1992 401 quae
2006 363 2115 392 vivens

1155 397 1260 427 nalitus
1268 397 1310 428 est
1321 417 1330 431 ,
1353 399 1429 429 bona
1441 418 1449 432 ‚
1469 398 1530 429 cito
1550 399 1697 431 decedens
1707 403 1828 441 penitus
1838 401 2012 442 reliquisset.
2037 402 2084 433 sed
2096 403 2112 433 :1

1155 439 1241 468 malis
1255 441 1344 469 etiam
1357 441 1456 469 multo
1476 441 1678 481 gravioribus,
1696 443 1795 482 qualia
1812 444 1912 474 multa
1929 444 2032 474 saecula
2047 454 2110 475 non

1153 479 1293 510 viderunt
1303 500 1311 515 ,
1334 480 1505 511 feliciffime
1521 482 1658 513 liberatus
1668 483 1748 514 ess'et.
1771 488 1818 515 Ex
1828 485 1940 525 quibus
1949 486 2109 519 omnibus,

1153 522 1318 562 multisque
1341 523 1407 553 aliis
1423 523 1612 563 perspicuum
1634 524 1694 558 est,
1720 535 1884 566 pervertere
1903 528 2046 557 homines
2065 537 2111 561 ea,

1153 573 1217 603 quae
1231 564 1300 593 sunt
1319 565 1458 594 humanae
1467 564 1663 601 fundamenta
1673 566 1823 598 felicitatis
1834 588 1843 602 ,
1866 567 1938 598 cum
1949 569 2111 600 utilitatem

1150 605 1165 634 a
1178 614 1276 635 morte
1294 606 1472 646 sejungunt,
1494 615 1541 636 aut
1558 606 1628 636 cum
1649 609 1798 640 miseriam
1809 619 1878 640 cum
1889 618 1986 640 morte
1995 620 2111 640 conne-

1149 645 1248 676 ἃυηε.
1280 648 1318 677 L.
1332 646 1463 678 Craffum
1475 667 1484 681 ,
1513 657 1552 678 ex
1570 648 1669 679 nostra
1685 652 1805 680 civitate
1832 650 2025 681 clariffimum
2036 671 2044 683 ,
2075 652 2109 683 &

1150 687 1428 728 eloquentissimum
1450 691 1548 719 virum
1563 710 1572 722 ,
1592 700 1706 721 matura
1725 702 1807 722 mors
1822 712 1830 726 ,
1851 695 1969 733 quantis
1983 694 1998 723 ἐ
2011 694 2110 723 mole-

1150 728 1213 759 stiis
1223 749 1231 763 ,
1242 730 1418 770 quantisque
1431 732 1637 761 incommodis
1646 735 1767 772 cripuit?
1776 744 1844 764 nam
1856 754 1863 767 ,
1876 736 1973 775 quain
1984 736 2107 774 patriam

1149 773 1255 810 pietate
1266 770 1343 805 fuit,
1362 774 1448 801 exiis
1458 773 1545 801 malis
1554 792 1563 806 ,
1575 783 1639 813 qua:
1650 784 1780 804 mortem
1791 778 1854 815 ejus
1864 777 2020 806 consecuta
2029 777 2110 810 sunt,

1149 812 1362 843 incredibilem
1374 832 1382 846 ,
1413 812 1433 842 si
1452 812 1575 843 vixisset
1588 835 1596 848 ‚
1617 815 1756 846 dolorem
1777 816 1941 857 accepisset.
1975 817 2108 860 flagravit

1150 856 1234 884 enirn
1246 854 1328 885 bello
1339 855 1421 884 [talia
1431 874 1440 888 ,
1452 854 1557 885 exarsit
1569 856 1684 887 senatus
1695 859 1810 888 invidia
1822 879 1831 892 ,
1844 860 1922 889 nihil
1932 859 2063 900 denique
2074 862 2107 890 in

1147 898 1265 926 civitate
1276 895 1345 929 fuit,
1357 896 1437 936 quod
1450 906 1513 927 non
1524 898 1588 933 ejus
1599 902 1742 938 temporis
1751 900 1962 934 calamitatem,
1974 902 2107 931 luctum-

1147 947 1205 978 que
1215 938 1399 977 persenserit.
1423 941 1504 968 Nam
1515 940 1588 979 quid
1598 938 1699 979 fugam
1711 944 1818 975 Marii,
1837 942 1908 982 quid
1921 952 2026 976 cetera,
2040 953 2107 984 qua:

1147 982 1180 1008 in
1192 980 1274 1009 illius
1285 978 1410 1009 disceffu
1420 980 1592 1011 acciderunt
1602 1000 1610 1015 ‚
1624 984 1760 1013 maxime
1770 983 1913 1017 lustuosa‚
1925 985 2104 1025 summeque

1146 1021 1313 1051 miseranda
1328 1025 1593 1052 commemorem?
1617 1024 1688 1063 quid
1700 1025 1830 1054 reditum
1842 1026 1929 1055 illum
1951 1027 2107 1067 sanguina-

1145 1065 1244 1095 rium,
1263 1063 1348 1102 cujus
1367 1072 1405 1093 ex
1422 1063 1625 1094 recordatione
1643 1075 1736 1095 nemo
1753 1066 1814 1100 est,
1832 1069 1883 1107 qui
1903 1071 2107 1098 non-intimis

1144 1103 1273 1134 sensibus
1282 1105 1478 1135 exhorrescat.
1502 1114 1639 1136 tenemus
1658 1110 1741 1137 enim
1754 1111 1919 1142 memoria,
1938 1118 1988 1139 aut
2001 1110 2106 1140 saltem

1144 1155 1182 1176 ex
1193 1154 1310 1185 patrum
1322 1146 1436 1186 scriptis
1447 1149 1615 1186 accepimus
1625 1168 1633 1182 ,
1644 1149 1881 1181 crudelissimam
1891 1154 2034 1181 omnium
2044 1161 2101 1182 ςκ-

1144 1188 1214 1218 dem
1228 1188 1281 1217 illo
1293 1198 1428 1228 tempore
1449 1187 1506 1218 effe
1516 1188 1624 1219 fastam
1638 1211 1647 1224 ,
1668 1192 1828 1221 trucidatos
1840 1192 1936 1222 bonos
1948 1194 2029 1222 viros
2039 1213 2047 1225 .
2071 1193 2106 1223 ὃς

1143 1231 1225 1260 cives
1236 1249 1244 1262 ,
1267 1230 1374 1260 incisas
1395 1240 1498 1260 cOium
1511 1240 1638 1261 cervices
1647 1252 1656 1266 ‚
1680 1234 1712 1262 in
1722 1232 1896 1274 Rostrisque
1907 1232 2012 1274 positas
2023 1255 2032 1268 ,
2052 1237 2106 1275 qui

1142 1271 1309 1301 multorum
1319 1274 1434 1301 civium
1446 1272 1568 1302 salutem
1577 1292 1585 1306 ,
1605 1283 1637 1303 ac
1645 1273 1820 1315 dignitatem
1834 1277 2004 1315 eloquentia
2014 1286 2105 1316 pepe—

1142 1311 1252 1343 riffent.
1264 1313 1355 1353 quam
1367 1313 1481 1343 multos
1490 1323 1528 1344 ex
1541 1315 1589 1344 illa
1600 1318 1715 1356 reipub.
1728 1317 1900 1357 tempestate
1910 1327 2106 1348 commemo-

1141 1364 1202 1384 rare
1211 1354 1367 1394 poss'umus
1377 1375 1385 1389 ,
1411 1354 1672 1386 innocentissimos
1683 1360 1824 1388 homines
1839 1379 1847 1392 ,
1857 1368 1944 1399 atque
1954 1362 2102 1400 optimos,

1143 1395 1396 1427 utacerbilfimarn
1406 1397 1606 1428 calamitatem
1618 1397 1782 1440 effugerent
1794 1420 1802 1432 ,
1823 1401 1991 1431 libertatem
2002 1411 2102 1432 morte

1140 1436 1279 1478 quaesiffe.
1291 1438 1465 1468 Oacerbum
1476 1448 1508 1468 ac
1517 1441 1635 1469 nemini
1647 1450 1710 1470 non
1722 1442 1932 1480 poenitendum
1943 1445 2031 1482 Reip.
2043 1442 2104 1473 sta·

1144 1489 1221 1512 tum,
1231 1479 1501 1520 conditionemque
1509 1482 1631 1511 vivendi
1645 1484 1650 1509 ἔ
1665 1482 1736 1512 cum
1748 1493 1800 1512 eos
1811 1484 1890 1522 ipsos
1900 1504 1907 1516 ‚
1922 1486 1974 1524 qui
1985 1486 2101 1523 Remp.

1139 1521 1193 1550 suo
1216 1520 1335 1554 labore,
1355 1521 1468 1561 suoque
1489 1521 1630 1561 sanguine
1649 1526 1808 1557 auxerint,
1834 1525 1963 1561 juvarint
1977 1545 1985 1557 ,
2004 1526 2103 1555 serva-

1143 1563 1205 1591 rint
1223 1581 1231 1594 ,
1257 1561 1404 1601 nusquam
1427 1571 1492 1592 tuto
1510 1564 1648 1603 nihilque
1666 1566 1779 1605 magis,
1801 1566 1893 1605 quam
1912 1568 2101 1607 propinquo-

1143 1612 1210 1632 rum
1234 1611 1342 1632 manus
1354 1622 1363 1636 ‚
1395 1612 1427 1633 ac
1447 1601 1565 1643 gladios
1583 1613 1725 1635 timentes
1735 1625 1744 1638 ‚
1775 1607 2036 1648 horrescentesque
2053 1611 2102 1638 vi·

1142 1643 1210 1674 deas
1223 1654 1228 1672 z
1240 1644 1365 1674 illorum
1375 1654 1476 1675 autem
1486 1664 1495 1678 ‚
1514 1655 1643 1685 quorum
1655 1656 1712 1687 ope
1724 1667 1732 1680 ,
1743 1657 1830 1687 atque
1840 1650 1956 1678 auxilio
1969 1649 2101 1681 servatus

1142 1684 1178 1715 fis
1188 1705 1196 1719 ,
1208 1684 1281 1716 cum
1290 1686 1451 1716 horribiles
1460 1706 1470 1720 ,
1483 1687 1665 1728 miserosque
1673 1689 1754 1719 casus
1762 1688 1875 1729 speeies
1885 1709 1894 1724 ,
1905 1690 1988 1721 nulia
1997 1700 2099 1723 tamen

1140 1729 1255 1757 ratione
1276 1728 1434 1766 opitulari,
1455 1728 1592 1768 nib-iique
1609 1728 1711 1760 afferre
1730 1730 1898 1770 adjumenti
1908 1741 2007 1772 queas.
2029 1736 2099 1774 quis

1140 1776 1228 1809 neget
1239 1770 1275 1797 iis
1283 1767 1351 1807 ipsis
1362 1787 1370 1801 ‚
1389 1770 1443 1808 qui
1455 1769 1517 1799 haec
1526 1771 1637 1800 intueri
1648 1780 1792 1812 cogantur
1802 1793 1810 1805 ,
1822 1781 1954 1803 mortem
1964 1772 2022 1804 effe
2031 1785 2098 1806 non

1139 1808 1235 1839 modo
1250 1808 1475 1840 demetriad-im
1487 1829 1496 1844 ‚
1517 1810 1565 1840 sed
1579 1813 1669 1842 etiam
1680 1813 1841 1852 optandam
1853 1814 1864 1841 ?
1882 1816 1936 1855 qui
1946 1825 2046 1846 autern
2057 1826 2098 1847 ne

1138 1851 1171 1880 in
1182 1852 1291 1880 horum
1303 1860 1476 1891 temporum
1487 1849 1643 1883 flammam
1654 1854 1803 1888 incidant,
1827 1859 1937 1886 mortis
1945 1856 2095 1888 beneficio

1137 1893 1291 1923 consecuti
1310 1891 1385 1926 fint,
1406 1902 1459 1923 eos
1471 1893 1544 1923 verb
1555 1894 1736 1926 beatiffimos
1744 1897 1811 1935 jure
1822 1907 1929 1928 omnes
1939 1898 2098 1930 existima-

1138 1934 1232 1968 bunt,
1251 1935 1371 1974 qualem
1389 1933 1476 1965 fuiss‘e
1492 1937 1528 1965 L.
1549 1935 1680 1967 Crass'um
1701 1937 1756 1968 nisi
1778 1949 1823 1968 res
1834 1939 1895 1979 ipsa
1905 1940 2094 1979 probaviss‘et,

1137 1977 1215 2006 nihil
1226 1975 1307 2009 effer,
1320 1986 1371 2007 cur
1384 1979 1519 2007 oratione
1530 1978 1768 2018 persuadendum
1782 1981 1941 2011 videretur.
1964 1982 2021 2013 Sed
2030 1985 2096 2014 haec

1135 2018 1236 2058 paullo
1246 2020 1433 2059 antiquiora,
1444 2019 1535 2059 quam
1547 2029 1578 2050 ut
1587 2021 1733 2051 omnibus
1748 2024 1779 2052 in
1791 2026 1971 2054 memoriam
1984 2025 2092 2065 redigi,

1134 2069 1167 2090 ac
1185 2061 1721 2102 cogitationecomprehendipoffint.
1745 2066 1883 2104 Pompeji
1895 2074 1993 2095 autem
2006 2087 2015 2100 ,
2035 2077 2095 2097 no-

1134 2100 1185 2131 stri
1203 2099 1382 2136 familiaris,
1402 2103 1469 2133 casu
1483 2122 1492 2136 ‚
1511 2103 1584 2143 quid
1595 2106 1627 2134 in
1646 2106 1766 2136 civitate
1787 2108 1905 2140 notius,
1928 2107 2001 2147 quid
2020 2108 2095 2138 illu-

1136 2142 1225 2173 strius
1238 2147 1249 2173 ?
1263 2143 1394 2185 autquid
1405 2145 1546 2174 omnium
1557 2146 1654 2176 oculis
1668 2165 1677 2180 ,
1692 2156 1725 2176 ac
1736 2148 2090 2189 mentibusperspeffius,

1136 2185 1169 2215 ὅ(
1181 2185 1309 2216 clarius?
1328 2184 1438 2215 huncsi
1448 2185 1564 2216 mature
1575 2186 1741 2218 exstinffiis
1759 2188 1829 2220 esset
1840 2209 1849 2222 ,
1869 2191 1947 2220 nihil
1964 2191 2091 2226 doloris,

1133 2227 1210 2256 nihil
1228 2225 1466 2257 invasiss'etmali.
1485 2228 1567 2268 quod
1578 2237 1638 2269 tam
1649 2229 1700 2260 diu
1712 2232 1743 2260 in
1757 2232 1817 2261 vita
1835 2230 1940 2261 manfit
1954 2252 1962 2265 ,
1983 2235 2091 2264 iccirco

1133 2267 1246 2298 faaum
1266 2269 1328 2302 est,
1351 2278 1383 2299 ut
1405 2267 1557 2310 singularis
1577 2271 1750 2302 calamitatis
1760 2274 1936 2312 exemplum
1946 2275 2092 2305 omnibus

1132 2311 1303 2350 praebuerit.
1336 2312 1385 2341 cui
1412 2321 1448 2341 eo
1468 2310 1631 2342 luetuosior
1642 2312 1771 2343 fortuna:
1795 2314 1934 2344 acerbitas
1956 2317 2014 2346 visa
2033 2316 2088 2350 est,

1132 2361 1194 2392 quo
1211 2351 1347 2382 feliciore
1364 2372 1374 2386 ,
1401 2362 1433 2383 ac
1453 2353 1627 2384 secundiore
1645 2353 1765 2386 fortuna
1783 2357 1814 2385 in
1833 2359 1922 2386 omni
1941 2360 2000 2387 vita
2018 2358 2091 2388 usus

1132 2402 1201 2423 erat.
1220 2395 1288 2434 quis
1306 2395 1391 2424 enim
1413 2394 1557 2425 universis
1578 2396 1694 2426 civibus
1703 2397 2002 2437 aliquandoclarior?
2020 2401 2090 2440 quis

1133 2445 1165 2465 in
1176 2444 1243 2477 toga
1253 2436 1301 2465 vel
1315 2435 1403 2466 rebus
1411 2435 1500 2477 gestis
1509 2456 1518 2470 ‚
1547 2438 1595 2467 vel
1607 2438 1774 2469 honoribus
1787 2449 1868 2470 extra
1878 2440 2020 2471 ordinem
2034 2442 2090 2472 de-

1133 2477 1198 2507 latis
1218 2496 1226 2511 ,
1252 2477 1380 2509 clarior?
1398 2480 1465 2519 quis
1483 2478 1610 2518 opibus,
1633 2482 1926 2521 propinquitatibus,
1945 2485 2089 2514 amicitiis

1134 2517 1311 2549 florentior?
1327 2521 1376 2549 cui
1395 2520 1473 2549 nihil
1490 2520 1607 2560 prorsus
1616 2522 1651 2552 ad
1663 2522 1812 2552 summam
1827 2542 1835 2556 ‚
1858 2523 2088 2565 absolutamque

1132 2559 1306 2591 felicitatem
1320 2581 1328 2594 ‚
1347 2570 1450 2600 praeter
1458 2561 1620 2592 honestum
1632 2582 1640 2596 ,
1653 2564 1861 2602 acjucundum
1874 2567 1942 2595 vita:
1951 2568 2085 2601 exitum,

1130 2600 1249 2632 deeflet-
1272 2603 1327 2633 Sed
1336 2602 1504 2636 videamus,
1514 2613 1660 2644 quantum
1671 2606 1702 2634 in
1712 2605 1800 2635 rebus
1810 2608 1950 2637 humanis
1959 2607 2089 2639 fortunae

1131 2641 1217 2684 poffit
1233 2645 1352 2683 injuria.
1376 2643 1432 2674 nisi
1453 2646 1596 2675 malimus
1606 2646 1640 2676 ad
1653 2650 1802 2686 propriam
1817 2650 1950 2679 mortalis
1960 2652 2027 2680 vitae
2037 2651 2087 2681 ni-

1133 2687 1191 2715 mis
1214 2685 1344 2725 asperam
1355 2705 1364 2720 ‚
1389 2686 1589 2728 miseramque
1607 2688 1817 2719 conditionem
1839 2692 2030 2724 omnia-‘nala
2038 2702 2086 2722 re-

1131 2736 1247 2758 vocare.
1264 2729 1316 2768 qui
1327 2729 1411 2757 enim
1420 2728 1608 2769 ampliffimis
1618 2729 1749 2760 fortunis
1761 2732 1828 2761 usus
1838 2741 1898 2762 erat
1910 2743 1915 2762 2
1926 2733 2015 2766 nihil,
2029 2733 2086 2764 nisi

1131 2769 1259 2799 sublime
1270 2789 1278 2802 ‚
1299 2779 1330 2799 ac
1343 2769 1461 2800 beatum
1473 2780 1528 2801 nec
1539 2773 1666 2812 cogitare
1676 2792 1684 2806 ‚
1696 2781 1751 2802 nec
1762 2783 1861 2813 optare
1870 2774 2081 2806 consueverat:

1129 2812 1178 2840 cui
1189 2813 1293 2841 omnia
1303 2811 1350 2841 vel
1364 2811 1398 2842 ad
1411 2812 1496 2842 usum
1509 2832 1518 2846 ,
1530 2813 1577 2842 vel
1587 2813 1622 2843 ad
1634 2815 1819 2854 voluptatem
1831 2815 2007 2856 supererant,
2019 2817 2084 2848 bel-

1130 2852 1194 2882 lum
1214 2862 1285 2882 cum
1304 2853 1405 2883 socero
1420 2853 1545 2894 suscepit
1561 2854 1705 2886 :deseruit
1722 2856 1850 2887 domum
1865 2877 1873 2891 ,
1893 2859 2025 2900 profugit
2045 2869 2085 2890 ex

1128 2894 1228 2924 Italia:
1249 2894 1282 2925 &
1300 2893 1372 2924 cum
1389 2904 1475 2926 antea
1492 2897 1569 2925 nihil
1588 2898 1621 2926 in
1637 2899 1742 2928 ceteris
1760 2898 1845 2928 bellis
1857 2919 1865 2932 ,
1886 2897 1941 2930 nisi
1959 2900 2082 2932 summo

1126 2934 1252 2966 confilio
1263 2955 1272 2969 ,
1282 2937 1499 2978 prudentiaque
1513 2936 1649 2979 geffiss'et,
1660 2939 1731 2969 cum
1741 2941 1789 2970 vel
1800 2942 1935 2971 maxime
1946 2943 2085 2984 ingenio,

1126 2976 1300 3018 judicioque
1313 2979 1459 3009 excellere
1469 2978 1623 3014 debuisset,
1636 2980 1679 3011 sui
1689 2980 1772 3021 paene
1784 2982 1898 3013 oblitus
1908 2983 1958 3013 est.
1984 2988 2085 3025 itaque

1129 3019 1268 3050 imbelles
1279 3039 1287 3054 ,
1307 3019 1340 3050 &
1351 3019 1486 3051 infirmas
1494 3023 1593 3061 copias
1603 3041 1611 3056 ‚
1633 3025 1745 3054 tirones
1755 3043 1763 3057 ,
1776 3024 2016 3066 collestitiosque
2025 3030 2086 3055 mi-

1128 3061 1196 3093 lites
1206 3071 1278 3094 cum
1291 3060 1506 3096 robustiffimis
1515 3063 1687 3103 legionibus
1693 3064 1832 3098 conferre
1842 3077 1907 3100 non
1916 3067 2065 3098 dubitavit
2076 3078 2083 3096 :

1364 3103 1593 3138 Bbbbbbbb
1936 3107 2086 3142 &anniso
