<?xml version="1.0" encoding="UTF-8"?>
<!DOCTYPE html PUBLIC "-//W3C//DTD XHTML 1.0 Transitional//EN"
    "http://www.w3.org/TR/xhtml1/DTD/xhtml1-transitional.dtd">
<html xmlns="http://www.w3.org/1999/xhtml" xml:lang="en" lang="en">
 <head>
  <title>
</title>
<meta http-equiv="Content-Type" content="text/html;charset=utf-8" />
  <meta name='ocr-system' content='tesseract 3.04.00' />
  <meta name='ocr-capabilities' content='ocr_page ocr_carea ocr_par ocr_line ocrx_word'/>
</head>
<body>
  <div class='ocr_page' id='page_1' title='image "./mtuliiciceroniso00cice_1047.png"; bbox 0 0 2360 3400; ppageno 0'>
   <div class='ocr_carea' id='block_1_1' title="bbox 39 2637 49 2695">
    <p class='ocr_par' dir='ltr' id='par_1_1' title="bbox 39 2637 49 2695">
     <span class='ocr_line' id='line_1_1' title="bbox 39 2637 49 2695; textangle 90"><span class='ocrx_word' id='word_1_1' title='bbox 40 2679 45 2695; x_wconf 61' lang='lat'>-⁴</span> <span class='ocrx_word' id='word_1_2' title='bbox 39 2637 49 2640; x_wconf 69' lang='grc' dir='ltr'><strong><em>ο</em></strong></span> 
     </span>
    </p>
   </div>
   <div class='ocr_carea' id='block_1_2' title="bbox 513 97 1894 162">
    <p class='ocr_par' dir='ltr' id='par_1_2' title="bbox 513 97 1894 162">
     <span class='ocr_line' id='line_1_2' title="bbox 513 97 1894 162; baseline 0.001 -17"><span class='ocrx_word' id='word_1_3' title='bbox 513 100 723 146; x_wconf 72' lang='lat' dir='ltr'>Epis-r.</span> <span class='ocrx_word' id='word_1_4' title='bbox 775 112 854 142; x_wconf 81' lang='lat' dir='ltr'>AD</span> <span class='ocrx_word' id='word_1_5' title='bbox 906 97 1228 162; x_wconf 63' lang='lat' dir='ltr'>QiN-rvM</span> <span class='ocrx_word' id='word_1_6' title='bbox 1277 98 1629 153; x_wconf 76' lang='lat' dir='ltr'>FRATREM,</span> <span class='ocrx_word' id='word_1_7' title='bbox 1667 101 1793 146; x_wconf 83' lang='lat' dir='ltr'>L113.</span> <span class='ocrx_word' id='word_1_8' title='bbox 1837 102 1894 147; x_wconf 86' lang='lat'>11.</span> 
     </span>
    </p>
   </div>
   <div class='ocr_carea' id='block_1_3' title="bbox 231 176 1185 303">
    <p class='ocr_par' dir='ltr' id='par_1_3' title="bbox 231 176 1185 303">
     <span class='ocr_line' id='line_1_3' title="bbox 231 176 1185 218; baseline -0.007 -4"><span class='ocrx_word' id='word_1_9' title='bbox 231 183 407 215; x_wconf 79' lang='lat' dir='ltr'>consecutos</span> <span class='ocrx_word' id='word_1_10' title='bbox 418 177 474 210; x_wconf 80' lang='lat' dir='ltr'>effe</span> <span class='ocrx_word' id='word_1_11' title='bbox 485 199 493 213; x_wconf 94' lang='lat'>,</span> <span class='ocrx_word' id='word_1_12' title='bbox 514 187 547 209; x_wconf 83' lang='lat' dir='ltr'>ut</span> <span class='ocrx_word' id='word_1_13' title='bbox 561 180 702 208; x_wconf 89' lang='lat' dir='ltr'>omnium</span> <span class='ocrx_word' id='word_1_14' title='bbox 714 176 864 218; x_wconf 73' lang='lat' dir='ltr'>gratissimi</span> <span class='ocrx_word' id='word_1_15' title='bbox 870 179 881 218; x_wconf 83' lang='lat' dir='ltr'>j</span> <span class='ocrx_word' id='word_1_16' title='bbox 887 178 1082 208; x_wconf 73' lang='lat' dir='ltr'>udicaremur,</span> <span class='ocrx_word' id='word_1_17' title='bbox 1105 181 1185 208; x_wconf 84' lang='lat' dir='ltr'>Nam</span> 
     </span>
     <span class='ocr_line' id='line_1_4' title="bbox 231 218 1185 256; baseline -0.007 0"><span class='ocrx_word' id='word_1_18' title='bbox 231 228 266 256; x_wconf 89' lang='lat' dir='ltr'>in</span> <span class='ocrx_word' id='word_1_19' title='bbox 293 221 483 254; x_wconf 82' lang='lat' dir='ltr'>defendendo</span> <span class='ocrx_word' id='word_1_20' title='bbox 504 220 626 250; x_wconf 87' lang='lat' dir='ltr'>moroso</span> <span class='ocrx_word' id='word_1_21' title='bbox 647 221 772 250; x_wconf 79' lang='lat' dir='ltr'>&#39;nomine</span> <span class='ocrx_word' id='word_1_22' title='bbox 791 219 1022 250; x_wconf 77' lang='lat' dir='ltr'>cumulatiffime</span> <span class='ocrx_word' id='word_1_23' title='bbox 1042 218 1185 250; x_wconf 84' lang='lat' dir='ltr'>satisfeci-</span> 
     </span>
     <span class='ocr_line' id='line_1_5' title="bbox 231 261 1184 303; baseline -0.005 -8"><span class='ocrx_word' id='word_1_24' title='bbox 231 276 302 297; x_wconf 87' lang='lat' dir='ltr'>mus</span> <span class='ocrx_word' id='word_1_25' title='bbox 312 285 321 299; x_wconf 90' lang='lat'>,</span> <span class='ocrx_word' id='word_1_26' title='bbox 334 264 367 295; x_wconf 87' lang='lat'>&amp;</span> <span class='ocrx_word' id='word_1_27' title='bbox 386 263 436 302; x_wconf 83' lang='lat' dir='ltr'>(id</span> <span class='ocrx_word' id='word_1_28' title='bbox 447 262 529 303; x_wconf 90' lang='lat' dir='ltr'>quod</span> <span class='ocrx_word' id='word_1_29' title='bbox 538 263 590 292; x_wconf 91' lang='lat' dir='ltr'>ille</span> <span class='ocrx_word' id='word_1_30' title='bbox 600 263 736 292; x_wconf 75' lang='lat' dir='ltr'>maxime</span> <span class='ocrx_word' id='word_1_31' title='bbox 748 262 903 303; x_wconf 87' lang='lat' dir='ltr'>cupiebat)</span> <span class='ocrx_word' id='word_1_32' title='bbox 914 264 1087 294; x_wconf 86' lang='lat' dir='ltr'>Vatinium,</span> <span class='ocrx_word' id='word_1_33' title='bbox 1098 261 1113 290; x_wconf 74' lang='lat' dir='ltr'>a</span> <span class='ocrx_word' id='word_1_34' title='bbox 1123 271 1184 300; x_wconf 84' lang='lat' dir='ltr'>quo</span> 
     </span>
    </p>
   </div>
   <div class='ocr_carea' id='block_1_4' title="bbox 229 302 1206 387">
    <p class='ocr_par' dir='ltr' id='par_1_4' title="bbox 229 302 1206 387">
     <span class='ocr_line' id='line_1_6' title="bbox 229 302 1206 348; baseline -0.006 -10"><span class='ocrx_word' id='word_1_35' title='bbox 229 307 327 348; x_wconf 74' lang='lat' dir='ltr'>palam</span> <span class='ocrx_word' id='word_1_36' title='bbox 345 305 589 347; x_wconf 83' lang='lat' dir='ltr'>oppugnabatur,</span> <span class='ocrx_word' id='word_1_37' title='bbox 608 304 748 335; x_wconf 80' lang='lat' dir='ltr'>arbitratu</span> <span class='ocrx_word' id='word_1_38' title='bbox 759 303 863 334; x_wconf 88' lang='lat' dir='ltr'>nostro</span> <span class='ocrx_word' id='word_1_39' title='bbox 875 303 1085 336; x_wconf 84' lang='lat' dir='ltr'>concidimus,</span> <span class='ocrx_word' id='word_1_40' title='bbox 1112 302 1183 336; x_wconf 71' lang='lat' dir='ltr'>diis,</span> <span class='ocrx_word' id='word_1_41' title='bbox 1205 330 1206 348; x_wconf 57' lang='lat'>3</span> 
     </span>
     <span class='ocr_line' id='line_1_7' title="bbox 751 342 1206 387; baseline -0.009 -11"><span class='ocrx_word' id='word_1_42' title='bbox 751 348 926 387; x_wconf 87' lang='lat' dir='ltr'>Qinetiam</span> <span class='ocrx_word' id='word_1_43' title='bbox 945 345 1063 375; x_wconf 81' lang='lat' dir='ltr'><strong>Paullus</strong></span> <span class='ocrx_word' id='word_1_44' title='bbox 1083 342 1185 374; x_wconf 87' lang='lat' dir='ltr'>noster</span> <span class='ocrx_word' id='word_1_45' title='bbox 1205 351 1206 371; x_wconf 74' lang='lat'>1</span> 
     </span>
    </p>
   </div>
   <div class='ocr_carea' id='block_1_5' title="bbox 223 346 1185 797">
    <p class='ocr_par' dir='ltr' id='par_1_5' title="bbox 223 346 1185 797">
     <span class='ocr_line' id='line_1_8' title="bbox 229 346 710 387; baseline -0.008 -8"><span class='ocrx_word' id='word_1_46' title='bbox 229 348 468 387; x_wconf 68' lang='lat' dir='ltr'>hominibusque</span> <span class='ocrx_word' id='word_1_47' title='bbox 491 346 710 387; x_wconf 75' lang='lat' dir='ltr'>plaudentibus.</span> 
     </span>
     <span class='ocr_line' id='line_1_9' title="bbox 229 385 1185 429; baseline -0.005 -9"><span class='ocrx_word' id='word_1_48' title='bbox 229 389 301 420; x_wconf 73' lang='lat' dir='ltr'>cum</span> <span class='ocrx_word' id='word_1_49' title='bbox 314 389 393 420; x_wconf 89' lang='lat' dir='ltr'>testis</span> <span class='ocrx_word' id='word_1_50' title='bbox 403 388 567 429; x_wconf 62' lang='lat' dir='ltr'>produfflms</span> <span class='ocrx_word' id='word_1_51' title='bbox 581 387 650 418; x_wconf 68' lang='lat' dir='ltr'>ess&#39;et</span> <span class='ocrx_word' id='word_1_52' title='bbox 662 391 693 418; x_wconf 91' lang='lat' dir='ltr'>in</span> <span class='ocrx_word' id='word_1_53' title='bbox 704 387 831 419; x_wconf 82' lang='lat' dir='ltr'>Sestium</span> <span class='ocrx_word' id='word_1_54' title='bbox 848 407 856 421; x_wconf 90' lang='lat'>,</span> <span class='ocrx_word' id='word_1_55' title='bbox 865 385 1057 418; x_wconf 88' lang='lat' dir='ltr'>confirmavit</span> <span class='ocrx_word' id='word_1_56' title='bbox 1068 405 1077 419; x_wconf 83' lang='lat'>‚</span> <span class='ocrx_word' id='word_1_57' title='bbox 1088 386 1117 416; x_wconf 90' lang='lat' dir='ltr'>se</span> <span class='ocrx_word' id='word_1_58' title='bbox 1127 395 1185 415; x_wconf 90' lang='lat' dir='ltr'>no-</span> 
     </span>
     <span class='ocr_line' id='line_1_10' title="bbox 228 427 1184 464; baseline -0.005 -3"><span class='ocrx_word' id='word_1_59' title='bbox 228 442 304 462; x_wconf 88' lang='lat' dir='ltr'>men</span> <span class='ocrx_word' id='word_1_60' title='bbox 314 433 429 461; x_wconf 81' lang='lat' dir='ltr'>Vatinii</span> <span class='ocrx_word' id='word_1_61' title='bbox 440 430 605 460; x_wconf 88' lang='lat' dir='ltr'>delaturum</span> <span class='ocrx_word' id='word_1_62' title='bbox 616 450 626 464; x_wconf 82' lang='lat'>,</span> <span class='ocrx_word' id='word_1_63' title='bbox 646 429 665 459; x_wconf 87' lang='lat' dir='ltr'>fi</span> <span class='ocrx_word' id='word_1_64' title='bbox 678 432 777 460; x_wconf 84' lang='lat' dir='ltr'>Macer</span> <span class='ocrx_word' id='word_1_65' title='bbox 788 431 925 460; x_wconf 86' lang='lat' dir='ltr'>Licinius</span> <span class='ocrx_word' id='word_1_66' title='bbox 935 427 1121 458; x_wconf 59' lang='lat' dir='ltr'>cunfhrerur</span> <span class='ocrx_word' id='word_1_67' title='bbox 1134 437 1139 456; x_wconf 71' lang='grc' dir='ltr'><strong><em>ι</em></strong></span> <span class='ocrx_word' id='word_1_68' title='bbox 1151 427 1184 457; x_wconf 89' lang='lat'>&amp;</span> 
     </span>
     <span class='ocr_line' id='line_1_11' title="bbox 229 469 1182 505; baseline -0.006 -1"><span class='ocrx_word' id='word_1_69' title='bbox 229 475 332 504; x_wconf 84' lang='lat' dir='ltr'>Macer</span> <span class='ocrx_word' id='word_1_70' title='bbox 355 472 465 503; x_wconf 78' lang='lat' dir='ltr'>aSestii</span> <span class='ocrx_word' id='word_1_71' title='bbox 479 473 624 503; x_wconf 77' lang='lat' dir='ltr'>subselliis</span> <span class='ocrx_word' id='word_1_72' title='bbox 638 472 761 502; x_wconf 81' lang='lat' dir='ltr'>sui-rexit</span> <span class='ocrx_word' id='word_1_73' title='bbox 773 491 782 505; x_wconf 87' lang='lat'><em>‚</em></span> <span class='ocrx_word' id='word_1_74' title='bbox 801 471 999 502; x_wconf 85' lang='lat' dir='ltr'>acseillinon</span> <span class='ocrx_word' id='word_1_75' title='bbox 1008 469 1182 499; x_wconf 87' lang='lat' dir='ltr'>defuturum</span> 
     </span>
     <span class='ocr_line' id='line_1_12' title="bbox 226 512 1185 555; baseline -0.006 -9"><span class='ocrx_word' id='word_1_76' title='bbox 226 514 399 546; x_wconf 85' lang='lat' dir='ltr'>affirmavit.</span> <span class='ocrx_word' id='word_1_77' title='bbox 424 514 503 552; x_wconf 83' lang='lat' dir='ltr'>Quid</span> <span class='ocrx_word' id='word_1_78' title='bbox 513 517 642 555; x_wconf 82' lang='lat' dir='ltr'>quaeris?</span> <span class='ocrx_word' id='word_1_79' title='bbox 661 515 757 544; x_wconf 90' lang='lat' dir='ltr'>homo</span> <span class='ocrx_word' id='word_1_80' title='bbox 766 513 903 553; x_wconf 82' lang='lat' dir='ltr'>petulans</span> <span class='ocrx_word' id='word_1_81' title='bbox 914 532 922 546; x_wconf 91' lang='lat'>,</span> <span class='ocrx_word' id='word_1_82' title='bbox 935 512 967 541; x_wconf 91' lang='lat'>&amp;</span> <span class='ocrx_word' id='word_1_83' title='bbox 981 512 1088 545; x_wconf 90' lang='lat' dir='ltr'>audax,</span> <span class='ocrx_word' id='word_1_84' title='bbox 1100 512 1185 540; x_wconf 82' lang='lat' dir='ltr'>Vati-</span> 
     </span>
     <span class='ocr_line' id='line_1_13' title="bbox 225 552 1185 596; baseline -0.007 -8"><span class='ocrx_word' id='word_1_85' title='bbox 225 559 296 588; x_wconf 86' lang='lat' dir='ltr'>nius</span> <span class='ocrx_word' id='word_1_86' title='bbox 313 556 399 587; x_wconf 84' lang='lat' dir='ltr'>valde</span> <span class='ocrx_word' id='word_1_87' title='bbox 417 559 621 596; x_wconf 81' lang='lat' dir='ltr'>perturbatus,</span> <span class='ocrx_word' id='word_1_88' title='bbox 638 555 866 595; x_wconf 86' lang='lat' dir='ltr'>debilitatusque</span> <span class='ocrx_word' id='word_1_89' title='bbox 884 552 1018 584; x_wconf 87' lang='lat' dir='ltr'>disceffit.</span> <span class='ocrx_word' id='word_1_90' title='bbox 1051 554 1185 591; x_wconf 84' lang='lat' dir='ltr'>Quintus</span> 
     </span>
     <span class='ocr_line' id='line_1_14' title="bbox 226 597 1184 638; baseline -0.006 -9"><span class='ocrx_word' id='word_1_91' title='bbox 226 607 294 629; x_wconf 90' lang='lat' dir='ltr'>tuus</span> <span class='ocrx_word' id='word_1_92' title='bbox 307 619 315 633; x_wconf 92' lang='lat'>,</span> <span class='ocrx_word' id='word_1_93' title='bbox 333 609 404 638; x_wconf 89' lang='lat' dir='ltr'>puer</span> <span class='ocrx_word' id='word_1_94' title='bbox 425 600 580 638; x_wconf 85' lang='lat' dir='ltr'>optimus,</span> <span class='ocrx_word' id='word_1_95' title='bbox 605 597 737 627; x_wconf 89' lang='lat' dir='ltr'>eruditur</span> <span class='ocrx_word' id='word_1_96' title='bbox 754 598 877 638; x_wconf 81' lang='lat' dir='ltr'>egregie.</span> <span class='ocrx_word' id='word_1_97' title='bbox 909 597 967 625; x_wconf 92' lang='lat' dir='ltr'>hoc</span> <span class='ocrx_word' id='word_1_98' title='bbox 987 605 1068 625; x_wconf 89' lang='lat' dir='ltr'>nunc</span> <span class='ocrx_word' id='word_1_99' title='bbox 1089 603 1184 635; x_wconf 85' lang='lat' dir='ltr'>magis</span> 
     </span>
     <span class='ocr_line' id='line_1_15' title="bbox 224 638 1183 681; baseline -0.006 -10"><span class='ocrx_word' id='word_1_100' title='bbox 224 643 430 671; x_wconf 86' lang='lat' dir='ltr'>animadverto</span> <span class='ocrx_word' id='word_1_101' title='bbox 449 660 457 674; x_wconf 95' lang='lat'>,</span> <span class='ocrx_word' id='word_1_102' title='bbox 487 640 570 681; x_wconf 77' lang='lat' dir='ltr'>quod</span> <span class='ocrx_word' id='word_1_103' title='bbox 589 641 747 679; x_wconf 85' lang='lat' dir='ltr'>Tyrannio</span> <span class='ocrx_word' id='word_1_104' title='bbox 762 640 848 669; x_wconf 90' lang='lat' dir='ltr'>docet</span> <span class='ocrx_word' id='word_1_105' title='bbox 864 638 941 678; x_wconf 87' lang='lat' dir='ltr'>apud</span> <span class='ocrx_word' id='word_1_106' title='bbox 959 647 1021 668; x_wconf 85' lang='lat' dir='ltr'>me.</span> <span class='ocrx_word' id='word_1_107' title='bbox 1061 639 1183 667; x_wconf 91' lang='lat' dir='ltr'>Domus</span> 
     </span>
     <span class='ocr_line' id='line_1_16' title="bbox 226 677 1183 723; baseline -0.006 -10"><span class='ocrx_word' id='word_1_108' title='bbox 226 683 378 723; x_wconf 87' lang='lat' dir='ltr'>utriusque</span> <span class='ocrx_word' id='word_1_109' title='bbox 390 681 526 712; x_wconf 73' lang='lat' dir='ltr'>nostrum</span> <span class='ocrx_word' id='word_1_110' title='bbox 539 680 701 712; x_wconf 79' lang='lat' dir='ltr'>aedificatur</span> <span class='ocrx_word' id='word_1_111' title='bbox 709 679 838 719; x_wconf 77' lang='lat' dir='ltr'>strenue.</span> <span class='ocrx_word' id='word_1_112' title='bbox 862 679 1060 719; x_wconf 83' lang='lat' dir='ltr'>Redemptori</span> <span class='ocrx_word' id='word_1_113' title='bbox 1071 687 1123 708; x_wconf 91' lang='lat' dir='ltr'>tuo</span> <span class='ocrx_word' id='word_1_114' title='bbox 1135 677 1183 707; x_wconf 91' lang='lat' dir='ltr'>di-</span> 
     </span>
     <span class='ocr_line' id='line_1_17' title="bbox 223 719 1183 764; baseline -0.005 -10"><span class='ocrx_word' id='word_1_115' title='bbox 223 724 355 754; x_wconf 85' lang='lat' dir='ltr'>midium</span> <span class='ocrx_word' id='word_1_116' title='bbox 369 726 500 764; x_wconf 84' lang='lat' dir='ltr'>pecuniae</span> <span class='ocrx_word' id='word_1_117' title='bbox 511 726 621 754; x_wconf 89' lang='lat' dir='ltr'>curavi.</span> <span class='ocrx_word' id='word_1_118' title='bbox 634 726 724 762; x_wconf 88' lang='lat' dir='ltr'>Spero</span> <span class='ocrx_word' id='word_1_119' title='bbox 734 732 790 752; x_wconf 89' lang='lat' dir='ltr'>nos</span> <span class='ocrx_word' id='word_1_120' title='bbox 799 731 866 752; x_wconf 90' lang='lat' dir='ltr'>ante</span> <span class='ocrx_word' id='word_1_121' title='bbox 876 723 1010 751; x_wconf 86' lang='lat' dir='ltr'>hiemem</span> <span class='ocrx_word' id='word_1_122' title='bbox 1020 719 1183 750; x_wconf 84' lang='lat' dir='ltr'>contuber-</span> 
     </span>
     <span class='ocr_line' id='line_1_18' title="bbox 224 760 1180 797; baseline -0.006 -1"><span class='ocrx_word' id='word_1_123' title='bbox 224 766 318 796; x_wconf 81' lang='lat' dir='ltr'>naleis</span> <span class='ocrx_word' id='word_1_124' title='bbox 337 766 410 795; x_wconf 79' lang='lat' dir='ltr'>fore.</span> <span class='ocrx_word' id='word_1_125' title='bbox 435 769 483 795; x_wconf 91' lang='lat' dir='ltr'>De</span> <span class='ocrx_word' id='word_1_126' title='bbox 494 764 590 795; x_wconf 88' lang='lat' dir='ltr'>nostra</span> <span class='ocrx_word' id='word_1_127' title='bbox 601 765 703 794; x_wconf 86' lang='lat' dir='ltr'>Tullia</span> <span class='ocrx_word' id='word_1_128' title='bbox 714 783 722 797; x_wconf 86' lang='lat'>,</span> <span class='ocrx_word' id='word_1_129' title='bbox 737 766 780 793; x_wconf 92' lang='lat' dir='ltr'>tui</span> <span class='ocrx_word' id='word_1_130' title='bbox 791 763 963 793; x_wconf 69' lang='lat' dir='ltr'>mehercule</span> <span class='ocrx_word' id='word_1_131' title='bbox 971 760 1180 794; x_wconf 84' lang='lat' dir='ltr'>amantiffima,</span> 
     </span>
    </p>
   </div>
   <div class='ocr_carea' id='block_1_6' title="bbox 222 803 1204 848">
    <p class='ocr_par' dir='ltr' id='par_1_6' title="bbox 222 803 1204 848">
     <span class='ocr_line' id='line_1_19' title="bbox 222 803 1204 848; baseline -0.006 -10"><span class='ocrx_word' id='word_1_132' title='bbox 222 809 309 848; x_wconf 86' lang='lat' dir='ltr'>spero</span> <span class='ocrx_word' id='word_1_133' title='bbox 327 818 399 837; x_wconf 90' lang='lat' dir='ltr'>cum</span> <span class='ocrx_word' id='word_1_134' title='bbox 418 806 581 846; x_wconf 87' lang='lat' dir='ltr'>Craffipede</span> <span class='ocrx_word' id='word_1_135' title='bbox 592 816 648 835; x_wconf 88' lang='lat' dir='ltr'>nos</span> <span class='ocrx_word' id='word_1_136' title='bbox 659 803 829 834; x_wconf 78' lang='lat' dir='ltr'>confecisse.</span> <span class='ocrx_word' id='word_1_137' title='bbox 853 806 927 833; x_wconf 83' lang='lat' dir='ltr'>Dies</span> <span class='ocrx_word' id='word_1_138' title='bbox 937 813 1019 833; x_wconf 86' lang='lat' dir='ltr'>erant</span> <span class='ocrx_word' id='word_1_139' title='bbox 1029 804 1090 833; x_wconf 88' lang='lat' dir='ltr'>duo</span> <span class='ocrx_word' id='word_1_140' title='bbox 1101 823 1110 837; x_wconf 67' lang='lat'>2</span> <span class='ocrx_word' id='word_1_141' title='bbox 1129 804 1183 843; x_wconf 87' lang='lat' dir='ltr'>qui</span> <span class='ocrx_word' id='word_1_142' title='bbox 1202 833 1204 838; x_wconf 75' lang='grc'>,</span> 
     </span>
    </p>
   </div>
   <div class='ocr_carea' id='block_1_7' title="bbox 222 844 1178 889">
    <p class='ocr_par' dir='ltr' id='par_1_7' title="bbox 222 844 1178 889">
     <span class='ocr_line' id='line_1_20' title="bbox 222 844 1178 889; baseline -0.006 -9"><span class='ocrx_word' id='word_1_143' title='bbox 222 849 290 889; x_wconf 89' lang='lat' dir='ltr'>post</span> <span class='ocrx_word' id='word_1_144' title='bbox 310 851 428 879; x_wconf 86' lang='lat' dir='ltr'>Latinas</span> <span class='ocrx_word' id='word_1_145' title='bbox 438 845 718 887; x_wconf 82' lang='lat' dir='ltr'>habenturreligiosi</span> <span class='ocrx_word' id='word_1_146' title='bbox 733 858 742 880; x_wconf 74' lang='lat'>3</span> <span class='ocrx_word' id='word_1_147' title='bbox 762 855 914 886; x_wconf 86' lang='lat' dir='ltr'>ceteroqui</span> <span class='ocrx_word' id='word_1_148' title='bbox 923 844 1097 875; x_wconf 68' lang='lat' dir='ltr'>confeetum</span> <span class='ocrx_word' id='word_1_149' title='bbox 1110 853 1178 875; x_wconf 83' lang='lat' dir='ltr'>erat.</span> 
     </span>
    </p>
   </div>
   <div class='ocr_carea' id='block_1_8' title="bbox 216 892 1179 1169">
    <p class='ocr_par' dir='ltr' id='par_1_8' title="bbox 216 892 1179 1169">
     <span class='ocr_line' id='line_1_21' title="bbox 227 892 570 922; baseline -0.017 0"><span class='ocrx_word' id='word_1_150' title='bbox 227 895 238 911; x_wconf 85' lang='lat'>¹</span> <span class='ocrx_word' id='word_1_151' title='bbox 249 893 348 922; x_wconf 88' lang='lat' dir='ltr'>Latiar</span> <span class='ocrx_word' id='word_1_152' title='bbox 357 899 416 920; x_wconf 85' lang='lat' dir='ltr'>erat</span> <span class='ocrx_word' id='word_1_153' title='bbox 427 892 570 919; x_wconf 88' lang='lat' dir='ltr'>exiturus.</span> 
     </span>
     <span class='ocr_line' id='line_1_22' title="bbox 414 930 978 972; baseline -0.007 -12"><span class='ocrx_word' id='word_1_154' title='bbox 414 931 624 960; x_wconf 87' lang='lat' dir='ltr'>MARCUS</span> <span class='ocrx_word' id='word_1_155' title='bbox 646 930 933 972; x_wconf 70' lang='lat' dir='ltr'>QFRATR1‚</span> <span class='ocrx_word' id='word_1_156' title='bbox 950 931 978 959; x_wconf 83' lang='lat' dir='ltr'>S.</span> 
     </span>
     <span class='ocr_line' id='line_1_23' title="bbox 318 970 1178 1011; baseline -0.001 -9"><span class='ocrx_word' id='word_1_157' title='bbox 318 976 468 1002; x_wconf 66' lang='lat' dir='ltr'>EnERArvr</span> <span class='ocrx_word' id='word_1_158' title='bbox 484 971 519 1001; x_wconf 89' lang='lat' dir='ltr'>ad</span> <span class='ocrx_word' id='word_1_159' title='bbox 540 979 567 1000; x_wconf 90' lang='lat' dir='ltr'>te</span> <span class='ocrx_word' id='word_1_160' title='bbox 579 971 688 1000; x_wconf 82' lang='lat' dir='ltr'>litteras</span> <span class='ocrx_word' id='word_1_161' title='bbox 701 970 786 1000; x_wconf 80' lang='lat' dir='ltr'>antea</span> <span class='ocrx_word' id='word_1_162' title='bbox 801 989 809 1003; x_wconf 88' lang='lat'>‚</span> <span class='ocrx_word' id='word_1_163' title='bbox 833 970 942 1010; x_wconf 89' lang='lat' dir='ltr'>quibus</span> <span class='ocrx_word' id='word_1_164' title='bbox 953 978 1013 1000; x_wconf 88' lang='lat' dir='ltr'>erat</span> <span class='ocrx_word' id='word_1_165' title='bbox 1024 971 1178 1011; x_wconf 83' lang='lat' dir='ltr'>scriptum,</span> 
     </span>
     <span class='ocr_line' id='line_1_24' title="bbox 317 1010 1178 1052; baseline -0.002 -8"><span class='ocrx_word' id='word_1_166' title='bbox 317 1013 453 1044; x_wconf 73' lang='lat' dir='ltr'>Tulliam</span> <span class='ocrx_word' id='word_1_167' title='bbox 473 1011 604 1042; x_wconf 88' lang='lat' dir='ltr'>nostram</span> <span class='ocrx_word' id='word_1_168' title='bbox 626 1010 783 1052; x_wconf 84' lang='lat' dir='ltr'>Craffipedi</span> <span class='ocrx_word' id='word_1_169' title='bbox 804 1012 881 1051; x_wconf 84' lang='lat' dir='ltr'>prid.</span> <span class='ocrx_word' id='word_1_170' title='bbox 902 1015 987 1042; x_wconf 87' lang='lat' dir='ltr'>Non.</span> <span class='ocrx_word' id='word_1_171' title='bbox 1002 1016 1099 1052; x_wconf 84' lang='lat' dir='ltr'>April.</span> <span class='ocrx_word' id='word_1_172' title='bbox 1120 1012 1178 1043; x_wconf 79' lang='lat' dir='ltr'>effe</span> 
     </span>
     <span class='ocr_line' id='line_1_25' title="bbox 218 1054 1177 1094; baseline -0.003 -8"><span class='ocrx_word' id='word_1_173' title='bbox 218 1055 423 1094; x_wconf 82' lang='lat' dir='ltr'>desponsatam</span> <span class='ocrx_word' id='word_1_174' title='bbox 445 1065 450 1083; x_wconf 90' lang='lat'>:</span> <span class='ocrx_word' id='word_1_175' title='bbox 470 1063 622 1094; x_wconf 83' lang='lat' dir='ltr'>ceteraque</span> <span class='ocrx_word' id='word_1_176' title='bbox 641 1054 677 1084; x_wconf 92' lang='lat' dir='ltr'>de</span> <span class='ocrx_word' id='word_1_177' title='bbox 688 1064 748 1093; x_wconf 87' lang='lat' dir='ltr'>rep.</span> <span class='ocrx_word' id='word_1_178' title='bbox 760 1063 930 1094; x_wconf 86' lang='lat' dir='ltr'>privataque</span> <span class='ocrx_word' id='word_1_179' title='bbox 939 1054 1177 1094; x_wconf 79' lang='lat' dir='ltr'>perscripseram.</span> 
     </span>
     <span class='ocr_line' id='line_1_26' title="bbox 216 1095 1179 1136; baseline -0.001 -9"><span class='ocrx_word' id='word_1_180' title='bbox 216 1096 321 1128; x_wconf 65' lang='lat' dir='ltr'>Postea</span> <span class='ocrx_word' id='word_1_181' title='bbox 340 1097 406 1126; x_wconf 90' lang='lat' dir='ltr'>sunt</span> <span class='ocrx_word' id='word_1_182' title='bbox 423 1098 484 1126; x_wconf 86' lang='lat' dir='ltr'>haec</span> <span class='ocrx_word' id='word_1_183' title='bbox 506 1095 568 1126; x_wconf 62' lang='lat' dir='ltr'>afta</span> <span class='ocrx_word' id='word_1_184' title='bbox 587 1099 672 1126; x_wconf 82' lang='lat' dir='ltr'>Non.</span> <span class='ocrx_word' id='word_1_185' title='bbox 696 1099 766 1135; x_wconf 81' lang='lat' dir='ltr'>Apr.</span> <span class='ocrx_word' id='word_1_186' title='bbox 789 1105 811 1125; x_wconf 87' lang='lat' dir='ltr'>s.</span> <span class='ocrx_word' id='word_1_187' title='bbox 833 1105 860 1125; x_wconf 92' lang='lat' dir='ltr'>c.</span> <span class='ocrx_word' id='word_1_188' title='bbox 885 1097 1032 1136; x_wconf 81' lang='lat' dir='ltr'>Pompejo</span> <span class='ocrx_word' id='word_1_189' title='bbox 1053 1099 1179 1136; x_wconf 87' lang='lat' dir='ltr'>pecunia</span> 
     </span>
     <span class='ocr_line' id='line_1_27' title="bbox 220 1137 1178 1169; baseline 0 -1"><span class='ocrx_word' id='word_1_190' title='bbox 220 1139 334 1168; x_wconf 85' lang='lat' dir='ltr'>decreta</span> <span class='ocrx_word' id='word_1_191' title='bbox 353 1141 382 1168; x_wconf 90' lang='lat' dir='ltr'>in</span> <span class='ocrx_word' id='word_1_192' title='bbox 397 1148 457 1168; x_wconf 74' lang='lat' dir='ltr'>rem</span> <span class='ocrx_word' id='word_1_193' title='bbox 470 1138 695 1168; x_wconf 80' lang='lat' dir='ltr'>frumentariam</span> <span class='ocrx_word' id='word_1_194' title='bbox 707 1137 742 1167; x_wconf 88' lang='lat' dir='ltr'>ad</span> <span class='ocrx_word' id='word_1_195' title='bbox 754 1147 807 1167; x_wconf 73' lang='lat' dir='ltr'>H=s</span> <span class='ocrx_word' id='word_1_196' title='bbox 819 1147 904 1167; x_wconf 87' lang='lat' dir='ltr'>cccc</span> <span class='ocrx_word' id='word_1_197' title='bbox 914 1159 921 1167; x_wconf 88' lang='lat'>.</span> <span class='ocrx_word' id='word_1_198' title='bbox 944 1137 1000 1169; x_wconf 86' lang='lat' dir='ltr'>Sed</span> <span class='ocrx_word' id='word_1_199' title='bbox 1011 1139 1119 1168; x_wconf 87' lang='lat' dir='ltr'>eodem</span> <span class='ocrx_word' id='word_1_200' title='bbox 1131 1139 1178 1169; x_wconf 86' lang='lat' dir='ltr'>die</span> 
     </span>
    </p>
   </div>
   <div class='ocr_carea' id='block_1_9' title="bbox 186 949 208 979">
    <p class='ocr_par' dir='ltr' id='par_1_9' title="bbox 186 949 208 979">
     <span class='ocr_line' id='line_1_28' title="bbox 186 949 208 979; baseline 0 0"><span class='ocrx_word' id='word_1_201' title='bbox 186 949 208 979; x_wconf 88' lang='lat'>5</span> 
     </span>
    </p>
   </div>
   <div class='ocr_carea' id='block_1_10' title="bbox 215 1179 1201 1220">
    <p class='ocr_par' dir='ltr' id='par_1_10' title="bbox 215 1179 1201 1220">
     <span class='ocr_line' id='line_1_29' title="bbox 215 1179 1201 1220; baseline 0.001 -10"><span class='ocrx_word' id='word_1_202' title='bbox 215 1182 410 1211; x_wconf 81' lang='lat' dir='ltr'>vehementer</span> <span class='ocrx_word' id='word_1_203' title='bbox 419 1179 519 1210; x_wconf 70' lang='lat' dir='ltr'>a&amp;um</span> <span class='ocrx_word' id='word_1_204' title='bbox 532 1180 567 1210; x_wconf 91' lang='lat' dir='ltr'>de</span> <span class='ocrx_word' id='word_1_205' title='bbox 578 1190 646 1219; x_wconf 85' lang='lat' dir='ltr'>agro</span> <span class='ocrx_word' id='word_1_206' title='bbox 656 1182 809 1219; x_wconf 86' lang='lat' dir='ltr'>Campano</span> <span class='ocrx_word' id='word_1_207' title='bbox 818 1180 948 1210; x_wconf 84' lang='lat' dir='ltr'>clamore</span> <span class='ocrx_word' id='word_1_208' title='bbox 958 1180 1072 1210; x_wconf 83' lang='lat' dir='ltr'>senatus</span> <span class='ocrx_word' id='word_1_209' title='bbox 1085 1180 1179 1220; x_wconf 72' lang='lat' dir='ltr'>prope</span> <span class='ocrx_word' id='word_1_210' title='bbox 1200 1204 1201 1211; x_wconf 64' lang='lat'>.</span> 
     </span>
    </p>
   </div>
   <div class='ocr_carea' id='block_1_11' title="bbox 182 1221 1178 1972">
    <p class='ocr_par' dir='ltr' id='par_1_11' title="bbox 182 1221 1178 1972">
     <span class='ocr_line' id='line_1_30' title="bbox 217 1221 1176 1261; baseline -0.001 -8"><span class='ocrx_word' id='word_1_211' title='bbox 217 1222 401 1253; x_wconf 87' lang='lat' dir='ltr'>concionali.</span> <span class='ocrx_word' id='word_1_212' title='bbox 423 1225 568 1252; x_wconf 86' lang='lat' dir='ltr'>acriorem</span> <span class='ocrx_word' id='word_1_213' title='bbox 587 1222 704 1252; x_wconf 87' lang='lat' dir='ltr'>causam</span> <span class='ocrx_word' id='word_1_214' title='bbox 717 1224 819 1261; x_wconf 90' lang='lat' dir='ltr'>inopia</span> <span class='ocrx_word' id='word_1_215' title='bbox 829 1221 1099 1261; x_wconf 73' lang='lat' dir='ltr'>pecuniaefaciebat</span> <span class='ocrx_word' id='word_1_216' title='bbox 1113 1242 1122 1256; x_wconf 87' lang='lat'>,</span> <span class='ocrx_word' id='word_1_217' title='bbox 1143 1223 1176 1252; x_wconf 68' lang='grc' dir='ltr'>δε</span> 
     </span>
     <span class='ocr_line' id='line_1_31' title="bbox 216 1264 1176 1304; baseline -0.003 -10"><span class='ocrx_word' id='word_1_218' title='bbox 216 1274 346 1294; x_wconf 80' lang='lat' dir='ltr'>annonae</span> <span class='ocrx_word' id='word_1_219' title='bbox 357 1265 469 1293; x_wconf 83' lang='lat' dir='ltr'>caritas.</span> <span class='ocrx_word' id='word_1_220' title='bbox 496 1266 571 1294; x_wconf 92' lang='lat' dir='ltr'>Non</span> <span class='ocrx_word' id='word_1_221' title='bbox 581 1266 804 1303; x_wconf 67' lang='lat' dir='ltr'>praetermittam</span> <span class='ocrx_word' id='word_1_222' title='bbox 817 1283 825 1297; x_wconf 91' lang='lat'>,</span> <span class='ocrx_word' id='word_1_223' title='bbox 835 1273 872 1293; x_wconf 85' lang='lat' dir='ltr'>ne</span> <span class='ocrx_word' id='word_1_224' title='bbox 882 1264 958 1293; x_wconf 87' lang='lat' dir='ltr'>illud</span> <span class='ocrx_word' id='word_1_225' title='bbox 969 1264 1093 1304; x_wconf 85' lang='lat' dir='ltr'>quidem</span> <span class='ocrx_word' id='word_1_226' title='bbox 1105 1284 1113 1297; x_wconf 85' lang='lat'>,</span> <span class='ocrx_word' id='word_1_227' title='bbox 1131 1266 1176 1294; x_wconf 91' lang='lat' dir='ltr'>M.</span> 
     </span>
     <span class='ocr_line' id='line_1_32' title="bbox 217 1306 1175 1345; baseline -0.001 -9"><span class='ocrx_word' id='word_1_228' title='bbox 217 1308 342 1336; x_wconf 86' lang='lat' dir='ltr'>Furium</span> <span class='ocrx_word' id='word_1_229' title='bbox 371 1306 510 1336; x_wconf 82' lang='lat' dir='ltr'>Flaccum</span> <span class='ocrx_word' id='word_1_230' title='bbox 529 1325 537 1339; x_wconf 90' lang='lat'>,</span> <span class='ocrx_word' id='word_1_231' title='bbox 570 1315 703 1345; x_wconf 82' lang='lat' dir='ltr'>equitem</span> <span class='ocrx_word' id='word_1_232' title='bbox 731 1307 823 1335; x_wconf 89' lang='lat' dir='ltr'>Rom.</span> <span class='ocrx_word' id='word_1_233' title='bbox 845 1307 1006 1335; x_wconf 88' lang='lat' dir='ltr'>hominem</span> <span class='ocrx_word' id='word_1_234' title='bbox 1029 1315 1175 1345; x_wconf 84' lang='lat' dir='ltr'>nequam,</span> 
     </span>
     <span class='ocr_line' id='line_1_33' title="bbox 217 1347 1178 1388; baseline 0 -10"><span class='ocrx_word' id='word_1_235' title='bbox 217 1348 406 1387; x_wconf 85' lang='lat' dir='ltr'>Capitolini,</span> <span class='ocrx_word' id='word_1_236' title='bbox 425 1347 457 1377; x_wconf 92' lang='lat'>&amp;</span> <span class='ocrx_word' id='word_1_237' title='bbox 468 1348 660 1377; x_wconf 83' lang='lat' dir='ltr'>Mercuriales</span> <span class='ocrx_word' id='word_1_238' title='bbox 672 1347 707 1377; x_wconf 91' lang='lat' dir='ltr'>de</span> <span class='ocrx_word' id='word_1_239' title='bbox 718 1348 848 1387; x_wconf 89' lang='lat' dir='ltr'>collegio</span> <span class='ocrx_word' id='word_1_240' title='bbox 858 1348 1008 1387; x_wconf 86' lang='lat' dir='ltr'>ejecerunt</span> <span class='ocrx_word' id='word_1_241' title='bbox 1019 1368 1028 1381; x_wconf 94' lang='lat'>‚</span> <span class='ocrx_word' id='word_1_242' title='bbox 1048 1348 1178 1388; x_wconf 69' lang='lat' dir='ltr'>praesen·</span> 
     </span>
     <span class='ocr_line' id='line_1_34' title="bbox 218 1389 869 1429; baseline -0.005 -9"><span class='ocrx_word' id='word_1_243' title='bbox 218 1398 281 1420; x_wconf 83' lang='lat' dir='ltr'>tem</span> <span class='ocrx_word' id='word_1_244' title='bbox 291 1408 300 1423; x_wconf 84' lang='lat'>‚</span> <span class='ocrx_word' id='word_1_245' title='bbox 320 1389 355 1419; x_wconf 87' lang='lat' dir='ltr'>ad</span> <span class='ocrx_word' id='word_1_246' title='bbox 364 1389 454 1429; x_wconf 88' lang='lat' dir='ltr'>pedes</span> <span class='ocrx_word' id='word_1_247' title='bbox 466 1389 869 1429; x_wconf 82' lang='lat' dir='ltr'>uniuscujusquejacentem.</span> 
     </span>
     <span class='ocr_line' id='line_1_35' title="bbox 182 1432 983 1478; baseline 0.001 -19"><span class='ocrx_word' id='word_1_248' title='bbox 182 1446 204 1478; x_wconf 89' lang='lat'><strong>6</strong></span> <span class='ocrx_word' id='word_1_249' title='bbox 413 1432 624 1461; x_wconf 76' lang='lat' dir='ltr'>MARCUS</span> <span class='ocrx_word' id='word_1_250' title='bbox 647 1432 983 1469; x_wconf 53' lang='lat' dir='ltr'>QFRATRhs.</span> 
     </span>
     <span class='ocr_line' id='line_1_36' title="bbox 346 1471 1176 1512; baseline 0.001 -11"><span class='ocrx_word' id='word_1_251' title='bbox 346 1475 386 1501; x_wconf 90' lang='lat' dir='ltr'>D.</span> <span class='ocrx_word' id='word_1_252' title='bbox 420 1481 514 1502; x_wconf 78' lang='lat' dir='ltr'>v111.</span> <span class='ocrx_word' id='word_1_253' title='bbox 542 1472 586 1501; x_wconf 89' lang='lat' dir='ltr'>Id.</span> <span class='ocrx_word' id='word_1_254' title='bbox 620 1474 690 1511; x_wconf 86' lang='lat' dir='ltr'>Apr.</span> <span class='ocrx_word' id='word_1_255' title='bbox 721 1472 866 1511; x_wconf 80' lang='lat' dir='ltr'>sponsalia</span> <span class='ocrx_word' id='word_1_256' title='bbox 885 1471 1176 1512; x_wconf 79' lang='lat' dir='ltr'>Craffipedipraebui.</span> 
     </span>
     <span class='ocr_line' id='line_1_37' title="bbox 312 1515 1174 1555; baseline 0 -12"><span class='ocrx_word' id='word_1_257' title='bbox 312 1515 410 1543; x_wconf 86' lang='lat' dir='ltr'>&#39;Huic</span> <span class='ocrx_word' id='word_1_258' title='bbox 428 1516 574 1543; x_wconf 91' lang='lat' dir='ltr'>convivio</span> <span class='ocrx_word' id='word_1_259' title='bbox 593 1523 666 1553; x_wconf 90' lang='lat' dir='ltr'>puer</span> <span class='ocrx_word' id='word_1_260' title='bbox 684 1517 818 1553; x_wconf 90' lang='lat' dir='ltr'>optimus</span> <span class='ocrx_word' id='word_1_261' title='bbox 839 1516 995 1555; x_wconf 81' lang='lat' dir='ltr'>Q.tuus,</span> <span class='ocrx_word' id='word_1_262' title='bbox 1020 1515 1174 1554; x_wconf 86' lang='lat' dir='ltr'>meusque,</span> 
     </span>
     <span class='ocr_line' id='line_1_38' title="bbox 215 1554 1175 1596; baseline -0.001 -12"><span class='ocrx_word' id='word_1_263' title='bbox 215 1554 299 1596; x_wconf 77' lang='lat' dir='ltr'>quod</span> <span class='ocrx_word' id='word_1_264' title='bbox 316 1556 477 1595; x_wconf 80' lang='lat' dir='ltr'>perleviter</span> <span class='ocrx_word' id='word_1_265' title='bbox 493 1565 670 1585; x_wconf 86' lang='lat' dir='ltr'>commotus</span> <span class='ocrx_word' id='word_1_266' title='bbox 688 1555 803 1589; x_wconf 82' lang='lat' dir='ltr'>fuerat,</span> <span class='ocrx_word' id='word_1_267' title='bbox 828 1555 942 1585; x_wconf 63' lang='lat' dir='ltr'>defuit:</span> <span class='ocrx_word' id='word_1_268' title='bbox 960 1566 985 1585; x_wconf 91' lang='lat' dir='ltr'>a.</span> <span class='ocrx_word' id='word_1_269' title='bbox 1009 1556 1039 1586; x_wconf 88' lang='lat' dir='ltr'>d.</span> <span class='ocrx_word' id='word_1_270' title='bbox 1063 1566 1112 1585; x_wconf 88' lang='lat' dir='ltr'>vx.</span> <span class='ocrx_word' id='word_1_271' title='bbox 1129 1556 1175 1585; x_wconf 73' lang='lat' dir='ltr'>id.</span> 
     </span>
     <span class='ocr_line' id='line_1_39' title="bbox 214 1597 1172 1639; baseline 0 -13"><span class='ocrx_word' id='word_1_272' title='bbox 214 1597 309 1636; x_wconf 84' lang='lat' dir='ltr'>April.</span> <span class='ocrx_word' id='word_1_273' title='bbox 331 1599 400 1627; x_wconf 89' lang='lat' dir='ltr'>veni</span> <span class='ocrx_word' id='word_1_274' title='bbox 419 1597 454 1627; x_wconf 88' lang='lat' dir='ltr'>ad</span> <span class='ocrx_word' id='word_1_275' title='bbox 477 1600 628 1639; x_wconf 87' lang='lat' dir='ltr'>Qintum</span> <span class='ocrx_word' id='word_1_276' title='bbox 641 1618 650 1630; x_wconf 92' lang='lat'><em>‚</em></span> <span class='ocrx_word' id='word_1_277' title='bbox 669 1607 800 1638; x_wconf 88' lang='lat' dir='ltr'>eumque</span> <span class='ocrx_word' id='word_1_278' title='bbox 820 1598 884 1628; x_wconf 92' lang='lat' dir='ltr'>vidi</span> <span class='ocrx_word' id='word_1_279' title='bbox 903 1597 991 1637; x_wconf 76' lang='lat' dir='ltr'>plane</span> <span class='ocrx_word' id='word_1_280' title='bbox 1011 1600 1172 1639; x_wconf 83' lang='lat' dir='ltr'>integrum,</span> 
     </span>
     <span class='ocr_line' id='line_1_40' title="bbox 213 1639 1173 1680; baseline 0 -12"><span class='ocrx_word' id='word_1_281' title='bbox 213 1639 410 1680; x_wconf 85' lang='lat' dir='ltr'>multumque</span> <span class='ocrx_word' id='word_1_282' title='bbox 421 1641 445 1668; x_wconf 92' lang='lat' dir='ltr'>is</span> <span class='ocrx_word' id='word_1_283' title='bbox 456 1649 577 1669; x_wconf 87' lang='lat' dir='ltr'>mecum</span> <span class='ocrx_word' id='word_1_284' title='bbox 588 1640 759 1670; x_wconf 84' lang='lat' dir='ltr'>sermonem</span> <span class='ocrx_word' id='word_1_285' title='bbox 771 1639 883 1680; x_wconf 78' lang='lat' dir='ltr'>habuit,</span> <span class='ocrx_word' id='word_1_286' title='bbox 896 1640 928 1669; x_wconf 90' lang='lat'>&amp;</span> <span class='ocrx_word' id='word_1_287' title='bbox 937 1641 1173 1680; x_wconf 83' lang='lat' dir='ltr'>perhumanum,</span> 
     </span>
     <span class='ocr_line' id='line_1_41' title="bbox 214 1680 1174 1723; baseline 0.001 -13"><span class='ocrx_word' id='word_1_288' title='bbox 214 1680 251 1710; x_wconf 86' lang='lat' dir='ltr'>de</span> <span class='ocrx_word' id='word_1_289' title='bbox 271 1681 425 1710; x_wconf 82' lang='lat' dir='ltr'>discordiis</span> <span class='ocrx_word' id='word_1_290' title='bbox 449 1681 611 1710; x_wconf 79' lang='lat' dir='ltr'>mulierum</span> <span class='ocrx_word' id='word_1_291' title='bbox 635 1681 814 1711; x_wconf 87' lang='lat' dir='ltr'>nostrarum.</span> <span class='ocrx_word' id='word_1_292' title='bbox 847 1680 928 1723; x_wconf 80' lang='lat' dir='ltr'>Qid</span> <span class='ocrx_word' id='word_1_293' title='bbox 947 1683 1073 1722; x_wconf 78' lang='lat' dir='ltr'>quaeris?</span> <span class='ocrx_word' id='word_1_294' title='bbox 1095 1683 1174 1711; x_wconf 80' lang='lat' dir='ltr'>nihil</span> 
     </span>
     <span class='ocr_line' id='line_1_42' title="bbox 212 1720 1173 1764; baseline 0.002 -12"><span class='ocrx_word' id='word_1_295' title='bbox 212 1720 361 1752; x_wconf 83' lang='lat' dir='ltr'>festivius.</span> <span class='ocrx_word' id='word_1_296' title='bbox 385 1724 554 1762; x_wconf 86' lang='lat' dir='ltr'>Pomponia</span> <span class='ocrx_word' id='word_1_297' title='bbox 568 1732 668 1753; x_wconf 86' lang='lat' dir='ltr'>autem</span> <span class='ocrx_word' id='word_1_298' title='bbox 677 1724 766 1753; x_wconf 82' lang='lat' dir='ltr'>etiam</span> <span class='ocrx_word' id='word_1_299' title='bbox 778 1724 814 1753; x_wconf 85' lang='lat' dir='ltr'>de</span> <span class='ocrx_word' id='word_1_300' title='bbox 826 1733 850 1754; x_wconf 89' lang='lat' dir='ltr'>te</span> <span class='ocrx_word' id='word_1_301' title='bbox 862 1723 963 1764; x_wconf 77' lang='lat' dir='ltr'>questa</span> <span class='ocrx_word' id='word_1_302' title='bbox 974 1723 1024 1753; x_wconf 89' lang='lat' dir='ltr'>est.</span> <span class='ocrx_word' id='word_1_303' title='bbox 1047 1724 1096 1754; x_wconf 85' lang='lat' dir='ltr'>sed</span> <span class='ocrx_word' id='word_1_304' title='bbox 1112 1725 1173 1754; x_wconf 79' lang='lat' dir='ltr'>haec</span> 
     </span>
     <span class='ocr_line' id='line_1_43' title="bbox 212 1763 1171 1804; baseline -0.002 -10"><span class='ocrx_word' id='word_1_305' title='bbox 212 1764 314 1794; x_wconf 74' lang='lat' dir='ltr'>coram</span> <span class='ocrx_word' id='word_1_306' title='bbox 332 1773 464 1804; x_wconf 82' lang='lat' dir='ltr'>agemus.</span> <span class='ocrx_word' id='word_1_307' title='bbox 487 1767 514 1794; x_wconf 93' lang='lat' dir='ltr'>A</span> <span class='ocrx_word' id='word_1_308' title='bbox 534 1774 627 1804; x_wconf 91' lang='lat' dir='ltr'>puero</span> <span class='ocrx_word' id='word_1_309' title='bbox 651 1763 806 1795; x_wconf 85' lang='lat' dir='ltr'>utdisceffi</span> <span class='ocrx_word' id='word_1_310' title='bbox 818 1785 826 1798; x_wconf 93' lang='lat'>,</span> <span class='ocrx_word' id='word_1_311' title='bbox 848 1767 881 1795; x_wconf 90' lang='lat' dir='ltr'>in</span> <span class='ocrx_word' id='word_1_312' title='bbox 890 1775 986 1795; x_wconf 88' lang='lat' dir='ltr'>aream</span> <span class='ocrx_word' id='word_1_313' title='bbox 998 1775 1080 1795; x_wconf 87' lang='lat' dir='ltr'>ruam</span> <span class='ocrx_word' id='word_1_314' title='bbox 1091 1767 1171 1795; x_wconf 88' lang='lat' dir='ltr'>veni.</span> 
     </span>
     <span class='ocr_line' id='line_1_44' title="bbox 212 1805 1170 1847; baseline 0.001 -12"><span class='ocrx_word' id='word_1_315' title='bbox 212 1815 259 1835; x_wconf 79' lang='lat' dir='ltr'>res</span> <span class='ocrx_word' id='word_1_316' title='bbox 277 1806 413 1845; x_wconf 87' lang='lat' dir='ltr'>agebatur</span> <span class='ocrx_word' id='word_1_317' title='bbox 430 1807 536 1835; x_wconf 87' lang='lat' dir='ltr'>multis</span> <span class='ocrx_word' id='word_1_318' title='bbox 547 1805 754 1836; x_wconf 65' lang='lat' dir='ltr'>struEtoribus.</span> <span class='ocrx_word' id='word_1_319' title='bbox 777 1807 954 1847; x_wconf 84' lang='lat' dir='ltr'>Longilium</span> <span class='ocrx_word' id='word_1_320' title='bbox 967 1806 1170 1836; x_wconf 86' lang='lat' dir='ltr'>redemtorem</span> 
     </span>
     <span class='ocr_line' id='line_1_45' title="bbox 212 1847 1170 1887; baseline 0.001 -11"><span class='ocrx_word' id='word_1_321' title='bbox 212 1847 382 1877; x_wconf 87' lang='lat' dir='ltr'>cohortatus</span> <span class='ocrx_word' id='word_1_322' title='bbox 392 1847 469 1877; x_wconf 87' lang='lat' dir='ltr'>sum.</span> <span class='ocrx_word' id='word_1_323' title='bbox 485 1847 576 1877; x_wconf 86' lang='lat' dir='ltr'>fidem</span> <span class='ocrx_word' id='word_1_324' title='bbox 586 1849 664 1877; x_wconf 89' lang='lat' dir='ltr'>mihi</span> <span class='ocrx_word' id='word_1_325' title='bbox 672 1847 808 1881; x_wconf 79' lang='lat' dir='ltr'>faciebat,</span> <span class='ocrx_word' id='word_1_326' title='bbox 820 1848 847 1877; x_wconf 84' lang='lat' dir='ltr'>se</span> <span class='ocrx_word' id='word_1_327' title='bbox 859 1848 936 1878; x_wconf 87' lang='lat' dir='ltr'>velle</span> <span class='ocrx_word' id='word_1_328' title='bbox 946 1848 1034 1878; x_wconf 90' lang='lat' dir='ltr'>nobis</span> <span class='ocrx_word' id='word_1_329' title='bbox 1044 1848 1170 1887; x_wconf 88' lang='lat' dir='ltr'>placere.</span> 
     </span>
     <span class='ocr_line' id='line_1_46' title="bbox 212 1890 1169 1930; baseline 0 -12"><span class='ocrx_word' id='word_1_330' title='bbox 212 1890 337 1918; x_wconf 88' lang='lat' dir='ltr'>Domus</span> <span class='ocrx_word' id='word_1_331' title='bbox 346 1891 401 1919; x_wconf 83' lang='lat' dir='ltr'>erit</span> <span class='ocrx_word' id='word_1_332' title='bbox 416 1891 539 1930; x_wconf 88' lang='lat' dir='ltr'>egregia.</span> <span class='ocrx_word' id='word_1_333' title='bbox 564 1892 658 1930; x_wconf 87' lang='lat' dir='ltr'>magis</span> <span class='ocrx_word' id='word_1_334' title='bbox 671 1892 753 1919; x_wconf 89' lang='lat' dir='ltr'>enim</span> <span class='ocrx_word' id='word_1_335' title='bbox 764 1890 915 1929; x_wconf 83' lang='lat' dir='ltr'>cernijam</span> <span class='ocrx_word' id='word_1_336' title='bbox 927 1899 1040 1929; x_wconf 86' lang='lat' dir='ltr'>poterat</span> <span class='ocrx_word' id='word_1_337' title='bbox 1049 1908 1058 1923; x_wconf 85' lang='lat'>‚</span> <span class='ocrx_word' id='word_1_338' title='bbox 1079 1892 1169 1930; x_wconf 77' lang='lat' dir='ltr'>quam</span> 
     </span>
     <span class='ocr_line' id='line_1_47' title="bbox 211 1930 1170 1972; baseline 0.001 -12"><span class='ocrx_word' id='word_1_339' title='bbox 211 1940 359 1971; x_wconf 87' lang='lat' dir='ltr'>quantum</span> <span class='ocrx_word' id='word_1_340' title='bbox 380 1932 524 1961; x_wconf 72' lang='lat' dir='ltr'>exiorma</span> <span class='ocrx_word' id='word_1_341' title='bbox 538 1931 755 1971; x_wconf 86' lang='lat' dir='ltr'>judicabamus.</span> <span class='ocrx_word' id='word_1_342' title='bbox 779 1932 914 1972; x_wconf 88' lang='lat' dir='ltr'>itemque</span> <span class='ocrx_word' id='word_1_343' title='bbox 926 1930 1025 1961; x_wconf 90' lang='lat' dir='ltr'>nostra</span> <span class='ocrx_word' id='word_1_344' title='bbox 1036 1933 1170 1961; x_wconf 85' lang='lat' dir='ltr'>celeriter</span> 
     </span>
    </p>
   </div>
   <div class='ocr_carea' id='block_1_12' title="bbox 159 1971 1171 2013">
    <p class='ocr_par' dir='ltr' id='par_1_12' title="bbox 159 1971 1171 2013">
     <span class='ocr_line' id='line_1_48' title="bbox 159 1971 1171 2013; baseline 0 -10"><span class='ocrx_word' id='word_1_345' title='bbox 159 1971 166 1974; x_wconf 73' lang='grc'><strong>”</strong></span> <span class='ocrx_word' id='word_1_346' title='bbox 212 1971 421 2003; x_wconf 81' lang='lat' dir='ltr'>aedificabarur.</span> <span class='ocrx_word' id='word_1_347' title='bbox 456 1976 501 2003; x_wconf 87' lang='lat' dir='ltr'>Eo</span> <span class='ocrx_word' id='word_1_348' title='bbox 523 1973 571 2004; x_wconf 91' lang='lat' dir='ltr'>die</span> <span class='ocrx_word' id='word_1_349' title='bbox 591 1975 696 2003; x_wconf 91' lang='lat' dir='ltr'>cenavi</span> <span class='ocrx_word' id='word_1_350' title='bbox 715 1973 791 2013; x_wconf 89' lang='lat' dir='ltr'>apud</span> <span class='ocrx_word' id='word_1_351' title='bbox 808 1972 1016 2013; x_wconf 86' lang='lat' dir='ltr'>Craffipedem.</span> <span class='ocrx_word' id='word_1_352' title='bbox 1049 1983 1171 2003; x_wconf 87' lang='lat' dir='ltr'>cenatus</span> 
     </span>
    </p>
   </div>
   <div class='ocr_carea' id='block_1_13' title="bbox 209 2015 1171 2175">
    <p class='ocr_par' dir='ltr' id='par_1_13' title="bbox 209 2015 1171 2175">
     <span class='ocr_line' id='line_1_49' title="bbox 214 2015 1169 2056; baseline 0.002 -13"><span class='ocrx_word' id='word_1_353' title='bbox 214 2015 248 2044; x_wconf 87' lang='lat' dir='ltr'>in</span> <span class='ocrx_word' id='word_1_354' title='bbox 257 2015 362 2044; x_wconf 89' lang='lat' dir='ltr'>hortos</span> <span class='ocrx_word' id='word_1_355' title='bbox 371 2015 406 2045; x_wconf 90' lang='lat' dir='ltr'>ad</span> <span class='ocrx_word' id='word_1_356' title='bbox 417 2016 596 2056; x_wconf 84' lang='lat' dir='ltr'>Pompejum</span> <span class='ocrx_word' id='word_1_357' title='bbox 608 2015 714 2045; x_wconf 66' lang='lat' dir='ltr'>lec‘tica</span> <span class='ocrx_word' id='word_1_358' title='bbox 726 2017 801 2045; x_wconf 86' lang='lat' dir='ltr'>latus</span> <span class='ocrx_word' id='word_1_359' title='bbox 816 2015 892 2045; x_wconf 88' lang='lat' dir='ltr'>sum.</span> <span class='ocrx_word' id='word_1_360' title='bbox 917 2016 1083 2055; x_wconf 87' lang='lat' dir='ltr'>Luccejum</span> <span class='ocrx_word' id='word_1_361' title='bbox 1093 2025 1169 2045; x_wconf 90' lang='lat' dir='ltr'>con-</span> 
     </span>
     <span class='ocr_line' id='line_1_50' title="bbox 210 2056 1171 2098; baseline 0.002 -13"><span class='ocrx_word' id='word_1_362' title='bbox 210 2057 316 2086; x_wconf 87' lang='lat' dir='ltr'>venire</span> <span class='ocrx_word' id='word_1_363' title='bbox 333 2067 397 2086; x_wconf 90' lang='lat' dir='ltr'>non</span> <span class='ocrx_word' id='word_1_364' title='bbox 416 2065 569 2097; x_wconf 89' lang='lat' dir='ltr'>potueram</span> <span class='ocrx_word' id='word_1_365' title='bbox 580 2077 588 2090; x_wconf 90' lang='lat'>‚</span> <span class='ocrx_word' id='word_1_366' title='bbox 611 2056 694 2098; x_wconf 78' lang='lat' dir='ltr'>quod</span> <span class='ocrx_word' id='word_1_367' title='bbox 705 2056 846 2087; x_wconf 78' lang='lat' dir='ltr'>abfuerat.</span> <span class='ocrx_word' id='word_1_368' title='bbox 867 2057 967 2088; x_wconf 91' lang='lat' dir='ltr'>videre</span> <span class='ocrx_word' id='word_1_369' title='bbox 977 2067 1075 2087; x_wconf 88' lang='lat' dir='ltr'>autem</span> <span class='ocrx_word' id='word_1_370' title='bbox 1085 2057 1171 2087; x_wconf 91' lang='lat' dir='ltr'>vole-</span> 
     </span>
     <span class='ocr_line' id='line_1_51' title="bbox 210 2096 1170 2140; baseline 0 -12"><span class='ocrx_word' id='word_1_371' title='bbox 210 2096 280 2128; x_wconf 86' lang='lat' dir='ltr'>bam</span> <span class='ocrx_word' id='word_1_372' title='bbox 292 2117 300 2131; x_wconf 92' lang='lat'>,</span> <span class='ocrx_word' id='word_1_373' title='bbox 312 2097 394 2138; x_wconf 71' lang='lat' dir='ltr'>quod</span> <span class='ocrx_word' id='word_1_374' title='bbox 407 2109 485 2129; x_wconf 85' lang='lat' dir='ltr'>eram</span> <span class='ocrx_word' id='word_1_375' title='bbox 499 2098 644 2138; x_wconf 86' lang='lat' dir='ltr'>postridie</span> <span class='ocrx_word' id='word_1_376' title='bbox 657 2101 757 2129; x_wconf 89' lang='lat' dir='ltr'>Roma</span> <span class='ocrx_word' id='word_1_377' title='bbox 767 2101 900 2130; x_wconf 87' lang='lat' dir='ltr'>exiturus</span> <span class='ocrx_word' id='word_1_378' title='bbox 912 2119 920 2133; x_wconf 88' lang='lat'>,</span> <span class='ocrx_word' id='word_1_379' title='bbox 933 2099 966 2129; x_wconf 90' lang='lat'>&amp;</span> <span class='ocrx_word' id='word_1_380' title='bbox 977 2099 1060 2140; x_wconf 78' lang='lat' dir='ltr'>quod</span> <span class='ocrx_word' id='word_1_381' title='bbox 1070 2100 1120 2129; x_wconf 91' lang='lat' dir='ltr'>ille</span> <span class='ocrx_word' id='word_1_382' title='bbox 1137 2101 1170 2129; x_wconf 91' lang='lat' dir='ltr'>in</span> 
     </span>
     <span class='ocr_line' id='line_1_52' title="bbox 209 2139 1170 2175; baseline 0.003 -7"><span class='ocrx_word' id='word_1_383' title='bbox 209 2139 378 2170; x_wconf 86' lang='lat' dir='ltr'>Sardiniam</span> <span class='ocrx_word' id='word_1_384' title='bbox 397 2142 453 2170; x_wconf 90' lang='lat' dir='ltr'>iter</span> <span class='ocrx_word' id='word_1_385' title='bbox 478 2141 612 2171; x_wconf 90' lang='lat' dir='ltr'>habebat.</span> <span class='ocrx_word' id='word_1_386' title='bbox 655 2143 826 2171; x_wconf 85' lang='lat' dir='ltr'>Hominem</span> <span class='ocrx_word' id='word_1_387' title='bbox 850 2144 1002 2175; x_wconf 90' lang='lat' dir='ltr'>conveni,</span> <span class='ocrx_word' id='word_1_388' title='bbox 1027 2142 1059 2171; x_wconf 87' lang='lat'>&amp;</span> <span class='ocrx_word' id='word_1_389' title='bbox 1078 2141 1114 2171; x_wconf 87' lang='lat' dir='ltr'>ab</span> <span class='ocrx_word' id='word_1_390' title='bbox 1133 2151 1170 2171; x_wconf 84' lang='lat' dir='ltr'>eo</span> 
     </span>
    </p>
   </div>
   <div class='ocr_carea' id='block_1_14' title="bbox 210 2182 1194 2223">
    <p class='ocr_par' dir='ltr' id='par_1_14' title="bbox 210 2182 1194 2223">
     <span class='ocr_line' id='line_1_53' title="bbox 210 2182 1194 2223; baseline 0 -13"><span class='ocrx_word' id='word_1_391' title='bbox 210 2182 322 2220; x_wconf 83' lang='lat' dir='ltr'>petivi,</span> <span class='ocrx_word' id='word_1_392' title='bbox 350 2191 383 2212; x_wconf 86' lang='lat' dir='ltr'>ut</span> <span class='ocrx_word' id='word_1_393' title='bbox 401 2182 630 2222; x_wconf 79' lang='lat' dir='ltr'>quamprimum</span> <span class='ocrx_word' id='word_1_394' title='bbox 649 2192 677 2213; x_wconf 90' lang='lat' dir='ltr'>te</span> <span class='ocrx_word' id='word_1_395' title='bbox 695 2183 784 2213; x_wconf 86' lang='lat' dir='ltr'>nobis</span> <span class='ocrx_word' id='word_1_396' title='bbox 797 2183 942 2213; x_wconf 88' lang='lat' dir='ltr'>redderet.</span> <span class='ocrx_word' id='word_1_397' title='bbox 968 2183 1068 2213; x_wconf 88' lang='lat' dir='ltr'>statim</span> <span class='ocrx_word' id='word_1_398' title='bbox 1080 2183 1167 2213; x_wconf 85' lang='lat' dir='ltr'>dixit.</span> <span class='ocrx_word' id='word_1_399' title='bbox 1192 2204 1194 2223; x_wconf 51' lang='lat'>3</span> 
     </span>
    </p>
   </div>
   <div class='ocr_carea' id='block_1_15' title="bbox 210 2224 1171 2265">
    <p class='ocr_par' dir='ltr' id='par_1_15' title="bbox 210 2224 1171 2265">
     <span class='ocr_line' id='line_1_54' title="bbox 210 2224 1171 2265; baseline 0.001 -12"><span class='ocrx_word' id='word_1_400' title='bbox 210 2225 280 2253; x_wconf 86' lang='lat' dir='ltr'>Erat</span> <span class='ocrx_word' id='word_1_401' title='bbox 296 2232 396 2254; x_wconf 88' lang='lat' dir='ltr'>autem</span> <span class='ocrx_word' id='word_1_402' title='bbox 419 2233 514 2254; x_wconf 72' lang='lat' dir='ltr'>itul&#39;US</span> <span class='ocrx_word' id='word_1_403' title='bbox 536 2225 591 2263; x_wconf 86' lang='lat' dir='ltr'>(ut</span> <span class='ocrx_word' id='word_1_404' title='bbox 609 2224 723 2265; x_wconf 88' lang='lat' dir='ltr'>ajebat)</span> <span class='ocrx_word' id='word_1_405' title='bbox 742 2235 766 2255; x_wconf 90' lang='lat' dir='ltr'>a.</span> <span class='ocrx_word' id='word_1_406' title='bbox 787 2224 818 2255; x_wconf 89' lang='lat' dir='ltr'>d.</span> <span class='ocrx_word' id='word_1_407' title='bbox 843 2235 905 2254; x_wconf 85' lang='lat'>111.</span> <span class='ocrx_word' id='word_1_408' title='bbox 929 2225 974 2256; x_wconf 89' lang='lat' dir='ltr'>Id.</span> <span class='ocrx_word' id='word_1_409' title='bbox 996 2229 1171 2265; x_wconf 83' lang='lat' dir='ltr'>Apr.utaut</span> 
     </span>
    </p>
   </div>
   <div class='ocr_carea' id='block_1_16' title="bbox 211 2264 1192 2301">
    <p class='ocr_par' dir='ltr' id='par_1_16' title="bbox 211 2264 1192 2301">
     <span class='ocr_line' id='line_1_55' title="bbox 211 2264 1192 2301; baseline 0.004 -7"><span class='ocrx_word' id='word_1_410' title='bbox 211 2264 368 2298; x_wconf 86' lang='lat' dir='ltr'>Labrone,</span> <span class='ocrx_word' id='word_1_411' title='bbox 387 2264 516 2296; x_wconf 83' lang='lat' dir='ltr'>autPisis</span> <span class='ocrx_word' id='word_1_412' title='bbox 525 2267 748 2297; x_wconf 89' lang='lat' dir='ltr'>conscenderet.</span> <span class='ocrx_word' id='word_1_413' title='bbox 771 2269 841 2301; x_wconf 84' lang='lat' dir='ltr'>Tu,</span> <span class='ocrx_word' id='word_1_414' title='bbox 860 2268 905 2296; x_wconf 83' lang='lat' dir='ltr'>mi</span> <span class='ocrx_word' id='word_1_415' title='bbox 915 2267 1004 2298; x_wconf 81' lang='lat' dir='ltr'>frater</span> <span class='ocrx_word' id='word_1_416' title='bbox 1017 2287 1026 2301; x_wconf 87' lang='lat'>,</span> <span class='ocrx_word' id='word_1_417' title='bbox 1048 2265 1169 2297; x_wconf 86' lang='lat' dir='ltr'>simulac</span> <span class='ocrx_word' id='word_1_418' title='bbox 1191 2295 1192 2298; x_wconf 73' lang='grc'>,</span> 
     </span>
    </p>
   </div>
   <div class='ocr_carea' id='block_1_17' title="bbox 208 2306 1170 2349">
    <p class='ocr_par' dir='ltr' id='par_1_17' title="bbox 208 2306 1170 2349">
     <span class='ocr_line' id='line_1_56' title="bbox 208 2306 1170 2349; baseline 0.002 -13"><span class='ocrx_word' id='word_1_419' title='bbox 208 2306 263 2336; x_wconf 84' lang='lat' dir='ltr'>ille</span> <span class='ocrx_word' id='word_1_420' title='bbox 280 2316 397 2337; x_wconf 82' lang='lat' dir='ltr'>venerit</span> <span class='ocrx_word' id='word_1_421' title='bbox 417 2327 427 2341; x_wconf 86' lang='lat'>,</span> <span class='ocrx_word' id='word_1_422' title='bbox 449 2317 578 2347; x_wconf 85' lang='lat' dir='ltr'>primam</span> <span class='ocrx_word' id='word_1_423' title='bbox 599 2310 823 2349; x_wconf 86' lang='lat' dir='ltr'>navigationem</span> <span class='ocrx_word' id='word_1_424' title='bbox 844 2308 1040 2347; x_wconf 80' lang='lat' dir='ltr'>(dummodo</span> <span class='ocrx_word' id='word_1_425' title='bbox 1061 2309 1170 2338; x_wconf 90' lang='lat' dir='ltr'>idonea</span> 
     </span>
    </p>
   </div>
   <div class='ocr_carea' id='block_1_18' title="bbox 208 2351 1169 2564">
    <p class='ocr_par' dir='ltr' id='par_1_18' title="bbox 208 2351 1169 2564">
     <span class='ocr_line' id='line_1_57' title="bbox 209 2351 1167 2397; baseline 0.004 -13"><span class='ocrx_word' id='word_1_426' title='bbox 209 2355 368 2395; x_wconf 85' lang='lat' dir='ltr'>tempestas</span> <span class='ocrx_word' id='word_1_427' title='bbox 395 2355 451 2397; x_wconf 87' lang='lat' dir='ltr'>fit)</span> <span class='ocrx_word' id='word_1_428' title='bbox 470 2367 508 2387; x_wconf 93' lang='lat' dir='ltr'>ne</span> <span class='ocrx_word' id='word_1_429' title='bbox 530 2357 677 2387; x_wconf 87' lang='lat' dir='ltr'>omiseris.</span> <span class='ocrx_word' id='word_1_430' title='bbox 700 2351 934 2392; x_wconf 66' lang='grc' dir='ltr'>οἱμφιλοιφίαν</span> <span class='ocrx_word' id='word_1_431' title='bbox 952 2367 1052 2388; x_wconf 88' lang='lat' dir='ltr'>autem</span> <span class='ocrx_word' id='word_1_432' title='bbox 1070 2359 1167 2391; x_wconf 86' lang='lat' dir='ltr'>illam,</span> 
     </span>
     <span class='ocr_line' id='line_1_58' title="bbox 210 2398 1169 2439; baseline 0.003 -13"><span class='ocrx_word' id='word_1_433' title='bbox 210 2405 300 2436; x_wconf 82' lang='lat' dir='ltr'>quam</span> <span class='ocrx_word' id='word_1_434' title='bbox 312 2407 342 2427; x_wconf 90' lang='lat' dir='ltr'>tu</span> <span class='ocrx_word' id='word_1_435' title='bbox 352 2398 427 2428; x_wconf 87' lang='lat' dir='ltr'>soles</span> <span class='ocrx_word' id='word_1_436' title='bbox 439 2399 535 2429; x_wconf 91' lang='lat' dir='ltr'>dicere</span> <span class='ocrx_word' id='word_1_437' title='bbox 546 2419 554 2432; x_wconf 94' lang='lat'>,</span> <span class='ocrx_word' id='word_1_438' title='bbox 575 2399 658 2428; x_wconf 90' lang='lat' dir='ltr'>bono</span> <span class='ocrx_word' id='word_1_439' title='bbox 669 2398 763 2428; x_wconf 91' lang='lat' dir='ltr'>modo</span> <span class='ocrx_word' id='word_1_440' title='bbox 773 2398 905 2429; x_wconf 86' lang='lat' dir='ltr'>defidero</span> <span class='ocrx_word' id='word_1_441' title='bbox 916 2420 926 2432; x_wconf 85' lang='lat'>,</span> <span class='ocrx_word' id='word_1_442' title='bbox 939 2398 974 2429; x_wconf 84' lang='lat' dir='ltr'>sic</span> <span class='ocrx_word' id='word_1_443' title='bbox 985 2401 1104 2439; x_wconf 85' lang='lat' dir='ltr'>prorsus</span> <span class='ocrx_word' id='word_1_444' title='bbox 1114 2420 1122 2434; x_wconf 91' lang='lat'>,</span> <span class='ocrx_word' id='word_1_445' title='bbox 1136 2409 1169 2429; x_wconf 92' lang='lat' dir='ltr'>ut</span> 
     </span>
     <span class='ocr_line' id='line_1_59' title="bbox 210 2437 1169 2480; baseline 0.004 -13"><span class='ocrx_word' id='word_1_446' title='bbox 210 2437 424 2470; x_wconf 84' lang='lat' dir='ltr'>advenientem</span> <span class='ocrx_word' id='word_1_447' title='bbox 440 2442 588 2480; x_wconf 83' lang='lat' dir='ltr'>excipiam</span> <span class='ocrx_word' id='word_1_448' title='bbox 603 2440 739 2470; x_wconf 82' lang='lat' dir='ltr'>libenter:</span> <span class='ocrx_word' id='word_1_449' title='bbox 752 2441 894 2472; x_wconf 88' lang='lat' dir='ltr'>latentem</span> <span class='ocrx_word' id='word_1_450' title='bbox 905 2444 995 2471; x_wconf 89' lang='lat' dir='ltr'>etiam</span> <span class='ocrx_word' id='word_1_451' title='bbox 1006 2451 1169 2476; x_wconf 90' lang='lat' dir='ltr'>nunc,non</span> 
     </span>
     <span class='ocr_line' id='line_1_60' title="bbox 209 2481 1167 2523; baseline 0.004 -14"><span class='ocrx_word' id='word_1_452' title='bbox 209 2481 350 2510; x_wconf 85' lang='lat' dir='ltr'>excitem·</span> <span class='ocrx_word' id='word_1_453' title='bbox 375 2482 486 2512; x_wconf 91' lang='lat' dir='ltr'>Tribus</span> <span class='ocrx_word' id='word_1_454' title='bbox 510 2484 583 2513; x_wconf 90' lang='lat' dir='ltr'>locis</span> <span class='ocrx_word' id='word_1_455' title='bbox 603 2481 733 2512; x_wconf 87' lang='lat' dir='ltr'>aedifico.</span> <span class='ocrx_word' id='word_1_456' title='bbox 747 2483 861 2523; x_wconf 84' lang='lat' dir='ltr'>reliqua</span> <span class='ocrx_word' id='word_1_457' title='bbox 870 2486 1072 2513; x_wconf 80' lang='lat' dir='ltr'>reconcinno:</span> <span class='ocrx_word' id='word_1_458' title='bbox 1093 2486 1167 2514; x_wconf 92' lang='lat' dir='ltr'>vivo</span> 
     </span>
     <span class='ocr_line' id='line_1_61' title="bbox 208 2521 1162 2564; baseline 0.005 -14"><span class='ocrx_word' id='word_1_459' title='bbox 208 2521 310 2561; x_wconf 80' lang='lat' dir='ltr'>paullo</span> <span class='ocrx_word' id='word_1_460' title='bbox 323 2521 485 2557; x_wconf 77' lang='lat' dir='ltr'>liberalius,</span> <span class='ocrx_word' id='word_1_461' title='bbox 497 2524 589 2564; x_wconf 71' lang='lat' dir='ltr'>quam</span> <span class='ocrx_word' id='word_1_462' title='bbox 599 2524 742 2554; x_wconf 85' lang='lat' dir='ltr'>solebam.</span> <span class='ocrx_word' id='word_1_463' title='bbox 767 2527 849 2564; x_wconf 84' lang='lat' dir='ltr'>Opus</span> <span class='ocrx_word' id='word_1_464' title='bbox 859 2534 930 2559; x_wconf 84' lang='lat' dir='ltr'>erat,</span> <span class='ocrx_word' id='word_1_465' title='bbox 940 2524 962 2554; x_wconf 88' lang='lat' dir='ltr'>fi</span> <span class='ocrx_word' id='word_1_466' title='bbox 973 2535 1000 2555; x_wconf 89' lang='lat' dir='ltr'>te</span> <span class='ocrx_word' id='word_1_467' title='bbox 1010 2525 1162 2559; x_wconf 86' lang='lat' dir='ltr'>haberem,</span> 
     </span>
    </p>
   </div>
   <div class='ocr_carea' id='block_1_19' title="bbox 209 2563 1189 2607">
    <p class='ocr_par' dir='ltr' id='par_1_19' title="bbox 209 2563 1189 2607">
     <span class='ocr_line' id='line_1_62' title="bbox 209 2563 1189 2607; baseline 0.005 -15"><span class='ocrx_word' id='word_1_468' title='bbox 209 2563 359 2603; x_wconf 83' lang='lat' dir='ltr'>paulisper</span> <span class='ocrx_word' id='word_1_469' title='bbox 376 2563 468 2594; x_wconf 83' lang='lat' dir='ltr'>fabris</span> <span class='ocrx_word' id='word_1_470' title='bbox 489 2566 592 2596; x_wconf 91' lang='lat' dir='ltr'>locum</span> <span class='ocrx_word' id='word_1_471' title='bbox 604 2566 680 2596; x_wconf 87' lang='lat' dir='ltr'>dare.</span> <span class='ocrx_word' id='word_1_472' title='bbox 706 2566 756 2596; x_wconf 89' lang='lat' dir='ltr'>sed</span> <span class='ocrx_word' id='word_1_473' title='bbox 768 2566 799 2596; x_wconf 93' lang='lat'><strong>&amp;</strong></span> <span class='ocrx_word' id='word_1_474' title='bbox 812 2568 875 2596; x_wconf 80' lang='lat' dir='ltr'>haec</span> <span class='ocrx_word' id='word_1_475' title='bbox 893 2566 946 2605; x_wconf 89' lang='lat' dir='ltr'>(ut</span> <span class='ocrx_word' id='word_1_476' title='bbox 956 2567 1060 2607; x_wconf 85' lang='lat' dir='ltr'>spero)</span> <span class='ocrx_word' id='word_1_477' title='bbox 1081 2567 1165 2597; x_wconf 91' lang='lat' dir='ltr'>brevi</span> <span class='ocrx_word' id='word_1_478' title='bbox 1188 2585 1189 2594; x_wconf 54' lang='lat' dir='ltr'>i</span> 
     </span>
    </p>
   </div>
   <div class='ocr_carea' id='block_1_20' title="bbox 207 2607 1165 2639">
    <p class='ocr_par' dir='ltr' id='par_1_20' title="bbox 207 2607 1165 2639">
     <span class='ocr_line' id='line_1_63' title="bbox 207 2607 1165 2639; baseline 0.005 -5"><span class='ocrx_word' id='word_1_479' title='bbox 207 2607 286 2634; x_wconf 81' lang='lat' dir='ltr'>inter</span> <span class='ocrx_word' id='word_1_480' title='bbox 303 2615 362 2635; x_wconf 88' lang='lat' dir='ltr'>nos</span> <span class='ocrx_word' id='word_1_481' title='bbox 379 2608 685 2637; x_wconf 83' lang='lat' dir='ltr'>communicabimus.</span> <span class='ocrx_word' id='word_1_482' title='bbox 708 2610 770 2637; x_wconf 88' lang='lat' dir='ltr'>Res</span> <span class='ocrx_word' id='word_1_483' title='bbox 788 2618 888 2638; x_wconf 85' lang='lat' dir='ltr'>autem</span> <span class='ocrx_word' id='word_1_484' title='bbox 910 2611 1057 2639; x_wconf 89' lang='lat' dir='ltr'>Romanae</span> <span class='ocrx_word' id='word_1_485' title='bbox 1080 2608 1117 2639; x_wconf 85' lang='lat' dir='ltr'>sic</span> <span class='ocrx_word' id='word_1_486' title='bbox 1137 2609 1165 2639; x_wconf 85' lang='lat' dir='ltr'>se</span> 
     </span>
    </p>
   </div>
   <div class='ocr_carea' id='block_1_21' title="bbox 204 2646 1189 2690">
    <p class='ocr_par' dir='ltr' id='par_1_21' title="bbox 204 2646 1189 2690">
     <span class='ocr_line' id='line_1_64' title="bbox 204 2646 1189 2690; baseline 0.002 -14"><span class='ocrx_word' id='word_1_487' title='bbox 204 2646 328 2677; x_wconf 86' lang='lat' dir='ltr'>habent.</span> <span class='ocrx_word' id='word_1_488' title='bbox 354 2649 466 2678; x_wconf 88' lang='lat' dir='ltr'>Consul</span> <span class='ocrx_word' id='word_1_489' title='bbox 484 2647 528 2678; x_wconf 89' lang='lat' dir='ltr'>est</span> <span class='ocrx_word' id='word_1_490' title='bbox 547 2651 679 2689; x_wconf 88' lang='lat' dir='ltr'>egregius</span> <span class='ocrx_word' id='word_1_491' title='bbox 696 2650 845 2679; x_wconf 79' lang='lat' dir='ltr'>Lentulus</span> <span class='ocrx_word' id='word_1_492' title='bbox 864 2669 872 2682; x_wconf 88' lang='lat'>,</span> <span class='ocrx_word' id='word_1_493' title='bbox 897 2660 961 2680; x_wconf 90' lang='lat' dir='ltr'>non</span> <span class='ocrx_word' id='word_1_494' title='bbox 978 2651 1166 2690; x_wconf 78' lang='lat' dir='ltr'>impediente</span> <span class='ocrx_word' id='word_1_495' title='bbox 1188 2668 1189 2678; x_wconf 45' lang='lat' dir='ltr'>i</span> 
     </span>
    </p>
   </div>
   <div class='ocr_carea' id='block_1_22' title="bbox 203 2688 1166 2731">
    <p class='ocr_par' dir='ltr' id='par_1_22' title="bbox 203 2688 1166 2731">
     <span class='ocr_line' id='line_1_65' title="bbox 203 2688 1166 2731; baseline 0.006 -14"><span class='ocrx_word' id='word_1_496' title='bbox 203 2688 333 2729; x_wconf 78' lang='lat' dir='ltr'>collega:</span> <span class='ocrx_word' id='word_1_497' title='bbox 346 2688 395 2726; x_wconf 80' lang='lat' dir='ltr'>sic,</span> <span class='ocrx_word' id='word_1_498' title='bbox 404 2691 538 2731; x_wconf 85' lang='lat' dir='ltr'>inquam,</span> <span class='ocrx_word' id='word_1_499' title='bbox 549 2691 658 2724; x_wconf 83' lang='lat' dir='ltr'>bonus,</span> <span class='ocrx_word' id='word_1_500' title='bbox 671 2699 703 2720; x_wconf 89' lang='lat' dir='ltr'>ut</span> <span class='ocrx_word' id='word_1_501' title='bbox 716 2692 856 2720; x_wconf 67' lang='lat' dir='ltr'>mirorem</span> <span class='ocrx_word' id='word_1_502' title='bbox 867 2701 930 2722; x_wconf 87' lang='lat' dir='ltr'>non</span> <span class='ocrx_word' id='word_1_503' title='bbox 940 2691 1079 2722; x_wconf 87' lang='lat' dir='ltr'>viderim.</span> <span class='ocrx_word' id='word_1_504' title='bbox 1087 2710 1093 2714; x_wconf 91' lang='lat'><em>-</em></span> <span class='ocrx_word' id='word_1_505' title='bbox 1101 2692 1166 2723; x_wconf 85' lang='lat' dir='ltr'>dies</span> 
     </span>
    </p>
   </div>
   <div class='ocr_carea' id='block_1_23' title="bbox 2087 118 2178 167">
    <p class='ocr_par' dir='ltr' id='par_1_23' title="bbox 2087 118 2178 167">
     <span class='ocr_line' id='line_1_66' title="bbox 2087 118 2178 167; baseline 0.022 -2"><span class='ocrx_word' id='word_1_506' title='bbox 2087 118 2178 167; x_wconf 83' lang='lat'>943</span> 
     </span>
    </p>
   </div>
   <div class='ocr_carea' id='block_1_24' title="bbox 1198 177 2184 1556">
    <p class='ocr_par' dir='ltr' id='par_1_24' title="bbox 1198 177 2184 1556">
     <span class='ocr_line' id='line_1_67' title="bbox 1208 177 2184 216; baseline 0.007 -10"><span class='ocrx_word' id='word_1_507' title='bbox 1208 193 1210 211; x_wconf 62' lang='lat'>2</span> <span class='ocrx_word' id='word_1_508' title='bbox 1225 177 1393 207; x_wconf 83' lang='lat' dir='ltr'>comitiales</span> <span class='ocrx_word' id='word_1_509' title='bbox 1412 180 1528 208; x_wconf 84' lang='lat' dir='ltr'>exemit</span> <span class='ocrx_word' id='word_1_510' title='bbox 1546 180 1678 208; x_wconf 85' lang='lat' dir='ltr'>omneis.</span> <span class='ocrx_word' id='word_1_511' title='bbox 1702 181 1873 210; x_wconf 74' lang='lat' dir='ltr'>nametiam</span> <span class='ocrx_word' id='word_1_512' title='bbox 1887 181 2000 211; x_wconf 81' lang='lat' dir='ltr'>Latina:</span> <span class='ocrx_word' id='word_1_513' title='bbox 2018 181 2184 216; x_wconf 74' lang='lat' dir='ltr'>inst-auran-</span> 
     </span>
     <span class='ocr_line' id='line_1_68' title="bbox 1206 214 2182 270; baseline 0.008 -22"><span class='ocrx_word' id='word_1_514' title='bbox 1206 214 1209 270; x_wconf 52' lang='grc' dir='ltr'><strong>ί</strong></span> <span class='ocrx_word' id='word_1_515' title='bbox 1227 227 1272 248; x_wconf 90' lang='lat' dir='ltr'>tur</span> <span class='ocrx_word' id='word_1_516' title='bbox 1290 230 1295 247; x_wconf 92' lang='grc'>;</span> <span class='ocrx_word' id='word_1_517' title='bbox 1315 228 1371 249; x_wconf 87' lang='lat' dir='ltr'>nec</span> <span class='ocrx_word' id='word_1_518' title='bbox 1393 228 1494 249; x_wconf 87' lang='lat' dir='ltr'>tamen</span> <span class='ocrx_word' id='word_1_519' title='bbox 1515 219 1635 250; x_wconf 87' lang='lat' dir='ltr'>deerant</span> <span class='ocrx_word' id='word_1_520' title='bbox 1645 221 1883 261; x_wconf 81' lang='lat' dir='ltr'>supplicationes.</span> <span class='ocrx_word' id='word_1_521' title='bbox 1909 222 1944 253; x_wconf 91' lang='lat' dir='ltr'>sic</span> <span class='ocrx_word' id='word_1_522' title='bbox 1956 223 2070 264; x_wconf 72' lang='lat' dir='ltr'>legibus</span> <span class='ocrx_word' id='word_1_523' title='bbox 2080 229 2182 264; x_wconf 81' lang='lat' dir='ltr'>perni-</span> 
     </span>
     <span class='ocr_line' id='line_1_69' title="bbox 1206 259 2177 308; baseline 0.008 -19"><span class='ocrx_word' id='word_1_524' title='bbox 1206 289 1207 292; x_wconf 68' lang='grc'>,</span> <span class='ocrx_word' id='word_1_525' title='bbox 1226 259 1550 291; x_wconf 78' lang='lat' dir='ltr'>ciosiffimisobfistitur</span> <span class='ocrx_word' id='word_1_526' title='bbox 1565 281 1572 295; x_wconf 93' lang='lat'>,</span> <span class='ocrx_word' id='word_1_527' title='bbox 1593 264 1726 293; x_wconf 78' lang='lat' dir='ltr'>maxime</span> <span class='ocrx_word' id='word_1_528' title='bbox 1738 265 1873 293; x_wconf 86' lang='lat' dir='ltr'>Catonis:</span> <span class='ocrx_word' id='word_1_529' title='bbox 1893 267 1942 294; x_wconf 88' lang='lat' dir='ltr'>cui</span> <span class='ocrx_word' id='word_1_530' title='bbox 1953 275 2052 296; x_wconf 87' lang='lat' dir='ltr'>tamen</span> <span class='ocrx_word' id='word_1_531' title='bbox 2062 268 2177 308; x_wconf 75' lang='lat' dir='ltr'>egregie</span> 
     </span>
     <span class='ocr_line' id='line_1_70' title="bbox 1205 302 2180 348; baseline 0.01 -18"><span class='ocrx_word' id='word_1_532' title='bbox 1205 307 1206 311; x_wconf 77' lang='grc'>’</span> <span class='ocrx_word' id='word_1_533' title='bbox 1226 302 1372 341; x_wconf 78' lang='lat' dir='ltr'>imposuit</span> <span class='ocrx_word' id='word_1_534' title='bbox 1390 304 1470 332; x_wconf 87' lang='lat' dir='ltr'>Milo</span> <span class='ocrx_word' id='word_1_535' title='bbox 1488 302 1596 333; x_wconf 85' lang='lat' dir='ltr'>noster.</span> <span class='ocrx_word' id='word_1_536' title='bbox 1620 314 1690 334; x_wconf 85' lang='lat' dir='ltr'>nam</span> <span class='ocrx_word' id='word_1_537' title='bbox 1711 305 1762 334; x_wconf 84' lang='lat' dir='ltr'>ille</span> <span class='ocrx_word' id='word_1_538' title='bbox 1781 306 1892 336; x_wconf 78' lang='lat' dir='ltr'>Vindex</span> <span class='ocrx_word' id='word_1_539' title='bbox 1906 307 2123 348; x_wconf 85' lang='lat' dir='ltr'>gladiatorum,</span> <span class='ocrx_word' id='word_1_540' title='bbox 2147 310 2180 340; x_wconf 75' lang='grc' dir='ltr'>δε</span> 
     </span>
     <span class='ocr_line' id='line_1_71' title="bbox 1227 342 2179 388; baseline 0.009 -16"><span class='ocrx_word' id='word_1_541' title='bbox 1227 342 1432 373; x_wconf 88' lang='lat' dir='ltr'>bestiariorum</span> <span class='ocrx_word' id='word_1_542' title='bbox 1445 355 1554 375; x_wconf 86' lang='lat' dir='ltr'>emerat</span> <span class='ocrx_word' id='word_1_543' title='bbox 1566 345 1601 376; x_wconf 92' lang='lat' dir='ltr'>de</span> <span class='ocrx_word' id='word_1_544' title='bbox 1612 347 1771 380; x_wconf 85' lang='lat' dir='ltr'>Cosconio,</span> <span class='ocrx_word' id='word_1_545' title='bbox 1784 347 1815 376; x_wconf 84' lang='lat'>&amp;</span> <span class='ocrx_word' id='word_1_546' title='bbox 1827 350 1999 388; x_wconf 82' lang='lat' dir='ltr'>Pomponio</span> <span class='ocrx_word' id='word_1_547' title='bbox 2013 349 2179 381; x_wconf 83' lang='lat' dir='ltr'>bestiarios:</span> 
     </span>
     <span class='ocr_line' id='line_1_72' title="bbox 1204 382 2180 428; baseline 0.01 -15"><span class='ocrx_word' id='word_1_548' title='bbox 1204 382 1206 419; x_wconf 66' lang='grc' dir='ltr'><strong>ζ</strong></span> <span class='ocrx_word' id='word_1_549' title='bbox 1226 394 1280 414; x_wconf 91' lang='lat' dir='ltr'>nec</span> <span class='ocrx_word' id='word_1_550' title='bbox 1302 383 1362 414; x_wconf 84' lang='lat' dir='ltr'>sine</span> <span class='ocrx_word' id='word_1_551' title='bbox 1379 386 1424 414; x_wconf 88' lang='lat' dir='ltr'>his</span> <span class='ocrx_word' id='word_1_552' title='bbox 1447 389 1566 417; x_wconf 88' lang='lat' dir='ltr'>armatis</span> <span class='ocrx_word' id='word_1_553' title='bbox 1577 397 1720 428; x_wconf 83' lang='lat' dir='ltr'>umquam</span> <span class='ocrx_word' id='word_1_554' title='bbox 1737 391 1767 418; x_wconf 90' lang='lat' dir='ltr'>in</span> <span class='ocrx_word' id='word_1_555' title='bbox 1781 390 1902 428; x_wconf 77' lang='lat' dir='ltr'>publico</span> <span class='ocrx_word' id='word_1_556' title='bbox 1913 390 2015 421; x_wconf 80' lang='lat' dir='ltr'>fuerat.</span> <span class='ocrx_word' id='word_1_557' title='bbox 2039 393 2094 421; x_wconf 89' lang='lat' dir='ltr'>hos</span> <span class='ocrx_word' id='word_1_558' title='bbox 2103 393 2180 423; x_wconf 79' lang='lat' dir='ltr'>alere</span> 
     </span>
     <span class='ocr_line' id='line_1_73' title="bbox 1225 430 2180 469; baseline 0.009 -14"><span class='ocrx_word' id='word_1_559' title='bbox 1225 436 1288 455; x_wconf 91' lang='lat' dir='ltr'>non</span> <span class='ocrx_word' id='word_1_560' title='bbox 1308 435 1431 469; x_wconf 70' lang='lat' dir='ltr'>poterat.</span> <span class='ocrx_word' id='word_1_561' title='bbox 1456 430 1554 468; x_wconf 85' lang='lat' dir='ltr'>iraque</span> <span class='ocrx_word' id='word_1_562' title='bbox 1572 430 1624 458; x_wconf 83' lang='lat' dir='ltr'>vix</span> <span class='ocrx_word' id='word_1_563' title='bbox 1646 430 1772 459; x_wconf 83' lang='lat' dir='ltr'>tenebat.</span> <span class='ocrx_word' id='word_1_564' title='bbox 1795 431 1888 461; x_wconf 75' lang='lat' dir='ltr'>Sensit</span> <span class='ocrx_word' id='word_1_565' title='bbox 1907 433 1995 462; x_wconf 87' lang='lat' dir='ltr'>Milo.</span> <span class='ocrx_word' id='word_1_566' title='bbox 2020 433 2180 464; x_wconf 87' lang='lat' dir='ltr'>deditcui-</span> 
     </span>
     <span class='ocr_line' id='line_1_74' title="bbox 1225 467 2181 513; baseline 0.01 -17"><span class='ocrx_word' id='word_1_567' title='bbox 1225 467 1292 497; x_wconf 89' lang='lat' dir='ltr'>dam</span> <span class='ocrx_word' id='word_1_568' title='bbox 1314 477 1376 497; x_wconf 90' lang='lat' dir='ltr'>non</span> <span class='ocrx_word' id='word_1_569' title='bbox 1395 470 1535 498; x_wconf 79' lang='lat' dir='ltr'>ramiliari</span> <span class='ocrx_word' id='word_1_570' title='bbox 1554 473 1730 510; x_wconf 85' lang='lat' dir='ltr'>negorium:</span> <span class='ocrx_word' id='word_1_571' title='bbox 1749 474 1799 512; x_wconf 85' lang='lat' dir='ltr'>qui</span> <span class='ocrx_word' id='word_1_572' title='bbox 1820 471 1878 502; x_wconf 82' lang='lat' dir='ltr'>sine</span> <span class='ocrx_word' id='word_1_573' title='bbox 1890 474 2056 513; x_wconf 81' lang='lat' dir='ltr'>suspicione</span> <span class='ocrx_word' id='word_1_574' title='bbox 2067 485 2181 507; x_wconf 80' lang='lat' dir='ltr'>emeret:</span> 
     </span>
     <span class='ocr_line' id='line_1_75' title="bbox 1203 508 2175 554; baseline 0.011 -17"><span class='ocrx_word' id='word_1_575' title='bbox 1203 522 1205 534; x_wconf 55' lang='grc' dir='ltr'><strong><em>ι</em></strong></span> <span class='ocrx_word' id='word_1_576' title='bbox 1224 519 1288 538; x_wconf 89' lang='lat' dir='ltr'>eam</span> <span class='ocrx_word' id='word_1_577' title='bbox 1298 508 1445 539; x_wconf 86' lang='lat' dir='ltr'>familiam</span> <span class='ocrx_word' id='word_1_578' title='bbox 1458 513 1472 540; x_wconf 81' lang='lat' dir='ltr'>a</span> <span class='ocrx_word' id='word_1_579' title='bbox 1482 512 1596 541; x_wconf 87' lang='lat' dir='ltr'>Catone</span> <span class='ocrx_word' id='word_1_580' title='bbox 1610 523 1613 540; x_wconf 95' lang='lat'>:</span> <span class='ocrx_word' id='word_1_581' title='bbox 1637 522 1702 552; x_wconf 74' lang='lat' dir='ltr'>qua:</span> <span class='ocrx_word' id='word_1_582' title='bbox 1717 511 1894 554; x_wconf 80' lang='lat' dir='ltr'>simulatque</span> <span class='ocrx_word' id='word_1_583' title='bbox 1907 515 2031 546; x_wconf 63' lang='lat' dir='ltr'>abdudh</span> <span class='ocrx_word' id='word_1_584' title='bbox 2042 516 2084 546; x_wconf 90' lang='lat' dir='ltr'>cst</span> <span class='ocrx_word' id='word_1_585' title='bbox 2095 524 2103 550; x_wconf 86' lang='lat'>,¹</span> <span class='ocrx_word' id='word_1_586' title='bbox 2115 519 2175 551; x_wconf 81' lang='lat' dir='ltr'>Ra·</span> 
     </span>
     <span class='ocr_line' id='line_1_76' title="bbox 1224 551 2176 598; baseline 0.012 -20"><span class='ocrx_word' id='word_1_587' title='bbox 1224 551 1324 583; x_wconf 88' lang='lat' dir='ltr'>cilius,</span> <span class='ocrx_word' id='word_1_588' title='bbox 1339 553 1390 591; x_wconf 82' lang='lat' dir='ltr'>qui</span> <span class='ocrx_word' id='word_1_589' title='bbox 1402 561 1478 581; x_wconf 89' lang='lat' dir='ltr'>unus</span> <span class='ocrx_word' id='word_1_590' title='bbox 1488 552 1529 582; x_wconf 88' lang='lat' dir='ltr'>est</span> <span class='ocrx_word' id='word_1_591' title='bbox 1543 554 1600 583; x_wconf 88' lang='lat' dir='ltr'>hoc</span> <span class='ocrx_word' id='word_1_592' title='bbox 1611 562 1745 593; x_wconf 87' lang='lat' dir='ltr'>tempore</span> <span class='ocrx_word' id='word_1_593' title='bbox 1756 555 1892 586; x_wconf 81' lang='lat' dir='ltr'>tribunus</span> <span class='ocrx_word' id='word_1_594' title='bbox 1900 557 1978 596; x_wconf 86' lang='lat' dir='ltr'>pleb.</span> <span class='ocrx_word' id='word_1_595' title='bbox 1990 568 2053 587; x_wconf 83' lang='lat' dir='ltr'>rem</span> <span class='ocrx_word' id='word_1_596' title='bbox 2064 558 2176 598; x_wconf 85' lang='lat' dir='ltr'>patefe-</span> 
     </span>
     <span class='ocr_line' id='line_1_77' title="bbox 1223 592 2178 640; baseline 0.01 -20"><span class='ocrx_word' id='word_1_597' title='bbox 1223 593 1274 625; x_wconf 85' lang='lat' dir='ltr'>cit,</span> <span class='ocrx_word' id='word_1_598' title='bbox 1287 592 1395 632; x_wconf 86' lang='lat' dir='ltr'>eosque</span> <span class='ocrx_word' id='word_1_599' title='bbox 1406 594 1546 623; x_wconf 83' lang='lat' dir='ltr'>homines</span> <span class='ocrx_word' id='word_1_600' title='bbox 1559 593 1610 623; x_wconf 85' lang='lat' dir='ltr'>fibi</span> <span class='ocrx_word' id='word_1_601' title='bbox 1619 605 1716 626; x_wconf 80' lang='lat' dir='ltr'>erutos</span> <span class='ocrx_word' id='word_1_602' title='bbox 1727 595 1784 626; x_wconf 80' lang='lat' dir='ltr'>effe</span> <span class='ocrx_word' id='word_1_603' title='bbox 1794 597 1872 628; x_wconf 86' lang='lat' dir='ltr'>dixit</span> <span class='ocrx_word' id='word_1_604' title='bbox 1897 598 1954 638; x_wconf 79' lang='lat' dir='ltr'>(sic</span> <span class='ocrx_word' id='word_1_605' title='bbox 1965 601 2046 629; x_wconf 86' lang='lat' dir='ltr'>enim</span> <span class='ocrx_word' id='word_1_606' title='bbox 2057 601 2178 640; x_wconf 85' lang='lat' dir='ltr'>placue—</span> 
     </span>
     <span class='ocr_line' id='line_1_78' title="bbox 1224 633 2176 675; baseline 0.011 -13"><span class='ocrx_word' id='word_1_607' title='bbox 1224 634 1286 673; x_wconf 89' lang='lat' dir='ltr'>rat)</span> <span class='ocrx_word' id='word_1_608' title='bbox 1307 633 1338 663; x_wconf 74' lang='grc' dir='ltr'>δε</span> <span class='ocrx_word' id='word_1_609' title='bbox 1350 634 1480 664; x_wconf 77' lang='lat' dir='ltr'>tabulam</span> <span class='ocrx_word' id='word_1_610' title='bbox 1494 635 1677 675; x_wconf 84' lang='lat' dir='ltr'>proscripsit,</span> <span class='ocrx_word' id='word_1_611' title='bbox 1700 643 2176 673; x_wconf 63' lang='lat' dir='ltr'>snFAMiLiAMCAa-oniANAM</span> 
     </span>
     <span class='ocr_line' id='line_1_79' title="bbox 1226 678 2176 724; baseline 0.011 -19"><span class='ocrx_word' id='word_1_612' title='bbox 1226 684 1469 705; x_wconf 77' lang='lat' dir='ltr'>VENDITURUM.</span> <span class='ocrx_word' id='word_1_613' title='bbox 1493 680 1528 706; x_wconf 84' lang='lat' dir='ltr'>ln</span> <span class='ocrx_word' id='word_1_614' title='bbox 1540 686 1604 706; x_wconf 87' lang='lat' dir='ltr'>eam</span> <span class='ocrx_word' id='word_1_615' title='bbox 1616 678 1745 709; x_wconf 88' lang='lat' dir='ltr'>tabulam</span> <span class='ocrx_word' id='word_1_616' title='bbox 1758 682 1859 721; x_wconf 88' lang='lat' dir='ltr'>magni</span> <span class='ocrx_word' id='word_1_617' title='bbox 1872 682 1945 712; x_wconf 88' lang='lat' dir='ltr'>risus</span> <span class='ocrx_word' id='word_1_618' title='bbox 1953 683 2176 724; x_wconf 80' lang='lat' dir='ltr'>consequeban—</span> 
     </span>
     <span class='ocr_line' id='line_1_80' title="bbox 1223 717 2175 764; baseline 0.008 -17"><span class='ocrx_word' id='word_1_619' title='bbox 1223 726 1278 747; x_wconf 87' lang='lat' dir='ltr'>tur.</span> <span class='ocrx_word' id='word_1_620' title='bbox 1302 719 1395 753; x_wconf 77' lang='lat' dir='ltr'>Nunc</span> <span class='ocrx_word' id='word_1_621' title='bbox 1406 717 1495 758; x_wconf 80' lang='lat' dir='ltr'>igitur</span> <span class='ocrx_word' id='word_1_622' title='bbox 1506 720 1651 748; x_wconf 88' lang='lat' dir='ltr'>Catonem</span> <span class='ocrx_word' id='word_1_623' title='bbox 1663 722 1809 751; x_wconf 86' lang='lat' dir='ltr'>Lentulus</span> <span class='ocrx_word' id='word_1_624' title='bbox 1819 725 1834 751; x_wconf 81' lang='lat' dir='ltr'>a</span> <span class='ocrx_word' id='word_1_625' title='bbox 1845 723 1959 764; x_wconf 86' lang='lat' dir='ltr'>legibus</span> <span class='ocrx_word' id='word_1_626' title='bbox 1969 727 2121 758; x_wconf 80' lang='lat' dir='ltr'>removit,</span> <span class='ocrx_word' id='word_1_627' title='bbox 2142 726 2175 755; x_wconf 68' lang='grc' dir='ltr'>δε</span> 
     </span>
     <span class='ocr_line' id='line_1_81' title="bbox 1222 758 2176 806; baseline 0.012 -19"><span class='ocrx_word' id='word_1_628' title='bbox 1222 768 1274 788; x_wconf 88' lang='lat' dir='ltr'>eos</span> <span class='ocrx_word' id='word_1_629' title='bbox 1283 761 1336 799; x_wconf 85' lang='lat' dir='ltr'>qui</span> <span class='ocrx_word' id='word_1_630' title='bbox 1345 758 1382 788; x_wconf 89' lang='lat' dir='ltr'>de</span> <span class='ocrx_word' id='word_1_631' title='bbox 1392 759 1501 789; x_wconf 83' lang='lat' dir='ltr'>Caesare</span> <span class='ocrx_word' id='word_1_632' title='bbox 1520 759 1650 790; x_wconf 88' lang='lat' dir='ltr'>monstra</span> <span class='ocrx_word' id='word_1_633' title='bbox 1662 763 1909 803; x_wconf 83' lang='lat' dir='ltr'>promulgarunt,</span> <span class='ocrx_word' id='word_1_634' title='bbox 1928 766 2035 806; x_wconf 79' lang='lat' dir='ltr'>quibus</span> <span class='ocrx_word' id='word_1_635' title='bbox 2047 768 2176 797; x_wconf 85' lang='lat' dir='ltr'>interce-</span> 
     </span>
     <span class='ocr_line' id='line_1_82' title="bbox 1203 799 2175 849; baseline 0.012 -21"><span class='ocrx_word' id='word_1_636' title='bbox 1203 823 1205 828; x_wconf 70' lang='grc'><strong>,</strong></span> <span class='ocrx_word' id='word_1_637' title='bbox 1221 799 1303 830; x_wconf 87' lang='lat' dir='ltr'>deret</span> <span class='ocrx_word' id='word_1_638' title='bbox 1322 810 1424 830; x_wconf 89' lang='lat' dir='ltr'>nemo.</span> <span class='ocrx_word' id='word_1_639' title='bbox 1450 803 1530 831; x_wconf 86' lang='lat' dir='ltr'>Nam</span> <span class='ocrx_word' id='word_1_640' title='bbox 1552 802 1633 842; x_wconf 89' lang='lat' dir='ltr'>quod</span> <span class='ocrx_word' id='word_1_641' title='bbox 1643 803 1679 832; x_wconf 89' lang='lat' dir='ltr'>de</span> <span class='ocrx_word' id='word_1_642' title='bbox 1692 806 1837 843; x_wconf 82' lang='lat' dir='ltr'>Pompejo</span> <span class='ocrx_word' id='word_1_643' title='bbox 1849 808 1993 837; x_wconf 79' lang='lat' dir='ltr'>Caninius</span> <span class='ocrx_word' id='word_1_644' title='bbox 2003 811 2061 849; x_wconf 89' lang='lat' dir='ltr'>agit</span> <span class='ocrx_word' id='word_1_645' title='bbox 2074 829 2082 842; x_wconf 95' lang='lat'>,</span> <span class='ocrx_word' id='word_1_646' title='bbox 2105 808 2175 839; x_wconf 67' lang='lat' dir='ltr'>sane</span> 
     </span>
     <span class='ocr_line' id='line_1_83' title="bbox 1220 841 2173 891; baseline 0.01 -20"><span class='ocrx_word' id='word_1_647' title='bbox 1220 843 1309 882; x_wconf 71' lang='lat' dir='ltr'>quam</span> <span class='ocrx_word' id='word_1_648' title='bbox 1329 841 1459 872; x_wconf 73' lang='lat' dir='ltr'>refrixit.</span> <span class='ocrx_word' id='word_1_649' title='bbox 1497 853 1593 884; x_wconf 81' lang='lat' dir='ltr'>neque</span> <span class='ocrx_word' id='word_1_650' title='bbox 1611 846 1694 874; x_wconf 89' lang='lat' dir='ltr'>enim</span> <span class='ocrx_word' id='word_1_651' title='bbox 1713 855 1758 874; x_wconf 91' lang='lat' dir='ltr'>res</span> <span class='ocrx_word' id='word_1_652' title='bbox 1777 846 1935 885; x_wconf 78' lang='lat' dir='ltr'>probatur,</span> <span class='ocrx_word' id='word_1_653' title='bbox 1957 849 1988 879; x_wconf 71' lang='grc' dir='ltr'>δε</span> <span class='ocrx_word' id='word_1_654' title='bbox 2009 851 2173 891; x_wconf 83' lang='lat' dir='ltr'>l’ompejus</span> 
     </span>
     <span class='ocr_line' id='line_1_84' title="bbox 1202 883 2172 926; baseline 0.01 -13"><span class='ocrx_word' id='word_1_655' title='bbox 1202 886 1204 893; x_wconf 80' lang='grc'><strong>“</strong></span> <span class='ocrx_word' id='word_1_656' title='bbox 1221 883 1321 914; x_wconf 84' lang='lat' dir='ltr'>noster</span> <span class='ocrx_word' id='word_1_657' title='bbox 1345 886 1377 914; x_wconf 88' lang='lat' dir='ltr'>in</span> <span class='ocrx_word' id='word_1_658' title='bbox 1388 886 1519 917; x_wconf 84' lang='lat' dir='ltr'>amicitia</span> <span class='ocrx_word' id='word_1_659' title='bbox 1531 888 1560 915; x_wconf 85' lang='lat' dir='ltr'>P.</span> <span class='ocrx_word' id='word_1_660' title='bbox 1572 886 1695 916; x_wconf 88' lang='lat' dir='ltr'>Lentuli</span> <span class='ocrx_word' id='word_1_661' title='bbox 1705 889 1888 926; x_wconf 85' lang='lat' dir='ltr'>vituperatur</span> <span class='ocrx_word' id='word_1_662' title='bbox 1900 909 1908 922; x_wconf 85' lang='grc'>,</span> <span class='ocrx_word' id='word_1_663' title='bbox 1933 890 1964 920; x_wconf 86' lang='lat'>&amp;</span> <span class='ocrx_word' id='word_1_664' title='bbox 1976 892 2097 922; x_wconf 84' lang='lat' dir='ltr'>hercule</span> <span class='ocrx_word' id='word_1_665' title='bbox 2108 903 2172 923; x_wconf 87' lang='lat' dir='ltr'>non</span> 
     </span>
     <span class='ocr_line' id='line_1_85' title="bbox 1202 925 2171 972; baseline 0.01 -17"><span class='ocrx_word' id='word_1_666' title='bbox 1202 947 1203 955; x_wconf 62' lang='lat'>.</span> <span class='ocrx_word' id='word_1_667' title='bbox 1220 925 1263 955; x_wconf 89' lang='lat' dir='ltr'>est</span> <span class='ocrx_word' id='word_1_668' title='bbox 1282 926 1374 956; x_wconf 85' lang='lat' dir='ltr'>idem.</span> <span class='ocrx_word' id='word_1_669' title='bbox 1397 937 1468 956; x_wconf 87' lang='lat' dir='ltr'>nam</span> <span class='ocrx_word' id='word_1_670' title='bbox 1480 927 1558 966; x_wconf 84' lang='lat' dir='ltr'>apud</span> <span class='ocrx_word' id='word_1_671' title='bbox 1570 928 1653 958; x_wconf 88' lang='lat' dir='ltr'>illam</span> <span class='ocrx_word' id='word_1_672' title='bbox 1664 928 1891 968; x_wconf 80' lang='lat' dir='ltr'>perditilfimam</span> <span class='ocrx_word' id='word_1_673' title='bbox 1906 951 1913 963; x_wconf 88' lang='lat'>,</span> <span class='ocrx_word' id='word_1_674' title='bbox 1935 933 2171 972; x_wconf 78' lang='lat' dir='ltr'>atqueinfimam</span> 
     </span>
     <span class='ocr_line' id='line_1_86' title="bbox 1201 966 2170 1013; baseline 0.01 -17"><span class='ocrx_word' id='word_1_675' title='bbox 1201 966 1327 997; x_wconf 53' lang='lat' dir='ltr'>ffaecem</span> <span class='ocrx_word' id='word_1_676' title='bbox 1346 970 1471 1008; x_wconf 89' lang='lat' dir='ltr'>populi,</span> <span class='ocrx_word' id='word_1_677' title='bbox 1495 979 1612 1009; x_wconf 87' lang='lat' dir='ltr'>propter</span> <span class='ocrx_word' id='word_1_678' title='bbox 1632 972 1784 1001; x_wconf 87' lang='lat' dir='ltr'>Milonem</span> <span class='ocrx_word' id='word_1_679' title='bbox 1798 992 1809 1004; x_wconf 85' lang='lat'>‚</span> <span class='ocrx_word' id='word_1_680' title='bbox 1829 970 2028 1004; x_wconf 80' lang='lat' dir='ltr'>suboffendit:</span> <span class='ocrx_word' id='word_1_681' title='bbox 2046 975 2078 1005; x_wconf 72' lang='grc' dir='ltr'>ὃς</span> <span class='ocrx_word' id='word_1_682' title='bbox 2098 976 2170 1013; x_wconf 82' lang='lat' dir='ltr'>boni</span> 
     </span>
     <span class='ocr_line' id='line_1_87' title="bbox 1201 1009 2173 1053; baseline 0.008 -14"><span class='ocrx_word' id='word_1_683' title='bbox 1201 1030 1202 1034; x_wconf 64' lang='lat'>,</span> <span class='ocrx_word' id='word_1_684' title='bbox 1220 1010 1315 1040; x_wconf 84' lang='lat' dir='ltr'>multa</span> <span class='ocrx_word' id='word_1_685' title='bbox 1323 1010 1359 1040; x_wconf 91' lang='lat' dir='ltr'>ab</span> <span class='ocrx_word' id='word_1_686' title='bbox 1373 1020 1411 1040; x_wconf 90' lang='lat' dir='ltr'>eo</span> <span class='ocrx_word' id='word_1_687' title='bbox 1420 1009 1605 1045; x_wconf 79' lang='lat' dir='ltr'>desideramt,</span> <span class='ocrx_word' id='word_1_688' title='bbox 1620 1013 1714 1042; x_wconf 79' lang='lat' dir='ltr'>multa</span> <span class='ocrx_word' id='word_1_689' title='bbox 1723 1014 1954 1053; x_wconf 85' lang='lat' dir='ltr'>reprehendunt.</span> <span class='ocrx_word' id='word_1_690' title='bbox 1979 1017 2173 1047; x_wconf 69' lang='lat' dir='ltr'>Marcellinus</span> 
     </span>
     <span class='ocr_line' id='line_1_88' title="bbox 1218 1053 2170 1098; baseline 0.008 -17"><span class='ocrx_word' id='word_1_691' title='bbox 1218 1060 1318 1081; x_wconf 84' lang='lat' dir='ltr'>autern</span> <span class='ocrx_word' id='word_1_692' title='bbox 1339 1053 1397 1082; x_wconf 80' lang='lat' dir='ltr'>hoc</span> <span class='ocrx_word' id='word_1_693' title='bbox 1421 1062 1482 1082; x_wconf 89' lang='lat' dir='ltr'>uno</span> <span class='ocrx_word' id='word_1_694' title='bbox 1501 1054 1577 1083; x_wconf 87' lang='lat' dir='ltr'>mihi</span> <span class='ocrx_word' id='word_1_695' title='bbox 1597 1054 1722 1094; x_wconf 85' lang='lat' dir='ltr'>quidem</span> <span class='ocrx_word' id='word_1_696' title='bbox 1742 1065 1805 1084; x_wconf 91' lang='lat' dir='ltr'>non</span> <span class='ocrx_word' id='word_1_697' title='bbox 1830 1055 1986 1090; x_wconf 82' lang='lat' dir='ltr'>satisfacit,</span> <span class='ocrx_word' id='word_1_698' title='bbox 2007 1058 2088 1098; x_wconf 75' lang='lat' dir='ltr'>quod</span> <span class='ocrx_word' id='word_1_699' title='bbox 2102 1069 2170 1089; x_wconf 85' lang='lat' dir='ltr'>eum</span> 
     </span>
     <span class='ocr_line' id='line_1_89' title="bbox 1200 1094 2170 1136; baseline 0.007 -15"><span class='ocrx_word' id='word_1_700' title='bbox 1200 1108 1202 1120; x_wconf 61' lang='grc' dir='ltr'><em>ι</em></span> <span class='ocrx_word' id='word_1_701' title='bbox 1218 1094 1300 1122; x_wconf 69' lang='lat' dir='ltr'>nimia</span> <span class='ocrx_word' id='word_1_702' title='bbox 1316 1094 1403 1133; x_wconf 66' lang='lat' dir='ltr'>aspere</span> <span class='ocrx_word' id='word_1_703' title='bbox 1426 1094 1544 1124; x_wconf 69' lang='lat' dir='ltr'>tra&amp;at:</span> <span class='ocrx_word' id='word_1_704' title='bbox 1563 1105 1744 1136; x_wconf 85' lang='lat' dir='ltr'>quamquam</span> <span class='ocrx_word' id='word_1_705' title='bbox 1757 1097 1787 1127; x_wconf 86' lang='lat' dir='ltr'>id</span> <span class='ocrx_word' id='word_1_706' title='bbox 1798 1097 1900 1127; x_wconf 87' lang='lat' dir='ltr'>senatu</span> <span class='ocrx_word' id='word_1_707' title='bbox 1910 1108 1972 1128; x_wconf 90' lang='lat' dir='ltr'>non</span> <span class='ocrx_word' id='word_1_708' title='bbox 1982 1101 2081 1129; x_wconf 74' lang='lat' dir='ltr'>invito</span> <span class='ocrx_word' id='word_1_709' title='bbox 2093 1099 2170 1131; x_wconf 76' lang='lat' dir='ltr'>facit:</span> 
     </span>
     <span class='ocr_line' id='line_1_90' title="bbox 1219 1136 2170 1185; baseline 0.007 -21"><span class='ocrx_word' id='word_1_710' title='bbox 1219 1145 1280 1176; x_wconf 88' lang='lat' dir='ltr'>quo</span> <span class='ocrx_word' id='word_1_711' title='bbox 1298 1146 1352 1176; x_wconf 89' lang='lat' dir='ltr'>ego</span> <span class='ocrx_word' id='word_1_712' title='bbox 1372 1146 1422 1166; x_wconf 90' lang='lat' dir='ltr'>me</span> <span class='ocrx_word' id='word_1_713' title='bbox 1437 1136 1606 1167; x_wconf 79' lang='lat' dir='ltr'>libentiusa</span> <span class='ocrx_word' id='word_1_714' title='bbox 1616 1140 1697 1168; x_wconf 88' lang='lat' dir='ltr'>curia</span> <span class='ocrx_word' id='word_1_715' title='bbox 1707 1158 1715 1171; x_wconf 91' lang='lat'>‚</span> <span class='ocrx_word' id='word_1_716' title='bbox 1738 1138 1770 1168; x_wconf 87' lang='lat'>&amp;</span> <span class='ocrx_word' id='word_1_717' title='bbox 1781 1138 1816 1168; x_wconf 88' lang='lat' dir='ltr'>ab</span> <span class='ocrx_word' id='word_1_718' title='bbox 1830 1142 1915 1169; x_wconf 84' lang='lat' dir='ltr'>omni</span> <span class='ocrx_word' id='word_1_719' title='bbox 1926 1150 2007 1185; x_wconf 82' lang='lat' dir='ltr'>parte</span> <span class='ocrx_word' id='word_1_720' title='bbox 2017 1143 2088 1181; x_wconf 86' lang='lat' dir='ltr'>reip.</span> <span class='ocrx_word' id='word_1_721' title='bbox 2102 1142 2170 1171; x_wconf 78' lang='lat' dir='ltr'>stib-</span> 
     </span>
     <span class='ocr_line' id='line_1_91' title="bbox 1218 1178 2169 1221; baseline 0.006 -14"><span class='ocrx_word' id='word_1_722' title='bbox 1218 1179 1311 1207; x_wconf 86' lang='lat' dir='ltr'>traho.</span> <span class='ocrx_word' id='word_1_723' title='bbox 1335 1180 1371 1208; x_wconf 84' lang='lat' dir='ltr'>In</span> <span class='ocrx_word' id='word_1_724' title='bbox 1383 1178 1533 1215; x_wconf 84' lang='lat' dir='ltr'>judiciisii</span> <span class='ocrx_word' id='word_1_725' title='bbox 1548 1179 1661 1213; x_wconf 90' lang='lat' dir='ltr'>sumus,</span> <span class='ocrx_word' id='word_1_726' title='bbox 1673 1182 1723 1221; x_wconf 88' lang='lat' dir='ltr'>qui</span> <span class='ocrx_word' id='word_1_727' title='bbox 1733 1179 1857 1210; x_wconf 77' lang='lat' dir='ltr'>fuimus.</span> <span class='ocrx_word' id='word_1_728' title='bbox 1877 1181 2169 1217; x_wconf 85' lang='lat' dir='ltr'>domuscelebratur,</span> 
     </span>
     <span class='ocr_line' id='line_1_92' title="bbox 1217 1219 2168 1263; baseline 0.006 -14"><span class='ocrx_word' id='word_1_729' title='bbox 1217 1221 1257 1249; x_wconf 81' lang='lat' dir='ltr'>ita</span> <span class='ocrx_word' id='word_1_730' title='bbox 1276 1229 1308 1249; x_wconf 89' lang='lat' dir='ltr'>ut</span> <span class='ocrx_word' id='word_1_731' title='bbox 1327 1219 1399 1249; x_wconf 79' lang='lat' dir='ltr'>cum</span> <span class='ocrx_word' id='word_1_732' title='bbox 1421 1221 1567 1250; x_wconf 76' lang='lat' dir='ltr'>maxime.</span> <span class='ocrx_word' id='word_1_733' title='bbox 1591 1224 1697 1251; x_wconf 87' lang='lat' dir='ltr'>Unum</span> <span class='ocrx_word' id='word_1_734' title='bbox 1710 1222 2030 1263; x_wconf 78' lang='lat' dir='ltr'>acciditimprudentia</span> <span class='ocrx_word' id='word_1_735' title='bbox 2040 1226 2168 1255; x_wconf 79' lang='lat' dir='ltr'>Milonis</span> 
     </span>
     <span class='ocr_line' id='line_1_93' title="bbox 1199 1262 2172 1307; baseline 0.007 -17"><span class='ocrx_word' id='word_1_736' title='bbox 1199 1263 1201 1271; x_wconf 79' lang='lat'><em>&#39;</em></span> <span class='ocrx_word' id='word_1_737' title='bbox 1216 1262 1416 1292; x_wconf 72' lang='lat' dir='ltr'>incommode</span> <span class='ocrx_word' id='word_1_738' title='bbox 1431 1281 1438 1295; x_wconf 88' lang='lat'>‚</span> <span class='ocrx_word' id='word_1_739' title='bbox 1450 1265 1464 1281; x_wconf 85' lang='lat'>2</span> <span class='ocrx_word' id='word_1_740' title='bbox 1474 1262 1511 1292; x_wconf 88' lang='lat' dir='ltr'>de</span> <span class='ocrx_word' id='word_1_741' title='bbox 1520 1266 1611 1293; x_wconf 84' lang='lat' dir='ltr'>Sexto</span> <span class='ocrx_word' id='word_1_742' title='bbox 1622 1264 1719 1293; x_wconf 84' lang='lat' dir='ltr'>Coelio</span> <span class='ocrx_word' id='word_1_743' title='bbox 1732 1274 1736 1292; x_wconf 92' lang='lat'>:</span> <span class='ocrx_word' id='word_1_744' title='bbox 1747 1274 1837 1304; x_wconf 89' lang='lat' dir='ltr'>quem</span> <span class='ocrx_word' id='word_1_745' title='bbox 1851 1275 1946 1305; x_wconf 86' lang='lat' dir='ltr'>neque</span> <span class='ocrx_word' id='word_1_746' title='bbox 1957 1267 2013 1297; x_wconf 87' lang='lat' dir='ltr'>hoc</span> <span class='ocrx_word' id='word_1_747' title='bbox 2023 1276 2172 1307; x_wconf 77' lang='lat' dir='ltr'>tempore,</span> 
     </span>
     <span class='ocr_line' id='line_1_94' title="bbox 1217 1303 2170 1346; baseline 0.007 -14"><span class='ocrx_word' id='word_1_748' title='bbox 1217 1313 1312 1344; x_wconf 84' lang='lat' dir='ltr'>neque</span> <span class='ocrx_word' id='word_1_749' title='bbox 1329 1303 1366 1334; x_wconf 87' lang='lat' dir='ltr'>ab</span> <span class='ocrx_word' id='word_1_750' title='bbox 1376 1304 1540 1334; x_wconf 88' lang='lat' dir='ltr'>imbecillis</span> <span class='ocrx_word' id='word_1_751' title='bbox 1550 1305 1766 1335; x_wconf 87' lang='lat' dir='ltr'>accusatoribus</span> <span class='ocrx_word' id='word_1_752' title='bbox 1776 1307 1854 1335; x_wconf 89' lang='lat' dir='ltr'>mihi</span> <span class='ocrx_word' id='word_1_753' title='bbox 1865 1308 1973 1346; x_wconf 81' lang='lat' dir='ltr'>placuit</span> <span class='ocrx_word' id='word_1_754' title='bbox 1983 1309 2118 1338; x_wconf 86' lang='lat' dir='ltr'>accusari.</span> <span class='ocrx_word' id='word_1_755' title='bbox 2143 1312 2170 1339; x_wconf 87' lang='lat' dir='ltr'>ei</span> 
     </span>
     <span class='ocr_line' id='line_1_95' title="bbox 1198 1345 2173 1390; baseline 0.006 -16"><span class='ocrx_word' id='word_1_756' title='bbox 1198 1347 1274 1374; x_wconf 67' lang='lat' dir='ltr'>&#39;tres</span> <span class='ocrx_word' id='word_1_757' title='bbox 1306 1345 1458 1376; x_wconf 83' lang='lat' dir='ltr'>sententiae</span> <span class='ocrx_word' id='word_1_758' title='bbox 1488 1349 1653 1377; x_wconf 84' lang='lat' dir='ltr'>taeterrimae</span> <span class='ocrx_word' id='word_1_759' title='bbox 1672 1349 1705 1377; x_wconf 89' lang='lat' dir='ltr'>in</span> <span class='ocrx_word' id='word_1_760' title='bbox 1727 1346 1853 1377; x_wconf 86' lang='lat' dir='ltr'>consilio</span> <span class='ocrx_word' id='word_1_761' title='bbox 1870 1348 2038 1380; x_wconf 84' lang='lat' dir='ltr'>defuerunt.</span> <span class='ocrx_word' id='word_1_762' title='bbox 2071 1353 2173 1390; x_wconf 77' lang='lat' dir='ltr'>Itaque</span> 
     </span>
     <span class='ocr_line' id='line_1_96' title="bbox 1198 1388 2172 1427; baseline 0.007 -11"><span class='ocrx_word' id='word_1_763' title='bbox 1198 1390 1199 1396; x_wconf 65' lang='lat'>¹</span> <span class='ocrx_word' id='word_1_764' title='bbox 1216 1388 1375 1417; x_wconf 85' lang='lat' dir='ltr'>hominem</span> <span class='ocrx_word' id='word_1_765' title='bbox 1388 1389 1517 1427; x_wconf 85' lang='lat' dir='ltr'>populus</span> <span class='ocrx_word' id='word_1_766' title='bbox 1527 1398 1655 1421; x_wconf 79' lang='lat' dir='ltr'>revocat,</span> <span class='ocrx_word' id='word_1_767' title='bbox 1667 1389 1699 1418; x_wconf 89' lang='lat'>&amp;</span> <span class='ocrx_word' id='word_1_768' title='bbox 1711 1390 1870 1420; x_wconf 85' lang='lat' dir='ltr'>retrahatur</span> <span class='ocrx_word' id='word_1_769' title='bbox 1881 1388 1994 1421; x_wconf 85' lang='lat' dir='ltr'>necess&#39;e</span> <span class='ocrx_word' id='word_1_770' title='bbox 2005 1391 2059 1421; x_wconf 86' lang='lat' dir='ltr'>est.</span> <span class='ocrx_word' id='word_1_771' title='bbox 2084 1395 2096 1419; x_wconf 82' lang='lat'><em>3</em></span> <span class='ocrx_word' id='word_1_772' title='bbox 2108 1402 2172 1423; x_wconf 88' lang='lat' dir='ltr'>non</span> 
     </span>
     <span class='ocr_line' id='line_1_97' title="bbox 1198 1428 2173 1472; baseline 0.007 -15"><span class='ocrx_word' id='word_1_773' title='bbox 1198 1438 1199 1470; x_wconf 62' lang='lat' dir='ltr'>j</span> <span class='ocrx_word' id='word_1_774' title='bbox 1217 1439 1300 1458; x_wconf 87' lang='lat' dir='ltr'>enim</span> <span class='ocrx_word' id='word_1_775' title='bbox 1325 1428 1425 1459; x_wconf 75' lang='lat' dir='ltr'>ferunt</span> <span class='ocrx_word' id='word_1_776' title='bbox 1446 1431 1597 1460; x_wconf 85' lang='lat' dir='ltr'>homines.</span> <span class='ocrx_word' id='word_1_777' title='bbox 1617 1432 1650 1460; x_wconf 90' lang='lat'>&amp;</span> <span class='ocrx_word' id='word_1_778' title='bbox 1670 1433 1759 1471; x_wconf 89' lang='lat' dir='ltr'>quia,</span> <span class='ocrx_word' id='word_1_779' title='bbox 1783 1431 1855 1461; x_wconf 77' lang='lat' dir='ltr'>cum</span> <span class='ocrx_word' id='word_1_780' title='bbox 1874 1433 1951 1472; x_wconf 90' lang='lat' dir='ltr'>apud</span> <span class='ocrx_word' id='word_1_781' title='bbox 1971 1433 2038 1463; x_wconf 88' lang='lat' dir='ltr'>suos</span> <span class='ocrx_word' id='word_1_782' title='bbox 2049 1433 2173 1467; x_wconf 63' lang='lat' dir='ltr'>diceret}</span> 
     </span>
     <span class='ocr_line' id='line_1_98' title="bbox 1198 1471 2172 1515; baseline 0.006 -16"><span class='ocrx_word' id='word_1_783' title='bbox 1198 1473 1199 1515; x_wconf 51' lang='lat' dir='ltr'>i</span> <span class='ocrx_word' id='word_1_784' title='bbox 1216 1472 1299 1509; x_wconf 75' lang='lat' dir='ltr'>paene</span> <span class='ocrx_word' id='word_1_785' title='bbox 1311 1471 1467 1501; x_wconf 80' lang='lat' dir='ltr'>damnatus</span> <span class='ocrx_word' id='word_1_786' title='bbox 1477 1471 1518 1502; x_wconf 85' lang='lat' dir='ltr'>est</span> <span class='ocrx_word' id='word_1_787' title='bbox 1530 1491 1538 1505; x_wconf 88' lang='lat'><em>‚</em></span> <span class='ocrx_word' id='word_1_788' title='bbox 1550 1472 1654 1502; x_wconf 89' lang='lat' dir='ltr'>vident</span> <span class='ocrx_word' id='word_1_789' title='bbox 1667 1474 1853 1502; x_wconf 87' lang='lat' dir='ltr'>damnatum.</span> <span class='ocrx_word' id='word_1_790' title='bbox 1877 1477 1918 1504; x_wconf 88' lang='lat' dir='ltr'>Ea</span> <span class='ocrx_word' id='word_1_791' title='bbox 1927 1474 1987 1513; x_wconf 84' lang='lat' dir='ltr'>ipsa</span> <span class='ocrx_word' id='word_1_792' title='bbox 1998 1477 2029 1504; x_wconf 87' lang='lat' dir='ltr'>in</span> <span class='ocrx_word' id='word_1_793' title='bbox 2040 1485 2069 1504; x_wconf 87' lang='lat' dir='ltr'>re</span> <span class='ocrx_word' id='word_1_794' title='bbox 2079 1478 2172 1505; x_wconf 79' lang='lat' dir='ltr'>Pom-</span> 
     </span>
     <span class='ocr_line' id='line_1_99' title="bbox 1198 1510 2171 1556; baseline 0.006 -15"><span class='ocrx_word' id='word_1_795' title='bbox 1198 1522 1199 1541; x_wconf 64' lang='lat' dir='ltr'>i</span> <span class='ocrx_word' id='word_1_796' title='bbox 1215 1513 1275 1552; x_wconf 81' lang='lat' dir='ltr'>peji</span> <span class='ocrx_word' id='word_1_797' title='bbox 1295 1510 1421 1542; x_wconf 79' lang='lat' dir='ltr'>offensio</span> <span class='ocrx_word' id='word_1_798' title='bbox 1431 1513 1522 1543; x_wconf 86' lang='lat' dir='ltr'>nobis</span> <span class='ocrx_word' id='word_1_799' title='bbox 1534 1513 1661 1544; x_wconf 86' lang='lat' dir='ltr'>obstitit.</span> <span class='ocrx_word' id='word_1_800' title='bbox 1685 1515 1854 1544; x_wconf 88' lang='lat' dir='ltr'>senatorum</span> <span class='ocrx_word' id='word_1_801' title='bbox 1869 1517 1953 1544; x_wconf 85' lang='lat' dir='ltr'>enim</span> <span class='ocrx_word' id='word_1_802' title='bbox 1965 1525 2037 1546; x_wconf 88' lang='lat' dir='ltr'>urna</span> <span class='ocrx_word' id='word_1_803' title='bbox 2048 1519 2171 1556; x_wconf 68' lang='lat' dir='ltr'>copiosi}</span> 
     </span>
    </p>
   </div>
   <div class='ocr_carea' id='block_1_25' title="bbox 1198 425 1208 1426">
    <p class='ocr_par' dir='ltr' id='par_1_25' title="bbox 1198 425 1208 1426">
     <span class='ocr_line' id='line_1_100' title="bbox 1198 425 1208 1426; baseline 0 0"><span class='ocrx_word' id='word_1_804' title='bbox 1198 425 1208 1426; x_wconf 95' lang='lat' dir='ltr'> </span> 
     </span>
    </p>
   </div>
   <div class='ocr_carea' id='block_1_26' title="bbox 1181 1555 2171 1595">
    <p class='ocr_par' dir='ltr' id='par_1_26' title="bbox 1181 1555 2171 1595">
     <span class='ocr_line' id='line_1_101' title="bbox 1181 1555 2171 1595; baseline 0.002 -12"><span class='ocrx_word' id='word_1_805' title='bbox 1181 1555 1353 1587; x_wconf 53' lang='lat' dir='ltr'>—‘·abs‹&gt;1vit‚</span> <span class='ocrx_word' id='word_1_806' title='bbox 1366 1564 1501 1595; x_wconf 75' lang='lat' dir='ltr'>equuum</span> <span class='ocrx_word' id='word_1_807' title='bbox 1511 1555 1807 1595; x_wconf 77' lang='lat' dir='ltr'>adaequavit,tribuni</span> <span class='ocrx_word' id='word_1_808' title='bbox 1816 1558 1911 1585; x_wconf 85' lang='lat' dir='ltr'>aerarii</span> <span class='ocrx_word' id='word_1_809' title='bbox 1921 1556 2171 1588; x_wconf 86' lang='lat' dir='ltr'>condemnarunt.</span> 
     </span>
    </p>
   </div>
   <div class='ocr_carea' id='block_1_27' title="bbox 1190 1587 2194 2691">
    <p class='ocr_par' dir='ltr' id='par_1_27' title="bbox 1190 1587 2194 2562">
     <span class='ocr_line' id='line_1_102' title="bbox 1197 1587 2174 1638; baseline 0.004 -13"><span class='ocrx_word' id='word_1_810' title='bbox 1197 1587 1271 1629; x_wconf 70' lang='lat' dir='ltr'>}sed</span> <span class='ocrx_word' id='word_1_811' title='bbox 1290 1597 1347 1625; x_wconf 90' lang='lat' dir='ltr'>hoc</span> <span class='ocrx_word' id='word_1_812' title='bbox 1365 1596 1600 1626; x_wconf 85' lang='lat' dir='ltr'>incommodum</span> <span class='ocrx_word' id='word_1_813' title='bbox 1615 1617 1624 1630; x_wconf 83' lang='lat'>‚</span> <span class='ocrx_word' id='word_1_814' title='bbox 1646 1597 1838 1627; x_wconf 86' lang='lat' dir='ltr'>consolantur</span> <span class='ocrx_word' id='word_1_815' title='bbox 1857 1598 2038 1638; x_wconf 87' lang='lat' dir='ltr'>quotidianae</span> <span class='ocrx_word' id='word_1_816' title='bbox 2050 1599 2174 1633; x_wconf 84' lang='lat' dir='ltr'>damna-</span> 
     </span>
     <span class='ocr_line' id='line_1_103' title="bbox 1197 1631 2172 1678; baseline 0.004 -12"><span class='ocrx_word' id='word_1_817' title='bbox 1197 1631 1199 1642; x_wconf 79' lang='lat'>¹</span> <span class='ocrx_word' id='word_1_818' title='bbox 1214 1639 1313 1666; x_wconf 87' lang='lat' dir='ltr'>tiones</span> <span class='ocrx_word' id='word_1_819' title='bbox 1323 1639 1520 1668; x_wconf 85' lang='lat' dir='ltr'>inimicorum</span> <span class='ocrx_word' id='word_1_820' title='bbox 1533 1657 1541 1672; x_wconf 93' lang='lat'>,</span> <span class='ocrx_word' id='word_1_821' title='bbox 1562 1641 1594 1668; x_wconf 89' lang='lat' dir='ltr'>in</span> <span class='ocrx_word' id='word_1_822' title='bbox 1608 1638 1720 1678; x_wconf 84' lang='lat' dir='ltr'>quibus</span> <span class='ocrx_word' id='word_1_823' title='bbox 1731 1649 1780 1668; x_wconf 86' lang='lat' dir='ltr'>me</span> <span class='ocrx_word' id='word_1_824' title='bbox 1789 1639 1963 1678; x_wconf 82' lang='lat' dir='ltr'>perlubente</span> <span class='ocrx_word' id='word_1_825' title='bbox 1976 1643 2094 1670; x_wconf 82' lang='lat' dir='ltr'>Servius</span> <span class='ocrx_word' id='word_1_826' title='bbox 2105 1642 2172 1671; x_wconf 82' lang='lat' dir='ltr'>alli-</span> 
     </span>
     <span class='ocr_line' id='line_1_104' title="bbox 1196 1678 2172 1718; baseline 0.004 -10"><span class='ocrx_word' id='word_1_827' title='bbox 1196 1688 1198 1718; x_wconf 70' lang='lat'><em>2</em></span> <span class='ocrx_word' id='word_1_828' title='bbox 1215 1679 1262 1708; x_wconf 90' lang='lat' dir='ltr'>sus</span> <span class='ocrx_word' id='word_1_829' title='bbox 1275 1678 1317 1709; x_wconf 88' lang='lat' dir='ltr'>est</span> <span class='ocrx_word' id='word_1_830' title='bbox 1329 1699 1336 1713; x_wconf 91' lang='lat'>,</span> <span class='ocrx_word' id='word_1_831' title='bbox 1357 1682 1446 1709; x_wconf 90' lang='lat' dir='ltr'>ceteri</span> <span class='ocrx_word' id='word_1_832' title='bbox 1456 1680 1666 1710; x_wconf 85' lang='lat' dir='ltr'>conciduntur.</span> <span class='ocrx_word' id='word_1_833' title='bbox 1691 1683 1725 1710; x_wconf 92' lang='lat' dir='ltr'>C.</span> <span class='ocrx_word' id='word_1_834' title='bbox 1741 1683 1814 1710; x_wconf 77' lang='lat' dir='ltr'>Cato</span> <span class='ocrx_word' id='word_1_835' title='bbox 1826 1684 2020 1711; x_wconf 88' lang='lat' dir='ltr'>concionatus</span> <span class='ocrx_word' id='word_1_836' title='bbox 2031 1681 2074 1711; x_wconf 87' lang='lat' dir='ltr'>est</span> <span class='ocrx_word' id='word_1_837' title='bbox 2085 1703 2092 1715; x_wconf 92' lang='lat'>,</span> <span class='ocrx_word' id='word_1_838' title='bbox 2114 1692 2172 1713; x_wconf 91' lang='lat' dir='ltr'>co-</span> 
     </span>
     <span class='ocr_line' id='line_1_105' title="bbox 1195 1721 2170 1764; baseline 0.004 -14"><span class='ocrx_word' id='word_1_839' title='bbox 1195 1726 1198 1764; x_wconf 57' lang='lat'>(</span> <span class='ocrx_word' id='word_1_840' title='bbox 1217 1731 1241 1750; x_wconf 79' lang='grc' dir='ltr'><strong>Μ</strong></span> <span class='ocrx_word' id='word_1_841' title='bbox 1250 1730 1327 1750; x_wconf 72' lang='lat' dir='ltr'>rriA</span> <span class='ocrx_word' id='word_1_842' title='bbox 1337 1721 1436 1751; x_wconf 83' lang='lat' dir='ltr'>haberi</span> <span class='ocrx_word' id='word_1_843' title='bbox 1448 1732 1511 1751; x_wconf 89' lang='lat' dir='ltr'>non</span> <span class='ocrx_word' id='word_1_844' title='bbox 1522 1721 1656 1756; x_wconf 83' lang='lat' dir='ltr'>siturum,</span> <span class='ocrx_word' id='word_1_845' title='bbox 1667 1726 1684 1748; x_wconf 87' lang='lat'>4</span> <span class='ocrx_word' id='word_1_846' title='bbox 1694 1721 1712 1751; x_wconf 82' lang='lat' dir='ltr'>si</span> <span class='ocrx_word' id='word_1_847' title='bbox 1723 1721 1773 1752; x_wconf 81' lang='lat' dir='ltr'>sibi</span> <span class='ocrx_word' id='word_1_848' title='bbox 1783 1732 1852 1752; x_wconf 88' lang='lat' dir='ltr'>cum</span> <span class='ocrx_word' id='word_1_849' title='bbox 1864 1723 1978 1762; x_wconf 88' lang='lat' dir='ltr'>populo</span> <span class='ocrx_word' id='word_1_850' title='bbox 1989 1723 2053 1754; x_wconf 85' lang='lat' dir='ltr'>dies</span> <span class='ocrx_word' id='word_1_851' title='bbox 2063 1725 2170 1764; x_wconf 83' lang='lat' dir='ltr'>agendi</span> 
     </span>
     <span class='ocr_line' id='line_1_106' title="bbox 1213 1761 2170 1803; baseline 0.004 -11"><span class='ocrx_word' id='word_1_852' title='bbox 1213 1761 1308 1792; x_wconf 82' lang='lat' dir='ltr'>efl&#39;ent</span> <span class='ocrx_word' id='word_1_853' title='bbox 1326 1766 1449 1793; x_wconf 85' lang='lat' dir='ltr'>exemti.</span> <span class='ocrx_word' id='word_1_854' title='bbox 1473 1766 1588 1803; x_wconf 89' lang='lat' dir='ltr'>Appius</span> <span class='ocrx_word' id='word_1_855' title='bbox 1606 1764 1622 1793; x_wconf 76' lang='lat' dir='ltr'>a</span> <span class='ocrx_word' id='word_1_856' title='bbox 1645 1765 1754 1794; x_wconf 73' lang='lat' dir='ltr'>Caesare</span> <span class='ocrx_word' id='word_1_857' title='bbox 1773 1764 1912 1794; x_wconf 82' lang='lat' dir='ltr'>nondum</span> <span class='ocrx_word' id='word_1_858' title='bbox 1928 1764 2062 1795; x_wconf 85' lang='lat' dir='ltr'>redierat.</span> <span class='ocrx_word' id='word_1_859' title='bbox 2089 1769 2170 1796; x_wconf 90' lang='lat' dir='ltr'>Tuas</span> 
     </span>
     <span class='ocr_line' id='line_1_107' title="bbox 1213 1803 2170 1846; baseline 0.005 -13"><span class='ocrx_word' id='word_1_860' title='bbox 1213 1803 1345 1834; x_wconf 70' lang='lat' dir='ltr'>mirifice</span> <span class='ocrx_word' id='word_1_861' title='bbox 1366 1805 1475 1834; x_wconf 89' lang='lat' dir='ltr'>litteras</span> <span class='ocrx_word' id='word_1_862' title='bbox 1484 1805 1626 1845; x_wconf 66' lang='lat' dir='ltr'>exspesto</span> <span class='ocrx_word' id='word_1_863' title='bbox 1643 1816 1648 1835; x_wconf 82' lang='lat'>2</span> <span class='ocrx_word' id='word_1_864' title='bbox 1669 1815 1757 1846; x_wconf 87' lang='lat' dir='ltr'>atque</span> <span class='ocrx_word' id='word_1_865' title='bbox 1766 1806 1862 1835; x_wconf 85' lang='lat' dir='ltr'>adhuc</span> <span class='ocrx_word' id='word_1_866' title='bbox 1873 1806 2005 1836; x_wconf 77' lang='lat' dir='ltr'>clausum</span> <span class='ocrx_word' id='word_1_867' title='bbox 2018 1817 2097 1837; x_wconf 88' lang='lat' dir='ltr'>mare</span> <span class='ocrx_word' id='word_1_868' title='bbox 2110 1809 2170 1838; x_wconf 85' lang='lat' dir='ltr'>scio</span> 
     </span>
     <span class='ocr_line' id='line_1_108' title="bbox 1213 1844 2169 1890; baseline 0.006 -16"><span class='ocrx_word' id='word_1_869' title='bbox 1213 1844 1317 1874; x_wconf 82' lang='lat' dir='ltr'>fuiffc:</span> <span class='ocrx_word' id='word_1_870' title='bbox 1334 1846 1384 1876; x_wconf 88' lang='lat' dir='ltr'>sed</span> <span class='ocrx_word' id='word_1_871' title='bbox 1394 1847 1537 1886; x_wconf 86' lang='lat' dir='ltr'>quosdam</span> <span class='ocrx_word' id='word_1_872' title='bbox 1550 1851 1563 1874; x_wconf 86' lang='lat'>5</span> <span class='ocrx_word' id='word_1_873' title='bbox 1574 1845 1685 1876; x_wconf 83' lang='lat' dir='ltr'>venifl&#39;e</span> <span class='ocrx_word' id='word_1_874' title='bbox 1701 1857 1801 1877; x_wconf 80' lang='lat' dir='ltr'>tamen</span> <span class='ocrx_word' id='word_1_875' title='bbox 1813 1846 1893 1878; x_wconf 88' lang='lat' dir='ltr'>Ostia</span> <span class='ocrx_word' id='word_1_876' title='bbox 1902 1847 2042 1878; x_wconf 88' lang='lat' dir='ltr'>dicebant</span> <span class='ocrx_word' id='word_1_877' title='bbox 2053 1869 2062 1882; x_wconf 92' lang='lat'>,</span> <span class='ocrx_word' id='word_1_878' title='bbox 2073 1852 2126 1890; x_wconf 91' lang='lat' dir='ltr'>qui</span> <span class='ocrx_word' id='word_1_879' title='bbox 2142 1859 2169 1880; x_wconf 92' lang='lat' dir='ltr'>te</span> 
     </span>
     <span class='ocr_line' id='line_1_109' title="bbox 1213 1887 2167 1928; baseline 0.004 -13"><span class='ocrx_word' id='word_1_880' title='bbox 1213 1887 1302 1916; x_wconf 74' lang='lat' dir='ltr'>unice</span> <span class='ocrx_word' id='word_1_881' title='bbox 1315 1887 1483 1922; x_wconf 84' lang='lat' dir='ltr'>laudarent,</span> <span class='ocrx_word' id='word_1_882' title='bbox 1504 1889 1690 1928; x_wconf 85' lang='lat' dir='ltr'>plurimique</span> <span class='ocrx_word' id='word_1_883' title='bbox 1708 1890 1740 1917; x_wconf 89' lang='lat' dir='ltr'>in</span> <span class='ocrx_word' id='word_1_884' title='bbox 1759 1891 1914 1928; x_wconf 82' lang='lat' dir='ltr'>provincia</span> <span class='ocrx_word' id='word_1_885' title='bbox 1939 1888 2003 1919; x_wconf 86' lang='lat' dir='ltr'>fieri</span> <span class='ocrx_word' id='word_1_886' title='bbox 2023 1889 2167 1923; x_wconf 85' lang='lat' dir='ltr'>dicerent.</span> 
     </span>
     <span class='ocr_line' id='line_1_110' title="bbox 1213 1929 2169 1970; baseline 0.006 -13"><span class='ocrx_word' id='word_1_887' title='bbox 1213 1930 1306 1958; x_wconf 89' lang='lat' dir='ltr'>iidem</span> <span class='ocrx_word' id='word_1_888' title='bbox 1327 1929 1443 1968; x_wconf 82' lang='lat' dir='ltr'>ajebant</span> <span class='ocrx_word' id='word_1_889' title='bbox 1461 1932 1596 1960; x_wconf 87' lang='lat' dir='ltr'>nuntiare</span> <span class='ocrx_word' id='word_1_890' title='bbox 1615 1939 1642 1960; x_wconf 89' lang='lat' dir='ltr'>te</span> <span class='ocrx_word' id='word_1_891' title='bbox 1660 1931 1757 1969; x_wconf 88' lang='lat' dir='ltr'>prima</span> <span class='ocrx_word' id='word_1_892' title='bbox 1776 1933 1969 1970; x_wconf 84' lang='lat' dir='ltr'>navigatione</span> <span class='ocrx_word' id='word_1_893' title='bbox 1984 1931 2169 1963; x_wconf 71' lang='lat' dir='ltr'>transmissu-</span> 
     </span>
     <span class='ocr_line' id='line_1_111' title="bbox 1195 1968 2166 2012; baseline 0.004 -13"><span class='ocrx_word' id='word_1_894' title='bbox 1195 1979 1196 1989; x_wconf 62' lang='lat'><em>*</em></span> <span class='ocrx_word' id='word_1_895' title='bbox 1214 1980 1291 1999; x_wconf 85' lang='lat' dir='ltr'>rum.</span> <span class='ocrx_word' id='word_1_896' title='bbox 1315 1971 1347 2000; x_wconf 88' lang='lat' dir='ltr'>id</span> <span class='ocrx_word' id='word_1_897' title='bbox 1365 1968 1455 2010; x_wconf 67' lang='lat' dir='ltr'>Eupio</span> <span class='ocrx_word' id='word_1_898' title='bbox 1468 1982 1473 2001; x_wconf 89' lang='grc'>;</span> <span class='ocrx_word' id='word_1_899' title='bbox 1487 1972 1540 2005; x_wconf 86' lang='lat'>&amp;,</span> <span class='ocrx_word' id='word_1_900' title='bbox 1560 1981 1741 2012; x_wconf 85' lang='lat' dir='ltr'>quamquam</span> <span class='ocrx_word' id='word_1_901' title='bbox 1754 1972 1880 2012; x_wconf 89' lang='lat' dir='ltr'>teipsum</span> <span class='ocrx_word' id='word_1_902' title='bbox 1892 1973 2002 2003; x_wconf 84' lang='lat' dir='ltr'>scilicet</span> <span class='ocrx_word' id='word_1_903' title='bbox 2017 1973 2166 2010; x_wconf 45' lang='lat' dir='ltr'>maxim&amp;</span> 
     </span>
     <span class='ocr_line' id='line_1_112' title="bbox 1213 2013 2112 2053; baseline 0.003 -11"><span class='ocrx_word' id='word_1_904' title='bbox 1213 2021 1315 2042; x_wconf 82' lang='lat' dir='ltr'>tamen</span> <span class='ocrx_word' id='word_1_905' title='bbox 1330 2015 1417 2043; x_wconf 89' lang='lat' dir='ltr'>etiam</span> <span class='ocrx_word' id='word_1_906' title='bbox 1430 2013 1538 2044; x_wconf 88' lang='lat' dir='ltr'>litteras</span> <span class='ocrx_word' id='word_1_907' title='bbox 1549 2023 1611 2043; x_wconf 80' lang='lat' dir='ltr'>tuas</span> <span class='ocrx_word' id='word_1_908' title='bbox 1620 2015 1688 2043; x_wconf 78' lang='lat' dir='ltr'>ante</span> <span class='ocrx_word' id='word_1_909' title='bbox 1698 2013 1849 2053; x_wconf 61' lang='lat' dir='ltr'>exspedm.</span> <span class='ocrx_word' id='word_1_910' title='bbox 1874 2017 1920 2044; x_wconf 83' lang='lat' dir='ltr'>Mi</span> <span class='ocrx_word' id='word_1_911' title='bbox 1930 2014 2027 2049; x_wconf 86' lang='lat' dir='ltr'>frater,</span> <span class='ocrx_word' id='word_1_912' title='bbox 2040 2017 2112 2046; x_wconf 85' lang='lat' dir='ltr'>Vale</span> 
     </span>
     <span class='ocr_line' id='line_1_113' title="bbox 1403 2058 1972 2093; baseline 0.004 -8"><span class='ocrx_word' id='word_1_913' title='bbox 1403 2058 1614 2086; x_wconf 88' lang='lat' dir='ltr'>MARCUS</span> <span class='ocrx_word' id='word_1_914' title='bbox 1637 2058 1674 2093; x_wconf 83' lang='lat' dir='ltr'>Q·</span> <span class='ocrx_word' id='word_1_915' title='bbox 1699 2058 1898 2086; x_wconf 87' lang='lat' dir='ltr'>FRATRI</span> <span class='ocrx_word' id='word_1_916' title='bbox 1913 2076 1921 2089; x_wconf 72' lang='lat'>2</span> <span class='ocrx_word' id='word_1_917' title='bbox 1945 2059 1972 2087; x_wconf 85' lang='lat' dir='ltr'>S.</span> 
     </span>
     <span class='ocr_line' id='line_1_114' title="bbox 1208 2097 2169 2138; baseline 0.003 -11"><span class='ocrx_word' id='word_1_918' title='bbox 1208 2097 1224 2117; x_wconf 82' lang='lat'><strong>⁶</strong></span> <span class='ocrx_word' id='word_1_919' title='bbox 1341 2099 1371 2127; x_wconf 93' lang='lat' dir='ltr'>D</span> <span class='ocrx_word' id='word_1_920' title='bbox 1394 2107 1452 2127; x_wconf 86' lang='lat'>111.</span> <span class='ocrx_word' id='word_1_921' title='bbox 1464 2097 1508 2127; x_wconf 86' lang='lat' dir='ltr'>1d.</span> <span class='ocrx_word' id='word_1_922' title='bbox 1525 2098 1618 2137; x_wconf 84' lang='lat' dir='ltr'>April.</span> <span class='ocrx_word' id='word_1_923' title='bbox 1630 2106 1696 2127; x_wconf 86' lang='lat' dir='ltr'>ante</span> <span class='ocrx_word' id='word_1_924' title='bbox 1708 2098 1806 2128; x_wconf 88' lang='lat' dir='ltr'>lucem</span> <span class='ocrx_word' id='word_1_925' title='bbox 1817 2100 1893 2128; x_wconf 90' lang='lat' dir='ltr'>hanc</span> <span class='ocrx_word' id='word_1_926' title='bbox 1902 2097 2058 2138; x_wconf 88' lang='lat' dir='ltr'>epistolam</span> <span class='ocrx_word' id='word_1_927' title='bbox 2071 2099 2169 2131; x_wconf 67' lang='lat' dir='ltr'>dieta-</span> 
     </span>
     <span class='ocr_line' id='line_1_115' title="bbox 1334 2140 2166 2181; baseline 0.001 -12"><span class='ocrx_word' id='word_1_928' title='bbox 1334 2149 1432 2170; x_wconf 86' lang='lat' dir='ltr'>veram</span> <span class='ocrx_word' id='word_1_929' title='bbox 1444 2159 1453 2173; x_wconf 90' lang='lat'>,</span> <span class='ocrx_word' id='word_1_930' title='bbox 1472 2140 1702 2180; x_wconf 82' lang='lat' dir='ltr'>scripseramque</span> <span class='ocrx_word' id='word_1_931' title='bbox 1714 2141 1745 2169; x_wconf 89' lang='lat' dir='ltr'>in</span> <span class='ocrx_word' id='word_1_932' title='bbox 1756 2141 1861 2169; x_wconf 87' lang='lat' dir='ltr'>itineie</span> <span class='ocrx_word' id='word_1_933' title='bbox 1873 2159 1882 2173; x_wconf 89' lang='lat'>,</span> <span class='ocrx_word' id='word_1_934' title='bbox 1892 2149 1925 2170; x_wconf 88' lang='lat' dir='ltr'>ut</span> <span class='ocrx_word' id='word_1_935' title='bbox 1935 2151 1970 2169; x_wconf 82' lang='lat' dir='ltr'>eo</span> <span class='ocrx_word' id='word_1_936' title='bbox 1981 2140 2029 2170; x_wconf 87' lang='lat' dir='ltr'>die</span> <span class='ocrx_word' id='word_1_937' title='bbox 2039 2142 2115 2181; x_wconf 86' lang='lat' dir='ltr'>apud</span> <span class='ocrx_word' id='word_1_938' title='bbox 2126 2144 2166 2172; x_wconf 80' lang='lat' dir='ltr'>T.</span> 
     </span>
     <span class='ocr_line' id='line_1_116' title="bbox 1212 2180 2169 2223; baseline 0.003 -12"><span class='ocrx_word' id='word_1_939' title='bbox 1212 2183 1331 2214; x_wconf 89' lang='lat' dir='ltr'>Titium</span> <span class='ocrx_word' id='word_1_940' title='bbox 1343 2184 1375 2211; x_wconf 90' lang='lat' dir='ltr'>in</span> <span class='ocrx_word' id='word_1_941' title='bbox 1385 2183 1545 2223; x_wconf 88' lang='lat' dir='ltr'>Anagnino</span> <span class='ocrx_word' id='word_1_942' title='bbox 1557 2191 1719 2212; x_wconf 85' lang='lat' dir='ltr'>manerem.</span> <span class='ocrx_word' id='word_1_943' title='bbox 1742 2180 1886 2221; x_wconf 85' lang='lat' dir='ltr'>postridie</span> <span class='ocrx_word' id='word_1_944' title='bbox 1895 2191 1993 2212; x_wconf 77' lang='lat' dir='ltr'>autern</span> <span class='ocrx_word' id='word_1_945' title='bbox 2006 2184 2037 2212; x_wconf 91' lang='lat' dir='ltr'>in</span> <span class='ocrx_word' id='word_1_946' title='bbox 2050 2185 2169 2214; x_wconf 80' lang='lat' dir='ltr'>Laterio</span> 
     </span>
     <span class='ocr_line' id='line_1_117' title="bbox 1192 2223 2162 2264; baseline 0 -9"><span class='ocrx_word' id='word_1_947' title='bbox 1192 2226 1194 2233; x_wconf 78' lang='grc'>’</span> <span class='ocrx_word' id='word_1_948' title='bbox 1211 2224 1378 2263; x_wconf 82' lang='lat' dir='ltr'>cogitabam</span> <span class='ocrx_word' id='word_1_949' title='bbox 1393 2234 1398 2252; x_wconf 76' lang='lat' dir='ltr'>z</span> <span class='ocrx_word' id='word_1_950' title='bbox 1417 2224 1488 2253; x_wconf 83' lang='lat' dir='ltr'>inde</span> <span class='ocrx_word' id='word_1_951' title='bbox 1499 2243 1507 2256; x_wconf 91' lang='lat'>,</span> <span class='ocrx_word' id='word_1_952' title='bbox 1529 2223 1600 2253; x_wconf 79' lang='lat' dir='ltr'>cum</span> <span class='ocrx_word' id='word_1_953' title='bbox 1619 2225 1651 2252; x_wconf 89' lang='lat' dir='ltr'>in</span> <span class='ocrx_word' id='word_1_954' title='bbox 1663 2225 1798 2263; x_wconf 81' lang='lat' dir='ltr'>Arpinati</span> <span class='ocrx_word' id='word_1_955' title='bbox 1809 2226 1943 2264; x_wconf 81' lang='lat' dir='ltr'>quinque</span> <span class='ocrx_word' id='word_1_956' title='bbox 1953 2224 2016 2254; x_wconf 84' lang='lat' dir='ltr'>dies</span> <span class='ocrx_word' id='word_1_957' title='bbox 2028 2224 2162 2260; x_wconf 66' lang='lat' dir='ltr'>similem,</span> 
     </span>
     <span class='ocr_line' id='line_1_118' title="bbox 1192 2265 2165 2305; baseline 0 -8"><span class='ocrx_word' id='word_1_958' title='bbox 1192 2272 1193 2275; x_wconf 77' lang='grc'>’</span> <span class='ocrx_word' id='word_1_959' title='bbox 1210 2270 1251 2297; x_wconf 89' lang='lat' dir='ltr'>ire</span> <span class='ocrx_word' id='word_1_960' title='bbox 1278 2268 1310 2296; x_wconf 90' lang='lat' dir='ltr'>in</span> <span class='ocrx_word' id='word_1_961' title='bbox 1333 2266 1552 2305; x_wconf 82' lang='lat' dir='ltr'>Pompejanum</span> <span class='ocrx_word' id='word_1_962' title='bbox 1573 2275 1578 2293; x_wconf 90' lang='lat'>:</span> <span class='ocrx_word' id='word_1_963' title='bbox 1600 2265 1720 2294; x_wconf 84' lang='lat' dir='ltr'>rediens</span> <span class='ocrx_word' id='word_1_964' title='bbox 1736 2265 1883 2305; x_wconf 84' lang='lat' dir='ltr'>adspicere</span> <span class='ocrx_word' id='word_1_965' title='bbox 1903 2269 2074 2296; x_wconf 86' lang='lat' dir='ltr'>Cumanum</span> <span class='ocrx_word' id='word_1_966' title='bbox 2088 2287 2096 2300; x_wconf 95' lang='lat'>,</span> <span class='ocrx_word' id='word_1_967' title='bbox 2121 2277 2165 2301; x_wconf 82' lang='lat' dir='ltr'>ut,</span> 
     </span>
     <span class='ocr_line' id='line_1_119' title="bbox 1210 2307 2163 2349; baseline 0 -12"><span class='ocrx_word' id='word_1_968' title='bbox 1210 2309 1355 2349; x_wconf 86' lang='lat' dir='ltr'>quoniam</span> <span class='ocrx_word' id='word_1_969' title='bbox 1378 2309 1409 2337; x_wconf 87' lang='lat' dir='ltr'>in</span> <span class='ocrx_word' id='word_1_970' title='bbox 1431 2309 1515 2337; x_wconf 90' lang='lat' dir='ltr'>Non.</span> <span class='ocrx_word' id='word_1_971' title='bbox 1535 2307 1627 2346; x_wconf 83' lang='lat' dir='ltr'>Majas</span> <span class='ocrx_word' id='word_1_972' title='bbox 1649 2307 1762 2336; x_wconf 90' lang='lat' dir='ltr'>Miloni</span> <span class='ocrx_word' id='word_1_973' title='bbox 1784 2307 1869 2336; x_wconf 88' lang='lat' dir='ltr'>7dies</span> <span class='ocrx_word' id='word_1_974' title='bbox 1881 2308 1997 2347; x_wconf 87' lang='lat' dir='ltr'>prodita</span> <span class='ocrx_word' id='word_1_975' title='bbox 2007 2307 2067 2342; x_wconf 85' lang='lat' dir='ltr'>est,</span> <span class='ocrx_word' id='word_1_976' title='bbox 2087 2309 2163 2348; x_wconf 89' lang='lat' dir='ltr'>prid.</span> 
     </span>
     <span class='ocr_line' id='line_1_120' title="bbox 1190 2347 2168 2388; baseline 0 -9"><span class='ocrx_word' id='word_1_977' title='bbox 1190 2358 1192 2379; x_wconf 56' lang='lat' dir='ltr'>s</span> <span class='ocrx_word' id='word_1_978' title='bbox 1210 2354 1298 2381; x_wconf 88' lang='lat' dir='ltr'>Non.</span> <span class='ocrx_word' id='word_1_979' title='bbox 1321 2351 1431 2379; x_wconf 83' lang='lat' dir='ltr'>Rornae</span> <span class='ocrx_word' id='word_1_980' title='bbox 1452 2347 1542 2378; x_wconf 73' lang='lat' dir='ltr'>ess‘em</span> <span class='ocrx_word' id='word_1_981' title='bbox 1555 2369 1564 2381; x_wconf 91' lang='lat'>,</span> <span class='ocrx_word' id='word_1_982' title='bbox 1583 2357 1669 2388; x_wconf 79' lang='lat' dir='ltr'>teque</span> <span class='ocrx_word' id='word_1_983' title='bbox 1683 2368 1691 2381; x_wconf 91' lang='lat'><em>‚</em></span> <span class='ocrx_word' id='word_1_984' title='bbox 1712 2351 1755 2378; x_wconf 87' lang='lat' dir='ltr'>mi</span> <span class='ocrx_word' id='word_1_985' title='bbox 1775 2347 1939 2383; x_wconf 75' lang='lat' dir='ltr'>cariffime,</span> <span class='ocrx_word' id='word_1_986' title='bbox 1959 2349 2168 2380; x_wconf 78' lang='lat' dir='ltr'>&amp;suaviffime</span> 
     </span>
     <span class='ocr_line' id='line_1_121' title="bbox 1208 2390 2168 2429; baseline -0.001 -6"><span class='ocrx_word' id='word_1_987' title='bbox 1208 2392 1315 2425; x_wconf 88' lang='lat' dir='ltr'>frater,</span> <span class='ocrx_word' id='word_1_988' title='bbox 1342 2390 1377 2420; x_wconf 90' lang='lat' dir='ltr'>ad</span> <span class='ocrx_word' id='word_1_989' title='bbox 1403 2400 1468 2421; x_wconf 89' lang='lat' dir='ltr'>eam</span> <span class='ocrx_word' id='word_1_990' title='bbox 1478 2391 1561 2420; x_wconf 88' lang='lat' dir='ltr'>diem</span> <span class='ocrx_word' id='word_1_991' title='bbox 1574 2391 1618 2429; x_wconf 84' lang='lat' dir='ltr'>(ut</span> <span class='ocrx_word' id='word_1_992' title='bbox 1628 2390 1792 2429; x_wconf 78' lang='lat' dir='ltr'>sperabam)</span> <span class='ocrx_word' id='word_1_993' title='bbox 1809 2390 1953 2420; x_wconf 83' lang='lat' dir='ltr'>viderem.</span> <span class='ocrx_word' id='word_1_994' title='bbox 1978 2390 2168 2422; x_wconf 84' lang='lat' dir='ltr'>AEdificatio-</span> 
     </span>
     <span class='ocr_line' id='line_1_122' title="bbox 1190 2429 2194 2472; baseline 0.001 -8"><span class='ocrx_word' id='word_1_995' title='bbox 1190 2435 1191 2439; x_wconf 75' lang='grc'>’</span> <span class='ocrx_word' id='word_1_996' title='bbox 1208 2445 1281 2464; x_wconf 88' lang='lat' dir='ltr'>nem</span> <span class='ocrx_word' id='word_1_997' title='bbox 1305 2435 1413 2462; x_wconf 87' lang='lat' dir='ltr'>Arcani</span> <span class='ocrx_word' id='word_1_998' title='bbox 1434 2432 1470 2462; x_wconf 89' lang='lat' dir='ltr'>ad</span> <span class='ocrx_word' id='word_1_999' title='bbox 1491 2441 1577 2462; x_wconf 89' lang='lat' dir='ltr'>tuum</span> <span class='ocrx_word' id='word_1_1000' title='bbox 1596 2432 1760 2462; x_wconf 85' lang='lat' dir='ltr'>adventum</span> <span class='ocrx_word' id='word_1_1001' title='bbox 1772 2429 1923 2462; x_wconf 86' lang='lat' dir='ltr'>sustentari</span> <span class='ocrx_word' id='word_1_1002' title='bbox 1936 2432 2073 2472; x_wconf 81' lang='lat' dir='ltr'>placebat.</span> <span class='ocrx_word' id='word_1_1003' title='bbox 2097 2436 2169 2469; x_wconf 76' lang='lat' dir='ltr'>Fac,</span> <span class='ocrx_word' id='word_1_1004' title='bbox 2191 2452 2194 2455; x_wconf 94' lang='lat'><em>-</em></span> 
     </span>
     <span class='ocr_line' id='line_1_123' title="bbox 1208 2475 1957 2515; baseline -0.005 -9"><span class='ocrx_word' id='word_1_1005' title='bbox 1208 2477 1254 2507; x_wconf 83' lang='lat' dir='ltr'>mi</span> <span class='ocrx_word' id='word_1_1006' title='bbox 1265 2476 1362 2508; x_wconf 84' lang='lat' dir='ltr'>frater,</span> <span class='ocrx_word' id='word_1_1007' title='bbox 1375 2483 1406 2504; x_wconf 94' lang='lat' dir='ltr'>ut</span> <span class='ocrx_word' id='word_1_1008' title='bbox 1416 2475 1512 2504; x_wconf 90' lang='lat' dir='ltr'>valeas</span> <span class='ocrx_word' id='word_1_1009' title='bbox 1524 2494 1532 2507; x_wconf 95' lang='lat'>,</span> <span class='ocrx_word' id='word_1_1010' title='bbox 1548 2476 1833 2515; x_wconf 81' lang='lat' dir='ltr'>quamprimumque</span> <span class='ocrx_word' id='word_1_1011' title='bbox 1845 2476 1957 2504; x_wconf 85' lang='lat' dir='ltr'>venias.</span> 
     </span>
     <span class='ocr_line' id='line_1_124' title="bbox 1408 2525 1969 2562; baseline -0.007 -7"><span class='ocrx_word' id='word_1_1012' title='bbox 1408 2526 1515 2555; x_wconf 82' lang='lat' dir='ltr'>MAR</span> <span class='ocrx_word' id='word_1_1013' title='bbox 1529 2526 1619 2554; x_wconf 92' lang='lat' dir='ltr'>CUS</span> <span class='ocrx_word' id='word_1_1014' title='bbox 1642 2525 1917 2562; x_wconf 78' lang='lat' dir='ltr'>QFRATRI,</span> <span class='ocrx_word' id='word_1_1015' title='bbox 1942 2526 1969 2554; x_wconf 91' lang='lat' dir='ltr'>S.</span> 
     </span>
    </p>

    <p class='ocr_par' dir='ltr' id='par_1_28' title="bbox 1319 2563 2159 2605">
     <span class='ocr_line' id='line_1_125' title="bbox 1319 2563 2159 2605; baseline 0 -8"><span class='ocrx_word' id='word_1_1016' title='bbox 1319 2570 1493 2597; x_wconf 77' lang='lat' dir='ltr'>LITTERAS</span> <span class='ocrx_word' id='word_1_1017' title='bbox 1503 2567 1580 2595; x_wconf 90' lang='lat' dir='ltr'>mihi</span> <span class='ocrx_word' id='word_1_1018' title='bbox 1592 2574 1654 2595; x_wconf 84' lang='lat' dir='ltr'>tuas</span> <span class='ocrx_word' id='word_1_1019' title='bbox 1664 2563 1900 2605; x_wconf 79' lang='lat' dir='ltr'>jucundiffimas‚</span> <span class='ocrx_word' id='word_1_1020' title='bbox 1912 2564 2094 2605; x_wconf 75' lang='lat' dir='ltr'>exspectatas</span> <span class='ocrx_word' id='word_1_1021' title='bbox 2106 2585 2115 2600; x_wconf 82' lang='lat'>,</span> <span class='ocrx_word' id='word_1_1022' title='bbox 2127 2575 2159 2597; x_wconf 86' lang='lat' dir='ltr'>ac</span> 
     </span>
    </p>

    <p class='ocr_par' dir='ltr' id='par_1_29' title="bbox 1210 2604 2164 2691">
     <span class='ocr_line' id='line_1_126' title="bbox 1309 2604 2163 2649; baseline -0.001 -10"><span class='ocrx_word' id='word_1_1023' title='bbox 1309 2612 1409 2649; x_wconf 87' lang='lat' dir='ltr'>primo</span> <span class='ocrx_word' id='word_1_1024' title='bbox 1418 2615 1542 2649; x_wconf 74' lang='lat' dir='ltr'>quidem</span> <span class='ocrx_word' id='word_1_1025' title='bbox 1554 2617 1623 2637; x_wconf 90' lang='lat' dir='ltr'>cum</span> <span class='ocrx_word' id='word_1_1026' title='bbox 1637 2604 1782 2636; x_wconf 82' lang='lat' dir='ltr'>desiderio</span> <span class='ocrx_word' id='word_1_1027' title='bbox 1793 2626 1801 2640; x_wconf 87' lang='lat'><em>‚</em></span> <span class='ocrx_word' id='word_1_1028' title='bbox 1813 2616 1893 2636; x_wconf 89' lang='lat' dir='ltr'>nunc</span> <span class='ocrx_word' id='word_1_1029' title='bbox 1904 2608 1976 2637; x_wconf 74' lang='lat' dir='ltr'>verb</span> <span class='ocrx_word' id='word_1_1030' title='bbox 1986 2610 2077 2637; x_wconf 87' lang='lat' dir='ltr'>etiam</span> <span class='ocrx_word' id='word_1_1031' title='bbox 2089 2617 2163 2638; x_wconf 83' lang='lat' dir='ltr'>cum</span> 
     </span>
     <span class='ocr_line' id='line_1_127' title="bbox 1210 2648 2164 2691; baseline -0.001 -10"><span class='ocrx_word' id='word_1_1032' title='bbox 1210 2654 1339 2681; x_wconf 84' lang='lat' dir='ltr'>timore!</span> <span class='ocrx_word' id='word_1_1033' title='bbox 1364 2654 1463 2691; x_wconf 81' lang='lat' dir='ltr'>Atque</span> <span class='ocrx_word' id='word_1_1034' title='bbox 1484 2651 1533 2679; x_wconf 85' lang='lat' dir='ltr'>has</span> <span class='ocrx_word' id='word_1_1035' title='bbox 1556 2650 1629 2679; x_wconf 86' lang='lat' dir='ltr'>scito</span> <span class='ocrx_word' id='word_1_1036' title='bbox 1650 2650 1761 2678; x_wconf 86' lang='lat' dir='ltr'>litteras</span> <span class='ocrx_word' id='word_1_1037' title='bbox 1783 2658 1830 2678; x_wconf 86' lang='lat' dir='ltr'>mc</span> <span class='ocrx_word' id='word_1_1038' title='bbox 1855 2649 1929 2679; x_wconf 87' lang='lat' dir='ltr'>solas</span> <span class='ocrx_word' id='word_1_1039' title='bbox 1947 2648 2164 2690; x_wconf 85' lang='lat' dir='ltr'>accepiffepost</span> 
     </span>
    </p>
   </div>
   <div class='ocr_carea' id='block_1_28' title="bbox 1188 2689 2164 2763">
    <p class='ocr_par' dir='ltr' id='par_1_30' title="bbox 1187 2689 2164 2763">
     <span class='ocr_line' id='line_1_128' title="bbox 1188 2689 2161 2763; baseline -0.001 -40.001"><span class='ocrx_word' id='word_1_1040' title='bbox 1188 2691 1190 2705; x_wconf 59' lang='lat'><strong>¹</strong></span> <span class='ocrx_word' id='word_1_1041' title='bbox 1207 2694 1274 2723; x_wconf 77' lang='lat' dir='ltr'>illas</span> <span class='ocrx_word' id='word_1_1042' title='bbox 1284 2712 1294 2727; x_wconf 88' lang='lat'><em>‚</em></span> <span class='ocrx_word' id='word_1_1043' title='bbox 1313 2702 1385 2733; x_wconf 84' lang='lat' dir='ltr'>quas</span> <span class='ocrx_word' id='word_1_1044' title='bbox 1404 2701 1471 2722; x_wconf 86' lang='lat' dir='ltr'>tuus</span> <span class='ocrx_word' id='word_1_1045' title='bbox 1482 2701 1569 2722; x_wconf 80' lang='lat' dir='ltr'>nauta</span> <span class='ocrx_word' id='word_1_1046' title='bbox 1580 2690 1696 2724; x_wconf 87' lang='lat' dir='ltr'>attulit,</span> <span class='ocrx_word' id='word_1_1047' title='bbox 1717 2690 1803 2720; x_wconf 87' lang='lat' dir='ltr'>Olbia</span> <span class='ocrx_word' id='word_1_1048' title='bbox 1812 2689 1902 2721; x_wconf 82' lang='lat' dir='ltr'>datas.</span> <span class='ocrx_word' id='word_1_1049' title='bbox 1925 2691 1981 2721; x_wconf 87' lang='lat' dir='ltr'>Sed</span> <span class='ocrx_word' id='word_1_1050' title='bbox 1990 2692 2118 2763; x_wconf 76' lang='lat' dir='ltr'>ceteras(</span> <span class='ocrx_word' id='word_1_1051' title='bbox 2129 2700 2161 2722; x_wconf 91' lang='lat' dir='ltr'>ut</span> 
     </span>
     <span class='ocr_line' id='line_1_129' title="bbox 2105 2743 2164 2763; baseline 0 0"><span class='ocrx_word' id='word_1_1052' title='bbox 2105 2743 2164 2763; x_wconf 71' lang='lat' dir='ltr'>cri·</span> 
     </span>
    </p>
   </div>
   <div class='ocr_carea' id='block_1_29' title="bbox 1189 1668 1200 2664">
    <p class='ocr_par' dir='ltr' id='par_1_31' title="bbox 1189 1668 1200 2664">
     <span class='ocr_line' id='line_1_130' title="bbox 1189 1668 1200 2664; baseline 0 0"><span class='ocrx_word' id='word_1_1053' title='bbox 1189 1668 1200 2664; x_wconf 95' lang='lat' dir='ltr'> </span> 
     </span>
    </p>
   </div>
   <div class='ocr_carea' id='block_1_30' title="bbox 198 2785 2141 2798">
    <p class='ocr_par' dir='ltr' id='par_1_32' title="bbox 198 2785 2141 2798">
     <span class='ocr_line' id='line_1_131' title="bbox 198 2785 2141 2798; baseline 0 602"><span class='ocrx_word' id='word_1_1054' title='bbox 198 2785 2141 2798; x_wconf 95' lang='lat' dir='ltr'> </span> 
     </span>
    </p>
   </div>
   <div class='ocr_carea' id='block_1_31' title="bbox 240 2814 1484 2851">
    <p class='ocr_par' dir='ltr' id='par_1_33' title="bbox 240 2814 1484 2851">
     <span class='ocr_line' id='line_1_132' title="bbox 240 2814 1484 2851; baseline 0.002 -11"><span class='ocrx_word' id='word_1_1055' title='bbox 240 2823 265 2840; x_wconf 85' lang='lat'>1.</span> <span class='ocrx_word' id='word_1_1056' title='bbox 283 2817 374 2841; x_wconf 76' lang='lat' dir='ltr'>LatIar</span> <span class='ocrx_word' id='word_1_1057' title='bbox 382 2823 445 2846; x_wconf 78' lang='lat' dir='ltr'>erat,</span> <span class='ocrx_word' id='word_1_1058' title='bbox 455 2815 521 2848; x_wconf 44' lang='lat' dir='ltr'>dyc]</span> <span class='ocrx_word' id='word_1_1059' title='bbox 546 2814 672 2842; x_wconf 76' lang='lat' dir='ltr'>Videatur</span> <span class='ocrx_word' id='word_1_1060' title='bbox 693 2814 766 2850; x_wconf 64' lang='lat' dir='ltr'>{uper</span> <span class='ocrx_word' id='word_1_1061' title='bbox 777 2814 825 2840; x_wconf 87' lang='lat' dir='ltr'>hoc</span> <span class='ocrx_word' id='word_1_1062' title='bbox 846 2815 905 2840; x_wconf 88' lang='lat' dir='ltr'>loco</span> <span class='ocrx_word' id='word_1_1063' title='bbox 915 2814 1014 2841; x_wconf 79' lang='lat' dir='ltr'>Caelius</span> <span class='ocrx_word' id='word_1_1064' title='bbox 1026 2814 1160 2851; x_wconf 79' lang='lat' dir='ltr'>Rhodigi-</span> <span class='ocrx_word' id='word_1_1065' title='bbox 1206 2825 1279 2843; x_wconf 84' lang='lat' dir='ltr'>nium</span> <span class='ocrx_word' id='word_1_1066' title='bbox 1292 2817 1322 2842; x_wconf 88' lang='lat' dir='ltr'>P.</span> <span class='ocrx_word' id='word_1_1067' title='bbox 1338 2817 1484 2844; x_wconf 79' lang='lat' dir='ltr'>Manutius.</span> 
     </span>
    </p>
   </div>
   <div class='ocr_carea' id='block_1_32' title="bbox 194 2849 1162 3178">
    <p class='ocr_par' dir='ltr' id='par_1_34' title="bbox 203 2849 1160 2960">
     <span class='ocr_line' id='line_1_133' title="bbox 203 2849 1160 2886; baseline 0.003 -12"><span class='ocrx_word' id='word_1_1068' title='bbox 203 2856 252 2875; x_wconf 72' lang='lat' dir='ltr'>nus</span> <span class='ocrx_word' id='word_1_1069' title='bbox 262 2849 331 2876; x_wconf 84' lang='lat' dir='ltr'>libro</span> <span class='ocrx_word' id='word_1_1070' title='bbox 349 2851 445 2886; x_wconf 83' lang='lat' dir='ltr'>Antiq.</span> <span class='ocrx_word' id='word_1_1071' title='bbox 458 2850 521 2877; x_wconf 61' lang='lat' dir='ltr'>least.</span> <span class='ocrx_word' id='word_1_1072' title='bbox 534 2860 643 2877; x_wconf 60' lang='lat' dir='ltr'>xxvxii.</span> <span class='ocrx_word' id='word_1_1073' title='bbox 655 2860 711 2886; x_wconf 84' lang='lat' dir='ltr'>cap.</span> <span class='ocrx_word' id='word_1_1074' title='bbox 722 2857 768 2883; x_wconf 86' lang='lat'>²4-</span> <span class='ocrx_word' id='word_1_1075' title='bbox 790 2851 819 2876; x_wconf 76' lang='grc' dir='ltr'>Ρ.</span> <span class='ocrx_word' id='word_1_1076' title='bbox 834 2850 969 2877; x_wconf 83' lang='lat' dir='ltr'>Manutius</span> <span class='ocrx_word' id='word_1_1077' title='bbox 988 2851 1160 2885; x_wconf 82' lang='lat' dir='ltr'>conjiciebat,</span> 
     </span>
     <span class='ocr_line' id='line_1_134' title="bbox 204 2885 1160 2921; baseline 0.006 -13"><span class='ocrx_word' id='word_1_1078' title='bbox 204 2886 318 2912; x_wconf 77' lang='lat' dir='ltr'>Latiare.</span> <span class='ocrx_word' id='word_1_1079' title='bbox 337 2885 406 2913; x_wconf 81' lang='lat' dir='ltr'>unde</span> <span class='ocrx_word' id='word_1_1080' title='bbox 421 2887 564 2914; x_wconf 83' lang='lat' dir='ltr'>Lambinus</span> <span class='ocrx_word' id='word_1_1081' title='bbox 575 2886 649 2913; x_wconf 87' lang='lat' dir='ltr'>suum</span> <span class='ocrx_word' id='word_1_1082' title='bbox 660 2886 773 2913; x_wconf 75' lang='lat' dir='ltr'>deduxit</span> <span class='ocrx_word' id='word_1_1083' title='bbox 785 2889 897 2912; x_wconf 74' lang='lat' dir='ltr'>Laetari.</span> <span class='ocrx_word' id='word_1_1084' title='bbox 917 2887 991 2921; x_wconf 86' lang='lat' dir='ltr'>cujus</span> <span class='ocrx_word' id='word_1_1085' title='bbox 1003 2886 1160 2914; x_wconf 73' lang='lat' dir='ltr'>del’ultorias</span> 
     </span>
     <span class='ocr_line' id='line_1_135' title="bbox 203 2918 947 2960; baseline 0.004 -15"><span class='ocrx_word' id='word_1_1086' title='bbox 203 2918 388 2948; x_wconf 80' lang='lat' dir='ltr'>hariolatioues</span> <span class='ocrx_word' id='word_1_1087' title='bbox 400 2923 474 2958; x_wconf 79' lang='lat' dir='ltr'>piget</span> <span class='ocrx_word' id='word_1_1088' title='bbox 484 2922 639 2960; x_wconf 86' lang='lat' dir='ltr'>producere.</span> <span class='ocrx_word' id='word_1_1089' title='bbox 661 2923 799 2949; x_wconf 75' lang='lat' dir='ltr'>videantur</span> <span class='ocrx_word' id='word_1_1090' title='bbox 810 2923 841 2948; x_wconf 84' lang='lat' dir='ltr'>ad</span> <span class='ocrx_word' id='word_1_1091' title='bbox 854 2921 947 2958; x_wconf 83' lang='lat' dir='ltr'>ipsum.</span> 
     </span>
    </p>

    <p class='ocr_par' dir='ltr' id='par_1_35' title="bbox 198 2958 1162 3101">
     <span class='ocr_line' id='line_1_136' title="bbox 222 2958 1161 2995; baseline 0.006 -15"><span class='ocrx_word' id='word_1_1092' title='bbox 222 2990 226 2994; x_wconf 30' lang='grc' dir='ltr'><strong><em>ι</em></strong></span> <span class='ocrx_word' id='word_1_1093' title='bbox 239 2963 267 2981; x_wconf 85' lang='lat'>2.</span> <span class='ocrx_word' id='word_1_1094' title='bbox 287 2960 385 2984; x_wconf 76' lang='lat' dir='ltr'>Desex.</span> <span class='ocrx_word' id='word_1_1095' title='bbox 393 2961 483 2994; x_wconf 71' lang='lat' dir='ltr'>Caelio.]</span> <span class='ocrx_word' id='word_1_1096' title='bbox 495 2960 614 2994; x_wconf 82' lang='lat' dir='ltr'>Conjicit</span> <span class='ocrx_word' id='word_1_1097' title='bbox 625 2960 656 2986; x_wconf 83' lang='lat' dir='ltr'>P.</span> <span class='ocrx_word' id='word_1_1098' title='bbox 668 2959 804 2986; x_wconf 81' lang='lat' dir='ltr'>Manutius</span> <span class='ocrx_word' id='word_1_1099' title='bbox 814 2960 900 2991; x_wconf 71' lang='lat' dir='ltr'>Clodio,</span> <span class='ocrx_word' id='word_1_1100' title='bbox 910 2958 1065 2995; x_wconf 72' lang='lat' dir='ltr'>admisitque</span> <span class='ocrx_word' id='word_1_1101' title='bbox 1080 2960 1161 2986; x_wconf 80' lang='lat' dir='ltr'>Lam-</span> 
     </span>
     <span class='ocr_line' id='line_1_137' title="bbox 203 2989 1162 3031; baseline 0.007 -16"><span class='ocrx_word' id='word_1_1102' title='bbox 203 2989 290 3018; x_wconf 83' lang='lat' dir='ltr'>binus.</span> <span class='ocrx_word' id='word_1_1103' title='bbox 311 2991 399 3029; x_wconf 82' lang='lat' dir='ltr'>scripti</span> <span class='ocrx_word' id='word_1_1104' title='bbox 412 2995 479 3022; x_wconf 73' lang='lat' dir='ltr'>stant</span> <span class='ocrx_word' id='word_1_1105' title='bbox 489 2997 503 3022; x_wconf 79' lang='lat' dir='ltr'>:i</span> <span class='ocrx_word' id='word_1_1106' title='bbox 517 2997 637 3031; x_wconf 82' lang='lat' dir='ltr'>vulgato.</span> <span class='ocrx_word' id='word_1_1107' title='bbox 658 2995 700 3022; x_wconf 79' lang='lat' dir='ltr'>sed</span> <span class='ocrx_word' id='word_1_1108' title='bbox 712 2995 903 3022; x_wconf 80' lang='lat' dir='ltr'>restituendum</span> <span class='ocrx_word' id='word_1_1109' title='bbox 916 2996 998 3030; x_wconf 74' lang='lat' dir='ltr'>inagis</span> <span class='ocrx_word' id='word_1_1110' title='bbox 1009 2997 1085 3021; x_wconf 77' lang='lat' dir='ltr'>Cloeli&#39;o</span> <span class='ocrx_word' id='word_1_1111' title='bbox 1097 3015 1105 3026; x_wconf 87' lang='lat'>‚</span> <span class='ocrx_word' id='word_1_1112' title='bbox 1125 2996 1162 3022; x_wconf 86' lang='lat' dir='ltr'>ita</span> 
     </span>
     <span class='ocr_line' id='line_1_138' title="bbox 201 3026 1160 3068; baseline 0.006 -16"><span class='ocrx_word' id='word_1_1113' title='bbox 201 3026 272 3053; x_wconf 86' lang='lat' dir='ltr'>enim</span> <span class='ocrx_word' id='word_1_1114' title='bbox 283 3027 352 3055; x_wconf 86' lang='lat' dir='ltr'>idem</span> <span class='ocrx_word' id='word_1_1115' title='bbox 365 3029 460 3057; x_wconf 87' lang='lat' dir='ltr'>nebulo</span> <span class='ocrx_word' id='word_1_1116' title='bbox 469 3030 570 3068; x_wconf 83' lang='lat' dir='ltr'>semper</span> <span class='ocrx_word' id='word_1_1117' title='bbox 581 3038 689 3059; x_wconf 82' lang='lat' dir='ltr'>vocatur</span> <span class='ocrx_word' id='word_1_1118' title='bbox 700 3042 714 3058; x_wconf 87' lang='lat' dir='ltr'>a</span> <span class='ocrx_word' id='word_1_1119' title='bbox 727 3031 885 3058; x_wconf 86' lang='lat' dir='ltr'>membranis</span> <span class='ocrx_word' id='word_1_1120' title='bbox 898 3031 1160 3068; x_wconf 77' lang='lat' dir='ltr'>melioribus‚quem-</span> 
     </span>
     <span class='ocr_line' id='line_1_139' title="bbox 198 3062 974 3101; baseline 0.008 -12"><span class='ocrx_word' id='word_1_1121' title='bbox 198 3062 343 3090; x_wconf 70' lang='lat' dir='ltr'>admodum</span> <span class='ocrx_word' id='word_1_1122' title='bbox 355 3065 444 3101; x_wconf 64' lang='lat' dir='ltr'>impius</span> <span class='ocrx_word' id='word_1_1123' title='bbox 456 3067 541 3097; x_wconf 81' lang='lat' dir='ltr'>testati</span> <span class='ocrx_word' id='word_1_1124' title='bbox 552 3068 639 3095; x_wconf 90' lang='lat' dir='ltr'>sumus</span> <span class='ocrx_word' id='word_1_1125' title='bbox 654 3068 680 3095; x_wconf 83' lang='lat' dir='ltr'>iu</span> <span class='ocrx_word' id='word_1_1126' title='bbox 693 3067 868 3095; x_wconf 79' lang='lat' dir='ltr'>Orationibus</span> <span class='ocrx_word' id='word_1_1127' title='bbox 880 3068 974 3095; x_wconf 79' lang='lat' dir='ltr'>Tullii.</span> 
     </span>
    </p>

    <p class='ocr_par' dir='ltr' id='par_1_36' title="bbox 194 3103 1158 3178">
     <span class='ocr_line' id='line_1_140' title="bbox 235 3103 1158 3140; baseline 0.007 -16"><span class='ocrx_word' id='word_1_1128' title='bbox 235 3107 262 3134; x_wconf 81' lang='lat'>3.</span> <span class='ocrx_word' id='word_1_1129' title='bbox 284 3103 336 3126; x_wconf 79' lang='lat' dir='ltr'>Non</span> <span class='ocrx_word' id='word_1_1130' title='bbox 354 3104 414 3127; x_wconf 71' lang='lat' dir='ltr'>enlm</span> <span class='ocrx_word' id='word_1_1131' title='bbox 425 3103 511 3135; x_wconf 70' lang='lat' dir='ltr'>serunt</span> <span class='ocrx_word' id='word_1_1132' title='bbox 526 3105 654 3139; x_wconf 79' lang='lat' dir='ltr'>homines.]</span> <span class='ocrx_word' id='word_1_1133' title='bbox 676 3106 718 3131; x_wconf 76' lang='lat' dir='ltr'>lta</span> <span class='ocrx_word' id='word_1_1134' title='bbox 736 3104 793 3131; x_wconf 75' lang='lat' dir='ltr'>fere</span> <span class='ocrx_word' id='word_1_1135' title='bbox 808 3104 885 3131; x_wconf 79' lang='lat' dir='ltr'>hodie</span> <span class='ocrx_word' id='word_1_1136' title='bbox 895 3104 1007 3140; x_wconf 83' lang='lat' dir='ltr'>legitur.</span> <span class='ocrx_word' id='word_1_1137' title='bbox 1028 3104 1070 3131; x_wconf 86' lang='lat' dir='ltr'>sed</span> <span class='ocrx_word' id='word_1_1138' title='bbox 1083 3112 1158 3130; x_wconf 82' lang='lat' dir='ltr'>vetu-</span> 
     </span>
     <span class='ocr_line' id='line_1_141' title="bbox 194 3132 1156 3178; baseline 0.004 -14"><span class='ocrx_word' id='word_1_1139' title='bbox 194 3132 256 3164; x_wconf 74' lang='lat' dir='ltr'>ffius</span> <span class='ocrx_word' id='word_1_1140' title='bbox 267 3136 382 3172; x_wconf 74' lang='lat' dir='ltr'>impr-effi</span> <span class='ocrx_word' id='word_1_1141' title='bbox 395 3155 404 3171; x_wconf 91' lang='lat'>,</span> <span class='ocrx_word' id='word_1_1142' title='bbox 415 3137 480 3166; x_wconf 87' lang='lat' dir='ltr'>item</span> <span class='ocrx_word' id='word_1_1143' title='bbox 490 3139 559 3167; x_wconf 68' lang='lat' dir='ltr'>Pali.</span> <span class='ocrx_word' id='word_1_1144' title='bbox 569 3139 602 3168; x_wconf 77' lang='lat' dir='ltr'>ad</span> <span class='ocrx_word' id='word_1_1145' title='bbox 613 3149 694 3178; x_wconf 78' lang='lat' dir='ltr'>unum</span> <span class='ocrx_word' id='word_1_1146' title='bbox 705 3142 914 3175; x_wconf 79' lang='lat' dir='ltr'>omnesfuerunt.</span> <span class='ocrx_word' id='word_1_1147' title='bbox 935 3142 1051 3170; x_wconf 74' lang='lat' dir='ltr'>mutavit</span> <span class='ocrx_word' id='word_1_1148' title='bbox 1061 3140 1089 3168; x_wconf 85' lang='lat' dir='ltr'>id</span> <span class='ocrx_word' id='word_1_1149' title='bbox 1100 3141 1156 3176; x_wconf 77' lang='lat' dir='ltr'>pri-</span> 
     </span>
    </p>
   </div>
   <div class='ocr_carea' id='block_1_33' title="bbox 1200 2834 2170 3141">
    <p class='ocr_par' dir='ltr' id='par_1_37' title="bbox 1204 2834 2169 3070">
     <span class='ocr_line' id='line_1_142' title="bbox 1211 2834 2168 2894; baseline -0.003 -15"><span class='ocrx_word' id='word_1_1150' title='bbox 1211 2887 1217 2894; x_wconf 37' lang='lat'>·</span> <span class='ocrx_word' id='word_1_1151' title='bbox 1240 2860 1268 2885; x_wconf 86' lang='lat'>4.</span> <span class='ocrx_word' id='word_1_1152' title='bbox 1294 2855 1367 2887; x_wconf 80' lang='lat' dir='ltr'>Sifihi</span> <span class='ocrx_word' id='word_1_1153' title='bbox 1380 2863 1430 2878; x_wconf 80' lang='lat' dir='ltr'>cum</span> <span class='ocrx_word' id='word_1_1154' title='bbox 1444 2855 1524 2886; x_wconf 73' lang='lat' dir='ltr'>populu</span> <span class='ocrx_word' id='word_1_1155' title='bbox 1534 2853 1583 2878; x_wconf 66' lang='lat' dir='ltr'>dii-s</span> <span class='ocrx_word' id='word_1_1156' title='bbox 1593 2851 1695 2886; x_wconf 75' lang='lat' dir='ltr'>agendi,</span> <span class='ocrx_word' id='word_1_1157' title='bbox 1711 2851 1778 2886; x_wconf 49' lang='grc' dir='ltr'>ἑὼ]</span> <span class='ocrx_word' id='word_1_1158' title='bbox 1801 2851 1887 2883; x_wconf 74' lang='lat' dir='ltr'>Major</span> <span class='ocrx_word' id='word_1_1159' title='bbox 1896 2859 1954 2887; x_wconf 75' lang='lat' dir='ltr'>pars</span> <span class='ocrx_word' id='word_1_1160' title='bbox 1965 2834 2168 2882; x_wconf 61' lang='lat' dir='ltr'>Palatinorums</span> 
     </span>
     <span class='ocr_line' id='line_1_143' title="bbox 1204 2891 2169 2960; baseline -0.004 -9"><span class='ocrx_word' id='word_1_1161' title='bbox 1204 2898 1219 2914; x_wconf 63' lang='lat' dir='ltr'><em>a</em></span> <span class='ocrx_word' id='word_1_1162' title='bbox 1227 2891 1372 2958; x_wconf 48' lang='lat' dir='ltr'>piliulls‘iinilse</span> <span class='ocrx_word' id='word_1_1163' title='bbox 1381 2925 1473 2959; x_wconf 65' lang='lat' dir='ltr'>olbia]</span> <span class='ocrx_word' id='word_1_1164' title='bbox 1495 2924 1569 2951; x_wconf 89' lang='lat' dir='ltr'>Olim</span> <span class='ocrx_word' id='word_1_1165' title='bbox 1581 2924 1680 2960; x_wconf 82' lang='lat' dir='ltr'>vulgati</span> <span class='ocrx_word' id='word_1_1166' title='bbox 1694 2943 1702 2956; x_wconf 89' lang='lat'>,</span> <span class='ocrx_word' id='word_1_1167' title='bbox 1713 2924 1740 2949; x_wconf 71' lang='lat' dir='ltr'>S&lt;</span> <span class='ocrx_word' id='word_1_1168' title='bbox 1752 2923 1819 2951; x_wconf 82' lang='lat' dir='ltr'>Pali.</span> <span class='ocrx_word' id='word_1_1169' title='bbox 1829 2925 1908 2957; x_wconf 52' lang='lat' dir='ltr'>Offim</span> <span class='ocrx_word' id='word_1_1170' title='bbox 1930 2922 1981 2949; x_wconf 86' lang='lat' dir='ltr'>five</span> <span class='ocrx_word' id='word_1_1171' title='bbox 1990 2921 2060 2958; x_wconf 86' lang='lat' dir='ltr'>quod</span> <span class='ocrx_word' id='word_1_1172' title='bbox 2071 2921 2169 2949; x_wconf 83' lang='lat' dir='ltr'>eadem-</span> 
     </span>
     <span class='ocr_line' id='line_1_144' title="bbox 1206 2960 2167 3031; baseline -0.002 -9"><span class='ocrx_word' id='word_1_1173' title='bbox 1206 2960 1406 3023; x_wconf 27' lang='lat' dir='ltr'>rekgf’aepli‘yrlliail.</span> <span class='ocrx_word' id='word_1_1174' title='bbox 1424 2997 1570 3031; x_wconf 65' lang='lat' dir='ltr'>1.1.April.&#39;]</span> <span class='ocrx_word' id='word_1_1175' title='bbox 1594 2997 1636 3023; x_wconf 86' lang='lat' dir='ltr'>Sic</span> <span class='ocrx_word' id='word_1_1176' title='bbox 1655 2995 1741 3023; x_wconf 88' lang='lat' dir='ltr'>editus</span> <span class='ocrx_word' id='word_1_1177' title='bbox 1761 2995 1881 3023; x_wconf 79' lang='lat' dir='ltr'>:iPaullo</span> <span class='ocrx_word' id='word_1_1178' title='bbox 1892 2995 2016 3022; x_wconf 79' lang='lat' dir='ltr'>Manutio</span> <span class='ocrx_word' id='word_1_1179' title='bbox 2028 3014 2036 3026; x_wconf 91' lang='lat'>,</span> <span class='ocrx_word' id='word_1_1180' title='bbox 2055 2993 2167 3030; x_wconf 80' lang='lat' dir='ltr'>respou-</span> 
     </span>
     <span class='ocr_line' id='line_1_145' title="bbox 1204 3032 2114 3070; baseline -0.001 -12"><span class='ocrx_word' id='word_1_1181' title='bbox 1204 3032 1321 3068; x_wconf 82' lang='lat' dir='ltr'>dcntque</span> <span class='ocrx_word' id='word_1_1182' title='bbox 1334 3034 1400 3060; x_wconf 71' lang='lat' dir='ltr'>i’ill.</span> <span class='ocrx_word' id='word_1_1183' title='bbox 1412 3042 1536 3069; x_wconf 80' lang='lat' dir='ltr'>quatuor.</span> <span class='ocrx_word' id='word_1_1184' title='bbox 1556 3033 1682 3068; x_wconf 73' lang='lat' dir='ltr'>Vulgata.</span> <span class='ocrx_word' id='word_1_1185' title='bbox 1693 3036 1725 3059; x_wconf 83' lang='lat' dir='ltr'>A.</span> <span class='ocrx_word' id='word_1_1186' title='bbox 1736 3032 1760 3058; x_wconf 85' lang='lat' dir='ltr'>d.</span> <span class='ocrx_word' id='word_1_1187' title='bbox 1771 3035 1815 3059; x_wconf 83' lang='grc' dir='ltr'><em>ΙΙΙ,</em></span> <span class='ocrx_word' id='word_1_1188' title='bbox 1831 3032 1869 3058; x_wconf 83' lang='lat' dir='ltr'>Id.</span> <span class='ocrx_word' id='word_1_1189' title='bbox 2110 3065 2114 3070; x_wconf 47' lang='grc' dir='ltr'>Ι</span> 
     </span>
    </p>

    <p class='ocr_par' dir='ltr' id='par_1_38' title="bbox 1200 3067 2170 3141">
     <span class='ocr_line' id='line_1_146' title="bbox 1241 3067 2170 3105; baseline -0.005 -10"><span class='ocrx_word' id='word_1_1190' title='bbox 1241 3077 1270 3101; x_wconf 89' lang='grc'>7.</span> <span class='ocrx_word' id='word_1_1191' title='bbox 1291 3072 1345 3095; x_wconf 77' lang='lat' dir='ltr'>Dies</span> <span class='ocrx_word' id='word_1_1192' title='bbox 1352 3070 1472 3104; x_wconf 48' lang='lat' dir='ltr'>prodita]</span> <span class='ocrx_word' id='word_1_1193' title='bbox 1494 3069 1650 3105; x_wconf 77' lang='lat' dir='ltr'>chcnduni</span> <span class='ocrx_word' id='word_1_1194' title='bbox 1671 3070 1721 3095; x_wconf 86' lang='lat' dir='ltr'>hoc</span> <span class='ocrx_word' id='word_1_1195' title='bbox 1730 3067 1810 3095; x_wconf 78' lang='lat' dir='ltr'>modo</span> <span class='ocrx_word' id='word_1_1196' title='bbox 1819 3068 1918 3095; x_wconf 88' lang='lat' dir='ltr'>censuit</span> <span class='ocrx_word' id='word_1_1197' title='bbox 1929 3068 1999 3094; x_wconf 84' lang='lat' dir='ltr'>idem</span> <span class='ocrx_word' id='word_1_1198' title='bbox 2012 3067 2170 3105; x_wconf 45' lang='lat' dir='ltr'>Manutius?</span> 
     </span>
     <span class='ocr_line' id='line_1_147' title="bbox 1200 3104 2162 3141; baseline -0.004 -10"><span class='ocrx_word' id='word_1_1199' title='bbox 1200 3105 1361 3132; x_wconf 61' lang='lat' dir='ltr'>austeritate</span> <span class='ocrx_word' id='word_1_1200' title='bbox 1381 3105 1440 3132; x_wconf 89' lang='lat' dir='ltr'>libri</span> <span class='ocrx_word' id='word_1_1201' title='bbox 1463 3105 1616 3133; x_wconf 75' lang='lat' dir='ltr'>sscss&#39;arionis</span> <span class='ocrx_word' id='word_1_1202' title='bbox 1637 3107 1664 3132; x_wconf 86' lang='lat'>&amp;</span> <span class='ocrx_word' id='word_1_1203' title='bbox 1684 3106 1793 3133; x_wconf 84' lang='lat' dir='ltr'>alterius</span> <span class='ocrx_word' id='word_1_1204' title='bbox 1812 3104 1964 3141; x_wconf 72' lang='lat' dir='ltr'>cujufiiam5</span> <span class='ocrx_word' id='word_1_1205' title='bbox 1986 3112 2072 3139; x_wconf 80' lang='lat' dir='ltr'>neque</span> <span class='ocrx_word' id='word_1_1206' title='bbox 2092 3104 2162 3127; x_wconf 71' lang='lat' dir='ltr'>ictus</span> 
     </span>
    </p>
   </div>
   <div class='ocr_carea' id='block_1_34' title="bbox 1202 3141 2167 3200">
    <p class='ocr_par' dir='ltr' id='par_1_39' title="bbox 1202 3141 2167 3200">
     <span class='ocr_line' id='line_1_148' title="bbox 1202 3141 2167 3200; baseline 0 -32"><span class='ocrx_word' id='word_1_1207' title='bbox 1202 3141 1373 3170; x_wconf 74' lang='lat' dir='ltr'>Pall.nostri.</span> <span class='ocrx_word' id='word_1_1208' title='bbox 1393 3149 1498 3178; x_wconf 76' lang='lat' dir='ltr'>recepta</span> <span class='ocrx_word' id='word_1_1209' title='bbox 1507 3141 1589 3171; x_wconf 66' lang='lat' dir='ltr'>leffio</span> <span class='ocrx_word' id='word_1_1210' title='bbox 1603 3142 1729 3177; x_wconf 58' lang='lat' dir='ltr'>producta.</span> <span class='ocrx_word' id='word_1_1211' title='bbox 2095 3179 2118 3198; x_wconf 81' lang='lat'>1.</span> <span class='ocrx_word' id='word_1_1212' title='bbox 2133 3174 2167 3200; x_wconf 52' lang='lat' dir='ltr'>Pe</span> 
     </span>
    </p>
   </div>
  </div>
 </body>
</html>
