2295 3400
169 132 269 186 292·
586 95 1081 167 M.Tt51.t.11

173 199 347 243 provincias
358 220 366 234 ‚
390 200 420 231 id
440 200 554 234 socios,
575 201 772 242 nationesque
782 209 895 231 exteras
910 198 1081 230 existimare
1093 218 1101 233 ‚
1119 197 1140 229 fi

174 244 324 275 senatores
334 242 477 281 judicent,
489 244 547 273 hoc
559 242 637 273 certe
648 253 743 273 unum
754 253 845 284 genus
857 240 985 272 infinitae
992 243 1139 281 pecuniae,

175 295 229 325 per
240 285 389 315 suminam
399 285 541 316 iniuriam
552 284 691 326 cogenda:
703 305 712 318 ,
734 285 820 314 nullo
832 284 926 314 modo
944 282 1025 324 posse
1043 293 1140 323 repre—

176 327 269 357 hendi
283 331 292 356 ?
314 325 404 367 Qod
422 324 441 355 sl
461 328 500 356 ita
519 325 561 356 est
572 347 580 359 ‚
598 326 671 366 quid
683 324 840 366 poss'umus
852 334 956 356 contra
966 326 1055 355 illum
1066 335 1140 365 prae-

176 378 274 399 torem
286 367 383 397 dicere
393 388 401 400 ‚
427 369 477 408 qui
488 367 626 408 quotidie
635 368 787 408 templum
799 377 897 400 tenet,
918 369 971 408 qui
989 367 1137 407 rempubl.

177 408 328 440 subsistere
338 418 422 449 negat
432 407 514 449 poffe
525 429 533 442 ‚
554 411 584 439 ni
595 409 630 440 ad
646 409 813 450 equestrem
824 409 963 439 ordinem
972 408 1084 448 judicia
1095 419 1140 438 re-

175 452 329 482 ferantur?
351 450 443 491 Qod
462 449 481 480 fi
501 451 553 481 ille
563 453 620 481 hoc
632 462 728 482 unum
740 454 847 493 agitare
859 453 982 491 coeperit
991 471 1000 483 ,
1018 448 1076 480 effe
1086 450 1140 480 ali-

178 492 260 534 quod
278 502 372 534 genus
390 492 531 533 cogendae
544 495 678 533 pecunia:
689 514 697 526 ,
719 494 889 524 senatorum
899 503 1065 523 commune
1076 512 1084 525 ,
1106 492 1138 521 &

176 535 240 576 jam
250 534 344 574 prope
355 533 528 565 concess'um
540 535 657 569 ordini,
678 546 739 576 quo
749 545 856 577 genere
866 535 902 565 ab
912 535 997 565 sociis
1007 536 1141 564 maxima

175 577 305 617 pecunia
316 580 324 595 ¹
336 585 387 616 per
397 576 549 607 summam
561 578 703 614 injuriam
717 586 878 607 avertatur:
890 587 986 617 neque
998 576 1062 606 ullo
1074 585 1141 605 mo—

176 619 218 649 do
231 617 512 657 senatoriisjudiciis
520 619 696 658 reprehendi
705 618 796 660 poffe,
811 619 911 659 idque,
923 619 997 648 dum
1009 616 1142 658 equester

179 659 256 691 ordo
270 659 435 700 judicaret,
456 670 624 701 numquam
636 659 693 691 esse
703 659 918 691 commissum:
942 662 1009 701 quis
1023 658 1141 689 obstet?

180 704 248 743 quis
258 703 315 732 erit
323 711 382 732 tam
397 701 523 742 cupidus
533 702 668 732 vestrum
680 723 688 736 ,
707 712 768 733 tam
782 702 880 733 fautor
889 703 1004 732 ordinis
1015 722 1022 734 ,
1039 702 1090 741 qui
1106 700 1142 729 de

114 748 162 785 97
181 742 393 775 transferendis
405 744 527 783 judiciis
539 742 785 784 poffitrecusare?
809 747 905 785 Atque
922 746 1039 773 utinam
1049 740 1143 782 poss‘et

179 786 277 827 aliqua
286 787 401 816 ratione
411 787 468 816 hoc
478 787 595 816 crimen
605 807 612 819 ,
626 789 764 828 quamvis
776 785 845 816 falsa
855 806 863 819 ‚
884 784 979 815 modo
990 786 1122 814 humana
1133 803 1140 815 ‚

152 849 156 852 -
179 836 267 869 atque
278 825 376 858 usitata
386 826 555 858 defendere.
569 830 689 858 minore
699 828 831 868 periculo
841 827 950 860 vestro,
963 828 1082 855 minore
1092 835 1144 864 pe-

181 870 277 900 riculo
295 871 521 909 provinciarum
539 872 682 900 omniurn
693 890 701 903 ,
719 870 900 909 judicaretis.
923 872 937 887 2
953 870 1080 909 Negaret
1095 868 1144 896 hic

178 910 381 942 aestimatione
395 911 422 942 se
433 912 544 941 usum?
563 921 617 942 vos
637 911 667 941 id
683 909 838 941 credidiss'e
855 912 994 943 homini,
1018 919 1083 939 non
1099 908 1143 938 fa-

180 953 269 984 etum
279 951 486 993 comprobasse
497 953 690 983 videremini.
711 953 798 982 nullo
809 952 904 982 modo
916 962 1019 993 negare
1029 949 1127 991 potest
1139 960 1144 979 ⁴.

182 1004 301 1037 urgetur
313 995 329 1025 ἓι
341 1004 401 1025 tota
410 996 525 1025 Sicilia:
543 1004 636 1025 nemo
646 993 688 1024 est
698 1005 735 1024 ex
746 1003 828 1024 tanto
840 1004 967 1024 numero
978 1002 1124 1023 aratorum
1136 1012 1144 1026 ,

181 1037 199 1068 a
209 1047 270 1078 quo
280 1039 407 1077 pecunia
416 1037 504 1067 caellae
515 1039 643 1066 nomine
653 1046 718 1066 non
730 1035 762 1066 sit
772 1035 885 1066 exusta.
918 1036 1037 1065 Vellem
1055 1036 1146 1064 etiam

184 1081 242 1110 hoc
251 1077 346 1118 posset
356 1078 453 1109 dicere
462 1100 471 1112 ,
486 1078 562 1108 nihil
574 1078 609 1108 ad
620 1078 648 1108 se
660 1077 746 1108 istam
758 1081 906 1108 rationem
916 1079 1079 1118 pertinere:
1095 1086 1147 1116 per

181 1120 344 1156 quaestores
362 1130 425 1149 rem
447 1119 676 1150 frumentariam
696 1118 754 1150 effe
772 1118 1010 1150 administratam
1031 1129 1036 1147 :
1058 1129 1096 1148 ne
1118 1117 1148 1147 id

183 1158 309 1204 quidem
322 1164 348 1192 ei
360 1163 429 1192 licet
438 1161 551 1192 dicere:
574 1171 728 1202 propterea
744 1162 826 1203 quod
844 1160 932 1200 ipsius
953 1162 1055 1191 litterae
1074 1161 1148 1189 reci-

186 1214 286 1234 tantur
296 1224 304 1237 ,
323 1203 357 1233 ad
367 1206 500 1234 civitates
511 1203 547 1234 de
557 1206 647 1234 ternis
657 1203 786 1234 denariis
796 1202 900 1233 miss'ae.
926 1206 999 1241 Quae
1010 1202 1051 1232 est
1063 1204 1152 1243 igitur

186 1244 340 1277 defensio?
364 1248 431 1276 Feci
441 1245 522 1286 quod
535 1248 631 1287 arguis
644 1257 649 1274 :
670 1247 755 1287 co'e‘gi
766 1247 907 1285 pecunias
925 1247 1073 1275 maximas
1083 1244 1150 1273 cael-

186 1290 223 1318 lte
233 1290 360 1317 nomine
373 1299 377 1316 :
391 1287 439 1317 sed
452 1290 510 1317 hoc
521 1289 599 1317 mihi
614 1288 715 1318 licuit:
735 1287 822 1318 vobis
831 1309 840 1321 ‚
851 1286 871 1317 fi
880 1287 1048 1327 prospicitis
1059 1306 1066 1319 ‚
1080 1286 1151 1315 lice-

186 1331 241 1360 bit,
265 1332 504 1360 Panicutosum
521 1331 688 1370 provinciis
699 1351 709 1363 ,
729 1340 824 1370 genus
840 1330 960 1369 injuriae
979 1327 1151 1358 confirmari

185 1372 304 1411 judicio
318 1383 324 1401 :
342 1372 545 1411 perniciosum
565 1371 668 1401 nostro
686 1372 805 1406 ordini,
825 1371 973 1412 populum
991 1373 1087 1400 Rom.
1098 1379 1151 1399 ex-

186 1412 319 1444 istimare
330 1433 338 1446 ‚
359 1423 423 1443 non
436 1412 517 1453 posse
527 1423 580 1443 eos
592 1414 734 1443 homines
746 1435 754 1446 ,
763 1416 827 1454 ”qui
837 1411 890 1453 ipsi
900 1413 1014 1454 legibus
1027 1421 1150 1442 tenean-

186 1464 245 1489 tur,
255 1456 334 1495 leges
342 1457 375 1484 in
387 1455 548 1492 judicando
557 1455 697 1496 religiose
710 1455 880 1486 defendere.
903 1458 1001 1495 Atque
1011 1453 1068 1484 isto
1078 1463 1153 1493 prae-

189 1506 254 1528 tore
265 1517 273 1531 ,
283 1497 398 1536 judices
409 1517 417 1530 ‚
439 1507 503 1527 non
514 1496 612 1527 solum
623 1497 790 1527 aestimandi
800 1497 946 1527 frumenti
959 1496 1069 1528 modus
1086 1505 1150 1525 non

188 1538 248 1569 fuit
257 1559 265 1572 ‚
287 1538 336 1569 sed
347 1549 384 1568 ne
394 1538 562 1579 imperandi
571 1539 705 1580 quidem.
730 1550 828 1584 neque
839 1540 922 1568 enim
933 1538 964 1568 id
976 1559 983 1572 ,
1003 1537 1084 1578 quod
1099 1537 1152 1567 de-

188 1580 312 1611 bebatur
323 1601 332 1614 ,
345 1580 393 1611 sed
404 1590 552 1621 quantum
562 1580 763 1611 commodum
773 1582 832 1612 luit
841 1601 849 1614 ,
872 1582 1039 1620 imperavit.
1061 1583 1152 1610 Sum-

190 1632 274 1653 mam
285 1622 393 1652 faciam
403 1623 489 1652 vobis
501 1633 538 1652 ex
550 1622 677 1662 publicis
688 1623 795 1653 litteris
805 1643 813 1657 ,
832 1623 864 1653 ὃς
873 1622 1058 1652 testimoniis
1074 1623 1152 1651 civi-

189 1672 285 1695 tatum
296 1685 305 1698 ,
324 1663 471 1694 frumenti
485 1666 517 1694 in
528 1665 643 1694 caellam
657 1666 805 1704 imperati.
830 1666 981 1704 reperietis
991 1665 1152 1705 quinquies

189 1715 273 1737 tanto
286 1727 294 1740 ‚
309 1706 441 1745 judices,
463 1706 593 1746 amplius
610 1705 702 1736 istum
715 1727 723 1739 ‚
743 1706 833 1747 quam
845 1715 991 1747 quantum
1001 1707 1029 1735 ei
1039 1707 1073 1735 in
1083 1705 1151 1735 cael-

187 1748 251 1778 lam
263 1748 379 1778 sumere
387 1748 506 1778 licitum
518 1746 562 1781 sit,
573 1748 742 1778 civitatibus
752 1746 916 1788 imperasse.
940 1747 1021 1787 Qid
1030 1747 1065 1777 ad
1076 1748 1151 1777 hanc

191 1790 414 1830 impudentiam
426 1789 492 1819 addi
503 1789 611 1829 potest,
623 1788 645 1819 sl
655 1790 688 1819 &
698 1789 855 1820 aestimavit
864 1791 950 1823 tanti,
962 1799 996 1819 ut
1008 1791 1151 1819 homines

189 1831 266 1861 ferre
276 1841 341 1861 non
351 1829 477 1871 possent,
490 1832 522 1861 &
533 1840 616 1861 tanto
625 1831 704 1871 plus,
715 1831 805 1872 quam
817 1840 876 1862 erat
885 1833 911 1861 ei
926 1829 1098 1861 concess'um
1109 1831 1150 1859 le-

189 1873 277 1915 gibus
287 1894 294 1906 ,
316 1875 495 1913 imperavit?
517 1875 702 1913 Qapropter
717 1894 725 1906 ,
740 1875 859 1914 cognita
873 1881 933 1903 tota
945 1883 974 1902 re
985 1872 1150 1902 frumenta-

189 1917 242 1950 ria,
251 1916 264 1956 j
269 1915 369 1947 udices
380 1935 388 1949 ‚
400 1916 463 1955 jam
476 1914 622 1946 facillime
636 1915 798 1955 perspicere
806 1914 942 1955 potestis,
953 1913 1084 1952 amiffiim
1093 1913 1150 1944 effe

1165 117 1698 166 Cxcznonrs

1180 210 1219 241 po
1242 201 1293 231 ulo
1305 203 1448 232 Romano
1462 200 1605 235 Siciliam,
1619 197 1890 235 ›fi-uetuofiffimam,
1901 207 1987 242 arque
1998 205 2148 240 opportua·

1183 245 1213 273 ni
1239 253 1332 273 imam
1343 245 1529 283 provinciam
1540 263 1548 276 ‚
1571 242 1624 284 m'fi
1636 253 1701 273 earn
1715 252 1770 272 vos
1780 241 1865 273 istius
1876 242 2052 271 damnatione
2064 253 2142 272 recu-

1178 293 1290 326 peram.
1325 285 1405 326 Qid
1418 285 1459 315 est
1468 287 1552 315 enim
1563 285 1662 315 Sicilia
1672 306 1680 318 ‚
1702 283 1721 313 si
1731 286 1757 313 ei
1769 285 1828 325 agri
1840 285 2007 314 cultionem
2019 283 2143 314 sustule-

1182 329 1221 357 ris
1233 347 1241 360 ,
1255 328 1286 357 &
1298 325 1318 356 fi
1328 336 1475 357 aratorum
1489 337 1653 358 numerum
1664 347 1672 360 ,
1684 336 1716 355 ac
1728 336 1841 355 nomen
1853 325 2050 356 exstinxeris?
2069 325 2143 366 quid

1181 371 1266 398 enim
1280 368 1376 409 potest
1386 367 1444 399 eff:
1456 371 1487 398 in
1497 369 1663 399 calamitate
1675 367 1790 400 residui,
1803 367 1883 408 quod
1895 378 1958 397 non
1972 367 2006 397 ad
2019 369 2144 398 miseros

1182 421 1317 443 aratores,
1330 410 1386 440 isto
1395 419 1529 450 prcetore,
1542 420 1592 450 per
1602 410 1752 440 summam
1765 410 2145 449 injuriam,ignominiam—

1181 462 1238 493 que
1249 455 1436 492 pervenerit?
1455 452 1578 492 quibuS,
1590 462 1660 481 cum
1672 451 1810 480 decumas
1828 451 1893 480 dare
1908 450 2067 483 deberent,
2090 453 2145 480 vix

1184 492 1249 533 ipsis
1262 493 1396 523 decumae
1413 492 1522 523 relicte
1535 494 1617 523 sunt:
1637 491 1708 522 cum
1719 494 1846 532 pecunia
1856 492 2028 526 deberetur,
2048 492 2145 523 soluta

1183 545 1246 565 non
1257 534 1317 564 est:
1339 534 1411 565 cum
1422 538 1538 575 optimi
1547 534 1745 564 aestimatione
1763 534 1878 564 senatus
1887 533 2077 564 frumentum
2092 543 2145 564 eos

1184 579 1215 607 in
1227 577 1342 606 caellarn
1356 577 1421 606 dare
1432 575 1571 607 voluiss'et
1581 597 1588 609 ,
1609 579 1699 606 etiarn
1711 575 1909 606 instrumenta
1921 586 2059 617 agrorum
2072 586 2146 606 ven-

1186 661 1308 695 iniurias
1323 661 1433 690 tollatis
1446 682 1453 693 ‚
1469 670 1568 690 tamen
1585 660 1677 699 ipsam
1694 661 1830 688 rationem
1841 659 1941 688 arandi
1946 659 1992 698 spe
2005 661 2100 699 magis,
2112 660 2150 692 ὼ

1179 702 1362 741 jucunditate
1374 703 1508 742 quadam,
1523 698 1717 743 quhmfruch
1730 721 1737 733 ‚
1753 709 1841 741 atque
1854 701 2034 730 emolumento
2049 701 2143 730 reneri.

1184 746 1297 773 etenim
1312 743 1346 773 ad
1358 746 1506 774 incertum
1516 744 1615 774 casum
1625 764 1633 777 ,
1655 743 1687 772 ὃ(
1698 751 1840 772 eventum
1851 762 1859 776 ,
1882 752 1977 772 certus
1987 744 2148 783 quotannis

1185 785 1285 819 labor,
1307 786 1339 815 ὃς
1355 795 1450 815 certus
1469 787 1583 815 sumtus
1599 784 1795 824 impenditur.
1819 794 1938 814 annona
1950 783 2039 824 porro
2049 805 2058 819 ,
2082 795 2149 824 pre-

1185 825 1334 860 tium‚nifi
1345 830 1377 856 in
1386 828 1550 857 calamitate
1560 826 1795 859 fruftuurmnon
1807 826 1904 856 habet.
1921 824 1940 855 si
1950 835 2049 856 autem
2061 828 2149 856 ubet-

1186 878 1227 899 tas
1248 871 1280 898 in
1302 869 1505 908 percipiendis
1524 868 1672 898 fluetibus
1690 867 1747 898 fuit
1761 888 1770 901 ‚
1792 868 1984 908 consequitur
1999 869 2099 898 vilitas
2115 870 2148 899 in

1185 910 1368 940 vendendis:
1385 920 1416 940 ut
1427 919 1476 940 aut
1487 910 1564 940 male
1575 909 1772 940 vendendum
1789 909 1946 951 intelligas,
1962 908 1982 939 fi
1993 908 2147 949 processit:

1186 962 1235 982 aut
1247 951 1324 982 male
1336 961 1488 992 perceptos
1498 951 1624 985 frus-Irus,
1638 950 1658 981 fi
1669 951 1747 981 reeh}
1759 952 1829 981 licet
1838 951 1977 982 vendere.
2000 954 2086 982 Totae
2096 962 2149 983 au-

1188 1004 1250 1024 tem
1266 1004 1324 1023 Res
1341 1004 1498 1024 RUSTICAE
1512 994 1661 1033 ejusmodi
1678 994 1761 1026 sunt,
1774 1002 1806 1023 ut
1818 1003 1866 1023 eas
1877 1003 1941 1023 non
1953 995 2038 1027 ratio,
2051 1004 2150 1035 neque

1188 1036 1289 1070 labor,
1311 1036 1359 1066 sed
1373 1046 1417 1066 res
1427 1035 1625 1066 incertiffimae
1635 1056 1642 1069 ‚
1663 1037 1765 1068 venti,
1787 1034 2031 1076 tempestatesque
2041 1037 2151 1066 mode-

1189 1087 1300 1108 rentur.
1335 1080 1418 1108 Hinc
1436 1077 1508 1108 cum
1527 1088 1593 1108 unae
1611 1077 1745 1107 decumae
1767 1080 1778 1103 3
1791 1077 1853 1119 lege
1864 1097 1873 1110 ,
1891 1078 1923 1107 &
1933 1078 2156 1108 consuetudine

1189 1121 1340 1150 trahantur
1352 1131 1357 1148 :
1371 1120 1468 1150 altera:
1480 1122 1567 1150 novis
1579 1118 1722 1149 institutis
1734 1128 1854 1158 propter
1863 1129 1990 1148 annona:
1999 1121 2150 1150 rationem

1189 1163 1389 1201 imperentur:
1406 1170 1522 1191 ematur
1531 1170 1668 1201 praeterea
1676 1160 1867 1189 frumentum
1878 1162 2039 1201 quotannis
2048 1162 2150 1201 publi-

1188 1203 1222 1234 ce
1235 1214 1239 1232 :
1263 1202 1416 1243 postremo
1434 1205 1524 1233 etiam
1537 1206 1567 1233 in
1578 1203 1691 1232 caellarn
1704 1201 1922 1243 magistratibus
1934 1202 1965 1231 &
1978 1203 2079 1243 legatis
2088 1206 2152 1234 im-

1186 1254 1324 1285 peretur:
1339 1245 1412 1285 quid
1420 1266 1427 1278 ‚
1442 1254 1492 1275 aut
1501 1253 1646 1286 quantum
1657 1252 1794 1283 praeterea
1805 1243 1856 1277 est,
1867 1244 1948 1284 quod
1959 1253 2008 1274 aut
2019 1245 2150 1276 liberum

1190 1286 1276 1327 poffit
1286 1287 1391 1317 habere
1401 1287 1453 1316 ille
1465 1296 1559 1317 arator
1571 1307 1580 1320 ‚
1601 1296 1632 1316 ac
1642 1287 1787 1316 dominus
1803 1287 1836 1314 in
1845 1285 1985 1324 pooestate
1997 1306 2005 1319 ,
2026 1287 2151 1317 suorum

1189 1328 1347 1359 fru&uum
1358 1349 1366 1362 ,
1378 1338 1427 1358 aut
1442 1330 1474 1358 in
1488 1327 1556 1368 ipsis
1571 1327 1715 1357 fruffibus
1727 1326 1878 1357 solutum?
1896 1326 1987 1368 Qod
1998 1326 2019 1357 fi
2032 1329 2094 1358 haec
2106 1328 2152 1358 fe-

1190 1380 1296 1400 runtur
1305 1374 1425 1400 omnia:
1442 1369 1462 1399 fi
1474 1370 1560 1400 vobis
1574 1372 1673 1409 potius
1682 1389 1690 1402 ,
1705 1379 1737 1399 ac
1746 1369 1859 1409 populo
1867 1372 1959 1399 Rom.
1975 1369 2065 1410 quam
2078 1369 2151 1406 fibi,

1192 1413 1225 1442 &
1236 1413 1295 1442 suis
1306 1412 1595 1452 commodis‚ope1·a‚
1606 1412 1721 1444 sumtu,
1733 1411 1832 1440 labore
1843 1410 2032 1441 deserviunt:
2045 1414 2152 1442 etiam-

1191 1465 1229 1484 ne
1240 1455 1302 1484 haec
1312 1464 1391 1484 nova
1402 1454 1513 1484 debent
1522 1453 1620 1484 edicta
1630 1474 1637 1486 ,
1651 1453 1818 1492 &imperia
1827 1461 2002 1492 praetorum,
2013 1453 2045 1483 &
2055 1457 2154 1494 Apro·-

1191 1498 1236 1526 nii
1250 1495 1494 1526 dominationem
1506 1516 1514 1529 ‚
1536 1496 1569 1525 &
1581 1497 1782 1525 Veneriorum
1798 1494 1950 1524 servorum
1961 1494 2053 1529 furta,
2074 1498 2153 1536 rapi-

1191 1538 1300 1578 nasque
1313 1537 1463 1578 perferre?
1477 1540 1608 1567 etiamne
1617 1536 1807 1566 frumentum
1819 1546 1872 1575 pro
1884 1546 1966 1566 emto
1975 1540 2061 1579 gratis
2071 1538 2153 1568 dare?

1191 1582 1322 1610 etiamne
1331 1582 1364 1609 in
1372 1579 1487 1609 caellam
1498 1579 1569 1609 cum
1579 1580 1701 1618 cupiant
1707 1580 1795 1617 gratis
1803 1578 1870 1608 dare
1881 1577 1960 1608 ultro
1971 1600 1979 1612 ‚
1991 1582 2151 1619 pecuniam

1191 1621 1333 1662 grandem
1342 1621 1408 1651 dare
1418 1623 1428 1648 ?
1438 1623 1569 1651 etiamne
1578 1621 1641 1650 haec
1649 1628 1693 1650 tot
1703 1619 1952 1661 detrimenta‚atq;
1962 1620 2071 1652 damna
2080 1632 2151 1652 cum

1192 1665 1334 1694 maximis
1343 1662 1732 1703 injuriis‚contumeliisque
1740 1661 2152 1702 pei-fe1·re?itaque,haec‚.judi-

1189 1716 1247 1739 ces,
1259 1716 1324 1746 quae
1334 1707 1393 1745 pati
1405 1705 1491 1735 nullo
1504 1705 1598 1735 modo
1609 1712 1783 1744 potuerunt,
1793 1713 1856 1733 non
1870 1704 2063 1743 pertulerunt.
2079 1709 2154 1736 Ara-

1191 1750 1289 1777 tiones
1301 1757 1361 1777 tota
1371 1748 1471 1777 Sicilia
1480 1746 1604 1777 desertas
1613 1767 1622 1779 ‚
1636 1755 1724 1786 atque
1733 1745 1748 1775 a
1758 1745 1893 1775 dominis
1904 1745 2023 1776 reliEkas
2030 1745 2078 1776 ess
2074 1757 2089 1776 e
2098 1757 2153 1778 co-

1189 1789 1333 1830 gnoscitis
1345 1799 1350 1817 :
1370 1798 1467 1829 neque
1477 1789 1641 1833 quidquam
1651 1786 1733 1818 aliud
1744 1790 1839 1828 agitur
1847 1789 1908 1817 hoc
1912 1788 1923 1826 j
1928 1787 2039 1822 udicio,
2052 1788 2106 1818 nifi
2119 1797 2156 1821 ut:

1190 1829 1387 1871 antiquisfimi
1397 1829 1930 1870 socii,ndeliffimique‚Siculi,coloni
1939 1830 2045 1869 populi
2055 1831 2152 1861 Rom.

1191 1882 1276 1913 atque
1286 1882 1423 1906 aratores,
1439 1872 1533 1903 vestra
1542 1873 1707 1904 severitate,
1724 1870 1756 1900 δε
1765 1870 1920 1911 diligentia
1929 1890 1938 1905 ‚
1950 1881 1999 1901 me
2009 1871 2097 1907 duce,
2109 1881 2156 1903 at-

1188 1925 1246 1956 que
1259 1914 1391 1948 auetore,
1407 1916 1441 1944 in
1454 1924 1548 1956 agros,
1561 1923 1645 1955 atque
1660 1915 1693 1943 in
1706 1912 1783 1943 aedes
1797 1913 1860 1944 suas
1873 1922 2068 1945 revertantur.

554 1997 1799 2054 ACCUSATIONIS

338 2174 463 2260 C.

687 2172 774 2259 V
916 2177 986 2259 13
1114 2090 1230 2260 ἙΪ
1373 2174 1470 2259 R.
1618 2174 1688 2258 E
1831 2170 2008 2267 DA,

658 2297 1013 2353 LIBER
1127 2294 1736 2370 QyARTUS‚

1113 2394 1158 2438 D

549 2475 608 2587 I
894 2482 1006 2592 G

1204 2393 1243 2436 E

1291 2478 1415 2591 N
1689 2475 1745 2586 Ι

630 2645 1187 2703 OR'ATIO
1301 2646 1699 2702 NONA.

263 2771 266 2774 ’
284 2771 311 2801 55
326 2784 336 2796 ,,
357 2763 382 2792 Ε
392 2771 413 2791 N
424 2771 436 2791 x
446 2771 465 2792 o
484 2772 567 2793 nune
577 2762 613 2794 ad
622 2763 707 2794 istius
718 2784 726 2798 ,
747 2764 1007 2806 quemadmodum
1026 2764 1087 2803 ipse
1099 2774 1150 2804 ap-

271 2829 278 2839 „
293 2801 301 2810 '
317 2809 340 2850 Ἰ
357 2803 617 2843 pellat,stua'ium.·
632 2814 664 2836 ut
673 2808 761 2836 amici
771 2807 854 2846 ejus,
866 2805 993 2836 morbum
1004 2827 1012 2839 ‚
1030 2807 1151 2836 &insa-

306 2862 331 2888 3
358 2848 458 2876 niam:
473 2855 506 2876 ut
520 2848 629 2881 Siculi,
648 2848 841 2877 latrocinium.
864 2859 937 2891 ego,
951 2858 1012 2889 quo
1023 2851 1150 2878 nomine

306 2887 332 2897 *¹
357 2888 522 2928 appellem,
542 2889 655 2919 nescio.
679 2900 744 2920 rem
763 2890 851 2921 vobis
864 2899 1050 2931 proponam:
1072 2894 1081 2909 ¹
1094 2899 1149 2920 vos

231 2998 241 3015 ι
249 3009 255 3015 .
273 2989 439 3021 Persummam
449 2991 563 3022 injuriam
572 2991 729 3026 amm-ratim]
743 2992 786 3017 Sic
795 2992 896 3018 Nannii
909 2992 1078 3019 membrauae.
1089 2991 1149 3018 vul—

190 3032 252 3061 gata
262 3026 399 3055 auferatur.
421 3025 509 3051 malim
522 3033 661 3058 avertatur,
677 3027 693 3053 si
704 3028 787 3063 prima
799 3038 851 3054 non
862 3028 1005 3064 perplacet.

227 3070 256 3088 2.
273 3066 385 3096 Quare!
394 3063 438 3087 hac
448 3064 593 3093 affimatlone
601 3063 622 3091 ft:
632 3063 697 3095 uficm
708 3068 718 3089 ?
728 3064 741 3097 ]
761 3064 836 3090 Prius
848 3063 913 3090 editi
923 3067 960 3090 hie
971 3063 1132 3099 :2Lambinus
1145 3083 1153 3095 ,

1193 2774 1259 2794 eam
1275 2765 1348 2798 suo,
1369 2773 1433 2794 non
1452 2764 1591 2793 nominis
1608 2761 1742 2803 pondere
1758 2761 1922 2802 penditote.
1945 2769 2037 2802 genus
2050 2761 2150 2801 ipsum-

1193 2809 1273 2846 prius
1288 2806 1476 2847 cognoscite,
1492 2804 1625 2844 judices:
1647 2803 1757 2835 deinde
1766 2802 1884 2834 fortafl'e
1893 2813 1957 2833 non
1969 2802 2150 2844 magnopere

1173 2850 1174 2859 ¹
1193 2850 1330 2889 quaeretis
1342 2869 1350 2882 ,
1370 2857 1432 2888 quo
1451 2849 1579 2877 nomine
1595 2845 1805 2887 appellandum
1815 2847 1934 2885 putetis.
1963 2847 2052 2885 Nego
2062 2846 2095 2874 in
2104 2846 2153 2875 Si·-

1172 2867 1174 2911 l
1193 2890 1261 2921 cilia
1281 2898 1358 2924 tota,
1378 2899 1439 2920 tam
1460 2889 1622 2929 locupleti,
1643 2897 1704 2918 tam
1712 2888 1991 2927 vetereprovincia,
2010 2894 2054 2916 tot
2063 2887 2149 2958 oppi-

2107 2937 2153 2962 18,

1192 2995 1217 3018 si
1226 2999 1321 3025 negaret
1330 2994 1375 3018 hac
1386 2993 1531 3025 affimatione
1539 2991 1590 3021 &tn

1231 3037 1257 3063 3.
1276 3031 1333 3060 Lege
1342 3029 1371 3058 <ly
1381 3028 1538 3057 conficetudine
1546 3025 1704 3060 trahantur]
1715 3024 1840 3059 Vulgata,
1850 3025 1878 3055 ὠ
1888 3024 2022 3051 conditione.
2035 3023 2150 3050 altarum

1197 3064 1282 3090 exstat
1292 3064 1319 3090 iu
1329 3063 1490 3090 Nannianis.

192 3125 217 3145 1.
228 3117 304 3165 VO,-
313 3126 364 3141 cam
383 3126 421 3147 uo,
431 3126 477 3141 non
485 3117 584 3142 nominis
589 3118 714 3152 pondere]
734 3120 745 3144 Ι
750 3126 775 3144 ta
786 3119 886 3160 primus
898 3120 1040 3157 legendum
1050 3119 1151 3152 censuit
1162 3119 1300 3149 Turnebus
1311 3120 1380 3150 libro
1390 3129 1458 3149 xxv.
1468 3128 1525 3156 cap.
1538 3128 1564 3155 5.
1575 3128 1610 3148 ex
1620 3117 1678 3148 mff.
1691 3117 1826 3155 vulgatum
1836 3115 1909 3154 prius
1919 3115 1979 3151 ‚sno
1987 3117 2150 3148 nominkpon-

273 3153 326 3180 dere
335 3171 346 3187 ,
355 3152 398 3181 cui
406 3151 581 3182 ass'entiuntua¹
592 3153 660 3182 Pali‘.
671 3154 699 3182 &
711 3156 898 3186 Grutericuius.

2046 3193 2072 3214 x.
2082 3184 2156 3212 meam

1184 619 1252 648 dere
1262 618 1358 648 comiti
1370 619 1448 648 sunt.
1473 621 1549 648 Dixi
1563 619 1626 657 jam
1645 627 1729 647 antea
1740 637 1748 650 ‚
1770 617 1882 654 iudices
1894 637 1902 651 ,
1923 627 1954 647 ut
1965 618 2015 648 has
2025 619 2144 648 omneis
2165 611 2210 652 98
