2379 3400
305 121 426 152 3220
700 94 766 142 M.
851 93 1212 142 Tueris

300 185 369 212 mm
381 184 559 212 verm-emur
578 179 609 206 in
628 184 687 215 rep.
711 176 769 211 Q.
782 173 906 204 Catulus
915 175 971 204 Cn.
987 173 1133 211 Pompeio
1143 172 1250 205 cedere

301 224 464 253 „demuma
488 219 569 250 Parvi
585 218 668 246 enim
691 214 948 247 suntforisarma,
968 213 1024 244 nisi
1033 214 1074 245 est
1085 213 1247 245 consilium

303 265 397 294 domi,
422 265 485 291 Nec
495 261 560 298 plus
573 257 729 286 Africanus
740 274 749 289 ,
761 255 914 296 singularis
925 255 956 286 &
966 258 1023 289 vir,
1035 255 1067 286 δι
1080 257 1249 295 imperator,

301 309 334 334 in
345 301 544 333 exscindenda
553 299 718 328 Numantia
726 299 800 336 reip.
812 295 924 335 profuit
937 317 945 329 ‚
956 297 1047 337 quarn
1056 297 1164 327 eodem
1174 307 1252 328 tem·

302 354 371 384 pore
391 347 420 374 Ρ.
437 340 535 372 Nilica
553 348 681 379 priv-itus
697 357 706 371 ‚
739 338 810 368 cum
822 339 872 368 Ti.
898 340 1066 368 Gracchum
1087 340 1251 369 interemit:

301 393 479 424 quamquim
499 385 560 411 iiaec
579 380 702 421 quidem
722 389 768 409 res
784 388 847 409 non
868 379 968 409 solum
990 389 1026 410 ex
1036 379 1200 411 domestica
1210 380 1252 411 est

304 435 414 456 ratione
429 436 432 452 ε
447 429 454 444 “
469 424 687 463 attingitetiam
698 420 834 451 bellicam
849 440 857 454 ‚
879 423 1024 460 quoniam
1039 422 1087 454 vi,
1099 431 1251 462 manuque

301 466 436 496 remedia
446 465 503 495 cst:
522 464 570 494 sed
589 472 690 494 tamen
701 462 731 491 id
742 462 838 502 ipsum
849 462 966 502 gestum
976 461 1018 493 est
1028 461 1153 494 consilio
1167 465 1252 494 urba-

302 519 341 537 no
354 528 360 541 ‚
375 507 434 538 sine
452 507 592 537 exercitu.
615 503 693 534 Illud
703 513 801 534 autem
811 504 964 544 optimum
974 503 1016 536 est
1027 525 1037 538 ‚
1060 508 1075 524 ²
1084 507 1116 535 in
1130 515 1192 545 quo
1202 515 1252 535 me

302 549 403 580 2iivadi
415 549 506 579 solere
516 548 552 577 ab
562 546 709 586 improbis
721 565 729 579 3
741 545 898 575 &invidis
908 546 1008 576 audio:

395 593 416 619 C
416 592 583 619 nlaiirasma
593 596 658 627 rogat
670 607 678 619 ‚
697 590 709 614 3
722 587 850 616 concedat
859 586 957 616 laurea
968 587 1078 628 lingua.

300 636 342 663 Ur
352 635 434 661 enim
445 633 518 661 alios
529 632 665 659 omittam
679 649 687 662 ,
699 629 788 658 nobis
797 639 891 669 remp.
914 629 1160 670 gubernantibuS,
1171 641 1255 661 non-

301 685 339 704 ne
359 683 432 714 togae
452 682 530 702 arma
548 669 676 700 cess'ere?
692 680 788 711 neque
808 672 891 701 enim
913 674 945 700 in
959 672 1064 711 repub.
1085 674 1252 712 periculum

299 716 357 745 fuit
373 717 487 756 gravius
509 722 659 752 unquam,
680 715 696 738 4
709 722 764 742 nec
783 714 882 752 majus
901 712 1020 743 odium.
1044 716 1088 744 Ita
1104 713 1251 747 consiliis,

299 758 512 797 diligentiaque
533 752 631 784 nostra
651 754 786 784 celeriter
798 755 834 784 de
845 754 983 785 inanibus
993 754 1252 786 audacissimorum

298 800 414 828 civium
426 796 539 836 delapsa
558 804 639 826 arma
657 795 717 835 ipsa
735 795 915 825 ceciderunt.
939 798 1013 838 Qiae
1023 806 1067 827 res
1077 798 1167 838 igitur
1176 796 1254 836 gesta

302 849 445 879 umquam
458 840 489 867 in
501 838 580 868 bello
591 846 668 867 tanta
679 839 689 864 ?
699 838 752 877 qui
762 839 935 876 triumphus
944 837 1160 869 conferendus?
1171 840 1254 869 Licet

300 883 383 910 enim
395 900 403 913 ,
430 882 526 909 Marce
538 877 603 912 fili,
622 878 700 918 apud
721 888 748 908 te
757 879 877 918 gloriari
890 899 899 912 ,
920 879 954 909 ad
964 889 1055 920 quem
1068 881 1100 910 &
1110 881 1255 910 hereditas

301 923 389 962 hujus
399 922 501 962 gloriae
511 940 520 954 ,
532 921 564 950 δε
573 919 723 950 raetorum
733 922 863 950 imitatio
873 922 1014 960 pertinet.
1039 922 1118 951 Mihi
1128 922 1251 962 quidem

299 965 377 994 certe
390 967 436 992 vir
445 963 599 992 abundans
620 962 882 992 bellicislaudibus
892 964 949 992 Cn.
975 964 1136 1002 Pompeius
1146 983 1154 997 ,
1172 964 1256 993 mul-

301 1007 339 1035 tis
349 1004 550 1037 audientibus,
561 1005 619 1034 hoc
628 1003 744 1037 tribuit,
755 1013 787 1033 ut
796 1004 906 1034 diceret
915 1003 1070 1044 ‚frustrase
1078 1006 1254 1045 triumphum

297 1047 416 1075 tertium
424 1045 633 1086 deportaturum
637 1043 741 1083 fmffi1
762 1045 879 1085 nisimeo
889 1045 919 1074 in
939 1054 1022 1086 remp.
1046 1044 1189 1085 beneficio,
1208 1045 1256 1075 ubi

298 1088 485 1129 triumpharet
497 1107 505 1121 ‚
527 1086 587 1124 effer
605 1084 765 1116 habiturus.
789 1090 864 1117 Sunt
871 1097 940 1128 ergo
950 1087 1122 1118 domestica:
1131 1087 1255 1118 fortitu-

299 1129 386 1159 dines
404 1139 468 1159 non
486 1127 643 1158 inferiores
660 1128 839 1158 militaribus
854 1138 859 1158 :
887 1131 920 1159 in
939 1128 1047 1169 quibus
1065 1130 1131 1168 plus
1151 1131 1254 1162 etiam,

235 1178 277 1211 23
299 1171 429 1212 quamin
449 1171 515 1204 his,
540 1180 657 1210 operat,
678 1168 830 1217 studiique
844 1171 1020 1210 ponendum
1033 1170 1084 1200 est.
1108 1173 1256 1200 OMNino

296 1212 374 1243 illud
393 1211 554 1243 honesturn
566 1231 574 1246 ,
593 1211 673 1252 quod
691 1221 729 1241 ex
750 1221 854 1242 animo
871 1212 1010 1245 excelso,
1033 1212 1255 1252 magnificoque

295 1255 478 1295 querimus,
495 1255 591 1284 animi
608 1251 755 1287 efficitur,
776 1263 840 1283 non
857 1255 991 1294 corporis
1013 1254 1136 1284 viribus.
1160 1257 1256 1285 Exer-

295 1296 426 1327 cendum
437 1304 537 1326 tamen
555 1305 664 1335 corpus
677 1315 685 1329 ‚
709 1295 793 1325 &ita
804 1293 997 1325 afficiendum
1013 1293 1071 1328 est,
1092 1296 1257 1326 utobedire

295 1336 423 1367 consilio
434 1357 442 1371 ‚
464 1339 630 1377 rationique
650 1335 734 1377 poffit
755 1337 788 1366 'in
802 1336 1000 1377 exsequendis
1013 1339 1142 1377 negotiis
1153 1357 1161 1371 ‚
1181 1337 1256 1367 &in

296 1379 398 1409 labore
407 1378 570 1409 tolerando.
596 1377 768 1408 Honestum
778 1378 917 1408 autemid
933 1399 942 1413 ,
962 1378 1042 1420 quod
1054 1381 1254 1420 exquirimus,

295 1429 396 1451 totum
411 1419 455 1450 est
473 1418 603 1460 positum
625 1421 659 1450 in
675 1421 773 1450 animi
789 1429 876 1454 cura,
901 1421 1183 1460 &cogitationezin
1197 1430 1258 1461 quo

295 1472 360 1492 non
372 1464 525 1492 minorem
537 1462 697 1492 utilitatem
708 1460 845 1495 afferunt,
857 1463 909 1502 qui
919 1463 1010 1502 togati
1022 1464 1094 1502 reip.
1117 1462 1256 1503 praesunt,

298 1504 390 1544 quam
401 1505 454 1542 qui
473 1503 588 1534 bellum
606 1512 721 1544 gerunt.
745 1505 846 1543 Itaque
865 1512 973 1533 eorum
985 1502 1112 1533 consilio
1122 1504 1197 1544 saepe
1208 1513 1257 1534 aut

297 1555 363 1575 non
374 1545 514 1583 suscepta,
533 1554 582 1574 aut
592 1544 730 1574 confeEta
739 1544 817 1574 bella
831 1545 909 1578 sunt,
921 1554 1156 1586 nonnumquam
1166 1547 1257 1575 etiam

298 1587 387 1616 illata:
397 1593 430 1614 ut
442 1587 484 1614 M.
496 1588 615 1615 Catonis
624 1585 740 1615 bellum
748 1587 867 1615 tertium
880 1588 1041 1616 Punicum:
1051 1588 1082 1616 in
1093 1597 1154 1627 quo
1164 1588 1254 1616 etiam

298 1627 404 1656 mortui
415 1626 511 1655 valuit
529 1625 693 1656 audii-ritas.
717 1629 814 1666 Qare
833 1626 998 1666 expetenda
1024 1628 1149 1667 quidem
1164 1629 1256 1668 magis

297 1668 341 1698 est
350 1667 530 1698 decernendi
540 1669 626 1702 ratio,
638 1669 728 1708 quam
740 1667 1072 1698 decertandifortitudo:
1086 1669 1134 1699 sed
1147 1679 1255 1699 caven-

297 1712 371 1741 dum
384 1730 395 1743 ‚
414 1719 451 1738 ne
470 1709 498 1738 id
518 1709 650 1739 bellandi
671 1712 764 1750 magis
780 1708 845 1750 fuga
857 1729 865 1743 ‚
887 1711 977 1750 quam
993 1710 1130 1740 utilitatis
1140 1712 1254 1740 ratione

296 1752 449 1781 faciamus.
474 1750 591 1780 Bellum
602 1760 700 1781 autem
712 1753 752 1780 ita
762 1751 932 1790 suscipiatur
943 1770 951 1784 ,
965 1760 996 1780 ut
1007 1752 1085 1781 nihil
1094 1752 1187 1785 aliud,
1199 1751 1254 1782 nisi

294 1801 363 1833 pax,
374 1791 490 1833 quaesita
500 1791 649 1821 videatur.
673 1796 685 1819 ς
698 1795 816 1822 Fon-ris
828 1791 900 1822 vero
912 1792 944 1822 &
954 1791 1116 1822 constantis
1126 1792 1177 1826 est,
1192 1803 1255 1822 non

294 1834 456 1873 perturbari
476 1834 507 1863 in
526 1833 611 1862 rebus
629 1833 754 1872 asperis,
776 1842 832 1862 nec
852 1833 1086 1863 tumultuantem
1105 1834 1141 1863 de
1160 1834 1251 1874 gradu

295 1876 404 1914 dejici,
425 1884 459 1904 ut
478 1874 607 1908 dicitur3
627 1873 642 1894 ⁶
654 1874 703 1905 sed
713 1874 866 1914 praesentis
879 1876 974 1904 animi
986 1877 1027 1904 uti
1039 1873 1184 1909 consilio,
1199 1885 1254 1906 nec

292 1917 433 1947 ‘aratione
449 1916 598 1946 discedere
619 1926 624 1945 :
647 1925 829 1957 quamquam
849 1917 906 1945 hoc
924 1917 1039 1949 animi,
1071 1916 1146 1946 illud
1162 1918 1253 1955 etiam

296 1960 412 1999 ingenii
433 1960 535 1999 magni
550 1957 594 1988 est
613 1978 621 1990 ‚
648 1965 786 2000 praecipere
803 1958 970 1997 cogitatione
980 1958 1106 1996 summ,
1122 1963 1134 1987 7
1145 1959 1178 1989 &
1197 1959 1251 1989 ali—

297 2009 410 2040 quanto
421 2009 489 2030 ante
501 1999 683 2030 constituere
695 2019 703 2032 ,
727 1999 801 2039 quid
811 2000 944 2032 accidere
955 1998 1042 2039 poffit
1052 2002 1083 2030 in
1095 2010 1251 2041 atramque

297 2051 426 2082 partem:
445 2042 497 2076 δε,
516 2041 590 2083 quid
611 2041 759 2083 agendum
772 2039 823 2075 sit,
842 2040 915 2072 cum
933 2041 1006 2082 quid
1027 2044 1177 2073 evenerit:
1198 2052 1252 2073 nec

339 2153 361 2170 i.
381 2149 497 2179 &siringii
514 2153 584 2171 ceiam
604 2147 731 2180 bellic-ami]
754 2146 832 2173 Haud
852 2147 930 2173 :iliter
941 2147 1020 2173 iidem
1042 2147 1101 2173 libri
1115 2149 1231 2183 quinque
1245 2158 1252 2178 3

298 2189 384 2215 :eque
394 2181 447 2207 abit
457 2182 539 2207 editio
551 2183 671 2208 Romana
681 2183 800 2218 princeps
812 2194 817 2210 z
837 2182 989 2219 secutusque
999 2183 1035 2209 est
1048 2183 1196 2215 ΥὶξὶοιῚυε»,
1207 2184 1253 2211 nili

300 2216 368 2252 q-:od
381 2217 616 2252 preposuerinssd.
638 2218 694 2244 aliie
705 2217 767 2244 edd.
779 2222 873 2252 attingit
883 2223 943 2245 enim
952 2220 1101 2249 &hemi-mn.

335 2261 361 2278 2.
382 2256 410 2277 ln
420 2254 573 2288 ‹pterim-radi
586 2255 657 2285 Jiilcre
678 2257 708 2279 ab
725 2255 860 2289 improbis]
884 2255 925 2282 1⁴2ss
936 2255 1068 2281 abiisdeiii
1081 2255 1138 2281 mil‘.
1159 2255 1252 2282 nostris

298 2288 463 2323 aliorumque
475 2298 483 2319 3
496 2290 589 2325 quibus
599 2289 722 2324 proxime
733 2289 862 2317 accedunt
874 2291 997 2326 primitus
1011 2290 1112 2326 vulgati
1125 2310 1133 2323 7
1144 2292 1207 2327 qui:
1228 2295 1254 2318 ln

300 2334 340 2357 guo
348 2326 442 2350 invadi.
466 2335 524 2351 nain
536 2325 680 2360 deincipes,
691 2329 717 2351 in
727 2335 770 2359 quo
780 2335 813 2351 mc
822 2328 918 2353 invadi.

339 2368 365 2394 3.
387 2363 499 2387 canevam
517 2364 600 2386 laurea
617 2363 726 2396 lingum]
748 2362 827 2388 Haud
837 2363 915 2388 aliter
927 2362 1011 2389 Palae.
1022 2372 1064 2398 pr.
1075 2363 1179 2398 colique
1190 2372 1254 2389 avo-

298 2405 357 2421 rum
369 2405 434 2422 ceno.
457 2398 516 2423 Duo
527 2405 613 2423 tamen
626 2396 682 2423 mss.
702 2396 796 2432 quibus
818 2397 876 2424 usus
888 2399 1050 2424 Gulielmius
1068 2399 1096 2424 Sc
1109 2399 1192 2425 Palat.
1206 2399 1251 2425 lec.

304 2432 424 2458 volebant
443 2435 528 2458 laurea
538 2433 603 2458 laudi
615 2452 622 2462 ,
642 2432 712 2467 quod
724 2434 750 2458 8(
762 2432 871 2468 probare
894 2433 1046 2460 videbatur:
1070 2441 1195 2468 tanquam
1207 2435 1255 2459 liuc

304 2467 398 2494 fuceret
408 2469 474 2494 illud
487 2479 533 2504 pro
544 2470 596 2495 Cii.
610 2469 718 2495 Plancio
728 2478 783 2504 cap.
797 2477 842 2502 27.
853 2472 921 2503 lias?
930 2479 1001 2504 quam
1010 2471 1080 2495 habco
1091 2471 1194 2500 landem,
1204 2471 1256 2500 &c-

302 2511 335 2528 ita
347 2513 402 2539 cup.
420 2513 461 2539 13.
475 2505 548 2531 Bruti
561 2516 566 2530 z
588 2508 621 2530 At
632 2514 687 2530 vero
697 2512 767 2530 extra
778 2507 891 2530 δαείην]
901 2514 986 2538 magna
995 2505 1256 2538 ilicendi'sttm'iafiiere,

299 2542 440 2574 maximique
450 2541 504 2565 lime
515 2541 583 2566 laudi
592 2542 770 2566 habitilmnores
782 2559 791 2571 ,
809 2540 859 2571 ὡς.
882 2541 915 2567 Et
947 2540 1033 2567 uideni
1046 2540 1112 2567 illud
1133 2541 1203 2567 laudi
1214 2541 1256 2567 iii-

303 2575 461 2601 vcn'itet'izim
481 2586 506 2602 in
524 2576 573 2602 suis
585 2576 724 2603 Turnebus
738 2595 747 2607 ‚
766 2574 807 2602 sed
826 2576 915 2612 plures
939 2584 985 2604 uiit
997 2596 1004 2610 ,
1025 2576 1068 2603 secl
1087 2576 1180 2612 plui·a,·
1199 2577 1256 2613 qui,

302 2619 410 2646 quaeque
421 2612 538 2638 militant
549 2622 595 2647 pro
606 2612 689 2639 altera
700 2612 836 2648 scriptura.

334 2653 364 2678 4.
386 2651 434 2672 Nec
442 2651 520 2678 majus
529 2648 626 2682 trium]
648 2648 797 2674 Revocavit
808 2648 872 2674 hanc
883 2646 1025 2675 leffionem
1036 2648 1138 2684 primus
1149 2649 1257 2675 Paullus

301 2682 436 2720 Manutius
450 2702 458 2714 ‚
470 2684 643 2719 firmaturque
654 2684 737 2711 Palat.
749 2683 798 2710 sec.
810 2685 850 2711 M.
862 2685 893 2711 F.
904 2686 939 2711 D.
950 2685 1022 2721 prius
1034 2684 1171 2721 legebatur
1183 2685 1258 2711 nullo

303 2715 398 2744 idoneo
410 2717 492 2750 sensu,
503 2719 560 2745 odio.

332 2760 366 2791 ςς.
387 2754 459 2779 Fortia
469 2755 524 2779 vei-b
542 2756 705 2787 &constantis
719 2775 726 2787 ‚
744 2755 812 2788 dfe]
835 2755 987 2792 Approbavi
999 2756 1181 2790 conjeSturam
1194 2756 1258 2782 Suf-

306 2785 367 2812 fridi
383 2789 472 2820 nosti-i,
484 2791 527 2824 qui
539 2790 604 2817 istud
616 2795 702 2822 animi,
712 2791 870 2825 ejiciendum
880 2788 956 2819 ’ΜΞΝ
970 2793 1089 2819 monuit:
1103 2792 1183 2833 idque
1193 2802 1258 2819 con-

303 2830 411 2883 iitinciint
425 2823 569 2886 sequesstisi,
579 2826 605 2851 &
617 2836 709 2853 omnes
720 2827 877 2854 membran-ae
889 2829 995 2864 Laiigii.
1017 2828 1192 2855 Gulielmius.
1214 2837 1258 2855 re—

325 2865 351 2883 at
364 2866 447 2885 tamen
463 2869 487 2885 iii
521 2870 534 2886 a
547 2868 595 2888 att.

316 2929 322 2933 Ι
340 2893 368 2918 6.
387 2895 550 2928 Sedpraesentix
559 2900 678 2923 ,imminui
696 2898 807 2932 confilioj
829 2899 867 2924 M.
881 2899 913 2925 F.
925 2899 960 2925 D.
974 2899 1007 2925 E.
1027 2899 1092 2926 item
1104 2899 1258 2926 Palat.edi-

304 2935 395 2964 tioque
407 2929 527 2956 Romana
544 2934 661 2958 omnium
674 2935 758 2968 prima
770 2953 778 2965 ‚
790 2935 835 2967 fid
848 2935 956 2968 prasenti
973 2938 1051 2960 animo
1067 2939 1106 2961 uti
1122 2936 1258 2969 oconfiIIo,

303 2964 372 3005 qnod
385 2965 410 2990 St
424 2965 449 2990 in
457 2973 613 3006 'contextum
628 2969 723 3003 recepit
736 2969 878 2996 Lambinus
891 2979 899 2999 3
922 2970 1091 3006 exstabatque
1102 2971 1220 3007 alioquin
1230 2972 1257 2997 in

304 2999 422 3039 editione
432 3000 567 3028 vietorina
580 3011 586 3031 3
606 3003 705 3030 invenit
728 3014 758 3031 ize
770 3005 795 3031 in
806 3006 910 3041 aliquot
929 3005 979 3032 suis
991 3006 1048 3033 mss.
1061 3007 1146 3034 Aldus
1157 3017 1237 3043 nepos
1249 3016 1257 3038 3

304 3045 350 3071 qui
362 3043 448 3062 tamcii
460 3036 574 3063 adhaeret
585 3037 691 3064 lectioni
705 3049 717 3065 a
732 3041 793 3066 teri.

340 3079 366 3104 7.
387 3075 419 3097 Et
429 3073 550 3106 aliquanto
560 3080 614 3098 anre
624 3075 782 3108 constituere]
794 3077 895 3103 Omnes
907 3077 964 3104 mss.
975 3078 1115 3111 alnjuando,
1125 3085 1155 3106 ut
1168 3077 1255 3106 videa·

306 3115 346 3134 ωι-
355 3106 483 3144 glossema
493 3108 547 3144 ejus
559 3107 629 3143 quod
641 3108 770 3144 sequitur,
784 3118 849 3139 ante.
868 3113 1040 3141 Gulielmius,
1249 3128 1252 3130 ·

1293 94 1835 145 Cicnitoieis

1292 174 1484 204 committere
1493 192 1502 207 ,
1523 173 1726 216 utaliquando
1736 173 1898 208 dicendum
1910 175 1942 208 fit
1951 197 1960 212 ‚
1980 179 2057 210 Non
2067 187 2245 211 pur-Atiam.

1293 211 1307 234 ⁸
1322 217 1397 245 Haec
1414 215 1482 245 sunt
1497 225 1587 259 opera
1607 217 1707 256 magni
1717 218 1813 246 animi
1824 235 1833 250 ,
1854 217 2022 254 &excelfi,
2035 220 2066 251 &
2077 221 2244 262 prudentia,

1292 255 1476 296 consilioque
1487 257 1618 287 fidentis.
1641 260 1771 288 Temere
1780 267 1879 288 autem
1891 260 1923 289 in
1932 262 1991 290 acie
2002 262 2126 296 versari,
2138 262 2170 292 &
2180 271 2247 292 ma·-

1293 307 1334 327 nu
1346 307 1414 327 cum
1429 296 1511 327 hoste
1519 296 1681 339 confligere
1693 317 1701 332 ‚
1725 300 1860 329 immane
1872 300 2012 340 quiddam
2024 322 2032 335 ,
2045 303 2077 333 &
2089 304 2246 334 beluarum

1295 337 1390 369 simile
1400 338 1451 368 est.
1474 338 1548 370 9sed
1562 338 1637 370 cum·
1648 349 1786 380 tempus,
1809 339 2015 382 necessitasque
2024 344 2150 383 postulat
2163 365 2171 378 ‚
2193 344 2246 375 de-

1290 380 1466 410 certandum
1487 390 1580 411 manu
1599 380 1640 411 est
1650 400 1658 415 ,
1681 381 1714 411 &
1735 391 1817 411 mors
1832 381 1982 417 servituti,
2006 387 2245 426 turpitudinique

1290 422 1512 461 anteponenda.
1534 424 1581 453 De
1598 422 1768 453 evertendis
1780 432 1880 453 autern
1891 443 1899 457 ,
1923 424 2154 468 diripiendisque
2165 430 2245 458 urbi—

1293 463 1347 493 bus
1356 483 1365 497 ,
1396 466 1426 483 ¹0
1437 463 1520 494 valde
1531 462 1779 494 confiderandum
1791 463 1833 494 est
1844 484 1852 498 ,
1875 474 1919 494 NE.
1929 474 2011 506 Qun
2020 476 2159 498 ramniu:
2169 489 2179 502 ‚
2198 478 2244 499 ΝΕ

1293 514 1375 545 Qu>
1387 514 1616 535 canusini-ER.
1639 506 1730 546 idque
1741 505 1783 535 est
1795 507 1851 536 viri
1863 509 2067 548 magnanimi,
2088 509 2175 539 rebus
2184 512 2246 551 agi-

1293 550 1359 576 tatis
1371 566 1380 580 ‚
1399 549 1504 586 punire
1515 547 1642 577 sonteis:
1665 547 1893 577 multitudinem
1903 550 2092 580 conservare:
2115 552 2148 580 in
2158 554 2246 582 omni

1292 586 1412 618 fortuna
1432 608 1440 621 ‚
1469 587 1546 618 reeta
1557 608 1565 622 ,
1595 598 1681 629 atque
1700 587 1825 619 honesta
1844 591 1980 620 retinere.
2004 593 2047 621 Ut
2065 593 2148 622 enim
2169 592 2248 626 sunt,

1292 629 1551 670 quemadmodum
1572 630 1658 669 supra
1668 630 1736 660 dixi
1748 650 1757 664 .
1777 632 1828 671 qui
1840 630 1959 661 urbanis
1968 631 2056 662 rebus
2065 633 2186 664 bellicas
2195 644 2249 664 an-

1293 680 1450 711 teponant:
1462 669 1500 700 si:
1509 674 1635 710 reperies
1648 672 1761 702 multos
1775 691 1784 705 ‚
1796 671 1904 712 quibus
1916 674 2079 712 periculosa
2090 694 2099 708 ‚
2112 674 2145 705 ὃς
2155 675 2253 706 calida

1293 711 1417 743 consilia
1425 716 1434 732 ¹
1442 716 1451 731 ¹
1462 714 1571 753 quietis
1580 713 1813 754 cogitationibus
1827 713 1859 743 &
1871 714 2083 753 splendidiora,
2094 716 2127 746 &
2139 717 2253 755 majora

1295 754 1459 784 videantur.
1483 757 1664 795 Numquam
1683 756 1816 785 omnino
1834 756 1958 795 periculi
1971 756 2041 797 fuga
2049 759 2252 788 committen-

1295 795 1369 826 dum
1380 795 1421 826 est
1434 815 1442 829 ,
1465 804 1498 825 ut
1516 796 1655 826 imbelles
1665 815 1674 829 ,
1696 796 1854 837 timidique
1876 796 2041 828 videamur.
2065 798 2114 829 sed
2129 798 2250 839 fugien-

1294 838 1368 867 dum
1379 839 1468 868 etiam
1479 837 1566 871 illud,
1581 848 1620 868 ne
1630 836 1790 868 offeramus
1801 847 1856 868 nos
1865 840 2005 878 periculis
2015 838 2074 869 fine
2085 841 2178 871 causa:
2188 851 2255 881 quo

1296 879 1373 908 nihil
1382 878 1478 918 potest
1488 878 1545 909 effe
1561 878 1689 909 stultius.
1703 882 1887 919 Qapropter
1904 887 1943 909 IN
1955 890 2122 912 anzunnis
2133 885 2249 922 pericu-

1293 920 1330 950 lis
1341 921 1526 951 consuetudo
1535 920 1679 951 imitanda
1688 921 1875 951 medicorum
1885 921 1939 955 est,
1952 925 2033 963 ¹²qui
2045 923 2149 954 leviter
2158 933 2251 963 aegro-

1296 964 1400 992 tanteis
1410 963 1513 992 leviter
1526 971 1630 992 curant
1643 973 1648 991 :
1671 963 1857 1003 gravioribus
1865 973 1964 993 autem
1977 964 2090 994 morbis
2100 966 2252 1005 periculo-

1298 1003 1338 1033 sas
1346 1005 1513 1033 curationes
1524 1023 1533 1037 ‚
1554 1004 1587 1033 ὃς
1601 1006 1757 1043 ancipiteis
1776 1004 1916 1036 adhibere
1925 1015 2083 1046 coguntur.
2107 1009 2203 1047 Qare
2216 1009 2250 1036 in

1298 1045 1458 1085 tranquillo
1482 1044 1687 1084 tempestatem
1705 1045 1857 1081 adversam
1875 1056 1974 1086 optare
1992 1066 2001 1080 2
2030 1047 2181 1077 dementis
2197 1047 2250 1077 est:

1299 1086 1454 1116 subvenire
1463 1095 1561 1115 autem
1578 1085 1743 1125 tempestati
1753 1096 1856 1126 quavis
1867 1091 1981 1117 ratione
1993 1107 2000 1121 ‚
2022 1089 2178 1128 sapientis:
2197 1099 2252 1119 eo-

1296 1138 1354 1168 que
1365 1129 1477 1168 magis,
1502 1126 1521 1156 fi
1538 1127 1605 1167 plus
1616 1128 1772 1167 adipiscare
1789 1138 1817 1157 re
1827 1129 1971 1168 explicata
1980 1130 2076 1163 boni,
2096 1133 2186 1171 quam
2199 1130 2252 1160 ad-

1297 1169 1430 1200 dubitata
1440 1169 1520 1199 mali.
1546 1170 1720 1199 Periculosae
1734 1178 1834 1199 autem
1846 1179 1944 1200 rerum
1954 1171 2086 1201 actiones
2095 1174 2201 1211 partim
2214 1174 2253 1202 iis

1297 1211 1366 1241 sunt
1378 1230 1387 1244 ,
1397 1212 1449 1251 qui
1458 1220 1505 1240 eas
1514 1210 1695 1250 suscipiunt,
1712 1213 1818 1251 partim
1825 1212 1902 1252 reip.
1925 1215 2061 1253 Itemque
2070 1213 2122 1243 alii
2132 1213 2168 1243 de
2176 1215 2249 1246 vita,

1297 1253 1349 1282 alii
1362 1253 1398 1282 de
1407 1252 1500 1292 gloria
1510 1272 1525 1285 ν
1540 1252 1571 1282 &
1583 1253 1788 1282 benivolentia
1799 1255 1912 1283 civium
1925 1256 1957 1283 in
1968 1254 2129 1285 discrimen
2139 1264 2252 1285 vocan-

1298 1303 1353 1324 tur.
1378 1296 1561 1325 Promtiores
1578 1295 1668 1334 igitur
1685 1294 1830 1324 debemus
1854 1294 1910 1325 effe
1934 1295 1974 1325 ad.
1992 1295 2090 1326 nostra
2107 1297 2249 1336 pericula,

1297 1335 1388 1376 quam
1398 1335 1433 1366 ad
1444 1339 1621 1366 communia
1632 1356 1641 1370 ,
1658 1336 1860 1377 dimicareque
1872 1336 2001 1377 paratius
2011 1337 2047 1367 de
2057 1338 2174 1368 honore
2185 1358 2194 1371 ,
2218 1338 2252 1369 δε

1297 1378 1392 1417 gloria
1403 1397 1412 1410 ‚
1430 1376 1520 1418 quam
1543 1377 1581 1407 de
1598 1379 1894 1409 ceteris-commodis.
1918 1381 2147 1409 luventiautem
2162 1380 2255 1410 multi

1300 1419 1369 1449 sunt
1384 1439 1398 1452 ,v
1415 1421 1466 1459 qui
1483 1428 1545 1449 non
1557 1418 1652 1449 modo
1663 1421 1822 1459 pecuniam
1833 1441 1841 1455 ‚
1861 1420 1911 1451 sed
1922 1423 2014 1452 vitam
2024 1423 2115 1451 etiam
2126 1420 2254 1461 profun-

1298 1460 1421 1502 derepro
1433 1462 1531 1500 patria.
1540 1462 1632 1500 parati
1642 1459 1735 1491 effent
1747 1472 1752 1490 :
1771 1461 1863 1492 iidem
1874 1462 2129 1503 gloriaejac'turani
2142 1473 2180 1492 ne
2194 1464 2254 1492 rni-

1298 1504 1415 1532 nimam
1426 1501 1549 1542 quidem
1560 1501 1655 1532 faeere
1665 1503 1778 1533 vellent
1789 1522 1798 1534 ‚
1811 1512 1848 1532 ne
1859 1513 1918 1543 rep.
1941 1504 2064 1544 quidem
2076 1503 2253 1543 postulante:

1299 1553 1333 1574 ut
1351 1543 1551 1573 Callicratidas
1560 1562 1569 1575 ‚
1590 1545 1642 1582 qui
1661 1542 1730 1573 ci'im
1753 1544 2054 1574 Lacedaemoniorum
2073 1545 2135 1575 dux
2151 1544 2254 1576 fuisset

1299 1583 1548 1623 Peloponnesiaco
1558 1584 1640 1613 bello
1648 1603 1656 1617 ‚
1677 1584 1830 1625 multaque
1840 1584 1953 1616 feciffet
1964 1587 2076 1628 egregie
2090 1597 2095 1615 :
2117 1589 2205 1617 vertit
2216 1587 2255 1617 ad

1299 1635 1467 1656 extremum
1483 1627 1606 1658 omnia,
1624 1625 1696 1655 cum
1715 1626 1841 1656 consilio
1858 1637 1930 1657 non.
1941 1630 2035 1668 paruit
2052 1638 2155 1658 eorum
2167 1648 2176 1662 ‚
2199 1629 2255 1668 qui

1298 1665 1416 1697 classem
1430 1667 1465 1697 ab
1475 1665 1637 1707 Arginuffis
1656 1668 1871 1698 removendam
1884 1689 1893 1702 ,
1912 1679 1968 1699 nec
1981 1679 2052 1699 cum
2064 1668 2254 1700 Atheniensi-

1298 1710 1354 1739 bus
1374 1708 1582 1738 dimicandum
1600 1709 1750 1747 putabant.
1775 1710 1892 1747 Quibus
1911 1711 1963 1740 ille
1973 1710 2139 1749 respondit,
2164 1713 2254 1741 Lace-

1296 1750 1467 1780 daemoni'os
1478 1769 1486 1781 ‚
1495 1748 1581 1779 claffe
1592 1750 1642 1779 illa
1652 1749 1752 1779 amiss‘a
1764 1770 1772 1782 ‚
1794 1751 1881 1781 aliam
1893 1761 1989 1791 parare
1999 1750 2080 1791 poste
2095 1762 2101 1780 :
2115 1752 2142 1782 se
2152 1751 2255 1793 fugere

1297 1791 1357 1820 sine
1370 1791 1421 1820 suo
1432 1789 1576 1820 dedecore
1586 1800 1649 1820 non
1660 1790 1749 1830 posse.
1767 1795 1776 1810 ¹
1785 1795 1898 1833 3Atque
1909 1794 1972 1823 haec
1981 1793 2106 1834 quidem
2118 1793 2256 1824 Laced-av,-

1297 1834 1412 1862 moniis
1421 1832 1503 1872 plaga
1514 1832 1693 1862 mediocris:
1716 1833 1768 1863 illa
1777 1833 1914 1873 pestifera
1923 1853 1932 1868 ,
1952 1845 2010 1875 qua
2021 1854 2029 1868 ,
2044 1835 2116 1864 cum
2127 1835 2255 1865 Cleom-

1296 1874 1400 1905 brotus
1410 1893 1419 1907 ,
1441 1873 1590 1904 invidiam
1602 1876 1730 1909 timens,
1755 1876 1866 1906 temere
1877 1885 1947 1906 cum
1959 1876 2169 1916 Epaminonda
2180 1887 2257 1907 con-

1298 1913 1416 1945 flixisset
1429 1935 1438 1949 ‚
1455 1915 1758 1947 Lacedaemoniorum
1770 1927 1840 1957 opes
1850 1927 2034 1948 corruerunt.
2059 1921 2182 1961 Qanto
2192 1920 2254 1960 Q.

1298 1959 1452 1987 Maximus
1464 1957 1574 1987 melius
1586 1960 1596 1987 ?
1606 1958 1642 1988 de
1652 1968 1713 1998 quo
1726 1961 1859 1989 Ennius:

1391 2003 1421 2025 ¹4
1431 2001 1512 2027 Unus
1519 1999 1596 2029 homo
1606 1998 1677 2028 nobis
1687 1998 1838 2030 cunstana'o
1848 1999 1970 2037 restituit
1979 2011 2045 2031 rem.

1391 2044 1418 2068 ¹5
1429 2042 1494 2070 Non
1501 2040 1618 2083 ponebat
1631 2042 1704 2072 enim
1714 2052 1835 2073 rumores
1844 2043 2047 2084 antefiic'urem.

2173 2090 2250 2127 Ergo
2259 2072 2261 2077 ι

1337 2148 1364 2175 8.
1388 2150 1500 2182 Ilaecsunt
1509 2156 1578 2181 oper-a
1588 2152 1669 2182 magni
1677 2152 1753 2175 animi
1761 2151 1790 2180 (ἶ)
1799 2150 1903 2183 excelfi]
1924 2149 2034 2176 Suavius
2045 2149 2090 2176 inii
2096 2150 2135 2176 uit
2145 2149 2253 2176 :iuribus

1298 2187 1377 2218 magni
1385 2186 1414 2216 <ly
1423 2186 1504 2218 excelss
1510 2187 1597 2217 animi,
1610 2186 1745 2221 quomodo
1756 2186 1791 2213 est
1802 2186 1828 2212 in
1841 2186 1924 2212 Palat.
1934 2186 2015 2222 prim.
2247 2187 2251 2189 ”

1334 2230 1363 2254 9.
1382 2221 1427 2246 Sed
1434 2230 1485 2246 cum
1493 2228 1581 2254 tcmpm
1599 2222 1756 2256 neceffilasflue
1769 2221 1896 2255 pqstulat]
1917 2221 2026 2257 Vulgati
2037 2228 2126 2253 tempm
2135 2224 2187 2253 251¹,-
2207 2230 2254 2247 ve-

1300 2257 1360 2282 rum
1371 2264 1467 2292 praeter
1477 2256 1563 2283 Palat.
1575 2258 1602 2282 &
1613 2258 1653 2282 M.
1672 2265 1752 2293 atque
1767 2259 1796 2284 F.
1817 2256 1998 2294 editioncsqtie
2011 2257 2111 2284 ultima:
2121 2257 2231 2292 originis
2245 2265 2254 2287 ;

1298 2301 1384 2328 neque
1394 2292 1473 2319 aliter
1484 2292 1638 2319 Visstoriaiia
1647 2292 1754 2329 ejulquc
1765 2292 1895 2320 traduces.

1338 2337 1379 2354 10.
1399 2328 1471 2355 Valde
1481 2329 1667 2362 considerandum
1679 2348 1687 2361 ,
1705 2339 1734 2354 ne
1743 2329 1802 2363 quid
1808 2337 1892 2355 temere
1903 2348 1912 2360 ‚
1930 2338 1959 2354 nt·
1968 2330 2029 2362 quid
2037 2327 2187 2361 crudeliter]

1299 2364 1384 2390 Palat.
1396 2364 1429 2394 fic
1441 2365 1480 2389 M.
1493 2364 1570 2398 RD.
1590 2364 1676 2398 ejetssb
1686 2365 1754 2400 prim
1761 2366 1804 2391 i'ini
1820 2373 1882 2390 voce
1891 2365 1950 2390 illud
1959 2383 1966 2395 ,
1979 2362 2139 2397 deindefiat.
2158 2363 2191 2389 de
2202 2372 2256 2399 quo

1297 2399 1430 2435 postremo
1441 2418 1450 2430 ‚
1469 2407 1570 2426 temere
1579 2400 1654 2426 libris
1665 2401 1690 2427 in
1696 2399 1772 2426 veisto
1784 2419 1792 2432 ,
1811 2399 1912 2426 dudum
1931 2398 2084 2435 conquestus
2105 2398 2157 2426 fuit
2166 2401 2255 2435 Janus

1302 2434 1452 2462 Parrhasius
1463 2434 1488 2461 iii
1500 2435 1622 2472 Qiaesitis
1633 2445 1678 2470 pei·
1687 2435 1833 2471 epistolam.
2193 2432 2198 2438 ”

1339 2480 1347 2496 i
1358 2479 1379 2496 i,
1398 2471 1488 2503 ‚Qim's
1499 2473 1710 2504 cogitationibus&
1721 2472 1883 2504 splendidiora
1894 2490 1902 2502 ‚
1920 2470 1987 2504 dvc]
2010 2471 2050 2496 Ita
2062 2470 2145 2497 Palat.
2157 2479 2195 2506 pr.
2208 2470 2256 2497 nisi

1301 2505 1370 2546 quod
1382 2507 1403 2532 is
1417 2505 1567 2541 transposita
1576 2507 1680 2542 copula,
1690 2508 1772 2541 quietis
1782 2508 1810 2538 ὼ
1820 2508 1995 2540 cogitationibus
1997 2507 2167 2539 splendidiora.
2191 2505 2257 2533 Edi-

1300 2550 1337 2568 tio
1349 2542 1470 2568 Romana
1480 2542 1565 2578 prima
1584 2550 1613 2570 ut
1624 2544 1650 2568 8<
1662 2543 1746 2568 Palat.
1758 2542 1808 2569 fec.
1820 2543 1897 2569 liabet
1914 2561 1922 2574 ,
1940 2542 2060 2576 &quietis
2078 2543 2107 2573 &⁶
2116 2543 2258 2576 cogitationis

1294 2578 1388 2612 splend.
1401 2577 1471 2613 quod
1482 2579 1543 2604 cuni
1554 2579 1581 2603 ὃ(
1593 2578 1742 2605 offendisset
1753 2579 1777 2605 in
1791 2579 1903 2604 MJRD.
1914 2577 2088 2609 Gulielmius,
2103 2578 2188 2604 eidem
2200 2579 2257 2614 pla-

1300 2614 1354 2640 cuit
1366 2623 1374 2644 3
1395 2614 1428 2640 sic
1438 2621 1540 2646 tamen,
1552 2621 1581 2640 ut
1590 2622 1753 2650 praepoueret
1764 2614 1888 2641 Lambini
1899 2613 2055 2645 lectionem,
2066 2615 2148 2647 quietis
2158 2614 2187 2644 ὅ]
2196 2616 2255 2647 cogi-

1300 2650 1359 2676 tatix
1367 2661 1376 2682 ‚-
1388 2658 1417 2676 ut
1427 2650 1476 2676 boc
1485 2658 1634 2686 opponatur
1644 2651 1735 2682 calida,
1748 2650 1859 2686 quemad
1865 2649 1970 2676 modum
1980 2650 2110 2683 periculofis
2120 2652 2209 2684 quieta.

1341 2694 1382 2712 12.
1403 2687 1451 2718 Qi
1459 2688 1544 2711 leviter
1552 2694 1687 2718 egrotantes
1696 2688 1781 2712 leniter
1790 2687 1906 2720 curant]
1923 2687 1966 2711 Sic
1978 2685 2063 2711 Palat.
2075 2694 2116 2721 pr.
2128 2686 2156 2711 &
2166 2685 2206 2711 M.
2217 2684 2253 2710 D.

1302 2722 1366 2748 item
1378 2721 1462 2748 editio
1472 2721 1598 2753 victorii,
1609 2723 1637 2747 δε
1650 2722 1771 2749 Lambini
1783 2733 1789 2748 2
1812 2722 1870 2748 aliae
1880 2721 1949 2748 enim
1962 2723 2055 2747 leviter.

1341 2768 1349 2784 i
1357 2766 1369 2794 3
1377 2777 1383 2783 .
1391 2761 1469 2791 Atque
1477 2759 1522 2783 haec
1530 2758 1621 2792 quidem
1628 2758 1808 2784 Laccdaemoniis
1815 2759 1886 2792 plaga
1894 2758 2010 2783 mediocris
2015 2756 2036 2789 .]
2049 2753 2153 2795 Exclusi
2165 2763 2256 2782 vocem

1293 2795 1346 2827 fuit
1358 2812 1366 2825 ,
1384 2793 1455 2829 quod
1467 2803 1518 2820 non
1530 2793 1644 2820 exstaret
1654 2794 1680 2820 in
1700 2793 1814 2820 Palatin.
1833 2801 1880 2819 aut
1899 2793 1939 2819 M.
1951 2794 1982 2819 F.
1994 2795 2029 2819 D.
2040 2793 2074 2818 C.
2087 2800 2132 2825 qui
2144 2799 2259 2824 quatuor

1301 2829 1426 2864 postremi
1437 2828 1507 2864 quod
1518 2829 1656 2860 haberent,
1666 2830 1692 2854 de
1701 2829 1890 2860 Lacedaemoniis,
1901 2827 2061 2854 Gulielmius
2073 2829 2103 2853 τὸ
2112 2828 2258 2853 Laudam-

1301 2866 1347 2890 m'is
1359 2864 1435 2891 ausus
1446 2864 1497 2891 fuit
1506 2864 1609 2896 delere,
1626 2873 1750 2899 tanquam
1764 2864 1842 2891 verba
1852 2864 1899 2890 iiia
1907 2863 1968 2890 bina
1977 2863 2056 2890 initio
2065 2871 2119 2888 01*ae
2130 2861 2232 2896 adjecta
2242 2864 2259 2890 εὶ

1301 2900 1426 2932 studiolb,
1438 2900 1538 2927 librarii
1549 2901 1635 2936 postea
1646 2900 1794 2927 retulissent
1804 2901 1831 2927 iti
1843 2906 1958 2926 textum.

1343 2944 1384 2969 14.
1405 2939 1470 2962 Unus
1479 2938 1540 2962 humo
1548 2937 1637 2971 noba]
1658 2936 1700 2962 Sic
1710 2936 1802 2972 primae
1811 2934 1872 2961 edd.
1885 2934 1917 2960 sic
1928 2933 2012 2960 Paiar.
2023 2935 2050 2960 &
2063 2934 2103 2960 M.
2112 2933 2157 2960 alii
2169 2941 2259 2961 tamen

1303 2972 1390 3002 libris,
1401 2982 1464 2997 unus
1473 2975 1514 3006 qui
1523 2974 1596 2997 nobis.
1607 2971 1674 2998 male
1686 2979 1785 3001 tainen3
1798 2970 1816 2997 11
1825 2971 1853 2995 &
1864 2969 2028 2996 Mam-obium
2039 2969 2141 3001 audias,
2152 2970 2178 2995 &
2191 2969 2259 2997 haud

1303 3008 1392 3044 paullo
1404 3007 1541 3034 meliorem
1553 3007 1658 3038 testem,
1668 3008 1702 3032 T.
1713 3006 1820 3032 Livium
1831 3005 1922 3031 histor.
1933 3004 1981 3031 lib.
1993 3014 2062 3032 xxx.
2073 3014 2130 3041 cap.
2140 3006 2187 3032 26.
2256 3010 2258 3013 ’

1343 3053 1351 3069 i
1361 3053 1386 3076 5.
1406 3048 1457 3069 Non
1467 3045 1567 3076 ponebat
1576 3045 1635 3067 enim
1645 3042 1773 3074 rumorum]
1794 3041 1830 3066 O.
1842 3040 1861 3066 l.
1873 3041 2007 3076 Langii&
2019 3041 2076 3067 Pal.
2087 3042 2116 3066 ὃς
2127 3043 2167 3067 Μ.
2178 3043 2210 3068 F.
2221 3042 2258 3067 D.

1304 3083 1356 3104 Non
1374 3082 1435 3104 enim
1450 3080 1559 3111 ponebat.
1579 3076 1683 3112 legebat
1701 3076 1863 3103 Gulielmius
1876 3095 1884 3108 ,
1913 3087 1960 3102 non.
1975 3081 2017 3105 eni
2026 3078 2136 3112 ponebat.
2155 3084 2260 3104 veteres

1303 3115 1399 3151 quippe
1410 3117 1449 3142 em'
1457 3112 1553 3141 dixisse
1562 3111 1634 3148 quod
1643 3121 1690 3141 nos
1700 3115 1760 3140 enim
1773 3112 1953 3142 enunciamus.
2233 3150 2256 3173 U

2199 3157 2223 3176 1.
2251 3154 2266 3174 ἰ

2213 2324 2268 2353 εἰς’
