2295 3400
104 424 143 459 ⁴31

124 1987 167 2020 32

169 83 265 148 238

161 165 271 197 sciebas
282 185 290 199 ,
308 163 344 196 ab
362 173 399 195 eo
419 166 470 195 Cn·
486 162 654 194 Carbonem
674 166 742 193 Cos.
764 163 848 199 cuius
866 172 896 191 re
914 171 982 192 vera
995 159 1123 202 quaestor

161 206 221 238 fuit
233 229 242 241 ,
265 217 329 238 non
343 206 438 237 modi>
448 205 588 237 relis‘tum
601 225 609 239 ‚
631 205 678 236 sed
689 214 780 235 etiam
792 204 952 244 spoliatum
965 207 973 223 ¹
987 203 1122 236 auxiliis,

161 252 290 291 pecunia
300 249 413 280 nefarie
422 256 638 289 oppugnatum,
652 247 683 277 ὃς
693 246 848 288 proditum
860 249 869 275 ?
881 249 1027 286 Expertus
1037 247 1128 287 igitur

162 302 194 322 es
207 291 292 322 istius
301 289 457 332 perfidiam
469 299 534 320 tum
546 310 555 323 ,
578 288 651 320 cum
664 290 690 320 se
699 289 734 319 ad
746 290 891 318 inimicos
901 298 968 318 tuos
977 288 1108 318 contulit
1123 297 1128 316 :

163 333 237 365 cum
256 336 289 364 in
306 343 334 364 te
353 334 450 363 homo
468 332 529 372 ipse
542 341 655 362 nocens
664 332 845 361 acerrimum
856 329 1068 360 testimonium
1080 329 1127 359 di—

165 377 212 406 xit
224 387 228 405 :
249 374 320 406 cum
331 376 460 404 rationes
469 373 504 404 ad
514 375 662 406 aerarium,
673 372 729 403 nisi
740 372 881 403 damnato
892 381 920 402 te
929 392 937 406 ‚
951 372 1058 402 referre
1068 381 1126 402 no-

166 418 231 447 luit.
276 421 423 448 Tantaene
435 425 502 449 tuae,
515 418 621 445 Verres
629 413 758 445 l1h1clines
767 424 863 448 erunt,
876 423 908 444 ut
918 424 964 445 eas
972 424 1085 455 capere,
1095 423 1127 443 ac

164 459 309 490 sustinere
319 469 382 489 non
392 459 556 498 provinciae
563 457 670 498 populi
679 459 812 488 Romani
823 477 831 490 ,
855 466 920 487 non
930 458 1065 487 nationes
1074 465 1127 486 ex-

165 511 234 532 terae
244 500 353 541 poffint
363 503 372 530 ?
383 503 484 534 Tune,
497 500 578 541 quod
588 499 711 534 videris,
721 499 803 540 quod
813 498 950 533 audieris,
962 499 1043 540 quod
1053 508 1129 529 con-

164 545 304 583 cupieris,
315 542 396 584 quod
407 544 544 583 cogitaris
556 562 564 575 ‚
577 540 633 572 nisi
643 541 672 572 id
682 541 721 571 ad
729 549 832 570 nurum
842 539 1127 582 ruumpraestofuerit,
1153 542 1155 550 ⁸

165 588 178 605 ²
192 584 245 615 nisi
256 585 378 615 libidini
390 593 445 614 tuae
457 605 465 617 ‚
477 584 690 625 cupiditatique
701 585 829 624 paruerit
838 604 845 617 ‚
859 585 1063 613 immittentur
1075 583 1130 611 ho-

167 629 281 658 mines?
291 627 543 668 expugnabuntur
552 625 677 657 domus?
689 628 822 656 civitates
833 635 897 655 non
909 623 1005 655 modo
1016 633 1130 664 pacat-sc,

168 668 278 700 verum
289 670 380 700 etiam
393 669 556 702 sociorum,
567 678 653 709 atque
664 670 845 701 amicorum,
857 667 891 697 ad
902 669 967 697 vim
980 687 987 701 ‚
1000 676 1085 707 atque
1097 665 1132 696 ad

168 721 253 742 arma
261 710 449 752 confugient,
466 720 499 741 ut
508 711 543 741 ab
555 710 594 744 se,
607 719 692 751 atque
703 710 740 740 ab
750 710 851 740 liberis
862 710 920 739 suis
933 710 1018 750 legati
1027 708 1133 749 populi

174 753 313 784 R-scelus
324 773 332 787 ‚
344 763 377 783 ac
387 752 549 783 libidinem
561 752 731 793 propulsare
739 750 849 792 poffint
859 753 869 779 ?
881 753 961 781 Nam
973 761 1074 792 quaero
1084 749 1133 779 abs

169 793 459 829 te,circumsess'usne
470 793 505 824 sis
518 795 674 835 Lampsaci
686 805 690 823 z
702 796 864 834 coeperitne
874 793 1003 823 domum
1015 813 1023 825 ,
1036 795 1068 822 in
1078 801 1136 832 qua

171 837 361 868 deversabare
375 857 384 870 ,
404 837 456 867 illa
474 836 640 867 multitudo
659 835 818 866 incendere
830 846 834 864 :
854 835 1047 865 voluerintne
1056 834 1135 874 lega-

171 888 239 910 tum
259 880 364 920 populi
382 881 476 909 Rom.
496 878 673 908 comburere
682 880 789 907 vivum
799 877 1005 916 Lampsaceni.
1028 884 1135 916 negare

171 932 237 952 non
248 930 341 962 potes.
360 921 455 951 habeo
465 923 549 951 enim
560 920 771 950 testimonium
782 928 880 952 tuum,
892 917 972 959 quod
983 917 1060 958 apud
1071 919 1136 947 Ne-

172 974 281 994 ronem
292 962 396 994 dixisti
409 973 414 991 z
435 963 530 993 habeo
542 973 611 1004 quas
621 962 656 992 ad
666 961 799 991 eundem
810 961 920 991 litteras
931 958 1044 990 misisti.
1073 961 1136 989 Re-

171 1001 329 1037 cita⁵hunc
347 1005 444 1046 ipsum
464 1005 568 1034 locum
591 1004 627 1034 de
654 1002 845 1034 testimonio.
877 1005 1133 1032 Tasrimomum

174 1058 204 1078 c.
217 1058 343 1079 vanius
364 1057 400 1077 IN
422 1056 691 1076 ARTEMIDORUM.
719 1044 863 1085 3[Recita
872 1054 909 1074 ex
920 1047 1020 1074 Verris
1031 1045 1135 1073 litteris

170 1089 206 1121 ad
218 1093 390 1120 Neronem.
411 1099 454 1119 Ex
473 1098 632 1118 mir-rmus
652 1097 680 1117 c.
694 1097 817 1117 vnaius
838 1096 882 1116 AD
897 1096 928 1116 c.
940 1084 1135 1125 nunonem]

173 1142 242 1163 NON
261 1142 379 1164 MULTo
399 1140 530 1161 post-au
552 1140 691 1160 DOMUM.
724 1129 883 1159 Bellumne
898 1129 1012 1169 populo
1022 1130 1138 1159 Roma-

173 1184 217 1205 no
234 1174 455 1214 4Lampsaceni
471 1175 551 1203 cives
567 1171 661 1202 facere
670 1171 876 1202 conabantur?
895 1170 1020 1200 deficere
1031 1170 1067 1200 ab
1077 1171 1137 1198 im-

173 1218 260 1258 perio
272 1237 281 1250 ‚
291 1226 323 1247 ac
333 1217 461 1246 nomine
473 1214 576 1245 nostro
584 1213 749 1244 volebant?
771 1213 870 1243 Video
880 1214 964 1242 enirn
975 1232 983 1246 ‚
997 1212 1029 1242 &
1040 1221 1078 1241 ex
1090 1213 1136 1244 iis,

174 1259 305 1300 quaelegi
315 1258 347 1288 &
356 1258 424 1287 audi
432 1268 457 1286 ω
470 1278 479 1290 ,
500 1257 655 1295 intelligo:
678 1257 709 1285 in
720 1265 775 1296 qua
782 1256 901 1285 civitate
912 1265 976 1284 non
986 1252 1082 1285 modo
1094 1253 1137 1283 le-

176 1311 259 1342 gatus
277 1300 381 1341 populi
401 1302 496 1329 Rom.
516 1296 722 1329 circumsess'us
732 1318 739 1330 ‚
763 1307 828 1327 non
838 1295 933 1326 modo
945 1298 1025 1338 igni,
1045 1295 1137 1328 ferro,

178 1353 274 1374 manu
287 1364 295 1377 ‚
312 1343 406 1382 copiis
417 1350 605 1381 oppugnatus
615 1360 623 1374 ‚
644 1339 693 1370 sed
704 1340 801 1380 aliqua
811 1349 848 1369 ex
859 1347 938 1379 parte
949 1339 1079 1368 Violatus
1088 1335 1121 1367 fit
1134 1347 1139 1366 ;

176 1384 234 1416 nisi
249 1380 547 1427 publicefiztzajhffllm
555 1382 611 1423 sit,
630 1384 657 1412 ei
670 1383 783 1411 civitati
795 1381 908 1411 bellum
920 1380 1014 1410 indici
1027 1401 1036 1414 ,
1053 1388 1140 1420 atque

177 1427 285 1458 inferri
296 1427 401 1457 solere.
414 1429 488 1466 Quae
497 1424 555 1455 fuit
564 1426 652 1466 igitur
660 1424 808 1456 causamur
817 1422 924 1453 ςυῃᾶα
934 1424 1038 1452 civitas
1049 1424 1141 1452 Lam-

175 1469 375 1511 psacenorum
395 1468 431 1498 de
451 1470 600 1498 concione
611 1487 620 1501 ,
647 1465 908 1506 quemadmodum
937 1474 997 1494 tute
1027 1464 1139 1496 scribis,

177 1516 193 1541 5
203 1512 333 1542 domum
352 1519 435 1540 tuam
454 1511 663 1539 concurreret?
683 1510 735 1538 Tu
753 1509 839 1537 enirn
855 1517 952 1548 neque
971 1509 1005 1536 in
1023 1507 1141 1539 litteriS,

177 1564 250 1596 quas
261 1554 381 1583 Neroni
391 1554 486 1582 mittis
496 1572 504 1585 ‚
515 1561 613 1593 neque
623 1552 655 1580 in
663 1549 843 1580 testimonio
856 1569 865 1583 ‚
886 1550 1001 1579 causam
1011 1550 1083 1578 tanti
1094 1557 1142 1577 tu-

180 1597 297 1626 multus
307 1594 440 1625 ostendis
451 1594 560 1624 ullam:
582 1591 734 1623 obsess'um
744 1601 772 1621 te
781 1591 874 1622 dicis:
894 1593 996 1631 ignem
1007 1591 1140 1623 allatum,

178 1639 328 1670 sarmenta
346 1636 526 1667 circumdata
536 1655 544 1669 ‚
565 1634 704 1665 lictorem
723 1643 810 1664 tuum
829 1634 962 1663 occisum
980 1630 1037 1663 effe
1049 1631 1124 1662 dicis
1137 1643 1143 1661 z

179 1679 353 1722 prodeundi
363 1678 417 1708 tibi
428 1680 459 1707 in
470 1678 626 1718 publicum
637 1675 813 1717 potestatem
825 1674 933 1706 faitam
948 1685 1037 1717 negas
1051 1686 1056 1704 z
1075 1685 1143 1704 cau-

176 1723 242 1764 fizm
253 1722 335 1761 hujus
345 1720 421 1749 tanti
431 1727 480 1749 ter}
489 1721 537 1750 ms
547 1720 676 1749 occultas.
695 1721 778 1748 Nam
789 1717 809 1747 fi
819 1728 910 1759 quam
918 1718 1052 1747 Rubrius
1062 1717 1145 1756 inju-

181 1767 259 1795 riam
272 1764 324 1794 suo
334 1763 474 1796 nomine,
486 1772 520 1792 ac
530 1772 594 1792 non
604 1761 735 1801 impulsu
746 1770 800 1790 tuo
810 1780 818 1794 ‚
832 1760 864 1790 &
874 1769 923 1790 tua
930 1759 1090 1800 cupiditate
1099 1757 1145 1788 fe-

182 1805 284 1837 ciss'et:
308 1805 345 1835 de
365 1807 406 1835 tui
429 1806 552 1834 comitis
561 1804 672 1843 injuria
680 1801 820 1843 questum
829 1802 865 1832 ad
875 1811 903 1832 te
913 1811 1014 1841 ponus
1025 1822 1033 1836 ,
1053 1800 1144 1842 quam

183 1858 213 1880 te
225 1856 429 1888 oppugnatum
439 1848 590 1876 venirent.
621 1848 701 1876 Cum
713 1846 801 1886 igitur
811 1864 819 1878 ,
839 1854 903 1885 qua:
914 1844 1088 1874 causaillius
1099 1852 1146 1873 tu-

185 1893 303 1921 multus
312 1889 413 1922 fuerit,
423 1887 511 1918 testes
521 1886 536 1918 a
546 1887 636 1918 nobis
646 1885 785 1927 prodiisti
795 1886 946 1920 dixerint,
959 1887 1018 1926 ipse
1028 1885 1129 1915 celarit
1141 1895 1147 1914 2

187 1943 292 1963 nonne
301 1932 418 1961 causam
428 1931 505 1960 hanc
514 1950 522 1964 ,
534 1940 624 1971 quarn
636 1939 691 1959 nos
701 1929 914 1968 proposuimus
924 1949 932 1962 ,
945 1938 1009 1959 tum
1020 1928 1146 1957 illorum

185 1974 439 2007 testimonia‚tum
449 1971 533 2003 istius
544 1972 866 2012 taciturnitasperpetna
874 1969 1053 2001 confirmat?
1067 1971 1149 2000 Huic

185 2018 308 2048 homini
317 2016 440 2056 parcetis
450 2016 551 2056 igitur,
560 2014 675 2054 judices
686 2033 695 2047 ‚
708 2014 793 2052 cujus
804 2022 881 2043 tanta
891 2022 1006 2053 peccata
1016 2013 1083 2043 sunt
1094 2032 1102 2045 ,
1116 2020 1149 2042 ut

184 2062 219 2094 ii,
231 2058 341 2101 quibus
352 2058 475 2096 injurias
483 2055 597 2090 fecerit,
603 2066 698 2097 neque
706 2055 871 2095 legitimum
882 2063 988 2096 tempus
999 2053 1150 2094 easpecffare

183 2101 219 2132 ad
240 2099 446 2131 ulciscendum
459 2119 467 2133 ‚
485 2109 582 2139 neque
596 2100 662 2128 vim
683 2106 795 2127 tantam
813 2097 927 2127 doloris
945 2100 978 2127 in
994 2096 1150 2137 posterum

185 2141 306 2174 differre
315 2143 488 2182 potuerint?
508 2138 720 2171 circumsessus
731 2149 770 2169 es.
785 2138 801 2168 Ξι
811 2140 920 2179 quibus
932 2142 942 2168 ?
952 2139 967 2169 a
975 2139 1151 2178 Lampsace-

187 2188 236 2216 nis
249 2205 257 2218 ,
266 2185 395 2215 barbaris
404 2182 595 2216 hominibus,
604 2181 704 2214 credo,
715 2183 821 2213 antiis,
841 2183 892 2221 qui
903 2181 1008 2221 populi
1016 2181 1151 2210 Romani

188 2237 308 2259 nomen
324 2234 564 2256 contemnerent.
593 2221 778 2254 Immbverb
788 2222 823 2252 ab
833 2223 1011 2252 hominibus
1022 2222 1054 2252 &
1064 2231 1152 2251 natu—

188 2280 238 2303 ra,
262 2269 294 2299 ὃς
306 2266 541 2300 consuetudine,
563 2265 762 2306 &disciplina
779 2264 935 2304 lemffimu:
950 2262 1041 2304 porro
1051 2272 1150 2294 autem

188 2311 297 2353 populi
307 2313 399 2340 Rom.
411 2308 589 2339 conditione
599 2309 687 2338 sociis
699 2327 707 2341 ‚
728 2305 849 2337 fortuna
867 2307 958 2337 servis
968 2326 977 2340 ,
996 2306 1151 2336 voluntate

190 2352 376 2394 supplicibus
389 2362 395 2380 t
415 2359 448 2381 ut
457 2350 647 2391 perspicuum
657 2348 692 2379 sit
701 2348 847 2379 omnibus
859 2368 867 2382 ‚
889 2346 945 2378 msl
955 2356 1033 2378 tanta
1041 2347 1153 2378 acerbi-

188 2404 233 2426 tas
244 2396 374 2435 injuriae,
385 2402 466 2424 tanta
475 2394 520 2422 vis
531 2392 647 2423 sceleris
655 2389 757 2421 fuiffet
767 2411 776 2424 ,
789 2393 823 2421 ut
831 2390 1026 2430 Lampsaceni
1035 2390 1152 2418 morien-

189 2437 258 2466 dum
270 2435 326 2479 sibi
336 2436 432 2479 parius
443 2456 451 2469 ,
470 2434 563 2476 quam
572 2433 799 2475 perpetiendum
810 2440 946 2473 putarent
956 2443 965 2466 3
985 2441 1153 2472 numquam

188 2480 261 2510 illos
281 2482 315 2509 in
334 2488 405 2508 eum
422 2477 525 2507 locum
543 2474 744 2518 progressuros
761 2474 848 2505 fuifl'e
859 2495 868 2509 ,
892 2483 926 2505 ut
943 2474 1154 2504 vehementius

189 2522 265 2552 odio
287 2520 425 2551 libidinis
452 2528 510 2549 tuae
519 2539 528 2553 ‚
557 2520 647 2560 quam
669 2526 754 2548 metu
770 2517 930 2559 legationis
948 2524 1154 2546 moverentur.

191 2563 299 2595 Nolite
310 2583 318 2597 ‚
330 2572 382 2603 per
391 2562 464 2592 deos
474 2561 673 2592 immortaleis
681 2580 690 2595 ‚
702 2569 807 2601 cogere
816 2560 914 2590 socios
925 2578 934 2594 ,
946 2566 1032 2600 atque
1040 2566 1155 2589 eXteras

589 81 1137 130 M.Tut.1„11*

2002 103 2025 111 ›-

1170 84 1702 135 CICERONIS

1171 165 1309 194 nationes
1319 165 1377 196 hoc
1385 165 1429 196 uti
1439 164 1576 207 perfugio
1588 176 1594 194 ;
1611 174 1684 206 quo,
1697 161 1753 193 nisi
1762 171 1818 193 vos
1829 162 1990 194 vindicatis
1999 183 2008 198 ‚
2020 170 2135 196 utentur

1173 205 1324 244 neccffizrib.
1349 207 1568 247 Lampsacenos
1585 208 1618 237 in
1637 205 1729 236 istum
1747 215 1915 246 numquam
1927 206 1988 236 ulla
1997 217 2041 236 res
2051 209 2138 239 miti·

1173 246 1280 290 gass'et‚
1300 247 1356 279 nisi
1372 260 1443 280 eum
1460 259 1563 290 poenas
1574 252 1684 279 Romae
1694 248 1833 278 daturum
1844 247 2044 279 credidissent.
2068 247 2137 280 Etsi

1176 291 1266 320 talem
1277 301 1448 332 acceperant
1457 292 1600 332 injuriam
1614 300 1721 331 :quam
1730 290 1812 320 nulla
1821 290 1884 330 lege
1895 289 1960 320 satis
1971 289 2062 332 digne
2070 300 2138 331 per-

1177 332 1259 373 sequi
1278 342 1428 373 poterant:
1448 343 1549 364 tamen
1567 331 1766 363 incommoda
1775 331 1823 362 sua
1831 330 1937 362 vestris
1945 334 2138 363 committere

1175 373 1282 415 legibus
1292 395 1300 409 2
1315 375 1476 416 &judiciis
1487 396 1496 410 ‚
1515 375 1608 416 quam
1616 374 1701 404 dolori
1710 374 1763 404 suo
1772 375 1944 413 permittere
1953 374 2138 406 maluerunt.

1178 420 1228 447 Tu
1249 418 1347 451 mihi,
1366 416 1439 448 cum
1457 414 1662 448 circumsessus
1680 415 1696 446 a
1706 425 1765 446 tam
1776 414 1884 446 illustri
1895 417 2015 446 civitate
2025 415 2059 446 sis
2069 426 2139 457 pro-

1177 467 1242 499 pter
1259 468 1347 489 tuum
1363 460 1455 490 scelus
1467 479 1475 493 ,
1493 469 1579 500 atque
1590 457 1738 498 flagitium
1750 468 1755 486 :
1773 455 1844 487 cum
1855 458 1986 497 coegeris
1996 458 2140 489 homines

1180 502 1305 531 miseros
1317 522 1325 535 ‚
1338 502 1370 531 &
1379 502 1568 532 calamitosos
1580 521 1588 535 ,
1606 498 1686 541 quasi
1696 500 1852 539 desperatis
1861 499 1969 530 nostris
1979 501 2094 542 legibus
2105 501 2139 532 δε
2173 530 2175 533 .

1176 543 1309 582 judiciis,
1320 543 1355 574 ad
1366 546 1442 578 vim,
1454 544 1489 574 ad
1500 551 1608 573 manus
1621 563 1629 575 ,
1649 541 1685 572 ad
1695 551 1776 571 arma
1785 540 1945 582 confugere
1959 553 1964 571 :
1985 542 2057 572 cum
2068 552 2095 573 te
2105 545 2139 574 in

1180 585 1298 625 oppidis
1320 586 1352 615 &
1372 586 1542 616 civitatibus
1560 585 1729 615 amicorum
1747 593 1812 613 non
1825 583 1951 624 legatum
1960 585 2066 625 populi
2076 586 2141 616 Ro-

1180 629 1262 657 mani
1274 647 1282 661 ‚
1294 628 1341 658 sed
1351 636 1502 669 tyrannum
1511 626 1711 657 libidinosum
1723 646 1730 660 ,
1742 625 1954 667 crudelemque
1964 626 2137 667 praebueris:

1180 669 1252 699 cum
1262 670 1338 710 apud
1347 679 1461 700 exteras
1472 672 1620 702 nationes,
1633 669 1773 708 imperii,
1787 669 1982 709 nominisque
1994 668 2088 699 nostri
2097 668 2144 699 fa-

1181 721 1263 741 mam
1283 714 1340 742 tuis
1357 712 1474 752 probris
1486 732 1494 746 ,
1516 710 1694 752 flagitiisque
1713 707 1836 740 violaris
1848 720 1853 739 :
1873 708 1947 740 cum
1967 719 1996 741 te
2014 720 2053 740 ex
2062 709 2144 747 ferro

1179 755 1348 785 amicorum
1360 755 1466 794 populi
1477 755 1613 784 Romani
1623 753 1777 792 eripueris,
1789 761 1875 792 atque
1885 751 1901 782 ὲ
1914 751 2036 783 flamma
2047 753 2144 784 socio-

1180 805 1249 825 rum
1268 797 1396 826 evolaris
1408 807 1413 825 :
1433 794 1483 826 hic
1501 796 1556 826 tibi
1574 793 1745 835 perfugium
1766 794 1859 834 speras
1868 793 2027 825 futurum?
2044 798 2140 825 Erras.

1182 846 1214 867 ut
1224 838 1283 867 huc
1293 838 1450 872 incideres,
1462 848 1525 868 non
1535 847 1568 867 ut
1577 835 1625 867 hic
1635 835 1841 876 conquiescens,
1850 836 1896 865 illi
1906 845 1933 866 te
1941 839 2049 866 vivum
2060 839 2143 868 exire

1180 877 1252 919 passi
1264 879 1341 910 sunt.
1379 883 1417 910 Et
1427 882 1478 914 ais,
1490 879 1637 918 judicium
1647 877 1704 908 esse
1713 877 1841 912 factum,
1855 887 1881 908 te
1892 879 2002 918 injuria
2011 881 2142 910 circurn-

1182 919 1290 951 seffnm
1307 920 1366 952 effe
1385 923 1560 962 Lampsaci,
1578 918 1661 961 quod
1681 919 1876 951 Philodamus
1894 919 1965 951 cum
1986 919 2052 951 filio
2069 931 2144 952 con-

1182 963 1340 993 demnatus
1351 962 1390 994 sit.
1415 964 1507 1006 Qid,
1519 961 1539 993 s1
1549 962 1656 997 doceo,
1668 960 1688 992 si
1698 963 1823 1003 planum
1833 961 1922 996 facio,
1934 961 2005 993 teste
2015 964 2145 994 homine

1183 1015 1311 1046 nequam
1328 1026 1336 1040 ,
1358 1004 1464 1036 verum
1474 1006 1509 1036 ad
1521 1007 1596 1035 hanc
1607 1014 1671 1035 rem
1688 1013 1789 1034 tamen
1804 1004 1919 1035 idoneo
1938 1005 1978 1043 (te
1994 1005 2077 1045 ipso,
2095 1007 2146 1036 in—

1182 1057 1271 1088 quam
1284 1068 1291 1081 ‚
1302 1047 1373 1078 teste
1384 1047 1511 1089 docebo)
1524 1057 1551 1077 te
1561 1048 1649 1086 hujus
1659 1048 1772 1076 circum
1778 1044 1908 1077 seffionis
1916 1056 1974 1077 tuae
1984 1048 2100 1078 causam
2112 1047 2146 1079 86

1181 1089 1301 1129 culpam
1322 1088 1378 1120 6in
1395 1091 1470 1120 alios
1484 1086 1662 1120 transtuliss'e
1675 1091 1684 1117 ?
1705 1098 1801 1129 neque
1812 1090 1844 1118 in
1854 1098 1906 1118 eos
1916 1110 1925 1122 ,
1945 1099 2023 1129 quos
2032 1098 2064 1119 tu
2074 1088 2147 1119 infi-

1185 1131 1325 1166 mulaius,
1335 1130 1394 1162 effe
1403 1131 1667 1162 animadversum?
1687 1130 1748 1169 jam
1760 1131 1838 1159 nihil
1848 1131 2034 1170 rejudicium
2046 1133 2146 1162 Nero-

1184 1174 1233 1202 nis
1249 1173 1376 1213 adjuvat.
1408 1175 1514 1204 Recita
1531 1183 1602 1214 quas
1613 1172 1648 1202 ad
1657 1174 1816 1202 Neronem
1826 1172 1933 1202 litteras
1945 1172 2034 1203 misit.
2067 1176 2145 1204 Em-

1183 1225 1287 1245 sronA
1316 1225 1346 1245 c.
1368 1225 1490 1247 visurus
1507 1224 1552 1244 An
1572 1223 1749 1244 NERONEM.
1776 1223 2061 1245 1⁴HEM1ser0RAs
2071 1236 2080 1249 ‚
2105 1225 2146 1246 ar

1183 1266 1382 1288 THESSALUS.
1406 1256 1686 1298 Themistagoram,
1709 1256 1741 1286 &
1753 1254 1928 1286 Theffalum
1937 1257 2040 1288 scribis
2048 1267 2148 1298 popu-

1184 1300 1249 1328 lum
1268 1298 1435 1330 concitafl'e.
1468 1302 1569 1340 Quem
1579 1298 1748 1339 populum?
1766 1300 1819 1338 qui
1830 1307 1858 1328 te
1868 1299 2075 1330 circumsedit:
2093 1301 2147 1340 qui

1185 1350 1212 1371 te
1223 1343 1329 1372 vivum
1341 1342 1518 1372 comburere
1527 1349 1649 1372 conatus
1659 1339 1712 1370 est.
1736 1339 1799 1369 Ubi
1809 1341 1863 1370 hos
1872 1341 2056 1382 persequeris
2068 1343 2080 1370 ?
2094 1341 2148 1372 ubi

1184 1384 1319 1414 accusas?
1338 1384 1391 1414 ubi
1409 1383 1524 1423 defendis
1535 1383 1584 1422 jus
1596 1403 1604 1417 ‚
1626 1392 1777 1423 nomenque
1794 1381 1883 1422 legati
1894 1386 1905 1411 ἓ
1928 1385 1964 1413 In
1976 1382 2148 1414 Philodami

1181 1425 1299 1465 judicio
1320 1425 1400 1456 dices
1419 1426 1450 1456 id
1470 1424 1582 1456 :ustum-
1614 1423 1696 1455 Cedo
1707 1424 1785 1453 mihi
1798 1424 1885 1464 ipsius
1896 1427 1998 1455 Verris
2008 1424 2149 1455 testimo-

1185 1469 1283 1497 nium.
1316 1468 1473 1498 videamus
1484 1488 1492 1501 ‚
1512 1466 1584 1508 quid
1596 1466 1678 1496 idem
1690 1465 1743 1496 iste
1755 1467 1863 1503 juratus
1874 1466 1992 1497 dixerit.
2029 1469 2144 1498 Recita.

1186 1512 1255 1538 „AB
1284 1510 1630 1539 „ACC‘UStATORE
1662 1509 1907 1538 ROGtATvS
1937 1509 2151 1539 RESPON-

1188 1553 1280 1585 DIT,
1315 1554 1372 1580 IN
1393 1554 1485 1581 HOC
1503 1551 1716 1590 JUDICIO
1739 1552 1844 1580 NON
1866 1551 2149 1594 PERSEQJI:

1186 1594 1293 1623 SIBI
1313 1596 1370 1622 IN
1390 1594 1569 1623 „ANIMO
1594 1592 1717 1622 ESSE
1737 1594 1868 1622 «ALIO
1902 1594 2149 1624 TEMPORE

1187 1638 1209 1665 P
1219 1638 1243 1665 E
1254 1639 1278 1665 R
1288 1636 1308 1665 S
1319 1639 1343 1665 E
1353 1636 1421 1676 Q)
1431 1639 1457 1665 I.
1489 1634 1570 1677 Qid
1591 1635 1682 1675 igitur
1700 1643 1727 1664 te
1737 1635 1822 1674 juvat
1833 1635 2151 1675 Neronisjudicium?

1186 1677 1259 1719 quid
1269 1678 1439 1708 Philodami
1450 1677 1604 1709 damnatio
1614 1678 1758 1718 ?Legatus
1769 1675 1840 1707 cum
1850 1675 1920 1707 effet
1929 1674 2108 1707 circumseff
2104 1686 2148 1710 us,

1186 1730 1328 1761 cumque,
1340 1719 1600 1761 quemadmodum
1613 1727 1673 1748 tute
1684 1718 1719 1748 ad
1729 1721 1886 1748 Neronem
1895 1717 2041 1759 scripsisti,
2053 1728 2152 1759 popu·

1188 1762 1218 1792 lo
1231 1765 1375 1793 Romano
1384 1763 1605 1802 communique
1613 1760 1705 1790 causa:
1716 1760 1881 1801 legatorum
1891 1759 1966 1791 faeta
1979 1759 2051 1791 esset
2066 1761 2152 1800 inju-

1187 1807 1229 1835 ria
1240 1803 1362 1846 insignis
1375 1815 1381 1834 ι
1393 1815 1458 1834 non
1469 1813 1499 1834 es
1508 1804 1676 1844 persecutus
1689 1813 1694 1831 :
1709 1801 1785 1832 dicis
1795 1802 1850 1832 tibi
1861 1804 1895 1833 in
1905 1805 2011 1833 animo
2022 1800 2080 1834 effe
2089 1803 2151 1833 alio

1188 1856 1324 1887 tempore
1342 1848 1488 1888 persequi.
1517 1844 1608 1887 Qod
1618 1843 1676 1874 fuit
1684 1843 1714 1874 id
1726 1847 1864 1884 tempus?
1882 1845 2004 1886 quando
2013 1854 2044 1875 es
2052 1845 2152 1885 perse-

1188 1899 1274 1919 cutus
1286 1891 1296 1918 ?
1316 1899 1368 1919 cur
1385 1887 1570 1919 imminuisti
1583 1888 1632 1927 jus
1651 1887 1829 1926 legationis?
1849 1897 1900 1917 cur
1918 1888 2034 1918 causam
2044 1886 2153 1927 populi

1189 1933 1325 1961 Romani
1334 1930 1499 1964 deseruisti,
1511 1940 1542 1960 ac
1551 1928 1723 1970 prodidisti?
1747 1938 1800 1958 cur
1809 1930 1933 1965 iniurias
1944 1937 2008 1959 tuas
2017 1949 2026 1964 ,
2038 1930 2154 1968 conjun-

1192 1972 1250 2002 Chu
1260 1984 1323 2003 cum
1330 1972 1455 2015 publicis,
1468 1970 1636 2013 reliquisti?
1658 1973 1733 2000 Non
1744 1978 1771 2000 te
1781 1970 1815 2001 ad
1826 1971 1962 2001 senatum
1972 1971 2088 2002 causam
2098 1969 2154 2001 de-

1190 2015 1265 2045 ferre
1277 2027 1282 2045 z
1296 2026 1361 2045 non
1371 2014 1407 2045 de
1418 2024 1478 2045 tam
1489 2013 1639 2045 atrocibus
1649 2013 1770 2053 injuriis
1780 2014 1924 2054 conqueri
1936 2024 1942 2043 :
1957 2023 2022 2044 non
2033 2022 2084 2043 eos
2093 2013 2153 2044 ho-

1192 2059 1290 2087 mines
1301 2077 1310 2091 ,
1330 2059 1382 2099 qui
1393 2057 1542 2098 populum
1553 2057 1752 2088 concitarant,
1772 2055 1934 2085 consulum
1952 2055 2061 2085 litteris
2078 2064 2154 2085 evo-

1190 2099 1303 2130 candos
1311 2110 1411 2130 curare
1422 2100 1555 2139 oportuit
1566 2100 1577 2127 ?
1596 2100 1703 2136 Nuper
1711 2115 1720 2130 ‚
1741 2098 1787 2126 M.
1799 2096 1923 2126 Aurelio
1932 2099 2041 2127 Scauro
2048 2095 2154 2137 postu-

1191 2142 1270 2171 lante
1280 2161 1289 2175 ,
1310 2140 1393 2182 quod
1411 2142 1437 2170 is
1455 2137 1561 2180 Ephesi
1570 2139 1598 2169 se
1607 2136 1786 2179 quaestorcm
1796 2140 1826 2168 vi
1836 2138 2025 2178 prohibitum
2037 2136 2095 2169 effe
2105 2138 2154 2168 di-

1192 2183 1273 2214 cebat
1284 2204 1293 2216 ‚
1305 2193 1366 2223 quo
1377 2184 1481 2212 minus
1491 2182 1507 2211 ἐ
1517 2180 1589 2211 fano
1599 2182 1704 2210 Dianae
1713 2180 1831 2210 servum
1843 2180 1930 2210 suum
1942 2201 1950 2213 ,
1971 2182 2023 2221 qui
2033 2179 2153 2211 inillud

1191 2225 1305 2265 asylum
1324 2222 1503 2264 confugisset
1513 2243 1521 2257 ‚
1539 2222 1711 2252 abduceret:
1735 2223 1860 2252 Pericles
1872 2221 2014 2262 Ephesius
2023 2242 2032 2256 ‚
2054 2223 2153 2253 homo

1191 2264 1405 2299 nobilissimus,
1417 2268 1551 2296 Romam
1561 2273 1699 2294 evocatus
1709 2263 1751 2294 est
1762 2284 1770 2297 ‚
1784 2262 1867 2305 quod
1876 2263 1978 2294 audior
1986 2265 2104 2305 injuriae
2114 2264 2153 2294 il-

1191 2309 1250 2338 lius
1258 2306 1346 2338 fuifl'e
1354 2316 1530 2349 argueretur.
1553 2309 1614 2339 Tu,
1627 2304 1647 2335 si
1659 2314 1686 2336 te
1694 2306 1826 2347 legatum
1834 2308 1875 2336 ita
1883 2307 2039 2347 Lampsaci
2047 2305 2154 2336 naasta-

1193 2359 1259 2380 tum
1269 2348 1326 2379 esse
1338 2370 1346 2383 ,
1359 2350 1493 2380 senatum
1504 2346 1651 2379 docuisses
1659 2368 1666 2381 ‚
1678 2357 1711 2377 ut
1720 2350 1764 2378 tui
1775 2349 1902 2378 comites
1912 2349 2151 2383 vulnerarentur.

1192 2391 1283 2422 lictor
1301 2391 1485 2422 occideretur
1495 2411 1503 2425 ‚
1534 2390 1596 2431 ipse
1613 2389 1820 2421 circumsess'us
1837 2390 1922 2430 paene
1940 2389 2152 2421 incendefere:

1194 2434 1257 2473 ejus
1267 2443 1366 2464 autern
1379 2436 1420 2463 rei
1429 2433 1530 2466 duces,
1541 2437 1555 2461 7
1566 2432 1599 2462 &
1607 2432 1754 2465 auctores,
1766 2432 1800 2463 &
1808 2433 1958 2472 principes
1965 2430 2064 2466 fuisse,
2075 2440 2153 2473 quos

1194 2475 1307 2509 scribis,
1319 2475 1591 2516 Themistagoram,
1605 2474 1637 2504 &
1647 2472 1824 2505 Thefi'alum
1836 2485 1841 2502 z
1860 2476 1926 2515 quis
1936 2484 2000 2505 non
2009 2483 2154 2505 commo-

1193 2521 1331 2548 veretur?
1350 2528 1410 2558 qtm
1420 2529 1471 2548 non
1481 2528 1515 2546 ex
1525 2517 1632 2556 injuria
1642 2537 1650 2550 ‚
1669 2527 1728 2558 qua
1738 2515 1793 2545 ribi
1802 2514 1950 2555 effietfai'ba
1961 2537 1969 2550 ,
1983 2515 2040 2557 fibi
2051 2515 2155 2558 provi-

1193 2559 1288 2590 deret?
1305 2562 1373 2602 quis
1384 2562 1492 2590 nonin
1503 2569 1535 2590 ea
1544 2569 1574 2590 re
1582 2559 1697 2590 causam
1708 2568 1787 2590 tuam
1799 2578 1807 2593 ‚
1827 2558 1998 2600 periculum
2009 2567 2154 2589 commu-

2059 2610 2098 2630 ne
2108 2609 2157 2642 agi

231 2709 255 2726 i.
274 2702 406 2733 eduxiliia,
412 2704 514 2734 pectem’a
522 2703 611 2736 nefarie
620 2703 800 2737 oppugnatum]
813 2702 982 2728 Hotomanus
993 2710 1152 2738 expungen-

190 2736 256 2763 dam
267 2737 375 2773 putabat
379 2741 483 2771 pecunia
490 2751 499 2771 ,-
511 2738 552 2765 sed
563 2749 610 2765 nos
621 2739 779 2766 retinuimus
792 2758 801 2771 ,
812 2738 883 2776 quod
894 2739 1010 2766 exstaret
1018 2738 1046 2766 in
1057 2738 1150 2765 nostris

189 2773 219 2800 ὅ(
232 2782 286 2800 vet.
298 2773 340 2800 ed.
351 2783 436 2810 neque
447 2773 575 2801 Asconius
585 2776 740 2802 contrairet.

232 2812 315 2844 2.N1fi
322 2811 415 2836 libidini
424 2817 467 2836 tuae
476 2812 645 2846 rupiditatique
653 2811 881 2846 paruerit,]Pa›-ere
891 2810 961 2838 enirn
972 2810 1030 2837 heic
1039 2810 1151 2848 positum

192 2854 243 2907 pro
261 2854 386 2880 apparere.
405 2854 511 2883 apparet
521 2855 609 2874 autem
621 2848 696 2875 alicui
708 2848 729 2874 is
741 2849 785 2884 qui
797 2848 832 2876 est
842 2847 944 2875 satelles
954 2847 976 2882 ej
982 2857 1010 2875 us
1023 2866 1032 2880 ,
1051 2848 1097 2884 qui
1107 2846 1153 2874 ad-

205 2882 270 2909 ecla.
291 2881 352 2908 inde
362 2886 519 2916 apparitores.

208 2953 215 2959 ,
232 2926 247 2959 Ξ
253 2938 258 2944 .
277 2920 360 2944 Recita
367 2927 397 2945 εκ
406 2919 483 2945 Verris
491 2920 576 2946 litteris
584 2921 634 2951 elye.
646 2921 679 2947 ad
686 2924 714 2947 C.
725 2921 864 2957 Neronem]
880 2922 952 2948 Tota
961 2920 1014 2948 haec
1024 2920 1093 2947 linea
1104 2930 1153 2947 un-

193 2962 230 2980 cis
242 2953 443 2986 incluffi‚111a11at
455 2956 469 2981 ἐι
481 2955 634 2991 conjectura
646 2958 825 2991 Hotomanni,
837 2958 863 2985 in
874 2957 949 2985 nullo
959 2957 1096 2985 invenitur
1107 2956 1154 2984 ms.

192 2997 239 3018 aut
251 2991 376 3017 vetustius
386 2990 470 3017 edito.

231 3035 259 3066 ξπ.
279 3028 434 3059 Larnsgsizcem'
442 3029 591 3062 civesfaccre
601 3031 748 3056 conabantur
758 3034 768 3057 ,7
777 3030 873 3065 deficere
883 3031 933 3062 (ἆγε,
944 3031 1054 3057 volebant
1065 3030 1091 3064 ?]
1113 3029 1155 3055 Sic

194 3062 303 3098 quidem
316 3062 396 3098 vulgo
406 3063 611 3100 publicatur,sed
621 3073 715 3101 practer
727 3073 793 3093 vett.
804 3066 865 3093 edd.
875 3067 903 3092 δε
915 3066 1062 3093 1³:111.iniis
1073 3066 1156 3098 enim,

194 3099 349 3140 Lampsaceni
359 3100 530 3133 civitasfacere
539 3103 686 3128 conabamur
696 3106 706 3128 ,ἲ
725 3103 820 3136 deficere
832 3103 884 3134 &aa
901 3104 1006 3129 volebat.
1027 3101 1095 3129 unde
1106 3101 1137 3128 fit
1149 3121 1156 3133 ,

194 3142 225 3163 ut
234 3135 350 3164 aubitror
360 3144 424 3164 voce
435 3136 558 3167 transsata
565 3137 710 3174 legendum
721 3148 727 3167 2
740 3139 982 3175 Lanoefizceniskcert
991 3140 1141 3167 conabantur
1152 3142 1162 3166 .⁷

1192 2704 1280 2727 civitas
1290 2702 1384 2737 deficere
1392 2704 1443 2735 (ly-,t
1462 2705 1556 2729 ‘volebat
1566 2707 1577 2730 ἓ
1595 2713 1646 2730 non
1657 2702 1737 2740 longe
1752 2702 1784 2729 ab
1794 2702 1840 2729 hac
1851 2702 1980 2738 scriptura
1988 2700 2085 2728 abeunt
2095 2697 2154 2726 mss‘.

2166 888 2206 923 33

1193 2747 1259 2774 quos
1277 2738 1366 2766 laudat
1387 2741 1557 2766 Hotomanus
1569 2759 1576 2772 ,
1596 2739 1638 2766 sed
1657 2739 1755 2766 abeunt
1774 2746 1872 2766 tamen.
1891 2737 1977 2765 edidit
1988 2735 2154 2764 Lambinus:
2181 2757 2185 2759 .

1192 2775 1355 2808 Lampsacena
1372 2779 1460 2802 ci'vitas·
1471 2778 1554 2809 facere
1570 2778 1721 2802 conabatur?
1737 2775 1833 2810 deficere
1848 2776 1997 2807 &volebam
2017 2771 2156 2809 quomodo

1194 2810 1270 2837 fuisse
1280 2812 1306 2838 in
1319 2812 1461 2846 Cujaciano
1472 2812 1611 2839 annotavit
1621 2811 1795 2838 Gulielmius.

1233 2856 1259 2881 5.
1278 2851 1374 2874 Domum
1383 2848 1554 2882 concurret-en]
1567 2848 1659 2875 Editio
1669 2848 1723 2875 anti
1745 2856 1805 2874 nata
1815 2852 1978 2874 concurrerent
1989 2865 1998 2879 ,
2008 2843 2078 2882 quod
2088 2843 2116 2870 &
2125 2843 2162 2872 in

1195 2883 1252 2910 Pal.
1263 2894 1303 2920 pr.
1314 2892 1341 2911 at
1351 2885 1443 2919 Cujac.
1453 2888 1599 2911 concurrerit
1610 2904 1618 2917 ,
1628 2884 1700 2920 quod
1709 2858 1813 2911 admisit
1824 2883 1980 2910 Lambinus.
2142 2878 2153 2887 ⁴

1230 2920 1258 2946 6.
1277 2924 1306 2947 In
1316 2923 1375 2947 alios
1383 2922 1526 2955 transtulisse
1537 2922 1561 2955 ἓ]
1581 2920 1729 2947 Lambinus
1741 2940 1749 2952 ‚
1769 2920 1905 2953 contuliffc?
1923 2927 1957 2945 ex
1969 2916 2085 2944 Asconio
2097 2935 2106 2949 ‚
2124 2920 2158 2944 ut
2182 2946 2185 2951 ι

1196 2956 1225 2981 δί
1236 2966 1300 2983 mox
1313 2976 1321 2989 ,
1339 2958 1482 2991 insimularis
1494 2976 1502 2989 ‚
1522 2966 1570 2993 pro
1581 2957 1669 2983 nostro
1687 2958 1848 2991 insimularas.
1868 2954 1918 2981 Sed
1930 2964 1980 2990 ego
1991 2953 2050 2980 saue
2060 2952 2157 3014 usque-

1196 3002 1301 3029 quaque
1319 3003 1370 3020 non
1390 2992 1490 3030 possum
1509 2992 1636 3019 accedere
1644 2992 1760 3019 Asconio
1771 3012 1779 3024 ‚
1798 2998 1892 3028 utpote
1902 2992 1948 3027 qui
1957 3000 1978 3017 ae
1999 2999 2030 3016 ue
2040 2990 2092 3016 inci
2114 2996 2159 3016 ere

1197 3029 1315 3065 potuerit
1326 3030 1352 3055 in
1364 3038 1524 3065 mangonum
1537 3028 1668 3065 improbas
1680 3037 1816 3060 nianus‚ac
1825 3028 1939 3064 quilibet
1951 3037 1982 3064 pa
2003 3036 2040 3052 im
2050 3024 2156 3052 auctor.

1233 3073 1261 3100 7.
1283 3069 1316 3092 Et
1326 3068 1432 3092 aut‘loree
1444 3085 1452 3098 ‚
1462 3066 1718 3100 &principesfiuffi.]
1730 3065 1782 3091 Vix
1793 3064 1969 3091 dubitandum
1980 3063 2027 3095 est,
2039 3062 2103 3098 quin
2115 3069 2160 3087 re-

1199 3101 1330 3129 stituenda
1338 3102 1428 3129 veniat
1439 3101 1496 3131 mss.
1510 3102 1661 3132 nostrorum
1671 3102 1754 3130 trium
1763 3103 1791 3129 &
1803 3108 1872 3130 vett.
1881 3100 1943 3129 edd.
1953 3099 2035 3128 leffio
2046 3118 2055 3131 ‚
2072 3098 2101 3124 &
2111 3105 2160 3123 au·

1201 3141 1274 3166 c'lores
1279 3141 1410 3173 principes.

2036 3178 2047 3199 ι
2055 3189 2061 3197 .
2071 3171 2101 3196 L.
2111 3170 2162 3196 Ro-
