2297 3389
756 115 955 162 Ltnl.

164 207 203 230 ne
223 197 268 238 agi
297 192 501 225 arbitraretur?
530 188 652 221 Etenim
685 191 717 218 N
727 192 750 217 O
761 190 801 219 M
811 191 834 219 E
847 191 878 218 N
908 192 934 219 L
946 192 970 219 Ε
982 191 1009 219 G
1019 193 1057 219 A
1068 193 1118 221 TI
1129 212 1136 225 ,

165 236 446 278 vaSMODl
474 232 593 263 ESSE
624 232 816 264 DEBET‚
846 231 928 272 quod
952 242 1015 261 non
1041 233 1136 263 modo

166 283 244 311 inter
253 279 405 309 sociorum
414 275 478 315 jura
488 295 496 308 ‚
515 274 564 305 sed
575 275 666 304 etiam
677 276 756 303 inter
765 272 899 303 hostium
913 273 969 303 tela
977 274 1135 304 incolume

107 331 122 365 3
134 331 152 363 4
166 321 304 353 versetur.
349 319 498 359 Magnum
520 318 578 350 hoc
597 316 838 356 Lampsacenum
850 317 966 344 crimen
977 314 1020 344 est
1032 315 1135 345 libidi-

166 365 225 396 nis,
237 371 324 402 atque
334 357 559 399 improbissima
573 357 753 398 cupiditatis.
781 358 903 397 accipite
916 367 996 386 nunc
1005 357 1137 385 avaritia

165 402 387 448 propemodum
406 402 440 431 in
460 401 512 430 suo
533 410 641 441 genere
661 410 724 429 non
742 400 850 429 levius.
874 396 1011 428 Milesios
1024 408 1133 428 navem

165 446 316 490 poposcit,
339 453 404 484 quae
414 453 486 473 eum
497 441 622 482 praesidii
634 442 716 472 causa
734 441 884 481 Myndum
895 441 1133 481 prosequeretur.

23 323 26 334 l

2 360 30 376 ‘k

27 384 38 398 1,

46 461 55 567 ἔ
163 540 248 572 atque
258 537 405 559 armatum
425 527 581 557 dederunt.
615 529 683 556 Hoc
703 523 838 566 praesidio
857 524 1012 565 Myndum
1031 524 1132 565 profe—

164 615 200 646 de
212 614 312 645 sumtu
322 614 355 642 in
365 611 540 644 adventurn,
551 610 587 640 de
607 610 776 640 contumeliis
785 630 793 642 ‚
822 609 983 647 &injuriis
995 610 1028 638 in
1043 610 1137 649 magi-

164 656 287 688 stratum
298 652 451 684 Milesium
464 674 471 687 ‚
485 651 599 683 tametsi
611 653 671 682 dici
683 661 748 682 tum
759 651 828 680 vere
839 671 847 684 ‚
859 659 924 680 tum
937 659 1063 691 graviter
1077 671 1084 684 2
1103 650 1136 680 δε

117 710 120 711 ’
163 699 361 730 vehementer
370 694 485 736 potest,
511 705 611 725 tamen
622 694 718 724 dicere
729 694 970 733 praetermittam:
990 703 1082 733 eaque
1101 702 1137 722 0-

166 738 380 772 mniatestibus
392 740 505 778 integra
514 736 677 767 reservabo.
708 735 784 765 illud
793 755 801 768 ,
826 733 908 775 quod
928 744 1026 775 neque
1046 735 1134 764 taceri

164 825 281 855 Milites
289 843 298 857 ‚
319 824 503 862 remigesque
513 821 657 850 Miletum
670 819 788 859 Myndo
796 817 909 861 pedibus
920 819 1024 848 reverti
1031 816 1113 856 jubet
1122 829 1133 845 .-

165 909 292 940 navibus
304 905 432 937 ereetum
442 926 450 938 ,
467 906 503 935 L.
516 906 634 945 Magio,
652 904 685 933 &
697 908 705 923 ¹
719 905 755 933 L.
765 902 865 933 Rabio
874 923 882 936 ,
894 905 946 943 qui
959 902 1069 942 Myndi
1078 903 1132 932 ha-

162 950 297 981 bitabant
307 969 316 981 ,
328 947 474 978 vendidit.
508 949 550 976 Hi
562 947 629 976 sunt
638 947 780 975 homines
793 965 801 979 ‚
821 954 897 985 quos
910 954 1003 984 nuper
1013 945 1131 974 senatus

164 995 197 1023 in
208 991 342 1022 hostium
354 998 485 1019 numero
496 988 647 1018 habendos
658 988 785 1018 censuit.
809 988 867 1016 hoc
885 987 932 1015 illi
952 988 1074 1025 navigio
1095 986 1130 1016 ad

163 1035 284 1066 omneis
295 1031 400 1072 populi
411 1033 451 1062 R.
464 1029 576 1060 hosteis
589 1030 681 1071 usque
691 1029 726 1059 ab
738 1031 853 1059 Dianio
866 1048 873 1062 ,
885 1028 967 1069 quod
978 1030 1011 1057 in
1024 1028 1132 1068 Hispa-

164 1078 216 1107 nia
224 1074 266 1106 est
276 1094 284 1108 ,
309 1077 323 1093 ²
335 1073 369 1103 ad
379 1075 525 1113 Sinopem
536 1092 544 1105 ,
566 1082 633 1112 quae
643 1074 676 1102 in
686 1074 783 1102 Ponto
794 1069 847 1103 est,
859 1072 1083 1112 navigaverunt.
1105 1073 1131 1100 O

165 1204 289 1236 vitas,ut
298 1209 326 1230 te
335 1197 751 1244 prosequentumdediss'enaus
748 1207 779 1226 us
789 1207 818 1226 es
829 1195 959 1227 vendere
971 1199 1019 1227 ?Si
1030 1205 1057 1225 te
1069 1206 1133 1227 ma-

0 1235 12 1255 ³
32 1249 55 1281 ,Γ
88 1259 96 1266 -
164 1243 294 1287 gnitudo
312 1242 471 1274 maleficii,
493 1239 707 1270 fitehominum
718 1237 962 1274 exlstimationon
973 1238 1129 1268 movebat:
1150 1253 1151 1257 =

48 1319 53 1329 1
165 1297 205 1317 ne
215 1284 291 1316 illud
299 1284 424 1325 quidem
434 1282 592 1324 cogitabas,
605 1283 696 1321 hujus
707 1279 920 1320 improbiffimi
929 1281 1000 1310 furti
1013 1301 1021 1314 ,
1049 1283 1061 1307 3
1073 1279 1131 1310 sive

35 1340 53 1358 a

149 1454 156 1460 ⁸
164 1456 247 1485 tiarat
257 1472 266 1485 ,
286 1449 522 1482 animadvertere
533 1458 585 1494 ευρ
596 1458 698 1490 rogatu
706 1458 830 1479 conatus
841 1447 882 1478 est
894 1468 902 1481 ,
931 1450 1130 1479 renuntiatio-

165 1504 297 1535 nemque
315 1493 340 1533 ej
345 1502 379 1522 us
390 1512 398 1526 ‚
414 1501 479 1533 qua:
491 1501 551 1522 erat
559 1493 591 1521 in
595 1490 725 1534 publicas
733 1490 844 1520 litteras
853 1491 942 1521 relata
951 1490 1076 1520 illorum
1086 1491 1130 1520 le-

167 1537 252 1583 gibus
263 1557 271 1570 ,
294 1535 360 1565 tolli
374 1534 513 1575 jufferat:
532 1533 646 1565 idcirco
662 1537 680 1560 4
691 1542 718 1563 te
738 1543 776 1563 ex
793 1534 987 1563 bocci-lmine
997 1533 1128 1572 elapsum

0 1488 16 1636 ‘'¹771“F*
1 1447 14 1466 Υ
0 1331 13 1424 ?.'‚2‹¹⁴1

33 1582 37 1587 ⁷
32 1459 34 1475 Ν
32 1392 44 1401 ζ

170 1621 276 1652 multis
292 1621 324 1650 in
343 1619 428 1649 locis.
451 1619 568 1658 semper
585 1620 671 1649 enim
686 1616 884 1651 existimasti,
905 1617 938 1647 &
949 1616 1084 1647 maxime
1095 1618 1129 1647 in

169 1703 191 1735 si
200 1702 356 1735 autreferri
367 1702 480 1744 aliquid
491 1705 523 1732 in
533 1703 644 1733 litteras
652 1702 786 1743 publicas
796 1700 935 1732 vetuiss'es
950 1711 955 1730 :
975 1710 1035 1734 aut,
1047 1701 1129 1742 quod

167 1747 293 1778 relatum
304 1743 391 1778 efl’et,
411 1745 480 1774 tolli
489 1743 642 1786 co'e'giffes.
676 1746 744 1775 Hoc
754 1754 845 1785 quam
856 1744 935 1773 nihil
944 1741 978 1773 sit
989 1763 997 1777 ‚
1018 1742 1131 1773 tametsi

169 1798 210 1820 ex
232 1788 338 1818 multis
353 1787 462 1818 Siciliae
479 1787 648 1818 civitatibus
664 1788 762 1827 priore
780 1785 899 1816 afflone
916 1784 1067 1819 didicisti,
1089 1794 1132 1816 ta-

163 1840 244 1862 men
261 1831 354 1860 etiam
373 1831 407 1859 in
423 1829 478 1859 hac
493 1829 553 1868 ipsa
569 1830 690 1859 civitate
707 1828 864 1869 cognosce.
903 1831 980 1858 Sunt
999 1828 1045 1857 illi
1063 1829 1131 1869 qui—

171 1871 243 1904 dem
253 1870 326 1901 disto
335 1871 498 1904 audientes,
517 1870 661 1911 quamdiu
669 1870 776 1901 adsunt
785 1871 807 1900 ii
819 1889 828 1902 ‚
848 1871 900 1910 qui
911 1872 1071 1910 imperant.
1095 1868 1132 1899 si-

172 1914 274 1945 mulac
291 1910 500 1947 discess'erunt3
528 1922 595 1942 non
612 1911 714 1942 solum
732 1911 809 1942 illud
827 1912 1029 1951 perscribunt,
1049 1911 1131 1952 quod

170 1965 238 1987 tum
245 1954 390 1996 prohibiti
401 1953 486 1987 sunt,
506 1953 555 1983 sed
566 1955 657 1984 etiam
666 1954 781 1984 causam
792 1953 963 1983 adscribunt
976 1973 984 1986 ,
1006 1963 1058 1982 cur
1067 1963 1132 1983 non

171 2048 256 2072 nent,
269 2039 312 2072 &‚
325 2037 400 2068 dum
409 2038 465 2066 erit
474 2037 526 2066 illa
534 2039 649 2071 civitas,
660 2036 834 2066 manebunt.
859 2038 975 2065 Decem
986 2037 1070 2066 enim
1081 2046 1133 2066 na-

168 2083 232 2112 veis
241 2079 321 2121 jufl'u
333 2081 370 2109 L.
382 2081 518 2108 Murenae
527 2079 657 2119 populus
677 2077 812 2108 Milesius
830 2076 888 2107 ⁶ex
903 2078 1023 2120 pecunia
1042 2077 1132 2107 vesti-

164 2124 230 2166 gati
240 2121 345 2163 populi
354 2123 448 2151 Rom.
459 2119 566 2151 fecerat
577 2140 586 2154 ‚
607 2119 681 2150 sicut
695 2130 749 2160 pro
767 2121 815 2150 sua
832 2130 955 2160 quaeque
965 2129 1045 2160 parte
1055 2118 1131 2150 Asiae

168 2207 285 2238 donum
304 2206 462 2245 repentino
479 2204 607 2235 adventu
619 2224 626 2238 ‚
647 2203 696 2234 sed
715 2204 802 2246 legati
827 2204 986 2234 latrocinio
997 2215 1006 2237 3
1026 2213 1090 2233 non
1100 2205 1131 2233 vi

169 2247 371 2290 tempestatis,
393 2246 442 2277 sed
453 2247 507 2276 hac
519 2246 658 2277 horribili
668 2244 839 2286 tempestate
848 2245 1018 2278 sociorum,
1041 2246 1132 2275 amis-

169 2291 231 2322 sam
249 2311 258 2325 ‚
278 2292 312 2320 in
330 2289 439 2319 litteras
456 2288 591 2329 publicas
610 2288 787 2318 retulerunt.
820 2290 896 2318 Sunt
916 2290 1026 2317 Romae
1044 2288 1131 2329 legati

169 2331 299 2367 Milesii,
320 2332 462 2361 homines
479 2329 678 2364 nobiliffimi,
698 2340 732 2360 ac
741 2331 889 2370 principes
899 2331 1045 2359 civitatis:
1065 2331 1127 2370 qui,

169 2372 285 2406 tametsi
303 2379 318 2403 7
328 2373 463 2403 mensem
484 2372 680 2403 Februarium
691 2393 699 2406 2
724 2372 757 2402 δε
778 2374 802 2402 C
812 2381 831 2401 o
843 2382 855 2402 s
867 2382 890 2401 s.
909 2370 1128 2412 designatorum

168 2425 285 2448 nornen
295 2414 485 2457 exspeEtant3
503 2423 605 2445 tamen
621 2415 680 2444 hoc
690 2423 808 2444 tantum
819 2412 936 2443 facinus
956 2423 1021 2443 non
1033 2413 1129 2443 modo

167 2468 273 2501 negare
283 2458 454 2497 interrogati
466 2476 474 2489 ‚
495 2457 544 2487 sed
554 2467 593 2486 ne
602 2455 742 2496 produffi
753 2455 877 2497 quidem
888 2457 1009 2485 reticere
1022 2464 1129 2495 potue-

133 2531 137 2534 ,
168 2509 256 2532 runt:
276 2501 396 2533 dicent,
416 2500 542 2539 inquam
556 2519 565 2532 ‚
587 2498 759 2538 &religione
767 2496 902 2531 adducti,
921 2496 1130 2533 domesticarum

168 2541 262 2583 legum
272 2549 365 2575 metu,
382 2540 518 2582 quidillo
528 2550 713 2581 myoparone
722 2539 837 2570 facium
848 2537 889 2569 sit.
915 2539 1073 2569 ostendent
1093 2542 1125 2570 C.

115 2584 122 2593 ⁶
169 2586 296 2615 Verrem
312 2585 345 2613 in
355 2581 440 2613 claffe
453 2603 461 2616 ‚
478 2592 544 2623 qua:
553 2592 656 2612 contra
664 2584 770 2622 piratas
779 2580 981 2615 aedificatam,
1003 2583 1126 2621 piratam

98 2706 111 2713 s

1008 130 1076 160 IN
1128 115 1510 162 C.VERREM

165 490 215 521 Illi
231 487 329 518 statim
349 495 569 525 myoparonem
588 485 742 525 egregium
753 483 789 513 de
800 483 848 513 sua
856 481 941 512 clall'e
953 503 961 515 ,
982 491 1132 516 ornatum,
1156 484 1158 510 :

164 573 229 604 stus
239 570 290 602 est.
322 573 402 600 Nam
417 590 424 602 ‚
448 568 521 610 quid
534 566 659 598 Milesiis
669 568 734 597 i'anae
741 566 858 608 publica
867 566 1021 597 abstulerit
1035 587 1043 600 ‚
1061 569 1136 596 item
1156 591 1157 602 2

164 783 229 814 ullo
248 781 364 814 modo,
388 790 484 820 neque
505 779 564 809 dici
583 788 637 818 pro
657 777 801 818 dignitate
817 775 932 816 potest,
952 777 1133 817 cognoscite.
1153 781 1155 803 Ξ

163 867 226 908 ipse
243 874 463 905 myoparonem
482 863 720 902 pulcherrimum
734 882 742 894 ,
757 860 801 890 *de
820 860 925 890 decem
942 860 1132 890 Milesiorum
1153 891 1154 894 Ἴ

144 1118 208 1149 ‘dii
216 1115 404 1147 immortales
418 1125 423 1144 ι
435 1114 648 1144 incredibilem
658 1115 822 1146 avaritiam,
830 1111 1066 1156 singularemque
1076 1122 1133 1142 au·

165 1159 297 1191 daciam!
311 1160 430 1188 Navem
442 1165 474 1187 tu
493 1156 530 1186 de
540 1154 625 1186 class'e
635 1156 739 1196 populi
750 1157 885 1196 R.quam
898 1154 953 1184 tibi
965 1156 1080 1184 Min-lia
1091 1155 1134 1184 ci-
1150 1175 1152 1196 3

1150 1201 1152 1239 g
1173 1197 1218 1226 lit.
1243 1197 1417 1239 Qomodo·
1429 1208 1467 1227 ex
1477 1197 1575 1228 decies
1586 1208 1639 1228 H-s
1650 1198 1787 1228 sexcenta
1798 1197 1853 1228 sint
1862 1197 1958 1233 sabim
1977 1200 2137 1240 quomodo

162 1326 239 1359 adeo
251 1325 371 1356 nefariae
380 1324 484 1364 praedae
496 1345 504 1358 ,
518 1333 578 1354 tam
588 1322 736 1353 illustrem
747 1343 755 1356 ,
766 1332 868 1353 actam
880 1322 1019 1352 nobilem
1028 1324 1131 1352 civita·
1149 1315 1151 1326 '

164 1379 227 1402 tem
237 1368 341 1399 testem
350 1366 480 1396 futuram
494 1369 504 1395 ?
521 1375 559 1396 an
579 1367 649 1406 quia
667 1375 734 1395 tum
754 1367 810 1395 Cn.
820 1364 979 1394 Dolabella
997 1367 1029 1394 in
1046 1374 1144 1404 eum„

164 1413 218 1453 qui
227 1413 255 1440 ei
265 1410 443 1449 myoparoni
453 1407 616 1448 praefuerar,
627 1405 810 1447 Milesiisque
818 1416 883 1436 rem
893 1405 1006 1447 gestam
1017 1416 1130 1436 renun-
1148 1419 1149 1423 ¹

111 1590 152 1626 35
169 1578 226 1610 efle
235 1577 430 1608 arbitrabere?
461 1576 598 1606 Multum
607 1585 635 1606 te
646 1574 700 1606 ista
708 1574 819 1605 fefellit
827 1576 947 1615 opinio,
960 1574 993 1605 δε
1003 1574 1129 1622 quidem
1148 1578 1149 1584 ¹

168 1663 288 1696 Sicilia,
307 1664 428 1692 5SAT1s
450 1670 596 1691 CAUTUM
615 1670 688 1690 T1BI
710 1669 754 1689 AD
772 1669 1012 1689 DEFENsioNEM
1030 1669 1126 1693 roma,
1149 1693 1150 1699 ἵ

1149 1702 1150 1710 ’
1174 1710 1336 1732 contentus
1346 1703 1392 1731 his
1402 1710 1462 1732 tam
1473 1703 1586 1742 opimis
1597 1701 1683 1732 rebus
1693 1712 1759 1732 non
1767 1701 1851 1733 fuisti
1863 1705 1874 1733 ?
1892 1713 1999 1734 manus
2008 1704 2024 1735 a
2035 1705 2137 1739 tutela.

173 2007 239 2029 tum
250 1999 283 2027 in
292 1997 402 2026 litteras
413 1995 538 2025 relatum
548 1993 591 2026 sit.
612 1997 739 2025 Manent
750 1994 811 2025 istae
822 1995 924 2024 litterae
934 1995 1035 2024 Mileti
1047 2006 1055 2028 3
1068 2005 1133 2024 ma·
1149 1995 1151 2009 ³

165 2174 271 2197 ceterae
280 2164 424 2195 civitates.
448 2163 647 2203 quamobrem
669 2172 761 2192 unam
781 2172 819 2191 ex
839 2163 942 2192 decem
955 2181 964 2195 ,
984 2171 1048 2191 non
1058 2171 1132 2201 prae-
1150 2172 1152 2179 ·

113 2632 154 2677 36
167 2627 269 2675 ipsum·
274 2625 508 2657 consceleratum
515 2623 611 2654 fuisse.
645 2624 830 2673 CilMalleolo
839 2622 986 2665 quaestore
996 2626 1050 2654 Cn.
1062 2626 1128 2654 Do·
1147 2649 1153 2659 ,

2054 128 2150 182 η9

1156 197 1158 222 τ
1181 191 1296 222 labellae
1308 193 1408 223 occiso
1420 214 1427 226 ,
1451 193 1521 223 duas
1532 189 1585 222 fibi
1603 190 1778 223 hereditates
1796 190 1912 222 venisse
1930 192 2084 223 arbitratus
2096 194 2148 224 est:

1156 237 1157 253 ¹
1182 244 1274 263 unam
1286 234 1451 274 quaestoriae
1460 236 1693 274 procurationis:
1707 245 1777 265 nam
1788 234 1804 264 a
1815 234 1973 264 Dolabella
1984 234 2084 265 statim
2093 246 2149 275 pro

1181 274 1325 315 quazstore
1340 275 1432 315 juss'us
1443 276 1484 306 est
1495 275 1553 306 effe
1566 287 1570 305 z
1583 277 1704 307 alteram
1716 276 1826 308 tutelae.
1852 279 1942 310 Nam,
1956 275 2027 307 cum
2038 278 2145 317 pupilli

1181 317 1319 346 Malleoli
1329 326 1409 348 tutor
1419 317 1489 348 esl'et
1500 338 1508 352 ‚
1528 319 1557 347 in
1568 317 1704 356 banaeim
1728 320 1865 360 impetum
1875 319 1960 358 fecit.
1984 329 2054 349 nam
2067 320 2148 349 Mal—

1180 357 1277 388 leolus
1293 361 1326 388 in
1345 362 1535 399 provinciam
1554 359 1592 391 sic
1602 360 1726 401 copiose
1743 359 1894 401 molestus
1912 369 1989 394 erat,
2010 370 2044 391 ut
2059 361 2146 392 domi

1178 400 1297 439 prorsus
1308 402 1385 430 nihil
1395 402 1583 442 relinqueret.
1603 412 1743 442 praeterea
1751 404 1893 443 pecunias
1905 412 2059 443 occuparat
2068 403 2146 444 apud

1180 441 1309 480 populos
1320 462 1328 474 ‚
1341 442 1373 472 &
1389 444 1562 484 syngraphas
1572 443 1679 475 fecerat
1693 456 1697 474 :
1709 447 1821 485 argenti
1833 446 1944 485 optimi
1953 445 2048 476 caelati
2057 455 2147 485 gran-

1180 482 1216 512 de
1238 483 1357 522 pondus
1368 485 1469 514 secum
1482 486 1586 515 tulerat
1600 497 1604 514 z
1628 487 1711 524 (nam
1731 487 1782 516 ille
1793 497 1912 528 quoque
1933 486 2039 517 sodalis
2057 486 2146 518 istius

1156 544 1157 559 i
1181 534 1241 554 erat
1251 527 1283 554 in
1295 525 1351 555 hoc
1361 525 1452 555 morbo
1465 546 1472 559 ‚
1487 527 1518 556 δε
1531 528 1703 566 cupiditate)
1712 529 1821 568 grande
1830 529 1948 568 pondus
1959 532 2070 570 argenti
2082 550 2090 564 ‚
2101 529 2145 560 fa-

1180 567 1298 596 miliam
1310 577 1468 607 magnam,
1491 569 1605 598 multos
1623 572 1749 600 artihces
1761 591 1768 602 ,
1791 571 1905 600 multos
1922 570 2076 602 formosos
2087 573 2142 602 ho-

1155 606 1157 650 ]
1179 610 1280 638 mines
1291 609 1421 650 reliquit.
1440 609 1496 639 Iste
1506 610 1587 650 quod
1598 614 1708 652 argenti
1719 613 1838 651 placuit,
1850 611 1955 642 invasit
1965 624 1969 641 z
1979 623 2045 654 qua:
2057 624 2145 643 man-

1155 653 1156 666 *
1177 652 1255 690 cipia
1264 651 1362 680 voluit
1373 671 1381 684 ‚
1391 650 1516 681 abduxit
1527 662 1532 680 z
1542 654 1622 685 vina,
1636 662 1788 694 ceteraque
1802 664 1865 695 quae
1878 656 1910 684 in
1922 653 1986 685 Asia
1996 654 2143 686 facillime

1154 702 1156 723 !
1178 702 1388 732 comparantur
1397 713 1405 726 ,
1423 703 1488 734 quae
1498 693 1549 722 ille
1558 694 1715 734 reliquerat
1726 715 1734 727 ,
1746 696 1904 735 asportavit
1916 708 1920 725 z
1943 697 2055 738 reliqua
2065 708 2142 727 ven—

1177 734 1263 768 didit,
1277 737 1438 775 pecuniam
1448 737 1557 776 exegit.
1574 730 1587 754 8
1599 738 1675 766 Cum
1687 746 1758 766 eum
1769 737 1803 767 ad
1816 748 1867 767 H-s
1878 740 1968 768 vicies
1979 741 2142 780 quinquies

1179 775 1319 817 redegiss'e
1329 776 1492 807 constaret:
1512 786 1542 807 ut
1552 780 1686 808 Romam
1698 778 1800 812 rediit,
1821 781 1926 809 nnllam
1943 780 2072 810 litteram
2086 790 2142 823 pu-

1153 811 1154 823 *
1172 819 1360 860 pillo‚tiullam
1370 820 1459 848 matri
1468 820 1647 858 ejusmullam
1657 819 1798 849 tutoribm
1808 821 2040 853 reddidit-servos
2050 823 2143 854 artifi-

1176 871 1223 890 ces
1233 861 1342 901 pupilli
1352 861 1423 891 cum
1435 862 1571 895 haberet,
1587 862 1671 892 domi
1685 882 1693 895 ‚
1706 864 1818 892 circum
1829 863 1917 902 pedes
1928 873 2026 894 autem
2038 867 2141 896 horni-

1152 929 1153 943 ¹
1177 912 1229 932 nes
1240 902 1401 937 formosos,
1409 903 1442 933 &
1453 904 1582 933 literatos
1593 915 1601 938 3
1612 904 1680 934 suos
1691 902 1748 933 effe
1759 903 1885 938 dicebat,
1898 906 1924 935 se
1935 905 2047 936 emiss'e.
2068 907 2142 938 cum

1177 945 1280 984 saepius
1291 954 1383 975 mater
1397 966 1405 978 ,
1418 945 1450 975 &
1460 948 1522 975 avia
1532 947 1616 985 pueri
1626 945 1811 986 postularent
1821 966 1830 979 ,
1851 948 1894 976 uti
1906 967 1914 980 ‚
1926 945 1947 976 si
1957 957 2021 977 non
2032 949 2138 979 redde-

1175 996 1218 1016 ret
1227 988 1388 1026 pecuniam
1399 1008 1406 1020 ,
1421 998 1476 1017 nec
1484 991 1635 1018 rationem
1646 988 1726 1018 daret
1736 1008 1744 1020 ‚
1757 987 1868 1019 diceret
1879 989 1981 1018 saltem
1991 1000 2139 1030 quantum

1175 1031 1311 1068 pccuniae
1321 1029 1457 1059 Malleoli
1469 1028 1657 1070 deportasset:
1674 1031 1780 1060 multis
1791 1029 1967 1071 efflagitatus
1979 1033 2141 1072 aliquando

1176 1071 1254 1100 dixit
1264 1080 1317 1100 H-s
1329 1070 1435 1101 decies.
1460 1071 1569 1101 deinde
1590 1075 1605 1098 9
1617 1074 1649 1101 in
1659 1072 1773 1102 codicis
1792 1081 1927 1103 extrema
1945 1083 2009 1104 cera
2022 1083 2140 1104 nornen

1175 1111 1321 1143 infimum
1338 1113 1368 1141 in
1382 1113 1535 1154 flagitiosa
1553 1114 1643 1142 litura
1662 1113 1749 1144 fecit:
1770 1116 1800 1133 ¹0
1808 1115 1935 1154 expensa
1945 1116 2142 1157 Chrysogono

1173 1155 1259 1185 servo
1272 1165 1325 1184 ms
1338 1155 1475 1186 sexcenta
1486 1156 1585 1186 millia
1595 1176 1603 1189 ‚
1623 1166 1738 1196 accepta
1749 1175 1757 1190 ,
1774 1157 1891 1196 pupillo
1901 1157 2048 1187 Malleolo
2059 1168 2143 1188 retu-

1173 1249 1226 1268 nc.
1240 1239 1350 1269 eodem
1362 1239 1456 1270 modo
1465 1239 1653 1281 quadrarint,
1667 1249 1699 1270 ut
1712 1241 1763 1270 illa
1773 1240 1809 1270 de
1821 1242 1876 1270 Cn.
1892 1241 2038 1271 Carbonis
2050 1251 2141 1282 pecu-

1173 1283 1222 1310 nia
1233 1302 1240 1314 ‚
1253 1281 1364 1322 reliqua
1376 1291 1428 1312 tr-s
1446 1282 1584 1312 sexcenta
1594 1281 1670 1312 faeta
1680 1282 1749 1312 sunt
1759 1293 1764 1311 z
1775 1282 1933 1323 quomodo
1943 1284 2140 1325 Chrysogono

1173 1324 1301 1363 expensa
1312 1325 1366 1353 lata
1376 1322 1449 1354 sint:
1471 1335 1524 1355 cur
1535 1324 1565 1354 id
1576 1334 1692 1354 nomen
1704 1322 1792 1354 infun
1800 1334 1851 1354 um
1865 1344 1873 1357 ‚
1894 1326 1926 1354 in
1936 1325 2081 1366 lituraque
2093 1324 2139 1360 sit,

1172 1374 1227 1394 vos
1237 1364 1463 1396 existimabitis.
1488 1369 1609 1396 Tamen
1622 1376 1676 1396 11-s
1689 1367 1826 1396 sexcenta
1836 1367 1935 1396 millia
1943 1377 2013 1397 cum
2023 1377 2141 1408 accepta

1172 1406 1327 1440 retuliss'et,
1339 1417 1391 1437 ωε
1400 1410 1533 1448 quinque
1546 1408 1643 1438 millia
1652 1408 1748 1438 soluta
1758 1418 1821 1438 non
1831 1408 1908 1439 sunt.
1920 1409 2073 1443 homines,
2082 1418 2141 1450 po-

1176 1448 1327 1489 steaquam
1338 1459 1405 1479 reus
1414 1449 1510 1480 radius
1522 1449 1563 1480 est
1573 1470 1581 1484 ‚
1602 1451 1653 1480 alii
1664 1450 1773 1480 redditi
1784 1470 1793 1484 ,
1813 1450 1863 1480 alii
1875 1452 1966 1481 etiam
1978 1461 2059 1481 nunc
2068 1453 2139 1482 reti-

1174 1500 1302 1525 nentur3
1319 1492 1436 1531 peculia
1446 1494 1607 1525 omnium,
1624 1493 1787 1533 vicariique
1806 1494 1982 1523 retinentur.
2005 1496 2079 1524 Haec
2096 1492 2138 1524 cst

1173 1532 1258 1563 istius
1276 1534 1413 1573 praeclara
1433 1535 1532 1564 tutela.
1556 1537 1621 1568 En,
1642 1534 1688 1563 cui
1708 1541 1770 1564 tuos
1785 1532 1883 1564 liberos
1900 1536 2079 1565 committas:
2098 1547 2138 1566 en

1174 1576 1309 1605 memoria
1325 1577 1431 1605 mortui
1443 1575 1544 1616 fhdalz‘s
1561 1587 1573 1604 .·
1595 1586 1633 1606 en
1652 1583 1743 1605 metus
1761 1577 1898 1606 vivorum
1916 1575 2137 1613 existimationis.

1175 1617 1253 1648 Cum
1271 1618 1326 1648 tibi
1343 1619 1373 1648 se
1385 1626 1444 1648 tota
1453 1617 1518 1649 Afia
1539 1617 1726 1659 spoliandam
1741 1628 1774 1649 ac
1782 1618 1951 1650 vexandam
1962 1618 2136 1651 tradidiss'et:

1174 1659 1245 1690 cum
1267 1660 1321 1690 tibi
1341 1658 1473 1700 exposita
1490 1658 1560 1690 effet
1578 1662 1681 1690 omnis
1699 1660 1736 1690 ad
1753 1659 1949 1701 praedandum
1962 1663 2138 1702 Pamphilia:

1176 1753 1283 1774 manus
1295 1744 1310 1774 a
1320 1743 1438 1784 pupillo
1449 1766 1457 1778 ‚
1470 1754 1576 1774 manus
1586 1743 1602 1775 a
1610 1744 1718 1775 sodalis
1728 1743 1794 1775 filio
1803 1743 1950 1776 abstinere
1960 1755 2024 1776 non
2034 1747 2138 1786 potui-

1175 1785 1211 1816 sti
1223 1789 1233 1815 ?
1253 1787 1321 1828 Jam
1333 1795 1360 1816 te
1369 1796 1434 1816 non
1445 1787 1552 1820 Siculi,
1565 1796 1629 1817 non
1639 1795 1765 1817 aratores
1775 1806 1784 1820 ‚
1801 1786 1846 1825 (ut
1855 1785 1988 1829 diffitas)
2006 1789 2138 1818 circum-

1175 1830 1321 1858 veniunt:
1342 1838 1406 1858 non
1416 1829 1468 1862 hi,
1488 1831 1539 1870 qui
1549 1828 1674 1859 decretis
1684 1848 1693 1862 ,
1712 1827 1876 1869 ediffisque
1886 1831 1945 1859 tuis
1954 1831 1986 1860 in
1997 1839 2026 1860 te
2034 1833 2139 1861 conci·

1175 1872 1243 1904 tati,
1254 1869 1413 1911 infestique
1424 1870 1507 1900 sunt:
1526 1870 1688 1901 Malleolus
1697 1869 1713 1900 ὲ
1724 1879 1773 1900 me
1781 1869 1946 1910 produstus
1955 1871 1997 1902 est
2008 1892 2017 1906 ‚
2030 1872 2063 1903 &
2073 1882 2138 1903 ma-

1174 1921 1218 1942 ter
1227 1913 1302 1951 ejus,
1313 1921 1399 1953 atque
1410 1914 1474 1943 avia
1485 1923 1494 1947 ,-
1506 1922 1570 1953 quae
1580 1912 1708 1946 miserae,
1720 1910 1837 1945 flentes,
1849 1913 1988 1943 eversum
2000 1913 2015 1944 a
2025 1923 2054 1944 te
2062 1923 2138 1954 pue-

1174 1964 1243 1983 rum
1253 1956 1354 1993 patriis
1366 1954 1454 1984 bonis
1465 1953 1523 1984 ess'e
1531 1954 1684 1984 dixerunt.
1695 1952 1777 1995 Qid
1788 1952 1938 1993 exspeElas
1948 1975 1956 1989 ‚
1967 1965 2003 1985 an
2015 1955 2088 1985 dum
2100 1955 2137 1987 ab

1174 1994 1280 2025 inferis
1288 1996 1340 2025 ille
1349 1996 1512 2025 Malleolus
1523 1994 1650 2029 exsistat,
1660 2004 1747 2036 atque
1757 1995 1808 2025 abs
1818 2005 1846 2026 te
1855 1994 1955 2026 officia
1965 1998 2075 2030 tutelae,
2088 1997 2106 2027 s
2101 2008 2137 2027 o-

1174 2036 1302 2067 dalitatis
1313 2057 1320 2071 ‚
1342 2036 1609 2078 familiaritatisque
1630 2036 1742 2076 flagitet
1761 2039 1773 2066 ?
1790 2037 1889 2077 ipsum
1908 2047 2012 2078 putato
2028 2037 2134 2069 adeffe-

1176 2081 1280 2108 HOMO
1304 2088 1517 2109 AVARISSIME
1539 2080 1570 2109 ὃς
1581 2077 1778 2118 spurciffime,
1791 2079 1881 2109 redde
1892 2079 1971 2110 bona
1980 2080 2088 2111 sodalis
2099 2079 2136 2110 fi—

1174 2121 1231 2150 lio:
1258 2124 1283 2140 ¹¹
1295 2119 1314 2150 si
1326 2131 1390 2150 non
1400 2131 1466 2161 quae
1476 2120 1621 2151 abstulisti
1631 2133 1640 2155 3
1650 2130 1677 2151 at
1688 2131 1752 2162 quae
1762 2120 1913 2151 confess'us
1924 2132 1963 2152 es.
1988 2125 2045 2152 Cur
2054 2125 2137 2164 cogis

1174 2162 1280 2193 sodalis
1292 2161 1391 2192 filium
1403 2164 1476 2192 hanc
1486 2165 1614 2202 primam
1628 2165 1659 2192 in
1668 2162 1736 2193 foro
1747 2173 1855 2193 vocem
1867 2174 1936 2194 cum
1953 2164 2058 2194 dolore
2067 2185 2076 2198 ,
2100 2165 2134 2196 &

1173 2206 1364 2245 querimonia
1373 2207 1509 2235 emittere
1521 2207 1531 2234 ?
1548 2215 1600 2235 cur
1610 2205 1716 2234 sodalis
1727 2215 1854 2235 uxorem
1866 2226 1874 2238 ‚
1886 2205 1993 2236 sodalis
2002 2207 2134 2242 socrum,

1174 2248 1303 2276 domum
1313 2246 1443 2287 denique
1462 2255 1556 2276 totam
1568 2247 1674 2276 sodalis
1685 2249 1818 2280 mortui,
1838 2257 1942 2278 contra
1953 2257 1980 2278 te
1996 2248 2135 2279 testimo-

1150 2285 1152 2296 '
1174 2290 1262 2318 nium
1273 2288 1391 2318 dicere?
1406 2298 1457 2318 cur
1465 2287 1690 2328 pudentissimas
1703 2309 1711 2323 ,
1726 2287 1951 2331 leftiffimasque
1963 2290 2094 2330 famiam
2104 2291 2135 2320 in

1174 2337 1289 2359 rantum
1298 2332 1427 2359 virorum
1435 2339 1600 2360 conventum
1611 2331 1736 2370 insbl'itaa
1744 2351 1753 2364 ,
1776 2332 1943 2372 invitasque
1954 2332 2072 2372 prodire
2082 2343 2134 2363 co-

1172 2375 1217 2413 gis
1233 2374 1243 2401 ?
1264 2374 1370 2402 Recita
1388 2374 1531 2402 omnium
1551 2372 1733 2403 testimonia.
1757 2374 1813 2402 TE
1824 2373 1843 2403 S
1853 2375 1981 2403 TIMO
1991 2375 2134 2404 NI'UM

1172 2415 1258 2444 ΜΛ
1269 2416 1327 2443 TR
1336 2417 1354 2443 I
1362 2415 1382 2444 S
1405 2417 1429 2444 E
1441 2416 1466 2443 T
1484 2417 1521 2443 -A
1531 2417 1577 2444 VI
1585 2416 1648 2444 Α.
1673 2418 1728 2445 Pro
1737 2414 1881 2456 quaestore
1891 2414 1963 2445 vero
1973 2416 2131 2456 quomodo

1172 2455 1225 2486 iste
1235 2466 1401 2486 commune
1413 2457 1584 2496 Milyadum
1594 2459 1721 2489 vexarit,
1731 2457 1889 2497 quomodo
1896 2459 2032 2497 Lyciam,
2043 2461 2132 2489 Pam-

1170 2499 1295 2538 philiam
1307 2518 1316 2532 ‚
1339 2497 1476 2529 Pisidiam
1488 2518 1496 2532 ,
1514 2500 1729 2539 Phrygiamque
1749 2507 1843 2529 totam
1858 2498 2016 2530 frumento
2032 2502 2132 2541 impe-

1172 2540 1264 2570 rando
1277 2560 1284 2574 ‚
1295 2541 1474 2571 aestimando
1485 2561 1493 2574 ‚
1513 2542 1565 2570 hac
1576 2541 1623 2570 sua
1635 2561 1642 2574 ‚
1654 2550 1744 2580 quam
1755 2549 1823 2570 tum
1832 2543 1967 2580 primum
1979 2551 2132 2584 excogita-

1170 2584 1215 2612 vit
1228 2602 1236 2616 ,
1245 2581 1390 2612 Siciliensi
1400 2580 1733 2618 aest1·2nati071eafflixe1·ir‚
1747 2592 1810 2612 non
1821 2582 1863 2613 est
1872 2582 1987 2614 necesse
1998 2584 2132 2615 demon-

1172 2623 1259 2655 strare
1279 2624 1389 2655 verbis.
1414 2627 1482 2655 Hoc
1499 2625 1621 2654 scitote:
1639 2625 1686 2654 his
1701 2624 1900 2660 nominibus,
1922 2625 1999 2667 (quae
2017 2635 2063 2657 res
2079 2637 2134 2667 per

2058 2679 2132 2700 eum

204 2734 228 2752 1.
247 2729 278 2752 L.
288 2725 386 2760 Rabies]
406 2725 483 2751 Nihil
496 2725 598 2751 variant
609 2725 676 2751 Pali.
687 2732 731 2750 aut
741 2724 808 2751 olim
819 2724 881 2751 cusi.
907 2723 1035 2751 Asconius
1046 2723 1124 2750 habet

164 2763 267 2794 Phanio,
279 2762 307 2787 &
319 2762 382 2788 vero
394 2764 484 2787 Fannio
494 2760 579 2788 edidit
588 2762 620 2787 P.
631 2761 779 2787 Manutius.

203 2807 231 2824 2.
244 2798 301 2826 zAd
308 2797 430 2831 sinopem]
443 2798 510 2824 Pali.
521 2798 614 2832 Cujac.
626 2797 668 2824 ed.
680 2805 747 2824 vett.
757 2800 874 2831 Sinopam.
885 2796 927 2823 sed
937 2807 1028 2834 parum
1042 2795 1125 2824 refert

165 2832 215 2861 hoc
222 2833 305 2860 illove
315 2832 394 2860 modo
403 2843 553 2860 exaremus.

167 2881 169 2883 ·
225 2890 230 2896 .
249 2873 303 2897 Sive
311 2870 366 2896 adeo
374 2870 578 2904 nefariaepraediet]
591 2870 705 2896 Manutii
716 2879 807 2897 omnes
820 2889 828 2902 ,
839 2871 910 2905 hujus·
919 2870 975 2896 adeo
982 2872 1125 2905 msariaepr.

166 2878 334 2933 sensnum-um
345 2906 426 2932 haeret
436 2907 461 2932 in
474 2906 543 2932 Pall.
554 2906 646 2939 Curiae.
657 2907 685 2932 ὅτ
696 2907 760 2932 olim
772 2906 861 2932 editis.

203 2949 231 2975 4.
249 2944 278 2968 Te
286 2952 316 2968 ex
323 2944 363 2968 hoc
372 2945 468 2968 crimine
480 2943 607 2976 elapfimn]
629 2943 765 2969 Rex-ocati
776 2941 887 2979 ex,quod
897 2942 988 2969 aberat
998 2941 1125 2968 editioni-

120 3001 128 3008 .
167 2975 216 3004 bus
227 2977 404 3004 Lainbinianis
418 2997 426 3009 ,
436 2979 575 3005 inventum
588 2980 612 3004 in
625 2978 682 3004 mis.
692 2979 837 3014 ceterisque
848 2979 922 3005 cusis.

208 3021 234 3047 ς.
251 3015 315 3040 Satis
325 3021 420 3040 cautum
429 3016 472 3040 tibi
481 3015 515 3039 ad
523 3016 746 3050 deszvnfionemfhrefl
758 3017 825 3041 Tres
838 3025 912 3042 voees
923 3014 1070 3051 postremae,
1078 3023 1124 3041 ne—

169 3047 221 3076 scio
231 3058 262 3076 ati
273 3059 324 3077 uon
335 3049 399 3085 quid
409 3050 532 3086 resipiant
541 3050 574 3077 de
584 3049 676 3086 gloffi.

207 3085 234 3110 6.
254 3087 293 3111 Ex
306 3089 407 3118 pecum'a
424 3089 535 3120 vestigali
547 3089 627 3121 populi
643 3087 724 3122 Rom]
745 3086 814 3113 Pall.
820 3089 902 3120 populo
911 3091 1021 3114 Romano.
1041 3086 1126 3114 nihilo

43 3140 45 3150 2
170 3120 243 3156 pejus
256 3139 264 3150 ,
276 3120 292 3146 si
303 3130 353 3147 uon
365 3121 470 3148 melius.

43 3162 50 3194 g
203 3163 233 3192 7.
252 3157 372 3192 fflenfim
381 3159 536 3187 Februarium
548 3177 556 3193 ‚
572 3159 668 3195 &cff-
687 3160 852 3195 destgnatorum
867 3169 947 3189 nomm
964 3158 1125 3197 affimant]

1173 2725 1340 2756 conjiciebat
1350 2726 1519 2750 Hotomanus
1532 2744 1540 2756 ‚
1551 2725 1645 2757 mensim
1657 2726 1725 2750 Ftlar.
1737 2727 1882 2758 e.x3spc57ant,
1892 2726 1921 2756 ὠ·
1929 2727 1987 2759 Cqff.
1998 2726 2044 2760 des]
2054 2737 2134 2753 nomen

1170 2762 1320 2795 extima-(bunt
1331 2780 1338 2793 ‚
1350 2760 1420 2796 quod
1433 2761 1531 2795 recepit
1542 2762 1571 2786 P.
1583 2761 1731 2792 Manutius,
1742 2771 1771 2787 ac
1782 2769 1868 2788 tamen
1879 2761 2022 2798 improbat.

1208 2797 1234 2823 8.
1254 2798 1311 2823 Csim
1331 2799 1364 2822 ad
1372 2798 1432 2823 H-S
1447 2800 1522 2822 vicies
1532 2797 1683 2830 quinquies]
1705 2798 1748 2824 13st
1758 2797 1790 2824 ab
1802 2798 1968 2824 Hotomaiio.
1988 2807 2047 2824 nani
2059 2799 2132 2834 prius

1172 2833 1223 2860 cusi
1237 2853 1243 2865 ‚
1255 2833 1305 2859 citm
1314 2834 1347 2859 ad
1357 2834 1416 2859 iit-S
1429 2842 1486 2858 xxo
1497 2836 1631 2867 quinquies.
1650 2837 1721 2860 certe
1734 2833 1766 2860 stc
1776 2833 1955 2861 vicione-iius.
1967 2835 2063 2870 quippe
2074 2835 2132 2861 edi-

1173 2869 1211 2896 tio
1230 2871 1348 2906 priureps
1361 2880 1366 2896 :
1389 2870 1421 2895 ad
1430 2870 1490 2895 H-s
1501 2878 1589 2895 xxiix
1608 2872 1742 2904 quinquies.
1763 2869 1848 2897 solum
1868 2870 1925 2897 Pal.
1944 2870 1994 2897 see.
2015 2872 2078 2898 H-s
2092 2880 2132 2898 xx

1172 2910 1307 2940 quin-quies.

1209 2951 1237 2974 9.
1256 2945 1284 2967 17:
1295 2942 1376 2967 codicis
1385 2948 1489 2967 extrema
1499 2940 1578 2975 ceras]
1600 2941 1669 2968 Pau.
1680 2942 1706 2967 δε
1718 2942 1783 2968 olim
1795 2941 1845 2969 cufi
1856 2950 1983 2969 ern-emam
1994 2952 2081 2969 ceram,
2100 2953 2132 2970 an

1172 2974 1282 3013 aussiqua
1293 2979 1393 3004 ratione
1404 2977 1531 3004 scribendi
1544 2997 1552 3010 ‚
1573 2976 1690 3005 viderint
1699 2979 1806 3005 Critici.
1829 2988 1890 3005 nain
1900 2979 2014 3006 alterum
2027 2979 2133 3006 videtur

1173 3014 1248 3040 fuiss‘e
1261 3015 1285 3040 in
1298 3013 1461 3040 Astomi-auis.

1211 3059 1253 3076 10.
1273 3051 1382 3082 &emensa
1392 3050 1599 3083 Clupfiigonosemo
1611 3069 1618 3082 ‚
1628 3051 1696 3085 dves}
1707 3050 1794 3078 Nobis
1806 3049 1865 3078 satis
1878 3050 1960 3078 snei-it
1971 3051 2057 3078 testari
2072 3071 2080 3083 ‚
2101 3050 2133 3077 fic

1172 3096 1277 3122 quoque
1289 3093 1422 3121 repertum
1434 3095 1458 3111 iu
1472 3086 1538 3112 1¹:111.
1550 3088 1576 3112 Sc
1590 3088 1688 3114 vetusti.-
1701 3087 1775 3114 cusis,

1213 3131 1254 3148 11.
1267 3125 1345 3148 Sinon
1355 3131 1402 3156 quae
1412 3123 1497 3154 abstuli
1517 3123 1550 3157 i.]
1565 3124 1667 3158 Cujacii
1679 3122 1910 3158 libcrfiexcludit.
1922 3130 2077 3159 poteratque
2088 3122 2133 3148 :ib-

1174 3156 1234 3187 css'e.
1254 3159 1281 3185 ἃ
1293 3158 1392 3194 alioqui
1404 3158 1461 3187 Pal.
1473 3167 1514 3196 pr.
1525 3159 1580 3195 ejus
1591 3159 1650 3188 loco
1661 3159 1737 3189 habet
1744 3161 1793 3197 five
1805 3179 1813 3194 ‚
1826 3158 1938 3195 scofina.

1966 3193 2131 3222 »Ciano-

2166 1499 2208 1532 37
