2297 3389
291 166 550 213 Oaarro
586 176 660 207 na
697 163 865 209 LEGE
902 164 1518 218 AeaAmAmoNTnA
1552 161 1847 207 RuLLvM.

102 247 231 280 cionibm
241 268 250 284 ‚
275 248 457 281 turbulentis
480 246 740 279 senatusconsultis
754 265 762 280 ,
789 247 905 287 iniquis
929 246 1067 285 imperiis

106 302 202 333 remp.
214 292 389 324 miscerent,
405 291 545 320 &rerum
555 298 703 319 novarum
717 288 833 318 causam
844 288 975 328 aliquam
985 297 1065 327 quae·

105 342 215 364 rerent.
230 342 326 374 neque
336 333 421 361 enirn
429 331 631 362 concionandi
641 329 768 370 potestas
777 338 839 359 erat
846 331 998 369 cuiquam,
1010 338 1066 357 nec

106 374 226 405 consilii
242 373 382 414 capiundi
391 373 506 412 publici
518 384 523 403 ι
544 383 609 403 non
620 373 723 414 gloriae
732 371 893 410 cupiditate
901 369 1066 399 effereban-

106 425 165 450 tur,
175 424 330 456 propterea
338 413 420 455 quod
432 435 441 448 ‚
462 425 522 445 11ss1
538 425 641 446 Hortos
658 413 782 455 publice
792 422 857 442 non
868 411 910 442 est
920 432 929 446 ‚
945 411 989 441 ibi
999 411 1063 452 glo-

103 460 157 489 riae
174 457 318 497 cupiditas
336 455 395 486 effe
405 467 470 487 non
481 457 595 497 potest:
615 466 680 486 non
688 457 885 486 contentione
895 475 904 488 ,
925 463 990 483 non
1000 463 1065 483 am-

103 499 222 531 bitione
230 498 391 529 discordes.
413 500 493 529 nihil
504 502 589 529 enim
606 500 766 539 supererat,
785 497 822 528 de
832 506 894 538 quo
904 503 1064 526 certarent:

104 541 195 574 nihil,
206 539 287 582 quod
297 540 398 571 contra
407 550 544 581 peterent
556 553 562 571 ;
584 541 664 571 nihil
674 561 683 574 ,
697 540 750 570 ubi
758 537 939 569 diffiderent.
961 540 1062 577 Itaque

102 582 190 613 illam
208 585 391 622 Campanam
408 593 472 613 arro
495 585 626 617 antiarn,
646 590 732 624 atque
751 579 972 611 intolerandam
986 579 1064 618 fero-

99 625 196 658 ciam,
211 625 323 654 ratione
337 644 345 658 ,
362 625 395 655 δε
404 594 531 655 consiglio
543 626 672 664 majores
685 623 779 654 nostri
788 623 824 654 ad
835 619 1061 653 inertiffimum,

103 667 139 696 δε
148 664 406 697 defidiofiffimum
417 669 516 698 otium
525 667 740 707 perduxerunt.
763 667 811 695 Sic
831 665 864 694 δε
881 663 1063 693 crudelitatis

103 707 265 739 infamiam
274 707 416 749 fugerunt
428 729 437 743 ,
456 709 538 750 quod
555 709 662 739 urbem
680 718 718 737 ex
737 707 820 737 Italia
828 706 1062 745 pulcherrimam

104 760 170 780 non
192 748 392 780 sustulerunt:
425 751 459 781 δε
477 752 610 782 multum
626 752 660 779 in
677 748 829 789 posterum
847 746 1061 787 providerunt,

104 791 198 833 quod,
212 794 311 822 nervis
323 792 404 822 urbis
416 793 561 823 omnibus
570 790 697 822 exseffis
708 810 716 822 ‚
734 790 840 819 urbem
854 789 946 828 ipsam
958 807 967 821 ,
984 787 1064 817 solu-

34 823 56 869 ’3
67 836 89 868 4
105 843 166 865 tam
177 853 186 867 ‚
205 843 238 864 ac
256 833 440 864 debilitatam
456 835 650 875 reliquerunt.
696 834 770 862 Haec
779 829 900 862 consilia
911 830 1061 868 majorum

104 878 149 907 M.
159 878 250 906 Bruto
261 895 269 910 ,
287 882 321 905 ut
329 884 414 906 antea
423 876 507 908 dixi,
527 873 773 915 reprehendenda
783 894 792 906 ‚
809 873 842 903 δε
854 875 883 903 Ρ.
897 872 992 902 Rullo
1001 871 1063 901 visa

103 919 173 949 sunt
188 929 193 947 :
213 927 312 958 neque
323 926 361 950 te.
373 920 404 947 P.
415 917 517 951 Rulle,
528 919 634 947 omina
643 916 696 946 illa
706 918 750 945 M⁴
761 917 856 948 Bruti,
867 923 953 954 atque
964 914 1062 952 auspi-

101 961 159 994 cia,
170 959 186 990 a
194 958 285 989 simili
296 958 396 988 furore
410 958 568 990 deterrent.
591 968 664 988 nam
675 958 779 997 &ipse
788 977 796 991 ,
808 958 861 997 qui
871 955 997 985 deduxit
1007 975 1016 988 ,
1029 954 1061 985 Sc

100 1003 155 1044 qui
166 999 369 1042 magistratum
381 1003 391 1019 ¹
404 1001 509 1040 Cipuae
519 1021 528 1034 ,
547 1011 580 1030 ea
589 1001 652 1042 lege
663 1001 769 1033 creati,
788 1007 930 1038 ceperunt
940 1018 948 1030 ‚
966 997 999 1027 &
1009 999 1062 1037 qui

97 1045 233 1085 aliquam
242 1050 354 1083 partem
364 1041 447 1072 illius
458 1041 650 1072 deduffionis
661 1061 669 1075 ,
689 1042 835 1074 honoris³‚
849 1041 984 1070 muneris
993 1040 1061 1068 atti-

100 1093 207 1126 gerunt
220 1104 229 1118 ‚
251 1093 358 1114 omnes
374 1083 571 1114 acerbiffimas
590 1086 757 1124 impiorum
775 1081 1060 1124 poenaspermlerunr.

100 1130 140 1158 Et
150 1127 296 1168 quoniam
308 1127 408 1160 Bruti,
428 1134 513 1167 atque
523 1128 671 1166 temporis
684 1125 768 1155 illius
777 1123 837 1154 feci
854 1125 1060 1156 mentionem,

99 1167 350 1200 commemorabo
365 1167 395 1198 id
406 1187 415 1202 ,
437 1168 519 1209 quod
530 1177 652 1210 egomet
661 1167 743 1200 vidi,
765 1165 837 1196 cum
847 1163 995 1196 veniss'em
1006 1167 1061 1194 Ca-

98 1220 192 1252 puam
209 1210 364 1241 coloniam
375 1229 383 1244 ,
410 1209 571 1240 dedunstatn
590 1212 625 1240 L.
636 1208 779 1240 Considio
789 1228 798 1241 ‚
820 1208 853 1238 Sc
870 1211 949 1238 Sext.
969 1206 1062 1237 Saltio

99 1252 375 1294 (quemadmodum
386 1250 439 1292 ipsi
452 1252 663 1292 loquebantur)
681 1250 857 1291 praetoribus
871 1260 876 1278 z
897 1257 930 1279 ut
946 1248 1060 1278 intelli-

97 1296 175 1336 gatis
184 1314 193 1328 ,
204 1300 429 1335 quantamlocus
439 1293 494 1334 ips&
503 1291 771 1335 afferars'uperbiam
780 1303 790 1319 .·
810 1302 876 1332 quae
885 1293 987 1331 paucis
997 1290 1060 1320 die-

101 1337 158 1366 bus
169 1356 177 1370 ,
197 1335 308 1376 quibus
316 1334 372 1364 illo
381 1335 505 1365 colonia
514 1335 641 1365 dedasta
648 1334 707 1364 fuit
719 1346 728 1368 ;
745 1334 870 1373 perspici
883 1354 891 1366 ,
912 1341 999 1373 atque
1012 1334 1060 1361 in-

102 1378 198 1419 telligi
207 1378 315 1417 potuit.
340 1379 421 1407 Nam
435 1376 583 1416 primum,
596 1377 627 1406 id
636 1376 719 1417 quod
729 1376 812 1408 dixi,
827 1374 901 1405 cum
911 1375 1017 1404 cereris
1027 1375 1059 1403 in

101 1420 234 1450 coloniis
245 1419 401 1448 duumviri
409 1419 604 1458 appellentur,
624 1419 655 1448 hi
666 1419 694 1448 se
704 1425 844 1457 praetores
854 1417 993 1456 appellari
1004 1425 1059 1445 vo-

96 1461 210 1492 lebant.
240 1459 358 1502 Qibus
370 1461 482 1501 primm
500 1469 590 1489 annus
607 1461 683 1490 hanc
697 1459 893 1499 cupiditatem
905 1455 1058 1490 attulisset,

95 1513 204 1534 -nonne
214 1502 401 1532 arbitiamini
408 1503 510 1542 paucis
519 1504 606 1532 annis
614 1500 701 1531 fuiffe
712 1501 870 1531 consulum
880 1509 997 1530 nomen
1008 1509 1058 1539 ap-

95 1546 244 1586 petituros
256 1546 267 1573 ?
286 1544 406 1574 Deinde
416 1543 699 1574 anteibantlietores
712 1564 720 1576 ,
744 1553 809 1573 non
819 1546 834 1561 ²
846 1541 918 1572 cum
929 1542 1057 1574 bacillis,

93 1586 159 1620 sed,
171 1594 203 1616 ut
213 1584 263 1616 hic
269 1586 446 1626 praetoribus
456 1587 683 1620 ante‘e'unt,cum
695 1584 823 1615 fascibus
833 1584 962 1615 duobus.
974 1592 1060 1613 erant

92 1628 204 1660 hostiae
215 1629 343 1668 majores
353 1630 387 1657 in
395 1627 464 1658 foro
474 1627 642 1658 constitutae
652 1648 660 1661 ,
679 1637 745 1668 quae
760 1627 797 1657 ab
813 1628 860 1656 his
878 1624 1056 1666 praetoribus

97 1670 136 1701 de
145 1670 287 1701 tribunali
298 1690 307 1704 ,
322 1668 417 1700 ficuta
427 1670 515 1700 nobis
525 1670 699 1700 consulibus
711 1673 723 1697 3
735 1669 770 1699 de
781 1667 899 1699 consilii
911 1668 1056 1698 sententia

95 1712 229 1753 probatis
240 1732 249 1746 ‚
270 1712 306 1742 ad
313 1721 485 1752 praeconem
497 1732 506 1746 ‚
528 1713 562 1743 &
580 1713 617 1742 ad
635 1712 795 1742 tibicinem
805 1710 1053 1741 immolabantur.

95 1754 210 1784 deinde
227 1762 323 1794 patres
342 1755 505 1794 conscripti
522 1754 717 1785 vocabantur.
746 1755 816 1795 Jam
842 1751 915 1783 verb
940 1751 1057 1780 vultum

94 1795 215 1837 sonfidii
223 1795 327 1826 videre
337 1817 347 1831 ‚
360 1796 521 1827 ferendum
531 1798 587 1827 vix
604 1805 672 1827 erat.
702 1798 803 1838 Qem
814 1796 974 1825 hominem
985 1797 998 1822 ἴ
1006 1804 1058 1824 ve—

94 1838 201 1881 grandi
211 1838 306 1868 macie
316 1838 586 1872 torridum,Romae
596 1847 798 1872 contemtum,
805 1846 891 1878 atque
902 1835 1054 1876 abjthum

93 1879 285 1914 videbamus,
296 1880 377 1910 hunc
389 1883 496 1920 Capuae
509 1884 662 1921 Campano
673 1881 831 1920 supercilio
841 1899 849 1913 ,
862 1890 894 1909 ac
903 1880 985 1920 regio
997 1878 1055 1918 spi-

94 1924 156 1953 ritu
164 1925 182 1949 4
190 1920 262 1952 curn
272 1921 445 1952 videremus
456 1942 464 1955 ,
478 1925 594 1963 Magios
604 1942 612 1955 ‚
625 1921 749 1952 Bloffios
760 1922 838 1950 mihi
852 1921 974 1951 videbar
983 1921 1054 1950 illos

92 1964 198 1994 videre
208 1984 216 1997 ,
239 1963 437 2004 acJubellios.
458 1964 526 2004 Jam
537 1962 609 1993 verb
620 1964 672 2004 qui
682 1971 772 1992 metus
781 1972 841 1992 erat
851 1964 1054 1992 tunicatorum

94 2006 223 2036 illorum
235 2008 245 2034 ?
263 2005 296 2034 &
307 2007 341 2034 in
349 2005 466 2035 Albana
481 2025 489 2037 ,
510 2003 674 2044 &Seplasia
683 2025 697 2039 ‚-
711 2014 777 2045 quae
787 2004 974 2034 concursatio
988 2012 1053 2042 per-

95 2049 288 2078 contantium
300 2067 309 2081 ,
328 2046 400 2087 quid
418 2055 525 2086 praetor
544 2044 683 2076 edixisset
693 2051 703 2076 ?
728 2046 781 2075 ubi
799 2046 936 2075 cenaret?
954 2042 969 2064 ⁶
979 2043 1052 2084 quid

93 2087 290 2120 enuntiafl'et?
308 2091 375 2118 Nos
386 2097 484 2118 autem
497 2108 505 2121 ‚
518 2089 589 2118 hinc
599 2090 701 2118 Roma
714 2097 767 2128 qui
775 2096 953 2117 veneramus
964 2106 972 2119 ,
988 2087 1051 2124 jam

93 2141 160 2161 non
169 2131 299 2172 hospites
308 2150 316 2164 ,
337 2130 385 2160 sed
395 2132 564 2170 peregrini,
578 2138 665 2170 atque
675 2129 797 2160 advenae
807 2127 1050 2158 nominabamur.

12 2164 45 2210 ΓΞ
53 2176 73 2208 5
97 2175 170 2204 Haec
179 2176 232 2214 qui
241 2172 458 2213 prospexerint,
471 2172 600 2209 majores
609 2170 726 2201 nostros
737 2170 817 2203 dico,
830 2171 973 2210 Qirites,
988 2179 1051 2199 non

93 2224 146 2246 eos
162 2217 196 2246 in
218 2214 347 2246 deorum
365 2213 589 2243 immortalium
607 2223 737 2243 nurnero
749 2212 914 2242 venerandos
926 2210 1050 2245 anobis,

140 2316 165 2334 1.
184 2310 270 2340 Capua
278 2315 306 2331 ca
314 2307 358 2338 lege
368 2305 468 2338 creati]
480 2305 523 2331 Est
535 2314 550 2330 a
561 2305 592 2330 P.
603 2304 730 2329 Manutii.
746 2304 891 2330 monstrose
903 2304 973 2329 enim
984 2304 1056 2339 prius

95 2342 235 2379 legebatur
246 2361 254 2374 ‚
265 2345 349 2374 Capua
357 2341 386 2371 ὠ·
394 2343 542 2373 [scaci-canti,
553 2339 624 2376 quod
636 2347 722 2366 tamen
735 2339 791 2366 fere
802 2340 868 2366 item
880 2339 905 2365 in
917 2339 974 2365 mss'.
987 2338 1055 2365 i'all.

92 2388 153 2406 nani
165 2378 276 2406 Erfurd.
286 2380 370 2410 Caput
378 2378 453 2402 locare
462 2383 526 2402 ame.
545 2376 629 2403 editio
638 2376 771 2412 princeps,
781 2379 841 2409 Cap.
851 2376 880 2406 (17
889 2378 1026 2401 Lueienati.

131 2424 148 2441 2
155 2435 160 2441 .
179 2418 238 2441 Cum
247 2415 347 2445 bacillis,
358 2413 403 2446 sed
409 2419 437 2437 ut
445 2413 625 2445 hicpraetoribus
634 2419 756 2444 anteeant,
766 2413 833 2446 dra]
846 2411 891 2438 Pal
898 2431 903 2437 .
914 2411 964 2437 see.
975 2419 1055 2446 :itque

92 2450 205 2478 Erfurd.
215 2450 317 2477 addunt
328 2468 336 2481 ,
351 2450 494 2474 ‘Praetoribm
502 2449 612 2475 urbanis.
633 2448 743 2474 Erfurd.
756 2456 882 2484 praeterea
891 2448 991 2474 baculis.
1012 2445 1054 2473 sed

93 2487 116 2514 al
123 2495 208 2514 terum
221 2486 299 2513 restat
310 2486 335 2512 in
346 2492 459 2520 utroque
470 2484 538 2511 Pall.
550 2485 595 2521 qui
607 2494 670 2511 mox
681 2484 788 2515 habent,
798 2486 895 2518 facibus
906 2485 1008 2509 duabus.

132 2531 159 2558 3.
178 2527 212 2549 De
221 2521 562 2556 confiliiscntenticzprobatis]
584 2521 716 2547 Retinent
726 2520 793 2548 istud
805 2521 873 2547 Pall.
885 2520 1054 2556 explicatque

93 2559 239 2587 Briffonius
260 2558 329 2584 libro
343 2567 365 2584 1.
384 2556 417 2583 de
428 2557 562 2583 Formulis
573 2557 600 2582 &
611 2556 770 2583 solemnibus
789 2566 850 2592 pop.
861 2557 945 2583 Rom.
957 2555 1054 2581 verbis.

92 2594 265 2622 Laui-edamus
277 2593 382 2621 volebat
388 2594 501 2626 probam,
513 2592 585 2629 quod
595 2593 623 2619 δε
633 2592 738 2619 admisit
753 2593 911 2623 Lambinus,
923 2593 951 2617 δε
962 2591 997 2619 est
1007 2590 1054 2618 ad-

93 2631 204 2659 modum
216 2631 298 2658 simile
310 2639 382 2657 vero.
402 2629 597 2665 Panthagathus
604 2631 716 2662 probata.
737 2629 781 2656 alii
788 2630 956 2662 probantibus.

129 2674 158 2701 4.
178 2667 294 2701 Vegrandi
303 2669 376 2692 macie
385 2665 524 2700 torridum]
545 2666 650 2692 Placuit
659 2664 726 2691 istud
737 2661 881 2697 Mamurio,
901 2663 1033 2691 Lambino
1045 2682 1053 2695 ,

92 2703 203 2730 Ursino.
223 2703 311 2739 scripti
322 2710 409 2730 tamen
423 2701 544 2735 utgrandi
555 2721 562 2734 ‚
582 2700 718 2738 quomodo
729 2702 756 2727 ὃς
767 2700 848 2727 Ῑεξὶίο
859 2708 972 2736 recepta.
992 2709 1052 2727 nam

85 2738 175 2767 editio
185 2740 304 2766 omnium
315 2739 412 2775 prima,
421 2737 555 2770 &granAL
575 2739 709 2765 Puteanus
720 2736 852 2764 maluisset
861 2737 990 2763 horridum.

129 2784 157 2810 5.
176 2779 234 2802 Cum
243 2776 389 2806 videremus,
401 2776 504 2807 Magios,
515 2774 684 2808 Blffos,&c.]
696 2774 820 2804 Mallem,
830 2773 948 2799 viderem.-
961 2773 1054 2808 utique

90 2819 152 2838 cuin
162 2812 239 2838 restet
250 2812 277 2838 in
289 2809 546 2845 Pall.cdition‘1busq‚-
556 2809 744 2842 obsoletis‚01>m
753 2811 888 2836 videremus
898 2811 937 2835 Blo
955 2818 1021 2842 ios‚eJ
1027 2817 1055 2834 e-

92 2846 140 2874 &co
149 2848 198 2876 illo
208 2851 312 2881 Magios.
334 2846 404 2883 quod
416 2854 505 2873 tamen
515 2855 546 2872 an
559 2846 588 2872 sit
600 2848 614 2872 a
627 2846 831 2873 membranaceis
843 2845 929 2877 libris,
940 2844 1055 2872 viderint

90 2884 199 2910 critici.
218 2894 268 2919 ego
280 2884 324 2910 vix
335 2891 408 2919 puto.
433 2892 517 2918 neque
527 2881 630 2918 aliquid
640 2892 765 2919 umquam
777 2881 931 2908 commifiss‘e
941 2881 1053 2916 legitur,

91 2928 139 2946 cui·
149 2919 205 2946 heic
213 2920 284 2946 inter
294 2918 428 2946 seditiosos
440 2918 642 2955 proditoresque
652 2918 795 2946 locaretur.
816 2918 834 2945 si
844 2918 877 2947 sic
889 2937 898 2950 ‚
918 2925 981 2945 tunc
994 2916 1052 2944 iane

91 2962 197 2982 maneat
207 2975 215 2987 ,
227 2965 278 2981 cum
287 2956 421 2982 videremus
430 2957 470 2980 Blo
488 2965 520 2980 ios
532 2974 540 2986 ,
549 2955 601 2985 &iz

126 2991 155 3017 6.
174 2992 238 3024 Qid
246 2992 413 3025 enunciaffct?]
430 2991 499 3016 Pall.
509 2991 536 3016 Sc
548 2990 609 3017 edd.
621 2998 688 3018 vett.
699 2991 760 3026 quod
768 2991 909 3025 enunciafflt
919 2994 930 3017 ξ
940 2997 969 3016 ut
980 2990 1052 3016 forte

87 3026 175 3054 fuerit
185 3046 194 3059 ,
204 3030 257 3061 quoi
266 3028 432 3062 denunciaffet,
442 3026 473 3054 ad
484 3036 574 3055 cenam
584 3027 695 3060 scilicet,
707 3035 737 3054 ut
747 3028 826 3054 etiam
836 3027 864 3054 in
875 3033 993 3054 mentem
1005 3035 1050 3053 ve-

87 3071 167 3090 nerat
178 3062 333 3089 Gulielmio.

126 3108 155 3132 7.
174 3102 282 3124 Primum
291 3101 332 3124 illa
340 3106 401 3125 nata
411 3100 497 3134 fimi]
518 3099 562 3125 Sic
579 3100 659 3128 etiam
669 3099 835 3127 Viffiriana.
854 3106 882 3126 at
897 3099 1051 3126 vetustiores

86 3135 129 3160 illa
137 3134 265 3174 apiafitqitq.
289 3135 408 3161 omnium
419 3136 514 3171 prima,
525 3144 620 3169 aperta.
641 3135 712 3172 quod
723 3136 848 3163 ultimum
860 3135 938 3162 alicui
949 3135 1052 3171 placere

89 3169 174 3206 poss'et
186 3189 194 3201 ‚
214 3172 259 3195 11111
271 3170 384 3210 exstaret
393 3171 420 3197 in
432 3171 488 3197 Pal.
500 3171 549 3201 sec.
559 3174 601 3201 illa
610 3180 681 3208 capta
683 3174 744 3209 sunt
753 3191 763 3207 ,
780 3171 852 3208 quod
864 3178 952 3202 tamen
963 3169 1050 3200 forsan

89 3205 176 3236 adhuc
184 3204 342 3235 mutandum
351 3215 379 3235 iii
391 3225 400 3241 ,
411 3213 492 3241 crepta.

1115 248 1302 279 &colendos
1312 248 1422 288 putatis
1436 250 1446 276 ?
1460 245 1533 288 quid
1543 247 1628 276 enim
1637 244 1800 275 viderunt?
1817 243 1886 276 hoc,
1899 240 1981 283 quod
1992 250 2074 271 nunc

1112 300 1166 319 vos
1178 310 1185 323 ,
1203 291 1323 331 quaeso,
1343 290 1516 329 perspicue,
1539 297 1625 329 atque
1635 287 1816 328 cognoscite.
1840 294 1908 314 NON
1929 292 2073 312 mom&

1112 340 1248 361 RANTuR
1267 331 1444 361 hominibus
1466 340 1567 361 mores
1587 339 1647 360 tam
1662 329 1678 359 a
1690 328 1921 368 stirpegeneris,
1941 335 1973 355 ac
1982 325 2073 355 semi-

1110 374 1158 401 nis
1169 392 1177 406 ,
1196 373 1286 413 quam
1299 383 1338 403 ex
1351 375 1387 402 iis
1398 374 1485 403 rebus
1496 393 1504 406 ,
1524 383 1589 413 quae
1602 372 1638 402 ab
1648 372 1707 411 ipsa
1721 380 1822 400 natura
1830 369 1889 399 loci
1901 389 1909 402 ‚
1932 367 1965 398 8:
1974 366 1991 396 a
2003 368 2073 396 vitae

1108 414 1326 444 consuetudine
1346 414 1587 454 suppeditantur:
1606 414 1718 454 quibus
1731 413 1860 444 alimur,
1882 411 1915 441 δε
1927 410 2070 440 vivimus.

1110 456 1389 496 Karthaginienses,
1401 456 1605 489 fraudulenti,
1629 456 1661 485 ὃς
1673 453 1849 486 mendaces,
1872 462 1937 482 non
1950 459 2072 493 genere,

1109 496 1158 527 sed
1170 504 1275 525 natura
1286 497 1348 530 loci,
1361 495 1457 536 quod,
1466 506 1586 536 propaer
1596 506 1698 537 portus
1711 497 1778 526 suos
1790 516 1797 530 ,
1811 495 1925 527 multis,
1939 494 1972 523 ὃς
1983 493 2072 523 variis

1109 547 1310 569 mercatorum
1321 558 1329 571 ,
1349 538 1383 568 δε
1395 537 1577 568 advenarum
1592 538 1783 568 sermonibus
1797 558 1805 570 ,
1827 536 1862 566 ad
1873 536 2006 566 studium
2016 533 2073 564 fal·

1108 580 1200 614 lendi,
1217 580 1317 611 studio
1327 579 1456 621 quaestus
1469 579 1662 609 vocabantur.
1685 581 1819 620 LigureS,
1832 578 1981 610 montani,
1991 576 2075 609 duris

1107 631 1192 663 atque
1202 621 1337 664 agrestes.
1360 621 1464 651 docuit
1472 631 1536 661 ager
1547 621 1600 662 ipse
1615 641 1623 653 ,
1642 620 1856 650 ni‘nilt'erendo
1867 640 1875 653 ,
1897 618 1953 649 nisi
1975 618 2069 648 multa

1105 668 1231 697 cultura,
1244 664 1276 693 &
1287 673 1398 705 magno
1410 662 1509 693 labore
1518 660 1683 703 quaesitum.
1709 664 1853 701 Campani
1867 682 1875 694 ,
1892 662 2009 700 semper
2019 660 2067 690 su-

1105 706 1189 745 perbi
1209 704 1334 735 bonitate
1346 715 1479 746 agrorum
1491 724 1498 738 ,
1526 705 1560 734 &
1569 703 1723 733 fruetuum
1736 703 1944 743 magnitudine
1957 723 1965 735 ,
1987 701 2069 732 urbis

1108 747 1286 781 salubritate,
1299 747 1511 787 descriptione,
1522 744 1753 786 pulchritudine.
1780 748 1826 774 Ex
1838 746 1894 775 hac
1905 747 1991 784 copia
2001 764 2010 776 ,
2026 753 2067 773 at-

1105 799 1164 830 que
1174 792 1318 819 omnium
1328 799 1427 819 rerum
1440 788 1604 820 affluentia,
1615 792 1629 814 7
1641 785 1777 826 primum
1790 787 1839 815 illa
1848 795 1913 815 nata
1923 787 1992 816 sunt
2006 796 2010 813 z
2024 796 2068 815 ai·-

1105 833 1251 872 rogantia,
1263 842 1329 873 qua:
1340 831 1356 861 a
1370 830 1536 870 majoribus
1546 828 1656 859 nostris
1666 828 1791 858 alterurn
1803 829 1899 866 Capua
1909 827 2069 857 consulem

1107 872 1286 912 postulavit:
1310 872 1420 903 deinde
1434 882 1467 902 ea
1485 872 1619 901 luxuri-:s
1630 891 1638 903 ,
1660 880 1726 910 quae
1736 870 1837 909 ipsum
1850 869 2066 902 Hannibalem,

1105 917 1196 945 armis
1205 916 1298 945 etiam
1308 923 1374 944 turn
1386 913 1538 944 inviAEtum
1550 933 1558 946 ,
1578 912 1724 953 voluptate
1747 911 1832 940 vicit.
1866 912 1934 940 Huc
1954 909 2001 939 isti
2018 910 2069 939 de-

1105 958 1232 987 cemviri
1253 952 1350 987 ‘0'ch
1375 965 1539 986 numerum
1557 955 1742 985 colonorum
1758 952 1868 992 exlege
1880 951 1964 982 Rulli
1975 951 2069 980 dedu-

1105 1000 1219 1028 xerint:
1243 1004 1367 1029 centurn
1378 997 1567 1030 decuriones,
1579 996 1684 1026 decem
1694 1004 1816 1036 augures
1828 1013 1836 1026 ,
1849 993 1900 1023 sex
1911 991 2070 1033 pontifices

1104 1039 1332 1071 constituerint:
1351 1050 1428 1081 quos
1439 1039 1566 1069 illorum
1576 1040 1695 1068 animos
1707 1058 1715 1071 ‚
1731 1046 1807 1077 quos
1823 1038 1963 1075 impetu5‚
1979 1044 2069 1074 quim

1102 1081 1247 1113 ferociam
1256 1082 1322 1112 fore
1337 1083 1468 1122 putatis?
1485 1083 1620 1111 Romam
1640 1082 1671 1109 in
1691 1078 1848 1108 montibus
1870 1075 1995 1116 positam
2007 1096 2015 1109 ,
2037 1078 2069 1105 ὃς.

1103 1124 1456 1158 convallibus‚cenaculis
1467 1123 1624 1155 sublatam,
1635 1131 1724 1161 atquc
1739 1120 1918 1160 suspensam,
1931 1129 1983 1147 non
1996 1126 2069 1157 opta-

1103 1167 1152 1194 mis
1161 1166 1215 1195 viis
1225 1187 1233 1199 ,
1256 1164 1469 1208 angustiffimis
1479 1165 1595 1195 semitis
1610 1184 1618 1196 ‚
1640 1173 1700 1203 prae
1712 1164 1761 1193 sua
1777 1165 1884 1201 Capua,
1897 1158 2068 1200 planissimo

1102 1209 1135 1237 in
1155 1208 1223 1238 loco
1243 1210 1405 1248 explicata,
1423 1210 1439 1233 9
1451 1217 1482 1237 ac
1500 1216 1559 1246 prae
1576 1206 1637 1235 illis
1649 1206 1761 1235 semitis
1776 1203 1960 1235 irridebunt,
1982 1211 2067 1242 atque

1102 1258 1311 1280 contemnent.
1334 1258 1418 1290 agros
1428 1247 1511 1281 vero,
1521 1249 1712 1280 Vaticanum,
1727 1246 1759 1276 δε
1769 1246 1941 1285 Pupiniam,
1955 1246 1985 1263 10
1996 1253 2066 1273 curn

1104 1291 1122 1321 s
1119 1292 1164 1321 uis
1178 1293 1314 1330 optimis,
1328 1300 1416 1332 atque
1426 1289 1569 1320 uberibus
1580 1290 1695 1328 campis
1706 1292 1714 1307 ¹
1724 1292 1732 1307 ¹
1745 1285 1945 1317 conferendos
1956 1285 2070 1316 scilicet

1102 1343 1168 1363 non
1188 1334 1348 1373 putabunt.
1375 1332 1559 1372 oppidorum
1578 1340 1679 1361 autem
1700 1328 1905 1359 finitimorum
1923 1328 2007 1357 illam
2016 1337 2070 1356 co-

1101 1377 1182 1414 piam
1199 1385 1270 1404 cum
1282 1376 1337 1405 hac
1345 1384 1396 1414 per
1406 1375 1500 1404 risum
1512 1393 1520 1407 ,
1537 1383 1569 1403 ac
1578 1382 1629 1413 per
1638 1373 1742 1412 jocum
1752 1370 1954 1401 contendent:
1978 1368 2068 1398 Labi-

1099 1426 1151 1446 cos
1163 1437 1171 1449 ,
1191 1417 1317 1447 Fidenas
1329 1436 1337 1449 ,
1358 1416 1518 1446 Collatiam
1531 1435 1539 1448 ‚
1561 1415 1661 1454 ipsum
1673 1413 1773 1444 hercle
1783 1412 1957 1442 Lanuvium
1968 1430 1976 1443 ,
2000 1412 2069 1440 Ari-

1101 1460 1190 1492 ciam,
1202 1458 1382 1491 Tusculum,
1395 1468 1465 1488 cum
1476 1457 1607 1490 Calibus,
1618 1457 1758 1488 Theano,
1773 1453 1914 1493 Neapoli,
1923 1452 2066 1484 Puteolis,

1101 1503 1218 1534 Cumis,
1228 1501 1392 1539 Pomp-eju,
1406 1501 1536 1529 Nuceria
1544 1498 1771 1538 comparabunt.
1788 1496 1907 1535 Qibus
1919 1495 1964 1524 illi
1976 1493 2064 1523 rebus

1100 1543 1168 1572 elati
1180 1563 1189 1576 ,
1201 1543 1234 1572 &
1243 1541 1340 1572 inflati
1351 1562 1359 1575 ,
1369 1540 1488 1571 fortass'e
1498 1552 1549 1570 non
1561 1538 1689 1569 continui>
1700 1559 1708 1572 ,
1721 1538 1770 1569 sed
1782 1537 1859 1568 certe
1871 1557 1879 1570 ‚
1900 1535 2065 1576 sipaullum

1098 1582 1285 1615 affumserint
1293 1583 1458 1616 vetustatis,
1473 1593 1505 1612 ac
1516 1582 1644 1616 roboris,
1657 1591 1722 1611 non
1737 1579 1986 1610 continebuntur:
1997 1587 2069 1617 pro-

1096 1626 1270 1667 gredientur
1286 1626 1407 1667 longius
1417 1645 1425 1658 ,
1447 1623 1617 1655 efferentur.
1660 1626 1870 1654 Siuoumims
1890 1630 1985 1650 nomo
2006 1621 2069 1659 pri-

1097 1677 1194 1703 vatus,
1207 1666 1263 1698 nisi
1271 1678 1379 1709 magna
1388 1668 1529 1707 sapientia
1537 1665 1690 1706 praeditus,
1707 1666 1761 1694 vix
1770 1662 1859 1693 facile
1869 1662 1927 1692 sese
1936 1663 2071 1703 regioni-

1097 1709 1154 1740 bus
1165 1709 1269 1744 officii,
1284 1711 1402 1751 magnis
1413 1711 1446 1739 in
1453 1708 1596 1741 fortunis,
1609 1708 1642 1738 &
1654 1708 1750 1747 copiis
1763 1726 1771 1739 ,
1786 1707 1935 1735 continet:
1950 1702 2067 1733 nedum

1098 1752 1145 1782 isti
1157 1773 1165 1786 ,
1186 1753 1222 1783 ab
1231 1752 1345 1786 Rullo,
1367 1752 1400 1782 δε
1412 1751 1498 1782 Rulli
1508 1748 1656 1780 similibus
1666 1746 1841 1789 conquisiti,
1866 1755 1954 1787 atque
1976 1744 2067 1775 eleiffi

1097 1795 1213 1829 coloni,
1225 1797 1341 1835 Capuae,
1360 1796 1393 1824 in
1404 1793 1566 1823 domicilio
1577 1791 1732 1832 superbiae,
1745 1798 1831 1830 atque
1844 1790 1876 1818 in
1884 1787 2003 1819 sedibus
2015 1787 2065 1816 lu·-

1095 1838 1191 1867 xuriae
1200 1837 1338 1867 collocati
1353 1833 1525 1871 nonstarim
1535 1832 1732 1875 conquisituri
1745 1831 1801 1861 lint
1810 1829 1923 1871 aliquid
1934 1829 2068 1862 sceleris,

1098 1879 1132 1909 &
1141 1877 1256 1920 flagitii.
1287 1877 1390 1908 immo
1400 1876 1473 1907 vero
1482 1878 1573 1907 etiam
1583 1877 1641 1906 hoc
1649 1877 1743 1916 magis
1754 1894 1762 1907 ,
1778 1873 1869 1914 quam
1878 1872 1926 1902 illi
1937 1880 2063 1904 vetereS,

1097 1923 1293 1961 germanique
1313 1921 1456 1960 Campani
1470 1939 1479 1952 ,
1499 1917 1584 1959 quod
1597 1919 1630 1947 in
1645 1926 1745 1947 vetere
1756 1914 1958 1945 fortunaillos
1967 1921 2066 1946 natos,

1099 1962 1132 1991 δε
1148 1962 1287 1992 educatos
1298 1981 1307 1996 ,
1328 1964 1433 1991 nimiae
1444 1969 1545 1990 tamen
1555 1968 1655 1989 rerum
1666 1959 1811 1988 omnium
1821 1958 1914 1995 copia:
1927 1955 2068 1994 deprava-

1098 2003 1177 2033 bant·
1203 2004 1235 2032 hi
1245 2013 1284 2033 ex
1294 2004 1413 2033 summa
1422 2000 1585 2041 egestate‚in
1597 2000 1723 2030 eandem
1737 2008 1838 2028 rerum
1849 1996 2064 2027 abundantiam

1097 2043 1222 2074 traduffi
1234 2064 1243 2078 ,
1263 2054 1328 2074 non
1345 2043 1446 2074 solum
1464 2044 1569 2082 copia,
1590 2042 1796 2071 verumetiam
1807 2039 1967 2069 insolentia
1976 2047 2065 2067 com-

1098 2086 1316 2117 movebuntur.
1340 2088 1412 2116 Haec
1422 2094 1454 2114 tu
1465 2103 1472 2118 ,
1485 2087 1516 2115 P.
1531 2083 1634 2116 Rulle,
1646 2085 1690 2112 M.
1704 2083 1786 2111 Bruti
1800 2081 1915 2111 sceleris
1925 2078 2058 2119 vestigia,
2085 2078 2130 2117 36

1095 2127 1188 2169 quam
1200 2137 1404 2158 monumenta
1414 2127 1566 2163 majorum
1580 2125 1729 2164 sapientiae
1747 2124 1829 2163 sequi
1840 2120 1972 2152 maluisti
1984 2123 2061 2151 :haec

1097 2179 1128 2199 tu
1148 2173 1177 2189 ¹2
1186 2180 1256 2200 cum
1267 2168 1331 2199 istis
1349 2171 1408 2199 tuis
1424 2167 1575 2198 actoribus
1586 2165 1787 2208 excogitasti,¹
1795 2169 1807 2192 ³
1818 2174 1850 2194 ut
1859 2173 1957 2194 vetera
1966 2162 2066 2193 vessti-

1095 2212 1171 2253 galia
1179 2211 1358 2246 venderetis,
1370 2211 1402 2241 &
1411 2210 1569 2251 expleretis
1580 2218 1670 2238 nova.
1685 2208 1763 2239 Urbi
1774 2209 1905 2247 Capuam
1919 2209 1948 2231 14
1957 2205 1992 2235 ad
2001 2214 2066 2235 cer-

1959 2256 2064 2277 tamen

1133 2303 1148 2328 8
1155 2323 1160 2328 .
1181 2306 1238 2329 Cum
1248 2311 1369 2328 numerum
1379 2301 1584 2337 cotbnommffigrc]
1598 2305 1717 2326 thcrm·
1725 2309 1773 2336 pro
1783 2297 2003 2329 niultitudiiie,ut
2013 2299 2066 2324 ini-

1098 2339 1137 2364 tio
1147 2346 1215 2365 orat.
1226 2348 1274 2374 pro
1286 2338 1400 2371 Fontejo
1411 2357 1420 2370 ,
1440 2338 1467 2363 8:
1479 2337 1568 2374 saepius
1579 2336 1644 2363 ali-„is
1657 2356 1664 2368 ,
1678 2336 1767 2371 inquit
1777 2335 1952 2361 Gulielmius.
1973 2343 2064 2360 verum

1099 2375 1163 2401 olim
1176 2376 1246 2410 typis
1258 2373 1398 2401 informati
1412 2393 1419 2406 ‚
1431 2374 1480 2399 ct‘rm
1490 2374 1551 2399 modo
1561 2375 1696 2398 colonorum.
1717 2379 1747 2398 ut
1758 2371 1828 2397 forte
1839 2371 1922 2397 fuerit
1932 2390 1940 2402 ‚
1956 2379 2006 2396 cum
2016 2380 2065 2396 mo-

1098 2412 1152 2437 dum
1162 2410 1359 2442 colonomm,s.itis
1369 2412 1469 2446 aperte.
1491 2408 1662 2436 Lauredanus
1673 2407 1828 2442 conjiciebat
1839 2408 1908 2438 ,1c1‘1m
1921 2415 1969 2432 τοῦ
1980 2408 2067 2432 colono-

1098 2457 1161 2473 rum.
1181 2447 1330 2483 ingeniose.
1351 2446 1419 2473 Pali.
1431 2446 1511 2472 nosti-i
1523 2445 1618 2471 liabent
1629 2454 1680 2470 cum
1690 2454 1732 2470 nio.
1754 2443 1796 2469 sed
1817 2453 1868 2469 non
1890 2441 2043 2477 simpliciter
2053 2451 2064 2473 ς

1098 2483 1203 2519 vii-gula
1215 2484 1297 2516 enim,
1308 2482 1415 2510 incubat
1425 2482 1520 2509 litterae
1531 2492 1541 2507 o
1552 2501 1559 2514 ,
1577 2480 1649 2517 quod
1659 2487 1734 2507 notat
1745 2479 1801 2506 fere
1812 2477 1880 2505 illud
1890 2477 1998 2514 modo‚de
2009 2487 2065 2514 quo

1093 2519 1150 2553 jam
1162 2519 1231 2546 dixi.

1132 2564 1161 2591 9.
1182 2561 1283 2590 :At-pm
1291 2555 1455 2590 illustraris]
1476 2553 1569 2581 Iniiuit
1579 2552 1649 2580 enim
1661 2551 1746 2579 nullas
1759 2550 1835 2578 fuisse
1846 2552 1952 2586 Capuae.
1971 2549 2064 2586 itaque

1096 2591 1162 2618 nihil
1174 2592 1330 2619 mutandum
1341 2601 1400 2617 cum
1411 2590 1544 2617 Lambino
1556 2609 1564 2621 ,
1575 2598 1634 2615 cum
1645 2588 1715 2615 aliis.

1138 2637 1178 2654 10.
1199 2631 1256 2654 Cum
1260 2630 1312 2663 ficis
1322 2629 1422 2661 optimis,
1432 2627 1499 2660 [lfa]
1520 2625 1663 2652 Lambinus
1673 2624 1763 2656 opimis.
1783 2622 1852 2649 Pall.
1864 2621 1931 2649 nihil
1942 2629 2062 2650 mutant.

1098 2669 1202 2691 tanturn
1213 2665 1261 2691 sec.
1272 2666 1369 2698 optumis
1381 2683 1389 2695 ‚
1401 2663 1483 2689 veteri
1495 2662 1627 2698 scriptura:
1639 2659 1729 2686 niodo.

1136 2709 1144 2726 i
1155 2710 1176 2727 i.
1189 2701 1434 2736 Confirendosftrlicet
1443 2708 1487 2724 non
1492 2698 1640 2732 putabunt]
1660 2694 1766 2722 Aet-edo
1777 2693 1912 2721 sententia:
1923 2695 2060 2722 Senatoris

1096 2737 1205 2764 Parissni
1217 2757 1225 2769 ‚
1237 2737 1349 2764 Puteani
1362 2755 1370 2768 ‚
1382 2735 1535 2762 arbitrantis
1547 2734 1715 2768 negationem
1727 2731 1784 2758 heic
1795 2730 1990 2767 supervacuam.
2005 2731 2061 2756 haec

1096 2773 1166 2799 enim
1177 2772 1229 2800 dici
1239 2782 1286 2809 pei·
1296 2772 1425 2798 eii-oniam
1438 2790 1446 2803 ,
1465 2770 1578 2797 ostendit
1592 2768 1721 2806 particula
1730 2768 1841 2802 fiilicc25
1859 2773 1937 2803 atque
1947 2766 1975 2794 id
1987 2767 2061 2803 quod.

1096 2808 1213 2845 sequitur
1225 2829 1233 2842 ‚
1244 2810 1379 2835 contendent
1391 2827 1398 2838 ,
1410 2808 1588 2840 comparabunt.

1135 2849 1239 2871 12.Cum
1247 2847 1295 2878 istis
1303 2846 1350 2871 tuis
1359 2844 1503 2876 afforibm]
1517 2841 1596 2868 Haud
1606 2841 1686 2868 aliter
1694 2848 1799 2877 quoque
1810 2839 1880 2866 Pau.
1890 2840 1919 2865 δε
1929 2839 1995 2866 olim
2005 2839 2060 2866 im-

1094 2881 1182 2917 preffi.
1202 2881 1360 2912 Lambinus,
1372 2881 1517 2910 auHorIbus,
1528 2878 1560 2904 de
1571 2877 1616 2904 suo
1625 2877 1736 2904 scilicet.

1137 2926 1178 2953 13·
1190 2921 1219 2943 Ut
1229 2925 1314 2943 vetera
1323 2917 1451 2949 vefflgalm
1459 2915 1602 2947 vendentis,
1615 2915 1645 2945 ἐν
1653 2913 1773 2947 expleret&
1783 2911 1871 2946 mem]
1892 2910 2056 2937 Gulielmius

1096 2954 1215 2988 conjicit,
1226 2957 1368 2986 exciperem.
1388 2961 1438 2986 ego
1447 2951 1592 2983 expilarnis.
1614 2950 1681 2976 Pau.
1693 2949 1749 2975 heic
1759 2955 1823 2975 eunt
1835 2958 1849 2973 a
1861 2947 1979 2982 vulgata.
1994 2955 2055 2973 iiam

1096 2988 1112 3014 s
1107 2999 1144 3015 ec.
1157 2989 1272 3021 habam
1282 2997 1365 3014 vetera
1373 2989 1503 3019 veffigalia
1512 2996 1539 3012 ea
1549 2986 1668 3020 explentis
1678 2994 1746 3011 now.
1756 2983 1826 3020 quod
1837 2982 1907 3009 idem
1918 2984 1945 3010 in
1955 2983 2055 3019 primo-

1096 3024 1139 3052 sed
1150 3026 1172 3052 ei
1184 3026 1219 3053 est
1232 3034 1340 3051 vacuum
1352 3023 1532 3059 spacium,poll:
1541 3031 1611 3054 no‘vo,
1622 3022 1772 3048 litterarum
1784 3020 2053 3051 ti·ium,aiin9tatum-

1096 3071 1146 3097 que
1157 3062 1188 3088 ad
1198 3070 1271 3088 oram
1282 3072 1288 3088 ς
1311 3061 1374 3086 dces?
1389 3069 1452 3084 unm·
1460 3059 1554 3092 versus.
1573 3059 1601 3084 Sc
1614 3067 1676 3084 vei-o
1687 3057 1745 3084 talis
1756 3056 1839 3082 lenio
1850 3056 1993 3091 lacuiiaque
2005 3055 2054 3082 lit-

1094 3105 1210 3124 terarum
1222 3099 1345 3133 triginta,
1356 3102 1430 3122 extat
1440 3095 1467 3121 in
1478 3094 1595 3121 editione
1604 3095 1665 3121 anni
1676 3100 1889 3120 CCCCLXXXHI.

1133 3141 1175 3166 14.
1195 3134 1249 3162 (Ad
1266 3140 1381 3158 certamen
1390 3131 1512 3165 dignantia
1521 3138 1628 3164 opponere
1636 3130 1701 3164 via]
1723 3131 1792 3156 Cum
1803 3127 1927 3164 sequatur
1938 3146 1946 3158 ‚
1964 3125 2054 3152 vende·

1093 3170 1149 3195 retis
1159 3169 1360 3204 &ficljungeretis
1372 3187 1381 3203 ‚
1399 3177 1451 3196 non
1464 3167 1596 3204 vituperat
1606 3176 1650 3195 eos
1661 3167 1794 3195 Puteanus
1804 3183 1813 3199 ‚
1834 3164 1879 3201 qui
1889 3163 1984 3199 legunt
1995 3180 2003 3194 ‚
2011 3167 2052 3193 op-

1088 3206 1214 3240 poneretis.
1950 3241 1961 3261 1
1992 3231 2064 3260 NJhn

1485 3240 1592 3268 Ccc2
