2297 3389
667 71 683 84 Q

520 141 832 189 xORATIO
876 158 1013 190 'PRO
1068 146 1125 191 L.
1160 143 1510 200 MAN1L1‘A,
1542 150 1624 195 ὅτε.

105 226 213 266 reaque
226 224 309 255 nulla
318 223 352 255 in
363 222 427 265 lege
435 220 535 252 nostra
545 224 722 261 reperietur,
745 229 777 252 ut
786 220 863 261 apud
875 230 984 252 ceteras
994 223 1072 252 civi·
1117 221 1270 262 possemus
1280 244 1288 259 ‚
1299 223 1391 265 quain
1409 230 1454 256 uti
1471 236 1554 258 nunc
1563 248 1572 262 ‚
1585 226 1656 259 cum
1668 226 1777 269 dejure
1789 227 1918 260 civitatis
1935 230 2014 260 nihil
2024 241 2081 271 po-

104 275 187 300 ntes,
200 266 373 305 maleficium
382 264 481 296 ullum
491 262 597 293 exsilio
608 262 665 293 efl‘e
675 263 850 294 multatum.
871 263 919 292 sed
931 273 1001 293 cum
1014 264 1069 294 ho-

101 311 215 342 mines,
227 307 357 339 vincula,
371 315 471 339 neceS,
485 305 675 345 ignominias
690 315 727 335 ue
736 306 848 337 vitant,
869 314 935 344 quae
947 304 1015 334 sunt
1025 305 1070 334 le-

100 349 190 391 gibus
199 348 384 380 constitutae:
401 345 599 388 confugiunt,
611 316 691 388 quaa
705 347 740 377 ad
750 356 840 380 aram,
862 346 898 374 in
907 344 1062 376 exsilium:

97 393 153 431 qui
166 389 187 420 fi
197 392 231 420 in
240 391 358 420 civitate
368 389 442 429 Iegis
452 389 518 419 vim
530 389 628 419 subire
639 388 754 419 vellent
762 408 773 422 ,
793 397 858 417 non
866 386 949 427 prius
961 388 1067 417 civita-

101 440 162 462 tem
174 451 183 465 ‚
194 431 284 472 quam
296 432 389 461 vitam
400 433 588 461 amitterent:
608 432 677 471 quia
696 430 808 460 nolunt
819 440 827 463 ς
846 438 912 459 non
922 428 1067 459 adimitur

98 474 148 503 his
157 474 260 503 civitas
270 493 278 507 ,
300 472 352 503 sed⁴
360 472 395 502 ab
405 473 452 502 his
468 472 658 513 relinquitur,
673 481 761 513 atque
771 471 944 511 deponitur.
969 472 1062 515 N³.m'

98 512 171 544 cum
191 523 230 544 ex
249 513 352 544 nostro
368 515 434 554 jure
446 514 569 543 duarum
589 515 746 543 civitatum
765 523 859 544 nemo
876 511 934 542 effe
949 510 1041 556 possit
1050 531 1058 545 ‚

99 559 167 585 tium
174 556 323 586 amittitur
333 557 397 586 liaec
417 557 521 586 civitas
532 555 663 597 denique
674 577 682 589 ‚
696 554 768 586 curn
786 557 812 585 is
822 575 831 589 ‚
852 555 904 595 qui
915 552 1060 595 proffigin

38 606 55 639 3
63 605 83 637 5
99 606 232 637 receptus
242 597 328 628 estin
341 595 493 631 exsilium,
505 598 564 627 hoc
575 597 634 631 est,
654 599 686 627 in
703 598 794 628 aliam
805 598 969 626 civitatem.
987 598 1062 625 Non

65 648 75 660 ··
99 648 150 668 me
159 643 305 679 praeterit,
318 648 535 680 recuperatores
546 659 554 673 ,
570 638 684 670 tametsi
695 639 731 669 de
742 640 800 669 hoc
807 640 875 678 jure
887 637 980 667 multa
988 647 1062 677 pice—

98 687 191 714 i‘ereo‚
207 690 309 711 tamen
320 691 370 710 me
380 681 500 723 longius
517 681 689 721 prolapsum
700 679 758 710 effe
768 701 776 714 ‚
788 689 878 721 quam
890 681 964 709 ratio
974 678 1071 709 vestri·

93 721 204 762 j¹udicii
219 722 384 762 postularit.
397 725 511 753 Verum
522 723 551 753 id
561 722 631 756 feci,
641 732 705 752 non
716 721 798 763 quod
808 731 863 751 vos
874 722 907 751 in
917 721 970 751 hac
980 720 1063 750 causa

96 763 173 795 hanc
182 763 388 794 defensionem
400 763 559 795 desiderare
568 764 720 794 arbitrarer
731 783 739 797 ,
751 763 799 794 sed
811 771 843 793 ut
854 772 962 792 ornnes
971 762 1063 792 intel-

95 805 232 846 ligerent,
248 816 304 836 nec
314 806 485 846 ademptam
498 807 639 846 cuiquam
649 807 803 836 civitatem
814 803 871 834 ess'e
882 824 890 838 ‚
902 815 958 834 nec
968 804 1062 834 adimi

93 845 260 887 poffeHoc
269 847 341 878 curn
352 858 403 877 eos
413 849 484 878 scire
495 848 590 880 volui,
599 847 708 888 quibus
718 848 799 878 Sulla
808 847 907 876 voluit
916 846 1061 886 injuriam

98 887 204 923 facere,
219 898 284 919 turn
294 891 413 919 omneis
421 898 534 919 ceteros
544 899 653 923 novos,
669 889 838 930 veteresque
850 889 953 918 civeis.
964 898 1061 928 neque

69 936 73 939 '
96 931 181 961 enim
192 933 267 961 ratio
276 929 373 960 afferri
384 930 490 970 potest,
502 940 555 961 cur
565 950 573 964 ,
586 929 607 960 si
617 932 757 971 cuiquam
769 941 852 960 novo
861 931 920 960 civi
931 931 1061 970 potuerit

94 972 190 1002 adimi
199 973 380 1005 civitas-,non
390 972 535 1002 omnibus
543 973 836 1012 patriciismmnibus
845 970 1060 1012 antiquiffimis

93 1014 212 1044 civibus
221 1013 408 1054 poffit.Nam
418 1013 453 1044 ad
464 1015 540 1044 hanc
550 1014 674 1055 quidem
685 1014 802 1044 causam
814 1014 893 1043 nihil
904 1015 960 1043 hoc
971 1015 1062 1054 perti—

94 1054 193 1085 nuiffe
203 1076 212 1089 ,
232 1057 367 1096 primum
378 1065 416 1086 ex
432 1066 469 1086 eo
480 1056 609 1097 intelligi
621 1055 728 1096 potest,
740 1055 823 1097 quod
831 1065 886 1086 vos
896 1054 930 1085 ea
940 1055 975 1085 de
986 1065 1019 1085 ea
1028 1065 1057 1085 re

89 1096 225 1137 judicare
234 1107 297 1127 non
307 1097 545 1128 debetiszdeinde
554 1097 635 1139 quod
644 1098 724 1128 Sulla
734 1098 796 1138 ipse
808 1099 847 1128 ita
857 1098 926 1127 tulit
936 1097 972 1127 de
982 1098 1060 1127 civi-

94 1145 163 1172 tate,
176 1147 209 1169 ut
217 1149 280 1169 non
286 1137 440 1178 sustulerit
451 1140 562 1170 horum
573 1149 649 1170 nexa
658 1160 667 1173 ,
679 1149 767 1181 atque
779 1140 965 1172 hereditate&
974 1140 984 1178 j
991 1139 1061 1168 ubet

95 1181 179 1210 enim
190 1180 297 1211 eodem
305 1182 371 1220 jure
382 1180 451 1215 efle,
462 1191 524 1222 quo
534 1181 647 1212 fuerint
654 1182 880 1211 Ariminenses:
899 1191 974 1221 quos
993 1182 1060 1221 quis

97 1222 215 1263 ignorat
224 1222 387 1252 duodecim
398 1224 586 1253 coloniarum
597 1222 732 1257 fuistin&
743 1223 758 1253 a
768 1226 864 1264 popR
874 1222 1058 1253 ¹hereditates

53 1269 55 1271 ’
93 1272 195 1304 capere
204 1262 437 1305 potuiss'e?Q,od
447 1263 467 1294 si
478 1265 573 1295 adimi
584 1266 686 1295 civitas
696 1267 861 1295 A.Caecinae
872 1266 934 1306 lege
942 1265 1058 1305 potuis-

96 1305 147 1338 set,
158 1308 251 1346 tnagis
261 1306 345 1336 illam
357 1308 504 1336 rationem
517 1316 618 1336 tamen
628 1317 735 1337 omnes
745 1307 819 1336 boni
830 1316 1030 1347 quaererernus
1044 1327 1052 1340 ,

96 1347 357 1387 quemadmodum
374 1346 620 1388 speetatiss'imum
632 1368 641 1382 ‚
662 1346 987 1388 prudentissimumque
1002 1349 1058 1378 ho-

99 1389 230 1422 minem,
246 1390 369 1419 summo
382 1388 518 1423 consilio,
529 1390 648 1420 summa
656 1392 777 1423 virture,
792 1390 911 1420 summa
927 1388 1058 1420 aneiori-

96 1436 153 1460 tate
163 1429 326 1462 domestica
338 1430 500 1472 piaeditum
511 1450 520 1465 ,
538 1430 669 1461 levatum
678 1432 805 1473 injuria,
822 1433 921 1462 civem
931 1433 1057 1462 retinere

438 1544 541 1610 M.
616 1543 1023 1610 TULLii

1114 265 1382 306 tueritdeperdere‚
1393 269 1551 310 quisquam
1563 268 1688 304 exsistat,
1700 270 1756 301 nifi
1773 272 1837 305 tui,
1850 274 1949 305 Sexce,
1966 270 2074 303 similis

1114 302 1298 342 &stultitia‚
1321 309 1354 339 &
1370 310 1560 350 impudentia
1571 331 1579 346 ‚
1592 314 1644 353 qui
1664 313 1736 343 huic
1754 314 1907 343 civitatem
1925 313 2080 346 ademtam

1112 345 1170 376 effe
1184 347 1269 378 dicat.
1294 352 1355 392 Qi
1365 354 1510 391 quoniam
1522 372 1528 386 ,
1544 363 1762 394 recuperatores
1772 375 1781 388 ,
1796 355 1883 385 suurn
1892 355 1942 395 jus
1951 365 2015 386 non
2025 356 2080 386 de-

1112 387 1220 432 seruit,
1231 399 1328 430 neque
1338 396 1500 434 quicquam
1511 395 1593 425 illius
1606 395 1744 430 audaciae,
1757 397 1988 438 petulanti-atque
2000 408 2076 428 con-

1110 427 1196 459 '‹·essit
1213 431 1424 478 rderelinquo
1439 435 1502 473 jam
1521 446 1721 468 communem
1741 439 1858 469 causam
1879 458 1887 473 ‚
1910 439 2077 481 populique

1112 471 1212 500 Rom.
1228 482 1277 511 jus
1288 483 1319 502 in
1330 475 1423 506 vestra
1437 475 1507 509 fide,
1519 488 1551 507 ac
1564 480 1711 518 religione
1722 480 1852 520 depono.
1875 483 1904 510 Is
1923 481 2018 511 homo
2036 484 2077 512 ita

1112 511 1139 559 ie
1151 512 1312 562 probatum
1322 516 1410 545 vobis
1422 537 1430 550 ‚
1452 518 1600 559 vestrique
1613 518 1761 552 similibus
1780 522 1896 562 semper
1905 523 2004 553 voluit
2014 543 2022 557 ,
2043 533 2076 554 ut

1110 553 1140 583 id
1153 564 1217 584 non
1228 564 1333 584 minus
1344 558 1377 586 in
1387 558 1442 587 hac
1452 560 1534 589 causa
1545 561 1696 592 laborarit:
1718 573 1774 593 nec
1783 563 1971 594 contenderit
1980 565 2072 600 aliud,

1107 605 1197 636 quam
1208 595 1305 635 nejus
1319 598 1407 628 suum
1422 598 1561 631 diss'olute
1575 604 1742 643 relinquere
1752 605 1919 635 videretur:
1939 616 1994 636 nec
2014 608 2076 637 mi-

1108 647 1164 666 nus
1182 647 1353 673 vereretur,
1376 650 1413 669 ne
1425 650 1620 674 contemnere
1633 646 1793 676 AEbutium
1805 667 1813 680 ‚
1849 657 1917 677 uam
1936 657 1975 677 ne
1992 648 2026 678 ab
2037 659 2074 678 eo

1107 687 1278 709 contemtus
1296 679 1352 710 effe
1371 682 1600 713 existimaretur.
1632 658 1919 730 Qapropteigquid
1932 699 2013 720 extra
2028 691 2074 728 iu-

1106 719 1222 750 dicium
1232 720 1283 756 est,
1295 722 1376 762 quod
1389 724 1509 754 homiui
1523 726 1719 758 tribuendum
1731 728 1763 759 sit
1777 730 1900 760 :habetis
1910 727 2072 762 hominem

1107 760 1244 803 singulari
1255 765 1368 803 pudore
1380 785 1388 798 ,
1411 767 1521 796 virtute
1539 770 1668 808 cognitaz
1683 770 1715 799 δε
1728 770 1852 809 speetata
1862 771 1920 803 fide
1930 793 1937 805 ‚
1950 774 2072 813 amplis-

1108 802 1228 838 simum,
1245 807 1369 837 Etruriae
1388 810 1515 838 nomine
1536 818 1640 843 totius,
1654 812 1686 840 in
1696 818 1817 852 utraque
1830 813 1951 851 fortuna
1964 818 2071 856 cogni„

1106 854 1171 875 tum
1193 847 1298 877 multis
1320 846 1409 889 signis
1428 850 1608 885 &virtutis,
1630 853 1878 884 &humanitatis.
1902 859 1931 886 Si
1950 857 2021 896 quid
2038 859 2069 887 in

1105 890 1252 923 contraria
1268 899 1347 928 parte
1363 893 1395 920 in
1415 892 1542 922 homine
1553 892 1774 924 offendendum
1786 893 1819 925 sit
1831 906 1835 924 z
1848 897 1962 927 habetis
1982 908 2071 931 eumff

1107 938 1139 959 ut
1156 931 1233 960 nihil
1244 930 1341 961 dicam
1362 933 1491 972 amplius
1503 953 1511 967 ‚
1529 936 1580 975 qui
1600 936 1628 965 se
1638 936 1780 966 homines
1790 937 1917 978 co'e'gifl'e
1935 938 2068 969 fateatur.

1106 973 1167 1005 Sin,
1182 973 1361 1003 hominibus
1372 977 1508 1009 remotis,
1522 976 1558 1006 de
1572 978 1814 1017 causaquaeritis:
1835 978 2067 1018 cumjudicium

1104 1012 1140 1042 de
1155 1015 1186 1059 yi
1200 1012 1252 1044 sit:
1272 1016 1316 1048 is,
1335 1017 1388 1056 qui
1401 1019 1549 1058 arguitur,
1569 1020 1635 1048 vim
1655 1019 1682 1049 se
1691 1020 1870 1049 hominibus
1888 1024 2011 1051 armatis·
2023 1021 2069 1052 fe-

1103 1053 1174 1084 cisse
1190 1055 1329 1086 fateatur:
1348 1058 1440 1088 verbo
1452 1059 1481 1088 se
1493 1079 1508 1091 ‚.
1523 1069 1585 1090 non
1607 1063 1743 1101 aequitate
1754 1060 1913 1092 defendere
1924 1073 2067 1094 conetur:

1104 1096 1134 1126 id
1146 1107 1265 1137 quoque
1275 1100 1303 1128 ei
1312 1099 1440 1129 verbum
1453 1101 1552 1140 ipsum
1565 1111 1701 1142 ereptum
1714 1102 1770 1133 effe
1780 1103 1903 1134 videatis
1915 1115 1920 1133 1
1937 1104 2069 1135 :rudiori-

1104 1147 1193 1168 tatem
1204 1139 1486 1179 sapientissimorum
1498 1143 1664 1174 hominum
1680 1144 1774 1175 facere
1787 1145 1945 1176 nobiscum
1958 1157 1963 1175 z
1977 1148 2068 1186 inju-

1103 1180 1218 1210 dicium
1230 1192 1294 1212 non
1311 1185 1413 1213 venire
1425 1204 1433 1217 ‚
1455 1193 1555 1214 utrum
1568 1188 1684 1216 Caecina
1693 1184 1869 1227 poffederst,
1891 1197 2002 1218 necne:
2024 1198 2067 1218 ta-

1104 1232 1176 1252 men
1185 1222 1286 1253 doceri
1298 1223 1473 1264 poss'ediffe:
1493 1228 1592 1257 multo
1602 1230 1692 1258 etiam
1702 1228 1806 1258 minsis
1815 1231 1916 1269 quaeri‚
1931 1233 1940 1248 ¹
1953 1232 1989 1259 A.
2001 1232 2067 1260 Cae‘

1103 1265 1178 1294 cinae
1190 1263 1303 1310 fundus
1317 1264 1361 1299 sit,
1374 1277 1486 1298 necne:
1507 1279 1557 1298 me
1568 1277 1668 1299 tamen
1688 1270 1819 1310 idipsum
1830 1269 1963 1300 docuisse
1973 1291 1981 1304 ‚
1993 1271 2066 1301 fun·

1103 1305 1177 1336 dum
1187 1305 1244 1336 esse
1256 1309 1382 1338 Caeci'nae
1395 1320 1399 1338 :
1420 1309 1492 1341 cum
1506 1312 1569 1341 haec
1578 1313 1619 1341 ita
1634 1310 1698 1345 sint,
1714 1311 1829 1342 statuite
1838 1312 1910 1353 quid
1920 1322 1974 1342 vos
1985 1323 2064 1343 tem-

1101 1358 1171 1387 pora
1179 1350 1251 1388 reip.
1265 1348 1300 1378 de
1308 1353 1427 1381 armatis
1438 1352 1630 1386 hominibus,
1641 1354 1714 1394 quid
1724 1354 1807 1383 illius
1816 1353 1959 1384 confeffio
1969 1354 2004 1384 de
2016 1356 2057 1388 vi,

1102 1389 1175 1430 quid
1194 1389 1293 1420 nostra
1309 1391 1419 1423 decisio
1438 1393 1473 1423 de
1490 1396 1626 1434 aequitate
1639 1416 1646 1429 ,
1668 1396 1741 1437 quid
1761 1397 1837 1428 ratio
1856 1395 2008 1427 miei-dieu
2025 1396 2061 1427 de

1096 1433 1164 1472 jure
1175 1431 1368 1468 admoneant,
1380 1443 1412 1466 ut
1420 1435 1570 1476 J'udicetis.

1108 1545 1731 1613 CICERouis

915 1658 1117 1735 ,PR
1192 1659 1248 1713 o

39 1724 224 1883 i.
448 1763 2059 1904 MANiLiA,

931 1922 1227 1981 SEU

311 2027 398 2081 De
432 2027 760 2099 Imperatore
796 2027 1058 2100 Pompeio

1093 2026 1384 2100 deligendo
1409 2064 1425 2091 ‚
1464 2027 1533 2081 ad
1566 2029 1822 2102 populum
1835 2067 1856 2093 a>

380 2141 815 2197 ORATIO<
883 2133 1754 2200 DECIMATERTIA.

378 2299 494 2340 speEhiS
504 2300 609 2334 vester,
622 2301 720 2330 multo
734 2301 861 2340 jucundi
887 2311 984 2335 imus,
1006 2303 1055 2332 hic

330 2368 336 2371 Δ
377 2350 478 2372 autem
496 2342 581 2372 locus
593 2363 601 2377 ‚
621 2342 656 2372 ad
667 2342 816 2383 agendum
836 2341 1033 2382 amplissimus
1045 2364 1053 2377 ,

278 2421 287 2435 ⁴
326 2435 359 2476 Q
377 2427 465 2456 rites:
486 2435 587 2457 tamen
599 2428 657 2456 hoc
666 2426 748 2456 aditu
758 2426 865 2460 laudis,
875 2428 928 2466 qui
938 2427 1054 2467 semper

319 2467 347 2483 γ’
376 2469 495 2507 optimo
504 2469 612 2508 cuique
622 2468 757 2498 maxime
771 2470 882 2507 patuit,
904 2478 968 2498 non
987 2479 1054 2499 mea

260 2506 271 2514 '
286 2513 291 2519 “
329 2518 351 2528 “
378 2519 428 2539 me
439 2509 591 2543 voluntas,
604 2509 652 2539 sed
662 2520 737 2539 meae
745 2512 814 2539 vitae
823 2512 953 2540 rationes
960 2510 996 2540 ab
1006 2513 1053 2540 iri-

91 2560 182 2582 eunte
191 2561 270 2581 aetate
283 2552 420 2590 susceptae
431 2572 439 2584 ,
449 2551 678 2591 prohibuerunt.
702 2553 782 2581 Nam
796 2571 804 2584 ‚
824 2562 894 2581 cum
905 2561 989 2582 antea
1003 2559 1053 2593 per

90 2600 200 2622 cratem
209 2593 349 2623 nondum
360 2593 450 2632 hujus
460 2592 668 2623 auctoritatem
681 2593 737 2623 loci
750 2597 763 2612 ²
772 2595 947 2634 contingere
962 2594 1052 2624 aude-

89 2644 155 2665 rem
168 2645 173 2664 :
185 2634 414 2676 statueremque,
426 2635 504 2665 nihil
514 2635 584 2668 huc,
597 2633 653 2664 nisi
663 2634 976 2677 pcrfeffifflmfflgenio,
989 2636 1051 2666 ela-

346 2296 353 2302 κ
375 2261 408 2289 U
418 2267 440 2288 A
450 2268 476 2288 M
488 2267 540 2298 QJ
550 2268 608 2289 AM
623 2260 698 2289 mihi
712 2257 874 2299 semperfre
897 2269 971 2290 uens
980 2270 1055 2290 con-
1096 2259 1235 2290 boraturn
1247 2258 1390 2290 industria
1401 2279 1409 2293 ,
1424 2258 1521 2290 afferri
1532 2268 1686 2300 oportere:
1707 2271 1801 2293 omne
1819 2271 1925 2294 meum
1941 2272 2059 2305 tempus

1100 2305 1111 2328 3
1122 2304 1292 2332 amicorum
1303 2302 1490 2341 temporibus
1501 2303 1763 2334 transmittendum
1772 2308 1884 2344 putavi.
1896 2308 1937 2336 Ita
1948 2317 2056 2347 neque,

1093 2348 1110 2370 4
1121 2344 1169 2373 hic
1179 2343 1272 2377 locus,
1283 2353 1393 2374 vacuus
1402 2353 1548 2384 umquam
1558 2344 1592 2374 ab
1603 2346 1641 2374 iis
1651 2365 1659 2379 ‚
1677 2347 1729 2386 qui
1740 2345 1865 2376 vestram
1879 2349 1994 2378 causam
2006 2348 2058 2379 de-

329 2390 333 2391 ’
376 2384 411 2413 ad
430 2383 592 2414 dicendum
604 2382 805 2414 ornatiffimus
815 2383 857 2414 est
867 2385 947 2414 visus
959 2405 967 2418 ‚
979 2387 1055 2425 Qi-
1094 2384 1269 2415 fenderent:
1289 2385 1322 2414 δε
1331 2395 1418 2415 meus
1433 2386 1516 2415 labor
1526 2387 1557 2415 in
1567 2388 1750 2426 privatorum
1766 2389 1891 2428 periculis
1901 2389 1976 2419 caste
1988 2410 1996 2422 ,
2009 2392 2067 2420 in·-

1096 2436 1233 2468 tegreque
1245 2427 1373 2457 versatus
1386 2446 1394 2460 ‚
1416 2437 1455 2457 ex
1468 2426 1565 2458 vestro
1582 2428 1700 2467 judicio
1708 2428 1844 2459 fructum
1855 2429 1897 2460 est
1910 2430 2054 2469 amplissi—

1096 2479 1184 2498 mum
1194 2469 1379 2499 consecutus.
1403 2471 1486 2499 Nam
1500 2468 1571 2499 cum
1586 2479 1706 2509 propter
1718 2471 1897 2501 dilationem
1911 2474 2057 2503 comitio-

1093 2521 1162 2541 rum
1179 2520 1222 2540 ter
1230 2520 1336 2551 praetor
1348 2512 1464 2550 primus
1482 2513 1625 2540 centuriis
1635 2511 1752 2541 cunetis
1771 2515 1956 2543 renuntiatus
1973 2515 2064 2549 sums

1092 2551 1181 2582 facile
1191 2553 1330 2582 intellexi
1342 2572 1350 2585 ‚
1365 2553 1496 2593 Qirites
1507 2572 1514 2585 ‚
1527 2553 1559 2581 &
1568 2551 1640 2592 quid
1651 2553 1687 2582 de
1699 2554 1927 2592 mejudicaretu‚
1940 2555 2054 2597 &quid

1092 2595 1157 2624 aliis
1166 2594 1399 2634 praescriberetis.
1418 2596 1508 2623 Nunc
1517 2592 1588 2622 cum
1600 2594 1632 2623 δε
1641 2593 1822 2626 auetoritatis
1832 2598 1865 2626 in
1877 2607 1925 2626 me
1936 2605 2063 2629 tantum«⁴

1093 2634 1137 2670 sit,
1149 2646 1297 2677 quantum
1308 2645 1362 2666 vos
1377 2640 1388 2664 5
1399 2634 1567 2665 honoribus
1578 2635 1756 2666 mandandis
1771 2636 1827 2667 effe
1842 2638 1997 2669 voluistis:
2020 2640 2054 2670 δε

1915 2680 1953 2710 ad
1961 2691 2060 2722 agen--

125 2746 134 2763 1
142 2757 148 2764 .
168 2741 201 2763 A.
212 2737 461 2772 Caecinaefimdusfit]
482 2738 653 2764 Buchananus
666 2746 814 2770 conjecerat
824 2741 847 2764 A
856 2740 1046 2772 Caeclnafimdm

79 2773 113 2808 fit
124 2792 132 2805 ‚
151 2774 177 2799 ὃ(
189 2773 246 2799 heic
257 2774 283 2799 8<
295 2773 385 2809 paullo
395 2774 460 2809 post.
482 2774 552 2809 quod
573 2774 671 2809 recepit
683 2775 709 2800 iu
720 2782 877 2801 contextum
888 2775 1044 2802 Lambinus.

1091 2738 1133 2766 scd
1153 2738 1367 2766 emendationem
1386 2739 1451 2765 lianc
1468 2738 1569 2765 refellit
1579 2739 1769 2767 Hotomannus
1790 2739 1835 2767 lib.
1850 2750 1891 2767 ii.
1910 2734 2053 2771 Observat‘a

1092 2785 1147 2812 cap.
1162 2784 1204 2811 19.

207 2843 239 2866 Ro
248 2843 279 2866 L.
291 2840 426 2874 Manilia]
447 2840 571 2866 Palatinis
584 2839 640 2866 fere
651 2840 773 2867 omnibus
787 2861 795 2871 ‚
806 2841 870 2868 item
882 2840 1026 2868 Vuerdensi
1039 2861 1046 2873 ,
1087 2841 1158 2867 enim
1177 2840 1407 2881 interpretanieuri
1428 2841 1487 2880 loco
1506 2840 1592 2876 posuit
1604 2861 1612 2873 ,
1632 2851 1684 2868 non
1704 2842 1784 2869 ctiam
1798 2850 1826 2870 ut
1841 2842 1904 2878 quid
1924 2851 2050 2872 mutaret.

87 2845 100 2866 Ι
107 2857 113 2864 .

130 2841 195 2923 P
208 2875 365 2902 Erfurdenfi
375 2895 384 2907 ,
402 2876 575 2911 Hittorpiano
588 2896 595 2908 ,
617 2879 630 2902 ὲ
643 2877 736 2913 quibus
750 2876 858 2903 subfidia
872 2877 917 2903 fibi
927 2877 1048 2913 quaesivit

209 2911 370 2938 Gulielmius
383 2931 391 2944 ,
410 2912 586 2948 praescribitur
600 2932 607 2944 ‚
628 2913 653 2938 dc
664 2915 757 2946 imperio
769 2932 776 2944 ,
791 2913 834 2946 seu
844 2914 870 2938 de
879 2915 991 2939 laudibus
1001 2917 1047 2940 Gn.

88 2947 198 2981 Pompeii.
217 2948 242 2973 ἃ
256 2949 293 2974 ita
303 2948 410 2974 laudaut
421 2949 499 2975 etiam
511 2949 697 2976 Grammatici.
721 2958 806 2985 neque
821 2959 919 2976 novum
931 2950 976 2976 uni
987 2959 1048 2976 ora-

77 2981 157 3009 *iloni
166 2982 233 3009 duos
244 2983 410 3010 effe-titulos.

125 3026 155 3043 2.
175 3022 308 3053 Contingen-
318 3021 422 3054 debera]
435 3020 478 3046 Sic
488 3021 556 3047 Pau,
568 3020 610 3046 sex
625 3020 721 3057 septem
733 3020 875 3057 omnesque
885 3021 963 3054 editi,
974 3024 1047 3048 certe

90 3053 202 3088 originis
213 3055 324 3082 ultimae.
335 3066 419 3092 neque
430 3058 500 3083 enim
512 3057 615 3083 animus
627 3057 690 3088 fuit,
702 3057 826 3094 inspicere
837 3058 964 3094 posterius
976 3065 1047 3085 natas

91 3088 233 3116 editiones.
243 3091 405 3118 Gulielmius
417 3100 505 3119 tamen
516 3093 630 3120 malebat
641 3097 654 3119 e
666 3094 753 3119 Vucrd
761 3115 766 3119 .
779 3097 902 3128 attingere.

130 3132 156 3159 3.
174 3129 319 3152 eAmicornm
337 3130 475 3161 temporibus
492 3130 724 3164 transmutandum]
744 3130 891 3157 Inclinabat
903 3129 1046 3156 Lambinus

91 3158 182 3205 {egere
193 3162 355 3199 tribucndum5
364 3163 493 3202 'additque
502 3164 574 3194 idem
587 3164 669 3193 visiun
681 3167 848 3200 Hot01n2n05
860 3165 903 3194 scd
913 3172 994 3195 errat.
1006 3166 1048 3195 liic

1089 2876 1219 2905 adeantur
1229 2885 1419 2904 commentaria
1428 2886 1449 2910 ej
1455 2886 1494 2903 us.

1125 2922 1153 2947 4.
1174 2917 1215 2939 Hit
1225 2916 1288 2940 locm
1297 2923 1392 2939 vacum
1404 2922 1515 2946 umquam
1524 2915 1554 2939 ab
1563 2914 1592 2940 iix
1603 2933 1611 2945 ‚
1622 2914 1689 2949 che]
1702 2915 1847 2941 Lambinus
1858 2914 1996 2942 admonuit
2008 2926 2050 2942 re—

1109 2950 1226 2983 uirifujt.
1247 2951 1274 2976 &
1286 2949 1386 2975 veroid
1398 2948 1508 2975 inseruit
1519 2949 1681 2977 Gulielmius
1693 2953 1706 2976 'e
1719 2950 1768 2977 suis
1780 2951 1854 2977 libris
1865 2959 1925 2978 ante
1935 2961 2049 2986 unquam.

1090 2960 1132 3012 {led
1143 2987 1214 3012 euim
1226 2987 1286 3012 cum
1298 2985 1359 3012 edd.
1369 2994 1443 3012 omn.
1463 2994 1522 3012 cum
1536 2985 1605 3012 l'all.
1624 2986 1668 3013 sex
1689 2996 1720 3014 eo
1739 2995 1845 3015 careant
1858 3007 1865 3020 ‚
1885 2989 1908 3014 ei
1929 2998 1981 3015 non
2001 2988 2050 3014 ob-

1089 3029 1219 3060 tempero.

1128 3068 1153 3091 5.
1173 3059 1303 3084 Honoribus
1312 3057 1454 3084 mandandis
1464 3058 1504 3091 effie
1513 3059 1642 3092 voluistis-s]
1662 3059 1728 3085 Haec
1739 3059 1773 3086 est
1785 3059 1890 3095 quidem
1904 3060 1984 3086 lefiio
1996 3061 2049 3087 Fr.-

1089 3094 1198 3121 briciani
1211 3094 1270 3120 cod.
1287 3093 1303 3119 si
1316 3103 1366 3120 uon
1379 3093 1450 3120 fallit
1461 3094 1774 3131 Lambinus,fateturque
1787 3096 1880 3122 restare
1891 3097 1916 3122 iu
1929 3096 1978 3122 suis
1990 3098 2048 3122 Gu—

1090 3130 1204 3156 lielmius
1216 3140 1221 3156 2
1248 3130 1476 3156 verumenimvero
1487 3130 1556 3156 Pali.
1570 3141 1643 3158 omn.
1657 3132 1683 3158 8<
1695 3131 1759 3157 editi
1771 3131 1846 3168 prisci
1858 3132 1961 3159 servant
1980 3141 2050 3156 nnm-

1089 3166 1202 3194 dandum.
1213 3165 1261 3195 stat
1272 3175 1320 3203 pro
1331 3165 1415 3195 altera
1425 3167 1548 3196 Muretus
1561 3167 1610 3196 lib.
1621 3176 1684 3196 xix.
1698 3169 1760 3197 Var.
1773 3177 1827 3204 cap,
1840 3176 1885 3196 ιο.
1976 3204 2006 3227 Et
2016 3200 2035 3233 Γ

1942 3210 1950 3229 J
1959 3221 1962 3227 ,
2025 3214 2047 3224 e·

1974 159 2071 217 34²3·
2108 136 2115 142 '

2101 480 2150 521 36·
