2297 3389
85 339 131 372 26
145 337 269 374 piratam
278 334 435 373 pecuniam
444 329 594 370 accepiss'e.
617 329 796 367 Coniectura
812 330 892 360 bona
904 329 956 359 est.
983 331 1095 371 Junax

70 1791 115 1827 27

69 2651 78 2662 ¹
124 2659 172 2683 ci,
193 2650 544 2690 atcustodirioportebat.
575 2655 623 2682 Ne
635 2655 819 2682 Panormurn
830 2654 966 2691 quidem.
999 2651 1080 2692 Qid

720 129 851 175 L113.
883 129 943 176 V.
990 147 1058 178 IN
1102 130 1160 175 C·
1196 128 1488 179 VERREM.

146 209 230 245 videt
241 217 354 243 nemo,
373 206 410 239 de
419 215 480 249 quo
491 184 670 246 supplicium
687 205 766 236 sumi
784 207 926 246 oportuit.
949 206 1100 248 hodieque

147 262 256 284 omnes
269 255 278 271 ¹
290 249 329 281 fic
338 250 447 281 habent
456 248 625 288 persuasum
639 247 722 288 (quid
733 247 797 286 ejus
808 246 851 281 fit,
862 258 917 277 vos
926 248 1099 287 conjefitura

147 303 268 334 quoque
276 291 385 331 aflequi
393 289 523 330 debetis)
539 288 629 319 istum
643 288 721 319 clam
731 287 746 318 ὲ
755 290 856 328 piratis
866 289 905 318 ob
916 290 996 319 hunc
1002 291 1069 319 arch
1075 291 1099 318 i-

147 385 222 406 Essa
234 375 330 405 bonus
346 382 439 403 nemo
457 371 553 412 potest
563 393 570 404 ‚
592 373 644 412 qui
654 371 820 411 suspicione
830 379 907 401 certa
915 381 978 400 non
990 381 1097 401 move—

144 425 202 447 tur.
223 416 384 445 hominem
395 413 507 444 nostis:
523 412 835 453 consuetudinemque
850 414 993 443 omnium
1014 422 1096 442 tene-

144 459 182 487 tis
193 467 199 486 :
211 457 262 497 qui
270 455 525 497 ducempradonum
534 475 546 488 ,
555 462 605 484 aut
612 453 746 484 hostiurn
754 455 865 499 ceperit
874 474 882 488 ‚
894 454 985 494 quam
996 454 1095 483 liben-

143 506 186 529 ter
193 507 265 527 eum
281 497 379 536 palam
396 505 465 526 ante
477 496 582 526 oculos
592 497 737 526 omnium
746 494 804 525 efle
814 497 948 535 patiatur.
982 497 1096 525 Homi-

141 548 213 569 nem
224 540 349 568 intanto
361 547 512 568 conventu
521 534 666 578 syracusis
683 537 747 567 vidi
764 538 922 567 neminem
934 556 943 570 ‚
958 536 1073 576 judices
1085 555 1094 570 ,

141 582 194 621 qui
212 580 415 618 archipiratam
427 588 547 619 captum
565 577 671 609 vidisse
686 579 716 609 se
731 578 862 612 diceret3
879 577 951 608 cum
967 588 1094 611 omnes,

142 630 177 651 ut
186 630 254 651 mos
263 620 306 650 est
316 640 325 654 ‚
337 629 370 651 ut
380 621 452 651 solet
463 619 525 650 fieri
536 640 544 654 ‚
556 627 743 649 concurrerent
751 639 760 653 ,
774 627 933 660 qua-rerem,
944 619 1037 648 videre
1046 629 1095 648 cu—

137 670 240 705 perent.
266 661 346 703 Qid
356 662 462 692 accidit
471 682 479 696 ‚
491 672 542 693 cur
550 670 700 702 tantopere
712 660 766 691 iste
778 663 872 690 homo
884 661 1090 693 occultaretur,

139 712 173 734 ut
182 713 251 733 eum
263 714 300 733 ne
311 704 377 734 casu
387 703 509 744 quidem
529 703 685 744 quisquam
705 702 852 741 adspicere
869 700 983 741 poss'et?
1001 705 1015 721 2
1027 704 1093 731 Ho-
1114 722 1116 733 ι

140 746 239 775 mines
250 747 394 775 maritimi
404 743 547 785 Syracusis
557 765 566 778 ,
581 747 633 785 qui
645 745 718 783 saepe
728 743 813 773 istius
823 743 906 773 ducis
916 753 1031 773 nomen
1042 753 1093 772 au-

139 785 249 817 difi'ent
259 807 267 820 ‚
279 785 349 816 cum
359 797 430 817 eum
441 787 513 826 saepe
523 784 688 816 timuiss'ent
698 806 706 817 ,
728 784 800 815 curn
811 785 874 823 ejus
888 786 1017 815 cruciatu
1028 804 1036 818 ‚
1048 794 1092 814 at-

139 838 198 869 que
203 827 338 869 supplicio
349 828 456 870 pasl-ere
465 827 554 857 oculos
563 847 573 860 ,
589 829 786 867 animumque
796 827 960 856 exsaturare
969 826 1091 856 vellent:

138 868 267 910 potestas
280 869 461 909 adspiciendi
472 870 591 899 nemini
600 867 675 898 ξεέὶα
685 867 735 898 est.
759 871 847 897 Unus
856 868 967 908 plureis
975 867 1092 907 praedo-

138 921 214 941 num
228 911 316 940 duces
335 912 424 940 vivos
442 912 520 949 cepit
528 913 558 940 P.
569 910 710 940 Servilius
720 929 728 943 ,
749 908 840 950 quam
859 911 978 939 omneis
994 918 1089 939 antea.
1112 914 1115 942 t

139 951 302 992 Ecquando
312 953 401 993 igitur
410 951 466 981 isto
475 951 575 981 fruCtu
585 951 742 991 quisquam
751 953 845 981 caruit
854 971 862 984 ,
882 960 914 980 ut
926 950 1028 980 videre
1044 953 1092 990 pi·
1113 959 1115 964 ·

136 1002 229 1023 ratam
240 1002 356 1032 captum
367 1002 432 1022 non
448 993 569 1023 liceret?
585 992 755 1026 Atcontra,
774 1002 960 1033 quacumque
977 993 1032 1021 iter
1046 991 1092 1021 fe-

137 1036 178 1065 cit
187 1054 195 1068 ‚
221 1035 277 1064 hoc
288 1032 727 1073 jucundiffimumspestaculnm
737 1034 881 1064 omnibus
898 1032 1070 1076 vindi-orum
1083 1053 1092 1067 ,

135 1085 349 1116 captorumque
359 1074 491 1105 hostium
502 1075 658 1115 praebebat.
681 1079 782 1116 Itaque
798 1077 825 1104 ei
834 1075 994 1105 concursus
1005 1075 1094 1105 undi-

136 1127 194 1158 que
204 1115 330 1149 fiebant,
343 1126 375 1146 ut
385 1127 449 1147 non
459 1116 554 1147 modo
567 1127 604 1146 ex
616 1118 662 1146 his
673 1117 791 1157 oppidis
799 1137 808 1151 ‚
821 1116 878 1157 qua
887 1116 1090 1158 ducebantur,

135 1158 186 1189 sed
202 1160 292 1188 etiam
311 1168 348 1188 ex
369 1157 508 1188 finitimis
518 1179 526 1192 ‚
547 1158 664 1188 visendi
675 1159 758 1188 causa
767 1178 775 1192 ‚
798 1160 1006 1188 convenirent.
1030 1158 1094 1198 Ipse

134 1208 236 1231 autem
248 1201 418 1240 triumphus
428 1199 625 1240 quamobrem
635 1210 685 1229 om
691 1202 776 1230 nium
796 1200 1019 1239 triumphorum
1028 1210 1091 1240 gra—

135 1239 263 1272 tiffimus
272 1242 387 1280 populo
396 1244 488 1271 Rom.
498 1240 573 1275 fuit,
585 1239 911 1282 atquejucundiffimus
922 1242 1011 1281 ?quia
1020 1241 1094 1269 mlu‘l
1109 1273 1111 1284 γ

133 1281 179 1312 eft‘
188 1281 310 1311 viatoria
319 1283 440 1312 dulcius.
461 1283 583 1313 nullum
600 1283 641 1313 est
659 1293 758 1313 autem
769 1282 978 1312 testimonium
991 1282 1089 1312 visto-

133 1324 186 1354 11ae
205 1326 313 1354 certius
322 1344 330 1357 ‚
351 1324 440 1365 quam
458 1334 533 1365 quos
548 1325 621 1364 saepe
639 1326 781 1354 metueris
791 1344 800 1357 ,
820 1333 871 1354 eos
883 1333 909 1354 te
924 1323 1042 1354 vinctos
1052 1323 1088 1354 ad

132 1365 312 1405 supplicium
323 1365 393 1396 duci
404 1365 512 1395 videre.
544 1368 612 1395 Hoc
623 1374 653 1395 tu
669 1366 867 1406 quamobrem
885 1375 950 1395 non
969 1364 1088 1395 fecisti?

132 1406 330 1447 quamobrem
339 1409 379 1436 ita
388 1406 441 1436 iste
451 1409 540 1447 pirata
551 1408 659 1436 celatus
668 1407 711 1437 est
725 1427 734 1441 ‚
754 1406 830 1448 quasi
848 1417 918 1436 eum
939 1406 1088 1446 adspicere

131 1447 216 1478 nefas
226 1446 314 1478 esset?
330 1448 527 1489 quamobrem
545 1448 725 1488 supplicium
745 1459 809 1478 non
829 1447 976 1478 sumsisti?
993 1458 1082 1488 quam

131 1489 174 1520 ob
183 1489 298 1519 causam
317 1490 478 1519 hominem
498 1489 649 1520 reservasti
666 1493 676 1520 ?
693 1500 818 1531 ecquem
828 1489 936 1520 audisti
946 1492 978 1519 in
988 1490 1088 1520 Sicilia
1106 1490 1109 1536 fi

129 1539 342 1570 anteacaptum
352 1533 556 1571 archipiratam
569 1552 577 1565 ,
599 1534 652 1573 qui
670 1541 735 1562 non
752 1532 844 1562 securi
863 1529 1012 1571 percuffus
1031 1529 1087 1561 sit?

131 1582 230 1603 unum
245 1571 319 1602 cedo
329 1572 483 1603 au&orem
495 1575 538 1602 tui
548 1572 619 1603 faffi
632 1584 637 1602 ;
652 1574 736 1602 unim
743 1574 832 1614 profer
844 1580 1011 1615 exemplum.
1031 1575 1088 1602 Vi-

132 1622 208 1644 vum
221 1622 254 1644 tu
263 1615 466 1654 archipiratam
478 1614 609 1645 servabas
619 1635 627 1649 ‚
639 1625 732 1655 quem
740 1625 793 1655 per
803 1617 1004 1655 triumphum,
1018 1624 1084 1644 cre-

134 1654 175 1685 do
184 1674 193 1688 2
214 1665 303 1696 quem
314 1665 381 1686 ante
389 1667 510 1687 currum
520 1665 608 1686 tuum
617 1657 747 1687 duceres.
779 1659 887 1697 Neque
902 1658 985 1686 enim
997 1656 1086 1697 quid-

133 1706 223 1737 quam
235 1697 365 1736 eratjam
374 1699 525 1739 reliquum
537 1719 547 1731 ,
566 1696 623 1728 nisi
634 1707 666 1728 ut
675 1718 684 1732 ,
702 1696 786 1729 claffe
796 1698 900 1738 populi
910 1700 1003 1728 Rom.
1014 1698 1082 1738 pul-

131 1739 277 1769 cherrirna
289 1738 392 1770 amiffa
400 1759 408 1773 ‚
419 1742 633 1780 provinciaque
642 1740 763 1770 lacerata
772 1759 780 1773 ‚
792 1740 961 1779 triumphus
973 1740 1086 1770 navalis

131 1779 186 1810 tibi
196 1780 408 1811 decerneretur.
433 1784 494 1823 Age
504 1780 593 1821 porro
604 1802 612 1815 ‚
633 1781 776 1812 custodiri
786 1781 894 1811 ducem
906 1781 1083 1821 praedonum

129 1831 200 1851 novo
210 1832 283 1851 more
292 1842 300 1856 ‚
311 1822 401 1862 quaxn
412 1823 506 1853 securi
515 1822 596 1853 feriri
607 1826 750 1853 omnium
765 1823 909 1863 exemplo
920 1824 1013 1864 magis
1023 1824 1084 1862 pla-

131 1865 203 1893 cuit.
226 1873 291 1903 quae
301 1863 437 1894 suntistae
448 1864 608 1894 custodiae?
627 1865 704 1904 apud
713 1875 788 1905 quos
798 1866 960 1898 homines?
974 1874 1084 1905 quem-

129 1904 297 1934 admodum
307 1904 349 1934 est
358 1904 512 1935 asservatus
523 1908 533 1935 ?
550 1905 707 1935 lautumias
715 1906 904 1946 Syracusanas
915 1915 1022 1936 omnes
1032 1916 1084 1935 au-

133 1945 217 1975 distis
229 1956 235 1974 2
249 1946 382 1986 plerique
392 1946 499 1977 nostis.
522 1957 596 1986 opus
607 1946 649 1977 est
659 1949 764 1990 ingens
775 1967 784 1980 ,
802 1946 999 1988 magnificum
1013 1967 1021 1980 ‚
1038 1957 1084 1976 re-

131 1996 205 2028 gum
215 2007 223 2020 ,
234 1997 266 2017 ac
276 1996 482 2027 tyrannorum.
505 1997 602 2018 totum
613 1988 654 2018 est
667 1999 706 2018 ex
718 1989 787 2019 saxo
798 1991 830 2018 in
840 1988 1007 2018 mirandam
1017 1988 1084 2018 alti-

131 2027 271 2058 tudinem
282 2027 433 2069 depreffo,
446 2029 478 2059 &
492 2029 657 2060 multorum
669 2032 766 2070 operis
777 2031 895 2070 penitus
906 2030 1016 2059 exciso.
1035 2031 1084 2059 ni-

130 2070 176 2099 hil
187 2079 246 2099 tam
258 2070 390 2100 clausurn
401 2071 435 2101 ad
447 2073 560 2105 exitus,
573 2072 650 2101 nihil
662 2081 721 2101 tam
732 2071 857 2112 saeptum
868 2071 1000 2111 undique
1011 2091 1019 2104 ‚
1035 2072 1081 2100 ni-

130 2112 175 2141 hil
188 2120 247 2141 uim
260 2120 359 2141 tutum
372 2111 406 2142 ad
415 2112 563 2143 custodias
572 2133 585 2146 ν
601 2123 657 2143 nec
676 2112 739 2142 ficri
750 2133 758 2147 ‚
779 2124 833 2143 nec
846 2115 967 2154 cogitari
976 2112 1080 2152 potest.

128 2154 166 2182 In
176 2153 228 2183 has
238 2153 406 2186 lautumias,
422 2153 441 2183 fi
451 2155 500 2194 qui
511 2154 631 2194 publice
641 2154 828 2184 custodiendi
843 2155 910 2184 sunt
922 2174 929 2187 ,
941 2156 1030 2184 etiarn
1044 2164 1082 2184 ex

127 2196 234 2224 ceteris
243 2194 361 2234 oppidis
369 2195 478 2225 Siciliae
488 2195 594 2225 deduci
603 2197 799 2236 imperantur.
823 2195 868 2226 Εὸ
878 2195 960 2236 quod
970 2196 1082 2225 multos

128 2237 260 2275 captivos
269 2238 362 2266 civeis
372 2239 529 2267 Romanos
541 2237 724 2277 conjecerat,
745 2238 777 2267 δε
786 2236 866 2278 quod
883 2237 992 2267 eodem
1004 2246 1081 2266 cete-

126 2286 177 2308 ros
185 2279 290 2317 piratas
300 2278 440 2308 contrudi
449 2280 602 2318 imperarat
614 2289 619 2307 ;
640 2279 810 2312 intellexit,
831 2276 850 2308 fi
863 2280 942 2308 hunc
956 2278 1081 2308 subditi-

127 2320 203 2349 tium
215 2319 417 2359 archipiratam
428 2321 461 2350 in
472 2319 598 2350 eandem
609 2319 774 2350 custodiam
785 2319 910 2350 dediss'et
919 2340 927 2353 ‚
947 2319 1011 2355 fore
1023 2340 1031 2353 ,
1050 2328 1082 2350 ut

126 2358 144 2390 a
154 2361 273 2394 multis,
298 2360 358 2390 illis
370 2363 402 2390 in
413 2361 569 2391 lautumiis
580 2371 665 2391 verus
676 2362 727 2391 ille
739 2361 801 2391 dux
811 2371 999 2402 quaereretur.
1022 2364 1081 2391 Ita-

126 2411 183 2442 que
201 2402 360 2432 hominem
380 2403 452 2432 huic
469 2405 592 2443 oprimae
602 2423 612 2436 ‚
633 2401 840 2444 tutiffimaeque
858 2402 998 2433 custodiae
1017 2413 1081 2432 non

125 2442 214 2474 audet
222 2445 422 2474 committere.
442 2444 570 2485 denique
581 2446 732 2484 Syracusas
742 2454 816 2475 toras
827 2447 915 2482 timet
926 2455 930 2473 :
942 2444 1080 2474 amandat

123 2484 296 2516 hominem.
313 2484 375 2526 quo
387 2486 397 2511 ?
407 2486 576 2526 Lilybaeum
588 2485 716 2516 fortassei.
740 2486 839 2516 Video
851 2497 855 2515 :
867 2496 967 2516 tamen
978 2487 1080 2515 homi-

126 2535 180 2555 nes
191 2528 360 2556 maritimos
379 2537 443 2557 non
461 2528 548 2567 plane
559 2527 743 2558 reformidat.
781 2528 914 2558 Minime
927 2548 935 2561 ‚
955 2527 1079 2568 judices.

124 2568 308 2597 Panormum
320 2569 430 2609 igitur?
441 2569 541 2599 Audio
554 2579 750 2610 :quamquam
762 2568 905 2608 Syracusis
915 2589 922 2603 ‚
933 2571 1079 2609 quoniam

125 2608 156 2637 in
166 2609 335 2650 Syracufimo
346 2617 442 2651 caprm
453 2620 511 2641 erat
520 2631 528 2645 ,
544 2614 679 2640 maxime
694 2631 701 2644 2
713 2609 733 2640 fi
746 2614 847 2640 minus
859 2611 1003 2650 supplicio
1015 2609 1080 2639 affi-

123 2692 233 2732 igitur?
249 2691 309 2732 quo
318 2695 447 2731 putatis?
465 2693 509 2723 Ad
520 2695 660 2724 homines
670 2694 686 2723 a
695 2695 854 2733 piratarum
867 2703 968 2726 metu,
990 2694 1021 2723 &
1032 2694 1080 2723 su-

122 2732 255 2771 spicione
271 2732 486 2764 alienissimos:
506 2735 522 2765 a
543 2735 730 2776 navigando,
751 2735 895 2775 rebusque
915 2736 1078 2764 maritimis

121 2773 333 2805 remotissimos
345 2794 353 2809 ‚
372 2775 408 2806 ad
417 2778 648 2818 Centuripinos,
668 2778 809 2807 homines
822 2776 958 2806 maxime
978 2776 1077 2807 medi·
1100 2791 1103 2806 ι

155 2922 178 2939 1.
189 2917 228 2940 Sic
237 2915 542 2950 habentpeijlimfiim‚&c.]
558 2915 667 2942 Accedit
679 2915 851 2942 Gulielmius.
864 2913 959 2941 Lamb.
971 2915 1014 2950 qui
1027 2925 1079 2941 non
1103 2918 1107 2948 Ι

117 2949 244 2976 exhibent
253 2950 319 2975 illud
328 2951 473 2985 peistiafiim.
493 2952 602 2986 vultque
613 2953 708 2983 habere,
721 2951 770 2977 esse
781 2959 884 2987 putare,
896 2951 1057 2977 existimare.
1100 2967 1104 3007 ¹

153 2994 181 3010 2.
199 2989 304 3011 Homines
314 2990 428 3012 maritimi
437 2989 566 3021 syracusis,
582 2988 649 3021 dfe]
662 2989 691 3013 In
705 2988 772 3013 Pali.
784 2990 810 3013 ἃ
822 2987 886 3013 olim
900 2986 1025 3022 impressis
1038 2987 1079 3013 in-

118 3020 177 3046 veni
190 3039 198 3052 ,
210 3024 315 3047 Homines
325 3025 603 3058 Mamertinisyracufis.
624 3024 651 3049 &c
662 3022 786 3059 prosec'to
800 3023 905 3050 ridetur
919 3022 1077 3055 verosimile,

117 3054 136 3081 fi
147 3065 197 3082 non
210 3065 311 3082 verum.

155 3099 180 3130 3.
199 3092 467 3127 Qoderatfaflumfix
478 3102 590 3119 remorum
600 3095 720 3128 numero]
732 3095 785 3121 Vix
797 3104 838 3120 me
846 3093 964 3120 abstineo
975 3093 1006 3119 ab
1016 3095 1073 3119 Cu-

114 3124 208 3160 §anani
217 3125 276 3155 cod.
285 3125 410 3162 scriptura
421 3147 430 3162 ‚
441 3138 519 3164 quem
529 3130 634 3158 admisit
644 3129 790 3159 Lambinus
800 3150 809 3165 ‚
824 3131 886 3166 quod
895 3137 948 3157 ‘ra‘
960 3136 1054 3164 “ww''
1066 3148 1074 3164 ›

1295 193 1305 197 ,
2006 148 2030 195 3
2046 150 2060 179 1
2071 149 2099 192 7

1143 213 1291 236 terraneos
1308 226 1317 240 ‚
1338 207 1474 237 summos
1489 212 1614 238 aratores
1633 215 1640 237 ε
1667 207 1720 249 qui
1738 215 1854 239 nomen
1871 215 2039 248 numquam
2057 208 2097 238 ti-

1142 245 1285 277 muissent
1295 250 1441 278 maritimi
1450 248 1616 288 praedonis:
1636 259 1732 279 unum
1741 269 1749 283 ,
1769 258 1798 280 te
1806 257 1946 290 praetore‚
1964 249 2096 279 horruis-

1140 287 1204 317 sent
1213 291 1382 328 Apronium
1393 310 1402 324 ,
1423 289 1571 326 terrestrem
1583 291 1798 333 archipiratam.
1821 294 1859 322 Et
1870 311 1878 324 ,
1899 299 1931 321 ut
1941 292 2039 331 quivis
2050 289 2096 321 fa-

1118 338 1120 362 ε
1137 329 1196 358 cile
1215 330 1388 369 perspiceret
1399 351 1408 364 ,
1429 332 1460 361 id
1470 332 1505 362 ab
1516 331 1574 362 isto
1587 331 1688 362 astum
1699 331 1755 362 ess'e
1765 352 1774 366 ‚
1794 341 1826 363 ut
1843 333 1895 363 ille
1908 331 2072 371 suppositus
2084 351 2095 365 ,

1137 368 1224 399 facile
1234 390 1242 403 ‚
1262 372 1294 400 &
1304 372 1432 402 libenter
1441 373 1469 402 se
1482 374 1569 402 illum
1581 393 1589 406 ‚
1611 376 1663 414 qui
1678 384 1740 404 non
1754 383 1814 404 erat
1824 394 1833 407 ‚
1852 372 1909 404 esse
1926 372 2093 403 simularet:

1138 411 1263 449 imperat
1273 415 1477 452 Centuripinis
1488 434 1496 447 ‚
1517 423 1549 444 ut
1566 417 1591 444 is
1607 414 1708 449 viCtu,
1729 416 1888 456 ceterisque
1901 415 1990 445 rebus
1998 415 2089 456 quam

1137 450 1341 482 liberaliffime
1351 474 1358 486 ‚
1370 454 1670 497 commodissimeque
1682 457 1829 487 habeatur.
1841 459 1958 487 Interea
1967 460 2088 497 Syracu-

1116 499 1118 504 ⁴
1140 492 1219 525 sani,
1240 494 1381 524 homines
1400 496 1683 534 periti&humani,
1704 500 1756 539 qui
1771 508 1833 528 non
1846 497 1938 528 modo
1949 508 2000 532 ea,
2022 508 2090 539 quae

1136 534 1286 573 perspicua
1297 533 1390 565 essent
1398 556 1406 569 ‚
1418 537 1518 566 videre
1528 557 1535 570 ,
1548 537 1654 568 verum
1665 541 1753 569 etiam
1764 540 2013 579 occultasaspicart
2022 542 2092 579 pos-›

1137 575 1222 609 sent3
1239 575 1385 606 habebant
1394 579 1539 607 rationem
1550 589 1657 609 omnes
1666 581 1801 620 quotidie
1810 584 2034 622 piratarum‚qui
2046 582 2091 612 se-

1136 618 1200 646 curi
1209 615 1383 647 ferirentur:
1403 618 1493 658 quarn
1506 620 1618 649 multos
1628 620 1684 650 eff:
1696 631 1843 661 oporteret
1855 643 1863 656 ,
1883 633 1921 652 ex
1931 624 1994 662 ipso
2005 626 2092 652 navi-

1135 659 1185 697 gio
1195 677 1204 690 ‚
1228 661 1240 685 3
1252 658 1332 697 quod
1347 668 1404 688 erat
1414 659 1527 688 factum
1540 661 1590 690 sex
1604 671 1758 692 remorum
1778 674 1906 694 numero
1916 684 1924 697 ‚
1944 665 2090 703 conjicie«

1114 713 1116 718 .
1136 699 1217 728 bant.
1240 699 1316 733 Iste,
1337 698 1419 740 quod
1431 703 1567 734 omneis,
1590 703 1889 746 quiartificiialiquid
1908 706 2089 739 habuerant,

1134 749 1183 769 aut
1195 739 1319 775 format,
1340 751 1523 775 removerat,
1543 751 1629 783 atque
1648 744 1826 779 abduxerat,
1848 748 1978 787 reliquos
1994 746 2032 780 si,
2055 756 2089 776 ut

1133 782 1321 812 consuetudo
1340 782 1400 815 est,
1423 784 1576 813 universos
1592 784 1626 814 ad
1636 786 1737 824 palum
1749 786 1905 828 alligasset,
1923 790 2088 818 clamorem

1113 829 1114 838 ¹
1133 824 1239 862 populi
1248 823 1313 853 fore
1325 824 1530 864 suspicabatur,
1542 830 1559 852 4
1569 836 1638 855 cum
1650 835 1731 856 tanto
1742 829 1840 867 plures
1853 829 1972 859 abducti
1983 829 2089 862 effcnt,

1133 866 1224 904 quam
1242 864 1351 895 relid‘ti.
1378 875 1495 906 propter
1513 868 1588 897 hanc
1603 868 1717 898 causam
1737 868 1807 899 cum
1828 870 1998 901 instituisset
2014 873 2090 901 alios

1132 907 1193 936 alio
1203 915 1338 946 tempore
1353 908 1531 946 producere:
1553 918 1654 938 tamen
1672 911 1705 938 in
1727 919 1808 940 tanto
1826 921 1977 942 conventu
1995 922 2089 942 nemo

1133 956 1208 981 erat,
1221 950 1294 988 quin
1305 951 1451 978 irationem
1463 969 1469 983 ,
1482 960 1682 987 flammamque
1693 952 1809 981 haberet
1819 972 1827 985 ‚
1839 953 2011 994 &reliquos
2024 964 2087 983 nnn

1132 987 1306 1019 desideraret
1322 990 1421 1020 solum
1432 1011 1440 1023 ‚
1462 990 1509 1021 sed
1522 993 1611 1021 etiam
1622 988 1769 1031 posceret,
1791 993 1823 1023 &
1834 993 1984 1035 flagitaret.
2008 995 2088 1028 curu

1133 1033 1287 1060 maximus
1300 1041 1444 1061 numerus
1461 1032 1571 1062 decss‘et
1580 1053 1588 1065 ‚
1609 1043 1672 1063 turn
1685 1033 1736 1064 iste
1746 1035 1842 1064 homo
1852 1035 1981 1065 nefarius
1991 1038 2024 1065 in
2034 1046 2089 1066 eo—

1133 1082 1200 1101 rum
1212 1072 1315 1102 locum
1327 1093 1335 1106 ‚
1348 1083 1423 1113 quos
1434 1074 1561 1103 domum
1573 1075 1653 1105 suam
1663 1075 1699 1105 de
1708 1077 1810 1116 piratis
1819 1077 1979 1107 abduxerat
1990 1098 1998 1111 ‚
2018 1078 2088 1108 sub-

1133 1112 1253 1143 stituere
1262 1134 1270 1148 ‚
1284 1115 1316 1144 &
1326 1115 1489 1154 supponere
1499 1118 1591 1155 erepit
1600 1118 1624 1145 ci
1632 1127 1681 1145 reu
1690 1120 1827 1146 Ronmnos
1838 1139 1846 1152 ‚
1865 1129 1940 1159 quos
1949 1120 1982 1149 in
1991 1129 2087 1149 carce-

1113 1163 1114 1166 ’
1132 1165 1197 1184 rem
1213 1165 1297 1185 antea
1315 1166 1497 1191 coniecerat:
1517 1167 1646 1197 quorum
1659 1159 1751 1192 alios,
1774 1162 1957 1190 Sertorianos
1976 1163 2088 1191 milites

1133 1194 1218 1226 fuisse
1228 1196 1426 1231 insimulabat,
1437 1198 1469 1228 ὃς
1478 1208 1515 1228 cx
1527 1199 1669 1238 Hispania
1680 1199 1838 1242 fugientcis
1848 1202 1882 1232 ad
1894 1203 2027 1232 Siciliam
2037 1212 2087 1242 ap-

1110 1244 1112 1260 l
1131 1238 1233 1277 pulsos
1249 1237 1309 1268 effe
1328 1239 1460 1269 dicebat:
1483 1240 1560 1269 alios
1572 1261 1578 1272 ‚
1598 1244 1650 1281 qui
1662 1241 1676 1271 a
1686 1242 1877 1280 praedonibus
1891 1253 1973 1273 erant
1986 1247 2062 1284 capti
2076 1264 2085 1275 ,

1129 1289 1198 1309 cum
1209 1285 1385 1310 mercaturas
1396 1280 1543 1315 facerent,
1561 1286 1573 1309 5
1583 1291 1631 1312 au:
1645 1284 1774 1323 aliquam
1786 1285 1825 1314 ob
1835 1286 1949 1315 causam
1964 1296 2015 1315 nai
2026 1296 2085 1326 iga-

1130 1330 1213 1354 rent,
1234 1322 1284 1351 sua
1292 1322 1447 1352 voluntate
1457 1333 1521 1352 cum
1535 1324 1726 1365 piratisftstffe
1744 1326 1887 1366 arguebat.
1911 1329 2013 1367 Itaque
2032 1328 2085 1357 alii.

1129 1364 1210 1392 cives
1229 1365 1363 1393 Romani
1386 1374 1425 1394 ne
1442 1366 1710 1406 cognoscerentur,
1731 1368 1874 1406 capitibus
1894 1368 2047 1398 obvolutis
2067 1369 2085 1397 ὲ·

1125 1414 1238 1434 carcere
1248 1404 1282 1434 ad
1292 1406 1396 1444 palum
1407 1425 1416 1440 ‚
1437 1415 1524 1446 atquc
1534 1407 1570 1436 ad
1583 1417 1689 1437 necem
1701 1408 1891 1447 rapiebantur
1903 1419 1908 1438 :
1925 1410 1975 1439 alii
1985 1409 2057 1440 curn
2068 1410 2089 1440 a.

1127 1446 1232 1475 multis
1241 1446 1359 1476 civibus
1371 1449 1503 1477 Roman.
1514 1449 1794 1490 recognoscerentur
1803 1470 1812 1483 ,
1829 1450 1865 1480 ab
1876 1451 2022 1481 omnibus
2032 1451 2086 1481 de-

1127 1486 1330 1521 fenderentur,
1343 1489 1433 1518 securi
1443 1488 1632 1520 feriebantur.
1643 1493 1782 1531 Qorum
1793 1501 1848 1533 ego
1856 1491 1892 1522 de
1901 1491 2085 1524 acerbissima

1106 1537 1108 1544 ’
1126 1538 1224 1558 morte
1235 1549 1243 1562 ‚
1261 1528 1523 1571 crudeliffimoque
1540 1534 1670 1562 cruciatu
1681 1532 1778 1562 dicam
1788 1553 1796 1567 ,
1814 1543 1886 1563 curn
1897 1544 1967 1564 eum
1980 1535 2085 1564 locum

1128 1570 1248 1600 tra6‘taie
1257 1581 1377 1611 coepero
1390 1583 1395 1600 2
1411 1572 1443 1601 δε
1454 1574 1492 1602 ita
1502 1572 1599 1603 dicam
1612 1593 1619 1607 ‚
1630 1583 1679 1607 ut,
1695 1572 1715 1603 si
1727 1583 1775 1604 me
1784 1577 1817 1604 in
1828 1585 1859 1605 ea
1868 1577 2056 1615 querimonia
2067 1596 2080 1608 2

1126 1622 1216 1652 quam
1236 1612 1303 1642 sum
1324 1614 1476 1644 habiturus
1495 1614 1532 1644 de
1549 1614 1634 1644 istius
1654 1615 1826 1646 crudelitate
1837 1636 1845 1650 ,
1870 1618 1902 1646 &
1916 1616 1952 1646 de
1966 1619 2088 1647 civium>

1127 1655 1221 1683 Rom.
1233 1653 1436 1695 indigniffima
1446 1665 1543 1685 morte
1554 1676 1563 1689 ,
1574 1666 1639 1686 non
1653 1656 1747 1686 modo
1759 1660 1835 1687 vires
1847 1679 1855 1691 ‚
1873 1657 1979 1688 verum
1991 1661 2083 1689 etiam

1126 1697 1187 1725 vita
1196 1694 1324 1730 deficiat,
1338 1696 1368 1726 id
1380 1698 1456 1726 mihi
1467 1698 1649 1737 praeclarum,
1662 1698 1872 1738 &jucundum
1882 1710 1995 1740 putem.
2009 1703 2088 1730 Hcec

1126 1739 1217 1777 igitur
1225 1736 1268 1767 est
1279 1737 1356 1779 gesta
1366 1748 1409 1768 res
1418 1759 1427 1773 ,
1439 1740 1502 1769 liaec
1512 1738 1633 1768 vissoria
1642 1741 1776 1780 praeclara
1787 1752 1792 1770 :
1808 1751 1992 1781 myoparone
2002 1743 2082 1782 pira-

1128 1781 1187 1809 tico
1204 1789 1236 1808 ca
1259 1788 1290 1809 to
1309 1799 1318 1813 ‚
1343 1779 1407 1810 dux
1427 1780 1567 1810 liberatus
1578 1801 1586 1814 ,
1605 1782 1812 1821 symphoniaci
1831 1785 1965 1813 Romam
1984 1782 2084 1814 miffi:

1125 1819 1227 1850 formo
1241 1831 1250 1850 i
1260 1822 1401 1851 homines
1411 1842 1420 1855 ‚
1433 1822 1466 1852 δε
1475 1822 1674 1852 adolescentes
1684 1844 1693 1856 ,
1715 1824 1747 1853 ὃς
1758 1822 1883 1854 artifices
1892 1824 2020 1855 domum
2032 1825 2084 1855 ab·

1126 1861 1226 1891 duGri:
1250 1864 1283 1892 in
1302 1873 1405 1892 eorum
1424 1864 1526 1894 locum
1539 1884 1546 1897 ‚
1569 1864 1602 1894 &
1611 1864 1644 1894 ad
1655 1875 1759 1894 eorum
1772 1875 1933 1896 numerum
1944 1869 2025 1896 cives
2035 1869 2078 1897 R‘.

1126 1903 1268 1933 hostilem
1280 1905 1314 1934 in
1325 1904 1452 1934 modum
1462 1907 1603 1938 cruciati,
1618 1906 1651 1935 &
1660 1908 1770 1936 necati:
1786 1909 1889 1936 omnis
1899 1907 1989 1937 vestis
2000 1907 2084 1938 abla-

1127 1953 1169 1974 ta:
1188 1954 1281 1974 omne
1291 1956 1396 1976 aurum
1408 1967 1416 1978 ‚
1429 1947 1461 1976 ὃς
1472 1956 1625 1987 argentum
1637 1966 1645 1980 ,
1664 1947 1795 1977 ablatum
1808 1968 1815 1980 ‚
1830 1948 1862 1978 &
1871 1949 2015 1978 aversum.
2039 1953 2078 1979 At

1126 1985 1385 2026 quemadmodum
1396 1988 1457 2026 ipse
1468 1988 1526 2019 sese
1539 1988 1637 2017 induit
1647 1991 1743 2027 priore
1753 1989 1870 2019 afflone
1881 1992 1891 2018 ?
1900 1992 1950 2030 qui
1963 2000 2007 2020 tot
2016 1990 2082 2020 dies

1126 2026 1257 2057 tacuisset
1266 2047 1274 2061 ,
1286 2028 1408 2067 repente
1419 2031 1451 2058 in
1463 2031 1506 2058 M.
1518 2031 1622 2062 Annii,
1638 2031 1774 2060 hominis
1785 2029 2023 2070 splendidissimi,
2036 2041 2082 2062 te-

1128 2068 1273 2098 stimonio
1286 2090 1294 2102 ,
1317 2067 1411 2099 ⁶ct'1m
1423 2072 1446 2099 is
1456 2072 1547 2100 civeis
1559 2073 1653 2100 Rom.
1671 2071 1791 2102 dixifl'et
1802 2092 1810 2106 ,
1833 2073 1865 2102 &
1875 2074 2080 2112 archipiratam

1126 2109 1254 2151 negass'et
1264 2111 1355 2141 securi
1366 2109 1422 2140 ess'e
1433 2111 1599 2151 percuss'um
1612 2133 1619 2145 ,
1633 2111 1769 2146 exsiluit,
1784 2114 1948 2153 conscientia
1955 2115 2057 2154 flemis
2068 2135 2077 2149 ‚

1126 2152 1158 2181 δε
1167 2152 1266 2182 furore
1278 2163 1315 2182 ex
1326 2152 1480 2182 maleficiis
1491 2163 1637 2193 concepto
1647 2157 1808 2185 excitatus:
1829 2156 1908 2185 dixit
1916 2175 1924 2189 ‚
1938 2156 1966 2185 se
1976 2176 1986 2188 ‚v
1997 2156 2083 2196 quod

1126 2194 1210 2223 sciret
1218 2192 1269 2223 sibi
1280 2196 1403 2224 crimini
1412 2194 1513 2223 datum
1527 2197 1582 2227 iri,
1594 2198 1752 2235 pecuniam
1763 2195 1902 2236 accepiffe
1911 2217 1919 2230 ,
1933 2207 2031 2238 neque
2042 2198 2079 2227 de

1126 2245 1195 2264 vero
1207 2237 1383 2275 archiparata
1405 2234 1533 2265 sumfifl'e
1544 2237 1720 2276 supplicium
1735 2258 1743 2272 ,
1761 2237 1831 2268 ideo
1841 2239 1930 2268 securi
1942 2249 2005 2269 non
2016 2249 2083 2279 per-

1124 2275 1251 2306 cuffiss'e:
1267 2277 1352 2307 domi
1362 2275 1419 2307 effe
1429 2277 1505 2317 apud
1517 2278 1574 2308 sese
1585 2280 1770 2319 archipiratas
1785 2280 1864 2310 dixit
1877 2279 1961 2310 duos.
1987 2283 2012 2310 O
2022 2281 2085 2311 cle·

1127 2320 1273 2348 mentiam
1284 2319 1389 2359 populi
1400 2321 1534 2348 Romani
1546 2320 1592 2349 scu
1603 2323 1702 2360 potius
1715 2323 1889 2361 patientiam
1901 2323 2008 2352 miram
2020 2342 2028 2355 ‚
2049 2332 2083 2353 ac

1128 2359 1302 2401 singularem
1317 2363 1321 2389 ἰ
1346 2363 1453 2390 Civem
1463 2363 1557 2391 Rom.
1577 2362 1669 2392 securi
1687 2361 1745 2392 ess'e
1761 2362 1929 2402 percuss'um
1939 2366 2079 2398 Annius,

1125 2412 1216 2442 eques
1229 2404 1322 2432 Rom.
1335 2402 1407 2432 dicit
1417 2413 1422 2430 ;
1434 2411 1518 2432 taces.
1541 2404 1744 2443 archipiratam
1756 2414 1841 2445 negat
1853 2404 1974 2434 :fateris
2000 2403 2033 2435 fit
2048 2407 2081 2435 in

1124 2453 1161 2472 eo
1182 2445 1312 2483 gemitus
1336 2446 1477 2473 omnium
1489 2464 1497 2477 ‚
1518 2445 1550 2474 ὃς
1559 2446 1674 2475 clamor
1683 2465 1691 2478 ,
1712 2444 1782 2475 cum
1794 2455 1894 2476 tamen
1913 2446 1928 2476 a
1946 2447 2083 2486 praescnti

1124 2485 1270 2524 supplicio
1284 2495 1335 2515 tuo
1347 2486 1373 2514 se
1383 2487 1534 2515 continuit
1542 2487 1671 2526 populus
1682 2490 1778 2517 Rom.
1791 2488 1822 2517 &
1832 2486 1960 2527 repreffit
1970 2508 1979 2521 ‚
1994 2488 2027 2518 δε
2039 2489 2081 2519 sa⁴

1125 2526 1195 2556 lutis
1208 2536 1264 2557 tuae
1276 2529 1422 2556 rationem
1430 2527 1570 2565 judicum
1581 2529 1725 2558 severitati
1737 2529 1906 2558 reservavit.
1930 2528 1990 2570 Qi
2006 2530 2082 2560 scie-

1128 2568 1178 2597 bas
1189 2569 1243 2598 tibi
1252 2570 1374 2598 crimini
1384 2567 1487 2597 datum
1503 2570 1560 2597 iri?
1579 2569 1774 2609 quamobrem
1788 2570 1915 2601 sciebas?
1933 2572 2082 2611 quamob-

1127 2619 1191 2638 rem
1211 2612 1300 2640 etiam
1319 2610 1497 2649 suspicabare
1509 2612 1520 2638 ?
1541 2611 1704 2640 inimicum
1723 2611 1850 2641 habebas
1868 2614 2038 2642 neminem.
2062 2611 2083 2643 fi

1126 2651 1266 2685 haberes3
1289 2660 1389 2685 tamen
1399 2660 1463 2680 non
1473 2653 1513 2680 ita
1522 2653 1656 2685 vixeras,
1677 2661 1709 2682 ut
1723 2653 1940 2692 metumjudicii
1949 2654 2084 2694 proposi·-

1129 2702 1193 2722 tum
1203 2693 1310 2722 habere
1321 2692 1452 2721 deberes.
1478 2695 1527 2721 An
1537 2701 1576 2726 te,
1589 2693 1618 2723 id
1631 2693 1711 2733 quod
1723 2692 1786 2723 fieri
1797 2695 1871 2725 solet
1880 2715 1889 2728 ,
1901 2696 2085 2730 conscientia

1128 2733 1271 2763 timidum
1283 2754 1292 2767 ‚
1306 2734 1558 2774 suspiciosumque
1569 2733 1711 2764 faciebat?
1730 2734 1906 2776 Qiigitur,
1926 2736 1996 2766 cum
2011 2736 2085 2768 effi-s

1129 2785 1199 2806 cum
1209 2777 1337 2815 imperio
1349 2776 1427 2815 ,jam
1438 2775 1672 2816 tumjudicium,
1681 2777 1714 2808 δ(
1724 2787 1840 2808 crimen
1850 2779 2002 2809 horrebas:
2015 2789 2084 2809 reus

2005 2830 2079 2852 curn

1123 2927 1152 2947 v·
1162 2926 1190 2942 ex
1201 2926 1312 2941 remorum
1320 2926 1429 2948 ηιηηενο,Ι
1441 2916 1504 2942 lieet
1514 2916 1604 2943 eadem
1617 2916 1744 2945 sententia
1756 2917 1863 2945 resultet
1873 2929 1907 2945 ex
1920 2919 2036 2954 vulgata.

1157 2959 1185 2984 4.
1207 2955 1264 2977 Cum
1273 2959 1338 2977 tanto
1348 2954 1426 2981 plures
1437 2952 1532 2977 aidum
1541 2954 1620 2986 eſjknt,
1630 2954 1696 2988 [lym]
1718 2954 1838 2981 Fulviani
1858 2955 1918 2982 libri
1937 2955 2081 2982 temonem

1123 2987 1239 3023 sequitur
1251 2988 1411 3013 Gulielmius
1425 3007 1432 3019 ‚
1445 2997 1495 3013 cum
1505 2990 1576 3013 aliero
1585 2992 1746 3022 tantoplures.

1160 3033 1185 3056 5.
1205 3027 1268 3051 <Am
1280 3025 1386 3056 m'iqnam
1395 3025 1468 3048 aliam
1479 3024 1504 3048 ob
1514 3025 1633 3059 ιαμ-[απ]
1657 3026 1700 3053 Est
1712 3028 1727 3052 ’.ὶ
1741 3036 1771 3053 ve
1777 3027 1824 3053 teri
1843 3026 1912 3053 libro
1923 3027 2082 3054 Hotomani.

1121 3059 1183 3085 Vox
1192 3060 1261 3085 enim
1273 3061 1346 3084 aliam
1358 3059 1427 3087 prius
1439 3058 1539 3085 deerat.

1156 3095 1183 3120 6.
1203 3094 1261 3120 Ciim
1272 3094 1290 3118 is
1302 3090 1370 3119 civeis
1381 3095 1520 3129 Romanuin]
1542 3095 1623 3122 Liber
1635 3097 1728 3131 Cujac.
1742 3101 1817 3124 civem
1825 3102 1890 3126 Rom.
1906 3098 1977 3135 quod
1988 3097 2013 3124 se
2024 3105 2083 3123 tne—

1122 3137 1164 3158 tur
1174 3130 1224 3157 illo
1234 3128 1304 3158 infra
1313 3139 1376 3158 mox
1389 3149 1398 3164 ‚
1411 3133 1483 3158 cmm
1491 3134 1555 3158 Rom.
1561 3132 1640 3164 secun·
1651 3134 1690 3167 effe
1696 3135 1837 3169 ptri-uffism.

1535 3166 1628 3204 Rr·3
1995 3168 2083 3201 »9456

2101 1961 2146 1993 29
