<?xml version="1.0" encoding="UTF-8"?>
<!DOCTYPE html PUBLIC "-//W3C//DTD XHTML 1.0 Transitional//EN"
    "http://www.w3.org/TR/xhtml1/DTD/xhtml1-transitional.dtd">
<html xmlns="http://www.w3.org/1999/xhtml" xml:lang="en" lang="en">
 <head>
  <title>
</title>
<meta http-equiv="Content-Type" content="text/html;charset=utf-8" />
  <meta name='ocr-system' content='tesseract 3.04.00' />
  <meta name='ocr-capabilities' content='ocr_page ocr_carea ocr_par ocr_line ocrx_word'/>
</head>
<body>
  <div class='ocr_page' id='page_1' title='image "./mtuliiciceroniso00cice/mtuliiciceroniso00cice_0190.png"; bbox 0 0 2316 3395; ppageno 0'>
   <div class='ocr_carea' id='block_1_1' title="bbox 188 2571 1207 2625">
    <p class='ocr_par' dir='ltr' id='par_1_1' title="bbox 188 2571 1207 2625">
     <span class='ocr_line' id='line_1_1' title="bbox 188 2571 1207 2625; baseline -0.009 -17"><span class='ocrx_word' id='word_1_1' title='bbox 188 2582 227 2625; x_wconf 77' lang='lat'>38</span> <span class='ocrx_word' id='word_1_2' title='bbox 249 2578 295 2608; x_wconf 90' lang='lat' dir='ltr'>bis</span> <span class='ocrx_word' id='word_1_3' title='bbox 305 2577 498 2618; x_wconf 83' lang='lat' dir='ltr'>quaerendum</span> <span class='ocrx_word' id='word_1_4' title='bbox 510 2596 519 2609; x_wconf 80' lang='lat'>‚</span> <span class='ocrx_word' id='word_1_5' title='bbox 539 2584 626 2616; x_wconf 87' lang='lat' dir='ltr'>atque</span> <span class='ocrx_word' id='word_1_6' title='bbox 645 2574 857 2614; x_wconf 83' lang='lat' dir='ltr'>explicandum</span> <span class='ocrx_word' id='word_1_7' title='bbox 877 2572 1004 2603; x_wconf 87' lang='lat' dir='ltr'>videtur.</span> <span class='ocrx_word' id='word_1_8' title='bbox 1049 2573 1121 2602; x_wconf 78' lang='lat' dir='ltr'>Tria</span> <span class='ocrx_word' id='word_1_9' title='bbox 1138 2571 1207 2600; x_wconf 91' lang='lat' dir='ltr'>sunt</span> 
     </span>
    </p>
   </div>
   <div class='ocr_carea' id='block_1_2' title="bbox 220 112 1140 168">
    <p class='ocr_par' dir='ltr' id='par_1_2' title="bbox 220 112 1140 168">
     <span class='ocr_line' id='line_1_2' title="bbox 220 112 1140 168; baseline -0.013 0"><span class='ocrx_word' id='word_1_10' title='bbox 220 134 312 168; x_wconf 86' lang='lat'>122</span> <span class='ocrx_word' id='word_1_11' title='bbox 643 112 1140 165; x_wconf 78' lang='lat' dir='ltr'>M.Tt51.1,11</span> 
     </span>
    </p>
   </div>
   <div class='ocr_carea' id='block_1_3' title="bbox 217 188 1191 1073">
    <p class='ocr_par' dir='ltr' id='par_1_3' title="bbox 217 188 1191 1073">
     <span class='ocr_line' id='line_1_3' title="bbox 218 188 1177 239; baseline -0.01 -10"><span class='ocrx_word' id='word_1_12' title='bbox 218 199 292 230; x_wconf 87' lang='lat' dir='ltr'>dum</span> <span class='ocrx_word' id='word_1_13' title='bbox 314 194 450 239; x_wconf 67' lang='lat' dir='ltr'>primum</span> <span class='ocrx_word' id='word_1_14' title='bbox 462 197 565 228; x_wconf 75' lang='lat' dir='ltr'>ornate</span> <span class='ocrx_word' id='word_1_15' title='bbox 578 217 586 231; x_wconf 91' lang='lat'>,</span> <span class='ocrx_word' id='word_1_16' title='bbox 607 196 715 227; x_wconf 85' lang='lat' dir='ltr'>deinde</span> <span class='ocrx_word' id='word_1_17' title='bbox 725 197 816 227; x_wconf 81' lang='lat' dir='ltr'>etiam</span> <span class='ocrx_word' id='word_1_18' title='bbox 828 194 893 235; x_wconf 68' lang='lat' dir='ltr'>apte</span> <span class='ocrx_word' id='word_1_19' title='bbox 904 193 1091 224; x_wconf 83' lang='lat' dir='ltr'><strong>diceremus:</strong></span> <span class='ocrx_word' id='word_1_20' title='bbox 1115 188 1177 230; x_wconf 72' lang='lat' dir='ltr'>quo</span> 
     </span>
     <span class='ocr_line' id='line_1_4' title="bbox 217 232 1179 281; baseline -0.011 -10"><span class='ocrx_word' id='word_1_21' title='bbox 217 242 289 272; x_wconf 76' lang='lat' dir='ltr'>cum</span> <span class='ocrx_word' id='word_1_22' title='bbox 311 238 455 281; x_wconf 74' lang='lat' dir='ltr'>ingress&#39;us</span> <span class='ocrx_word' id='word_1_23' title='bbox 472 238 545 269; x_wconf 77' lang='lat' dir='ltr'>effes</span> <span class='ocrx_word' id='word_1_24' title='bbox 558 259 565 272; x_wconf 89' lang='lat'>‚</span> <span class='ocrx_word' id='word_1_25' title='bbox 588 239 706 278; x_wconf 65' lang='lat' dir='ltr'>repenti:</span> <span class='ocrx_word' id='word_1_26' title='bbox 727 247 753 268; x_wconf 89' lang='lat' dir='ltr'>te</span> <span class='ocrx_word' id='word_1_27' title='bbox 766 235 844 278; x_wconf 82' lang='lat' dir='ltr'>quasi</span> <span class='ocrx_word' id='word_1_28' title='bbox 855 235 977 277; x_wconf 87' lang='lat' dir='ltr'>quidam</span> <span class='ocrx_word' id='word_1_29' title='bbox 989 232 1061 270; x_wconf 68' lang='lat' dir='ltr'>asbus</span> <span class='ocrx_word' id='word_1_30' title='bbox 1073 232 1179 273; x_wconf 77' lang='lat' dir='ltr'>ingenii</span> 
     </span>
     <span class='ocr_line' id='line_1_5' title="bbox 220 273 1177 323; baseline -0.01 -10"><span class='ocrx_word' id='word_1_31' title='bbox 220 286 263 313; x_wconf 87' lang='lat' dir='ltr'>tui</span> <span class='ocrx_word' id='word_1_32' title='bbox 273 282 376 323; x_wconf 83' lang='lat' dir='ltr'>procul</span> <span class='ocrx_word' id='word_1_33' title='bbox 386 282 401 311; x_wconf 68' lang='lat' dir='ltr'>{i</span> <span class='ocrx_word' id='word_1_34' title='bbox 411 291 484 311; x_wconf 86' lang='lat' dir='ltr'>terra</span> <span class='ocrx_word' id='word_1_35' title='bbox 493 282 639 321; x_wconf 82' lang='lat' dir='ltr'>abripuit,</span> <span class='ocrx_word' id='word_1_36' title='bbox 651 289 735 320; x_wconf 83' lang='lat' dir='ltr'>atque</span> <span class='ocrx_word' id='word_1_37' title='bbox 747 281 780 309; x_wconf 90' lang='lat' dir='ltr'>in</span> <span class='ocrx_word' id='word_1_38' title='bbox 790 279 885 308; x_wconf 88' lang='lat' dir='ltr'>altum</span> <span class='ocrx_word' id='word_1_39' title='bbox 896 277 912 308; x_wconf 76' lang='grc' dir='ltr'>Ξι</span> <span class='ocrx_word' id='word_1_40' title='bbox 922 274 1083 316; x_wconf 69' lang='lat' dir='ltr'>conspe&amp;u</span> <span class='ocrx_word' id='word_1_41' title='bbox 1093 273 1177 315; x_wconf 69' lang='lat' dir='ltr'>paene</span> 
     </span>
     <span class='ocr_line' id='line_1_6' title="bbox 220 316 1181 361; baseline -0.01 -6"><span class='ocrx_word' id='word_1_42' title='bbox 220 326 362 355; x_wconf 89' lang='lat' dir='ltr'>omnium</span> <span class='ocrx_word' id='word_1_43' title='bbox 381 322 520 353; x_wconf 80' lang='lat' dir='ltr'>abstraxit</span> <span class='ocrx_word' id='word_1_44' title='bbox 533 335 540 357; x_wconf 78' lang='lat'>3</span> <span class='ocrx_word' id='word_1_45' title='bbox 561 331 746 361; x_wconf 88' lang='lat' dir='ltr'>omnemque</span> <span class='ocrx_word' id='word_1_46' title='bbox 766 330 866 351; x_wconf 88' lang='lat' dir='ltr'>rerum</span> <span class='ocrx_word' id='word_1_47' title='bbox 879 320 1034 350; x_wconf 86' lang='lat' dir='ltr'>scientiam</span> <span class='ocrx_word' id='word_1_48' title='bbox 1046 316 1181 356; x_wconf 85' lang='lat' dir='ltr'>comple-</span> 
     </span>
     <span class='ocr_line' id='line_1_7' title="bbox 219 357 1183 405; baseline -0.009 -9"><span class='ocrx_word' id='word_1_49' title='bbox 219 376 276 397; x_wconf 83' lang='lat' dir='ltr'>xus</span> <span class='ocrx_word' id='word_1_50' title='bbox 289 386 297 399; x_wconf 92' lang='lat'>,</span> <span class='ocrx_word' id='word_1_51' title='bbox 318 375 380 396; x_wconf 86' lang='lat' dir='ltr'>non</span> <span class='ocrx_word' id='word_1_52' title='bbox 393 374 423 395; x_wconf 87' lang='lat' dir='ltr'>tu</span> <span class='ocrx_word' id='word_1_53' title='bbox 434 365 555 405; x_wconf 81' lang='lat' dir='ltr'>quidem</span> <span class='ocrx_word' id='word_1_54' title='bbox 567 374 631 393; x_wconf 80' lang='lat' dir='ltr'>eam</span> <span class='ocrx_word' id='word_1_55' title='bbox 644 363 734 392; x_wconf 88' lang='lat' dir='ltr'>nobis</span> <span class='ocrx_word' id='word_1_56' title='bbox 745 361 890 392; x_wconf 85' lang='lat' dir='ltr'>tradidisti</span> <span class='ocrx_word' id='word_1_57' title='bbox 910 360 1017 401; x_wconf 87' lang='lat' dir='ltr'>(neque</span> <span class='ocrx_word' id='word_1_58' title='bbox 1029 360 1114 389; x_wconf 88' lang='lat' dir='ltr'>enim</span> <span class='ocrx_word' id='word_1_59' title='bbox 1123 357 1183 388; x_wconf 88' lang='lat' dir='ltr'>fuit</span> 
     </span>
     <span class='ocr_line' id='line_1_8' title="bbox 220 400 1180 448; baseline -0.01 -10"><span class='ocrx_word' id='word_1_60' title='bbox 220 417 281 439; x_wconf 86' lang='lat' dir='ltr'>tam</span> <span class='ocrx_word' id='word_1_61' title='bbox 293 408 394 448; x_wconf 81' lang='lat' dir='ltr'>exigui</span> <span class='ocrx_word' id='word_1_62' title='bbox 405 406 571 446; x_wconf 60' lang='lat' dir='ltr'>tempor-51)</span> <span class='ocrx_word' id='word_1_63' title='bbox 582 405 639 438; x_wconf 80' lang='lat' dir='ltr'>sed,</span> <span class='ocrx_word' id='word_1_64' title='bbox 652 405 728 444; x_wconf 87' lang='lat' dir='ltr'>apud</span> <span class='ocrx_word' id='word_1_65' title='bbox 741 406 795 434; x_wconf 88' lang='lat' dir='ltr'>hos</span> <span class='ocrx_word' id='word_1_66' title='bbox 808 403 879 445; x_wconf 91' lang='lat' dir='ltr'>quid</span> <span class='ocrx_word' id='word_1_67' title='bbox 888 400 1163 443; x_wconf 79' lang='lat' dir='ltr'>pi·ofeceri5‚nescio</span> <span class='ocrx_word' id='word_1_68' title='bbox 1175 409 1180 427; x_wconf 89' lang='lat'>:</span> 
     </span>
     <span class='ocr_line' id='line_1_9' title="bbox 222 442 1181 490; baseline -0.009 -11"><span class='ocrx_word' id='word_1_69' title='bbox 222 461 271 480; x_wconf 87' lang='lat' dir='ltr'>me</span> <span class='ocrx_word' id='word_1_70' title='bbox 283 451 405 490; x_wconf 85' lang='lat' dir='ltr'>quidem</span> <span class='ocrx_word' id='word_1_71' title='bbox 417 450 449 477; x_wconf 90' lang='lat' dir='ltr'>in</span> <span class='ocrx_word' id='word_1_72' title='bbox 460 447 651 476; x_wconf 77' lang='lat' dir='ltr'>Academiam</span> <span class='ocrx_word' id='word_1_73' title='bbox 663 456 761 476; x_wconf 89' lang='lat' dir='ltr'>totum</span> <span class='ocrx_word' id='word_1_74' title='bbox 770 444 960 486; x_wconf 87' lang='lat' dir='ltr'>compulisti:</span> <span class='ocrx_word' id='word_1_75' title='bbox 974 446 1007 474; x_wconf 89' lang='lat' dir='ltr'>in</span> <span class='ocrx_word' id='word_1_76' title='bbox 1017 453 1075 484; x_wconf 85' lang='lat' dir='ltr'>qua</span> <span class='ocrx_word' id='word_1_77' title='bbox 1084 442 1181 472; x_wconf 85' lang='lat' dir='ltr'>velim</span> 
     </span>
     <span class='ocr_line' id='line_1_10' title="bbox 222 484 1182 530; baseline -0.008 -10"><span class='ocrx_word' id='word_1_78' title='bbox 222 491 255 521; x_wconf 79' lang='lat' dir='ltr'>sit</span> <span class='ocrx_word' id='word_1_79' title='bbox 269 491 341 520; x_wconf 85' lang='lat' dir='ltr'>illud</span> <span class='ocrx_word' id='word_1_80' title='bbox 354 511 361 523; x_wconf 82' lang='grc'>,</span> <span class='ocrx_word' id='word_1_81' title='bbox 382 489 462 530; x_wconf 90' lang='lat' dir='ltr'>quod</span> <span class='ocrx_word' id='word_1_82' title='bbox 474 489 546 528; x_wconf 70' lang='lat' dir='ltr'>saepc</span> <span class='ocrx_word' id='word_1_83' title='bbox 557 488 680 528; x_wconf 85' lang='lat' dir='ltr'>posuisti</span> <span class='ocrx_word' id='word_1_84' title='bbox 692 508 700 522; x_wconf 85' lang='lat'>‚</span> <span class='ocrx_word' id='word_1_85' title='bbox 719 497 751 518; x_wconf 85' lang='lat' dir='ltr'>nt</span> <span class='ocrx_word' id='word_1_86' title='bbox 762 498 826 518; x_wconf 86' lang='lat' dir='ltr'>non</span> <span class='ocrx_word' id='word_1_87' title='bbox 836 485 951 517; x_wconf 81' lang='lat' dir='ltr'>necess&#39;e</span> <span class='ocrx_word' id='word_1_88' title='bbox 962 484 996 516; x_wconf 83' lang='lat' dir='ltr'>sit</span> <span class='ocrx_word' id='word_1_89' title='bbox 1006 484 1182 516; x_wconf 82' lang='lat' dir='ltr'>consumere</span> 
     </span>
     <span class='ocr_line' id='line_1_11' title="bbox 223 529 1184 571; baseline -0.008 -9"><span class='ocrx_word' id='word_1_90' title='bbox 223 542 337 563; x_wconf 74' lang='lat' dir='ltr'>aetatem</span> <span class='ocrx_word' id='word_1_91' title='bbox 350 552 358 565; x_wconf 83' lang='lat'>‚</span> <span class='ocrx_word' id='word_1_92' title='bbox 382 541 467 571; x_wconf 79' lang='lat' dir='ltr'>atque</span> <span class='ocrx_word' id='word_1_93' title='bbox 479 539 510 560; x_wconf 84' lang='lat' dir='ltr'>ut</span> <span class='ocrx_word' id='word_1_94' title='bbox 519 529 605 570; x_wconf 87' lang='lat' dir='ltr'>poffit</span> <span class='ocrx_word' id='word_1_95' title='bbox 615 532 640 560; x_wconf 86' lang='lat' dir='ltr'>is</span> <span class='ocrx_word' id='word_1_96' title='bbox 650 531 702 560; x_wconf 83' lang='lat' dir='ltr'>illa</span> <span class='ocrx_word' id='word_1_97' title='bbox 711 531 817 560; x_wconf 89' lang='lat' dir='ltr'>omnia</span> <span class='ocrx_word' id='word_1_98' title='bbox 826 538 945 559; x_wconf 91' lang='lat' dir='ltr'>cernere</span> <span class='ocrx_word' id='word_1_99' title='bbox 955 548 964 562; x_wconf 90' lang='lat'>‚</span> <span class='ocrx_word' id='word_1_100' title='bbox 987 529 1039 568; x_wconf 88' lang='lat' dir='ltr'>qui</span> <span class='ocrx_word' id='word_1_101' title='bbox 1050 535 1184 556; x_wconf 74' lang='lat' dir='ltr'>tantum—</span> 
     </span>
     <span class='ocr_line' id='line_1_12' title="bbox 226 564 1185 612; baseline -0.008 -9"><span class='ocrx_word' id='word_1_102' title='bbox 226 574 320 604; x_wconf 74' lang='lat' dir='ltr'>modo</span> <span class='ocrx_word' id='word_1_103' title='bbox 331 573 497 612; x_wconf 77' lang='lat' dir='ltr'>adspexerit</span> <span class='ocrx_word' id='word_1_104' title='bbox 509 583 513 601; x_wconf 91' lang='lat'>:</span> <span class='ocrx_word' id='word_1_105' title='bbox 531 572 580 602; x_wconf 85' lang='lat' dir='ltr'>sed</span> <span class='ocrx_word' id='word_1_106' title='bbox 591 573 680 602; x_wconf 88' lang='lat' dir='ltr'>etiam</span> <span class='ocrx_word' id='word_1_107' title='bbox 690 571 710 601; x_wconf 81' lang='lat' dir='ltr'>si</span> <span class='ocrx_word' id='word_1_108' title='bbox 721 571 763 602; x_wconf 91' lang='lat' dir='ltr'>est</span> <span class='ocrx_word' id='word_1_109' title='bbox 780 572 932 612; x_wconf 87' lang='lat' dir='ltr'>aliquanto</span> <span class='ocrx_word' id='word_1_110' title='bbox 952 567 1065 610; x_wconf 84' lang='lat' dir='ltr'>spiffius</span> <span class='ocrx_word' id='word_1_111' title='bbox 1076 588 1084 601; x_wconf 88' lang='lat'>,</span> <span class='ocrx_word' id='word_1_112' title='bbox 1105 576 1154 597; x_wconf 88' lang='lat' dir='ltr'>aut</span> <span class='ocrx_word' id='word_1_113' title='bbox 1165 564 1185 595; x_wconf 85' lang='lat' dir='ltr'>si</span> 
     </span>
     <span class='ocr_line' id='line_1_13' title="bbox 224 612 1186 656; baseline -0.007 -12"><span class='ocrx_word' id='word_1_114' title='bbox 224 627 279 656; x_wconf 79' lang='lat' dir='ltr'>ego</span> <span class='ocrx_word' id='word_1_115' title='bbox 291 616 356 645; x_wconf 85' lang='lat' dir='ltr'>sum</span> <span class='ocrx_word' id='word_1_116' title='bbox 368 614 494 647; x_wconf 85' lang='lat' dir='ltr'>tardior,</span> <span class='ocrx_word' id='word_1_117' title='bbox 514 612 650 654; x_wconf 72' lang='lat' dir='ltr'>profe-&amp;o</span> <span class='ocrx_word' id='word_1_118' title='bbox 662 623 827 655; x_wconf 89' lang='lat' dir='ltr'><strong>numquam</strong></span> <span class='ocrx_word' id='word_1_119' title='bbox 838 612 1049 653; x_wconf 83' lang='lat' dir='ltr'>conquiescam</span> <span class='ocrx_word' id='word_1_120' title='bbox 1061 630 1070 643; x_wconf 82' lang='lat'>,</span> <span class='ocrx_word' id='word_1_121' title='bbox 1090 617 1186 648; x_wconf 83' lang='lat' dir='ltr'>neque</span> 
     </span>
     <span class='ocr_line' id='line_1_14' title="bbox 226 651 1186 697; baseline -0.008 -11"><span class='ocrx_word' id='word_1_122' title='bbox 226 656 407 697; x_wconf 69' lang='lat' dir='ltr'>defatigabor</span> <span class='ocrx_word' id='word_1_123' title='bbox 417 655 484 686; x_wconf 69' lang='lat' dir='ltr'>ante</span> <span class='ocrx_word' id='word_1_124' title='bbox 496 675 504 689; x_wconf 82' lang='lat'>‚</span> <span class='ocrx_word' id='word_1_125' title='bbox 516 656 607 696; x_wconf 75' lang='lat' dir='ltr'>quam</span> <span class='ocrx_word' id='word_1_126' title='bbox 619 656 743 686; x_wconf 86' lang='lat' dir='ltr'>illorum</span> <span class='ocrx_word' id='word_1_127' title='bbox 753 657 909 694; x_wconf 87' lang='lat' dir='ltr'>ancipiteis</span> <span class='ocrx_word' id='word_1_128' title='bbox 917 656 991 686; x_wconf 78' lang='lat' dir='ltr'>vias,</span> <span class='ocrx_word' id='word_1_129' title='bbox 1001 651 1186 690; x_wconf 72' lang='lat' dir='ltr'>rationesque</span> 
     </span>
     <span class='ocr_line' id='line_1_15' title="bbox 226 695 1186 738; baseline -0.008 -10"><span class='ocrx_word' id='word_1_130' title='bbox 226 700 259 728; x_wconf 73' lang='grc' dir='ltr'>δε</span> <span class='ocrx_word' id='word_1_131' title='bbox 279 708 332 738; x_wconf 88' lang='lat' dir='ltr'>pro</span> <span class='ocrx_word' id='word_1_132' title='bbox 353 697 497 727; x_wconf 82' lang='lat' dir='ltr'>omnibus</span> <span class='ocrx_word' id='word_1_133' title='bbox 510 718 517 730; x_wconf 96' lang='lat'>,</span> <span class='ocrx_word' id='word_1_134' title='bbox 540 698 683 728; x_wconf 88' lang='lat' dir='ltr'>&amp;contra</span> <span class='ocrx_word' id='word_1_135' title='bbox 692 699 797 728; x_wconf 84' lang='lat' dir='ltr'>omnia</span> <span class='ocrx_word' id='word_1_136' title='bbox 807 695 976 736; x_wconf 86' lang='lat' dir='ltr'>disputandi</span> <span class='ocrx_word' id='word_1_137' title='bbox 989 715 997 727; x_wconf 92' lang='lat'><em>,</em></span> <span class='ocrx_word' id='word_1_138' title='bbox 1018 701 1186 734; x_wconf 75' lang='lat' dir='ltr'>percepero.</span> 
     </span>
     <span class='ocr_line' id='line_1_16' title="bbox 225 732 1186 780; baseline -0.007 -11"><span class='ocrx_word' id='word_1_139' title='bbox 225 743 309 770; x_wconf 88' lang='lat' dir='ltr'>Tum</span> <span class='ocrx_word' id='word_1_140' title='bbox 321 740 412 769; x_wconf 78' lang='lat' dir='ltr'>Cacsar</span> <span class='ocrx_word' id='word_1_141' title='bbox 424 760 432 772; x_wconf 83' lang='lat'>‚</span> <span class='ocrx_word' id='word_1_142' title='bbox 448 742 551 769; x_wconf 86' lang='lat' dir='ltr'>Unum</span> <span class='ocrx_word' id='word_1_143' title='bbox 566 760 574 772; x_wconf 96' lang='lat'>‚</span> <span class='ocrx_word' id='word_1_144' title='bbox 588 741 704 780; x_wconf 84' lang='lat' dir='ltr'>inquit,</span> <span class='ocrx_word' id='word_1_145' title='bbox 716 749 763 769; x_wconf 90' lang='lat' dir='ltr'>me</span> <span class='ocrx_word' id='word_1_146' title='bbox 777 749 814 769; x_wconf 85' lang='lat' dir='ltr'>ex</span> <span class='ocrx_word' id='word_1_147' title='bbox 824 748 877 768; x_wconf 90' lang='lat' dir='ltr'>tuo</span> <span class='ocrx_word' id='word_1_148' title='bbox 889 738 1026 767; x_wconf 78' lang='lat' dir='ltr'>sermone</span> <span class='ocrx_word' id='word_1_149' title='bbox 1039 732 1186 765; x_wconf 67' lang='lat' dir='ltr'>maxime,</span> 
     </span>
     <span class='ocr_line' id='line_1_17' title="bbox 230 774 1187 822; baseline -0.008 -11"><span class='ocrx_word' id='word_1_150' title='bbox 230 780 325 812; x_wconf 74' lang='lat' dir='ltr'>Crass&#39;e</span> <span class='ocrx_word' id='word_1_151' title='bbox 339 802 346 814; x_wconf 91' lang='lat'><em>,</em></span> <span class='ocrx_word' id='word_1_152' title='bbox 369 783 559 815; x_wconf 86' lang='lat' dir='ltr'>commovit,</span> <span class='ocrx_word' id='word_1_153' title='bbox 579 780 662 822; x_wconf 75' lang='lat' dir='ltr'>quod</span> <span class='ocrx_word' id='word_1_154' title='bbox 673 791 744 811; x_wconf 90' lang='lat' dir='ltr'>eum</span> <span class='ocrx_word' id='word_1_155' title='bbox 756 779 866 821; x_wconf 88' lang='lat' dir='ltr'>negasti</span> <span class='ocrx_word' id='word_1_156' title='bbox 878 800 886 813; x_wconf 87' lang='lat'>‚</span> <span class='ocrx_word' id='word_1_157' title='bbox 907 780 1033 820; x_wconf 88' lang='lat' dir='ltr'>quinon</span> <span class='ocrx_word' id='word_1_158' title='bbox 1044 776 1098 805; x_wconf 70' lang='lat' dir='ltr'>citi&gt;</span> <span class='ocrx_word' id='word_1_159' title='bbox 1115 774 1187 815; x_wconf 85' lang='lat' dir='ltr'>quid</span> 
     </span>
     <span class='ocr_line' id='line_1_18' title="bbox 227 819 1189 864; baseline -0.009 -10"><span class='ocrx_word' id='word_1_160' title='bbox 227 821 376 854; x_wconf 80' lang='lat' dir='ltr'>didicisset</span> <span class='ocrx_word' id='word_1_161' title='bbox 385 843 393 857; x_wconf 86' lang='lat'>,</span> <span class='ocrx_word' id='word_1_162' title='bbox 406 833 551 864; x_wconf 86' lang='lat' dir='ltr'>umquam</span> <span class='ocrx_word' id='word_1_163' title='bbox 561 824 692 853; x_wconf 89' lang='lat' dir='ltr'>omnino</span> <span class='ocrx_word' id='word_1_164' title='bbox 700 821 780 863; x_wconf 79' lang='lat' dir='ltr'>poffe</span> <span class='ocrx_word' id='word_1_165' title='bbox 790 822 952 862; x_wconf 79' lang='lat' dir='ltr'>perdiscere</span> <span class='ocrx_word' id='word_1_166' title='bbox 965 830 971 849; x_wconf 78' lang='lat'>2</span> <span class='ocrx_word' id='word_1_167' title='bbox 992 828 1024 849; x_wconf 90' lang='lat' dir='ltr'>ut</span> <span class='ocrx_word' id='word_1_168' title='bbox 1035 819 1113 847; x_wconf 89' lang='lat' dir='ltr'>mihi</span> <span class='ocrx_word' id='word_1_169' title='bbox 1124 825 1189 846; x_wconf 90' lang='lat' dir='ltr'>non</span> 
     </span>
     <span class='ocr_line' id='line_1_19' title="bbox 233 860 1190 905; baseline -0.008 -10"><span class='ocrx_word' id='word_1_170' title='bbox 233 865 268 895; x_wconf 83' lang='lat' dir='ltr'>sit</span> <span class='ocrx_word' id='word_1_171' title='bbox 286 863 409 895; x_wconf 85' lang='lat' dir='ltr'>difficile</span> <span class='ocrx_word' id='word_1_172' title='bbox 426 865 605 905; x_wconf 86' lang='lat' dir='ltr'>periclitari,</span> <span class='ocrx_word' id='word_1_173' title='bbox 627 865 716 895; x_wconf 88' lang='lat' dir='ltr'>&amp;aut</span> <span class='ocrx_word' id='word_1_174' title='bbox 727 864 822 894; x_wconf 88' lang='lat' dir='ltr'>statim</span> <span class='ocrx_word' id='word_1_175' title='bbox 834 865 982 904; x_wconf 80' lang='lat' dir='ltr'>percipere</span> <span class='ocrx_word' id='word_1_176' title='bbox 992 860 1046 890; x_wconf 87' lang='lat' dir='ltr'>ista</span> <span class='ocrx_word' id='word_1_177' title='bbox 1056 879 1064 893; x_wconf 85' lang='lat'>‚</span> <span class='ocrx_word' id='word_1_178' title='bbox 1084 868 1147 900; x_wconf 76' lang='lat' dir='ltr'>quae</span> <span class='ocrx_word' id='word_1_179' title='bbox 1158 866 1190 887; x_wconf 85' lang='lat' dir='ltr'>tu</span> 
     </span>
     <span class='ocr_line' id='line_1_20' title="bbox 232 904 1191 944; baseline -0.009 -7"><span class='ocrx_word' id='word_1_180' title='bbox 232 907 332 938; x_wconf 84' lang='lat' dir='ltr'>verbis</span> <span class='ocrx_word' id='word_1_181' title='bbox 352 906 387 936; x_wconf 85' lang='lat' dir='ltr'>ad</span> <span class='ocrx_word' id='word_1_182' title='bbox 397 907 505 937; x_wconf 87' lang='lat' dir='ltr'>caelum</span> <span class='ocrx_word' id='word_1_183' title='bbox 518 905 649 936; x_wconf 88' lang='lat' dir='ltr'>extulisti</span> <span class='ocrx_word' id='word_1_184' title='bbox 662 917 668 936; x_wconf 78' lang='lat' dir='ltr'><em>z</em></span> <span class='ocrx_word' id='word_1_185' title='bbox 689 916 737 936; x_wconf 86' lang='lat' dir='ltr'>aut</span> <span class='ocrx_word' id='word_1_186' title='bbox 748 927 755 940; x_wconf 85' lang='lat'>‚</span> <span class='ocrx_word' id='word_1_187' title='bbox 778 904 798 934; x_wconf 86' lang='lat' dir='ltr'>si</span> <span class='ocrx_word' id='word_1_188' title='bbox 809 916 872 935; x_wconf 89' lang='lat' dir='ltr'>non</span> <span class='ocrx_word' id='word_1_189' title='bbox 881 904 1033 944; x_wconf 89' lang='lat' dir='ltr'>potuerim</span> <span class='ocrx_word' id='word_1_190' title='bbox 1044 922 1052 935; x_wconf 88' lang='lat'><strong>‚</strong></span> <span class='ocrx_word' id='word_1_191' title='bbox 1073 908 1191 939; x_wconf 81' lang='lat' dir='ltr'>tempus</span> 
     </span>
     <span class='ocr_line' id='line_1_21' title="bbox 231 943 1190 989; baseline -0.009 -10"><span class='ocrx_word' id='word_1_192' title='bbox 231 959 296 979; x_wconf 83' lang='lat' dir='ltr'>non</span> <span class='ocrx_word' id='word_1_193' title='bbox 307 948 428 989; x_wconf 84' lang='lat' dir='ltr'>perdere</span> <span class='ocrx_word' id='word_1_194' title='bbox 439 968 447 982; x_wconf 90' lang='lat'>‚</span> <span class='ocrx_word' id='word_1_195' title='bbox 466 946 537 978; x_wconf 77' lang='lat' dir='ltr'>cum</span> <span class='ocrx_word' id='word_1_196' title='bbox 549 957 649 978; x_wconf 83' lang='lat' dir='ltr'>tamen</span> <span class='ocrx_word' id='word_1_197' title='bbox 661 949 706 978; x_wconf 90' lang='lat' dir='ltr'>his</span> <span class='ocrx_word' id='word_1_198' title='bbox 718 947 826 978; x_wconf 85' lang='lat' dir='ltr'>nostris</span> <span class='ocrx_word' id='word_1_199' title='bbox 836 944 942 986; x_wconf 85' lang='lat' dir='ltr'>poffim</span> <span class='ocrx_word' id='word_1_200' title='bbox 953 943 1010 974; x_wconf 84' lang='lat' dir='ltr'>ess&#39;e</span> <span class='ocrx_word' id='word_1_201' title='bbox 1022 951 1190 973; x_wconf 84' lang='lat' dir='ltr'>contentus.</span> 
     </span>
     <span class='ocr_line' id='line_1_22' title="bbox 231 984 1191 1030; baseline -0.009 -9"><span class='ocrx_word' id='word_1_202' title='bbox 231 990 293 1022; x_wconf 79' lang='lat' dir='ltr'>Hic</span> <span class='ocrx_word' id='word_1_203' title='bbox 303 991 463 1030; x_wconf 84' lang='lat' dir='ltr'>Sulpicius,</span> <span class='ocrx_word' id='word_1_204' title='bbox 475 993 538 1030; x_wconf 84' lang='lat' dir='ltr'>Ego</span> <span class='ocrx_word' id='word_1_205' title='bbox 548 989 631 1022; x_wconf 75' lang='lat' dir='ltr'>vero,</span> <span class='ocrx_word' id='word_1_206' title='bbox 644 991 752 1030; x_wconf 82' lang='lat' dir='ltr'>inquit,</span> <span class='ocrx_word' id='word_1_207' title='bbox 765 987 859 1019; x_wconf 74' lang='lat' dir='ltr'>Crass‘e</span> <span class='ocrx_word' id='word_1_208' title='bbox 873 1010 880 1021; x_wconf 92' lang='lat'>,</span> <span class='ocrx_word' id='word_1_209' title='bbox 892 997 988 1028; x_wconf 87' lang='lat' dir='ltr'>neque</span> <span class='ocrx_word' id='word_1_210' title='bbox 999 984 1191 1015; x_wconf 87' lang='lat' dir='ltr'>Aristotelem</span> 
     </span>
     <span class='ocr_line' id='line_1_23' title="bbox 231 1031 1190 1073; baseline -0.008 -11"><span class='ocrx_word' id='word_1_211' title='bbox 231 1032 324 1063; x_wconf 89' lang='lat' dir='ltr'>istum</span> <span class='ocrx_word' id='word_1_212' title='bbox 336 1052 344 1066; x_wconf 85' lang='lat'>‚</span> <span class='ocrx_word' id='word_1_213' title='bbox 363 1042 460 1073; x_wconf 86' lang='lat' dir='ltr'>neque</span> <span class='ocrx_word' id='word_1_214' title='bbox 471 1032 651 1062; x_wconf 76' lang='lat' dir='ltr'>Carneadem</span> <span class='ocrx_word' id='word_1_215' title='bbox 663 1051 671 1064; x_wconf 84' lang='lat'>‚</span> <span class='ocrx_word' id='word_1_216' title='bbox 683 1042 738 1062; x_wconf 90' lang='lat' dir='ltr'>nec</span> <span class='ocrx_word' id='word_1_217' title='bbox 747 1031 997 1072; x_wconf 84' lang='lat' dir='ltr'>philosophorum</span> <span class='ocrx_word' id='word_1_218' title='bbox 1007 1035 1190 1068; x_wconf 84' lang='lat' dir='ltr'>quemquam</span> 
     </span>
    </p>
   </div>
   <div class='ocr_carea' id='block_1_4' title="bbox 1203 213 1219 1150">
    <p class='ocr_par' dir='ltr' id='par_1_4' title="bbox 1203 213 1219 1150">
     <span class='ocr_line' id='line_1_24' title="bbox 1203 213 1219 1150; baseline 0 0"><span class='ocrx_word' id='word_1_219' title='bbox 1203 213 1219 1150; x_wconf 95' lang='lat' dir='ltr'> </span> 
     </span>
    </p>
   </div>
   <div class='ocr_carea' id='block_1_5' title="bbox 231 1068 1216 1323">
    <p class='ocr_par' dir='ltr' id='par_1_5' title="bbox 231 1068 1216 1240">
     <span class='ocr_line' id='line_1_25' title="bbox 231 1068 1191 1112; baseline -0.009 -7"><span class='ocrx_word' id='word_1_220' title='bbox 231 1073 373 1105; x_wconf 70' lang='lat' dir='ltr'>desidero.</span> <span class='ocrx_word' id='word_1_221' title='bbox 398 1074 446 1103; x_wconf 87' lang='lat' dir='ltr'>vel</span> <span class='ocrx_word' id='word_1_222' title='bbox 465 1084 512 1103; x_wconf 90' lang='lat' dir='ltr'>me</span> <span class='ocrx_word' id='word_1_223' title='bbox 533 1074 602 1103; x_wconf 86' lang='lat' dir='ltr'>licet</span> <span class='ocrx_word' id='word_1_224' title='bbox 619 1072 774 1103; x_wconf 85' lang='lat' dir='ltr'>existimes</span> <span class='ocrx_word' id='word_1_225' title='bbox 792 1072 940 1112; x_wconf 86' lang='lat' dir='ltr'>desperare</span> <span class='ocrx_word' id='word_1_226' title='bbox 957 1069 1040 1111; x_wconf 71' lang='lat' dir='ltr'>poss&#39;e</span> <span class='ocrx_word' id='word_1_227' title='bbox 1053 1068 1106 1098; x_wconf 88' lang='lat' dir='ltr'>ista</span> <span class='ocrx_word' id='word_1_228' title='bbox 1124 1077 1191 1107; x_wconf 90' lang='lat' dir='ltr'>per-</span> 
     </span>
     <span class='ocr_line' id='line_1_26' title="bbox 231 1109 1216 1155; baseline -0.008 -9"><span class='ocrx_word' id='word_1_229' title='bbox 231 1116 353 1150; x_wconf 87' lang='lat' dir='ltr'>discere,</span> <span class='ocrx_word' id='word_1_230' title='bbox 364 1116 423 1149; x_wconf 85' lang='lat' dir='ltr'>vel‚</span> <span class='ocrx_word' id='word_1_231' title='bbox 436 1115 465 1144; x_wconf 86' lang='lat' dir='ltr'>id</span> <span class='ocrx_word' id='word_1_232' title='bbox 475 1115 557 1155; x_wconf 89' lang='lat' dir='ltr'>quod</span> <span class='ocrx_word' id='word_1_233' title='bbox 564 1114 654 1148; x_wconf 78' lang='lat' dir='ltr'>facio,</span> <span class='ocrx_word' id='word_1_234' title='bbox 667 1124 878 1145; x_wconf 87' lang='lat' dir='ltr'>contemnere:</span> <span class='ocrx_word' id='word_1_235' title='bbox 890 1114 968 1142; x_wconf 90' lang='lat' dir='ltr'>mihi</span> <span class='ocrx_word' id='word_1_236' title='bbox 979 1121 1077 1142; x_wconf 89' lang='lat' dir='ltr'>rerum</span> <span class='ocrx_word' id='word_1_237' title='bbox 1090 1109 1193 1139; x_wconf 81' lang='lat' dir='ltr'>foren-</span> <span class='ocrx_word' id='word_1_238' title='bbox 1215 1111 1216 1117; x_wconf 64' lang='lat'>¹</span> 
     </span>
     <span class='ocr_line' id='line_1_27' title="bbox 236 1153 1193 1198; baseline -0.009 -11"><span class='ocrx_word' id='word_1_239' title='bbox 236 1157 312 1188; x_wconf 81' lang='lat' dir='ltr'>sium</span> <span class='ocrx_word' id='word_1_240' title='bbox 325 1179 333 1191; x_wconf 88' lang='lat'>,</span> <span class='ocrx_word' id='word_1_241' title='bbox 356 1158 388 1187; x_wconf 68' lang='grc' dir='ltr'>ὅ(</span> <span class='ocrx_word' id='word_1_242' title='bbox 396 1158 612 1186; x_wconf 89' lang='lat' dir='ltr'>communium</span> <span class='ocrx_word' id='word_1_243' title='bbox 622 1157 751 1198; x_wconf 88' lang='lat' dir='ltr'>vulgaris</span> <span class='ocrx_word' id='word_1_244' title='bbox 762 1157 824 1186; x_wconf 86' lang='lat' dir='ltr'>haec</span> <span class='ocrx_word' id='word_1_245' title='bbox 833 1156 967 1195; x_wconf 84' lang='lat' dir='ltr'>cognitio</span> <span class='ocrx_word' id='word_1_246' title='bbox 978 1173 986 1187; x_wconf 80' lang='lat'>‚</span> <span class='ocrx_word' id='word_1_247' title='bbox 1011 1153 1075 1183; x_wconf 85' lang='lat' dir='ltr'>satis</span> <span class='ocrx_word' id='word_1_248' title='bbox 1086 1160 1193 1191; x_wconf 82' lang='lat' dir='ltr'>magna</span> 
     </span>
     <span class='ocr_line' id='line_1_28' title="bbox 234 1195 1192 1240; baseline -0.007 -11"><span class='ocrx_word' id='word_1_249' title='bbox 234 1199 278 1230; x_wconf 88' lang='lat' dir='ltr'>est</span> <span class='ocrx_word' id='word_1_250' title='bbox 287 1199 322 1229; x_wconf 89' lang='lat' dir='ltr'>ad</span> <span class='ocrx_word' id='word_1_251' title='bbox 331 1209 397 1229; x_wconf 79' lang='lat' dir='ltr'>eam</span> <span class='ocrx_word' id='word_1_252' title='bbox 408 1219 416 1232; x_wconf 87' lang='lat'>‚</span> <span class='ocrx_word' id='word_1_253' title='bbox 428 1209 519 1239; x_wconf 77' lang='lat' dir='ltr'>quam</span> <span class='ocrx_word' id='word_1_254' title='bbox 530 1198 630 1238; x_wconf 66' lang='lat' dir='ltr'>spedlo</span> <span class='ocrx_word' id='word_1_255' title='bbox 641 1219 649 1233; x_wconf 92' lang='lat'>,</span> <span class='ocrx_word' id='word_1_256' title='bbox 666 1200 870 1240; x_wconf 87' lang='lat' dir='ltr'>eloquentiam</span> <span class='ocrx_word' id='word_1_257' title='bbox 883 1208 888 1225; x_wconf 88' lang='lat'>:</span> <span class='ocrx_word' id='word_1_258' title='bbox 909 1206 946 1226; x_wconf 84' lang='lat' dir='ltr'>ex</span> <span class='ocrx_word' id='word_1_259' title='bbox 956 1205 1014 1236; x_wconf 86' lang='lat' dir='ltr'>qua</span> <span class='ocrx_word' id='word_1_260' title='bbox 1023 1195 1083 1234; x_wconf 75' lang='lat' dir='ltr'>ipsa</span> <span class='ocrx_word' id='word_1_261' title='bbox 1093 1202 1192 1223; x_wconf 82' lang='lat' dir='ltr'>tamen</span> 
     </span>
    </p>

    <p class='ocr_par' dir='ltr' id='par_1_6' title="bbox 233 1237 1193 1323">
     <span class='ocr_line' id='line_1_29' title="bbox 256 1237 1192 1281; baseline -0.009 -10"><span class='ocrx_word' id='word_1_262' title='bbox 256 1241 383 1271; x_wconf 88' lang='lat' dir='ltr'>ermulta</span> <span class='ocrx_word' id='word_1_263' title='bbox 392 1242 494 1270; x_wconf 86' lang='lat' dir='ltr'>nescio</span> <span class='ocrx_word' id='word_1_264' title='bbox 505 1251 510 1269; x_wconf 81' lang='lat'>2</span> <span class='ocrx_word' id='word_1_265' title='bbox 531 1250 597 1281; x_wconf 89' lang='lat' dir='ltr'>quae</span> <span class='ocrx_word' id='word_1_266' title='bbox 608 1250 673 1271; x_wconf 91' lang='lat' dir='ltr'>tum</span> <span class='ocrx_word' id='word_1_267' title='bbox 683 1241 824 1281; x_wconf 84' lang='lat' dir='ltr'>denique,</span> <span class='ocrx_word' id='word_1_268' title='bbox 833 1238 906 1269; x_wconf 76' lang='lat' dir='ltr'>cum</span> <span class='ocrx_word' id='word_1_269' title='bbox 916 1238 999 1268; x_wconf 77' lang='lat' dir='ltr'>causa</span> <span class='ocrx_word' id='word_1_270' title='bbox 1009 1237 1116 1277; x_wconf 82' lang='lat' dir='ltr'>aliqua,</span> <span class='ocrx_word' id='word_1_271' title='bbox 1126 1244 1192 1275; x_wconf 82' lang='lat' dir='ltr'>quae</span> 
     </span>
     <span class='ocr_line' id='line_1_30' title="bbox 233 1276 1193 1323; baseline -0.008 -10"><span class='ocrx_word' id='word_1_272' title='bbox 233 1295 251 1314; x_wconf 83' lang='lat' dir='ltr'>a</span> <span class='ocrx_word' id='word_1_273' title='bbox 263 1293 313 1313; x_wconf 88' lang='lat' dir='ltr'>me</span> <span class='ocrx_word' id='word_1_274' title='bbox 321 1281 448 1313; x_wconf 84' lang='lat' dir='ltr'>dicenda</span> <span class='ocrx_word' id='word_1_275' title='bbox 458 1281 511 1315; x_wconf 86' lang='lat' dir='ltr'>est,</span> <span class='ocrx_word' id='word_1_276' title='bbox 523 1281 674 1316; x_wconf 80' lang='lat' dir='ltr'>desiderat,</span> <span class='ocrx_word' id='word_1_277' title='bbox 685 1292 799 1323; x_wconf 82' lang='lat' dir='ltr'>quaero.</span> <span class='ocrx_word' id='word_1_278' title='bbox 823 1279 1041 1322; x_wconf 81' lang='lat' dir='ltr'>Qamobrem,</span> <span class='ocrx_word' id='word_1_279' title='bbox 1053 1276 1108 1307; x_wconf 84' lang='lat' dir='ltr'>nisi</span> <span class='ocrx_word' id='word_1_280' title='bbox 1116 1276 1193 1306; x_wconf 70' lang='lat' dir='ltr'>{orte</span> 
     </span>
    </p>
   </div>
   <div class='ocr_carea' id='block_1_6' title="bbox 235 1363 1224 2576">
    <p class='ocr_par' dir='ltr' id='par_1_7' title="bbox 235 1363 1224 2576">
     <span class='ocr_line' id='line_1_31' title="bbox 235 1363 1190 1408; baseline -0.007 -12"><span class='ocrx_word' id='word_1_281' title='bbox 235 1377 300 1408; x_wconf 84' lang='lat' dir='ltr'>quae</span> <span class='ocrx_word' id='word_1_282' title='bbox 312 1367 347 1397; x_wconf 86' lang='lat' dir='ltr'>ad</span> <span class='ocrx_word' id='word_1_283' title='bbox 356 1364 445 1406; x_wconf 77' lang='lat' dir='ltr'>ipfius</span> <span class='ocrx_word' id='word_1_284' title='bbox 456 1368 599 1396; x_wconf 82' lang='lat' dir='ltr'>orationis</span> <span class='ocrx_word' id='word_1_285' title='bbox 609 1365 729 1396; x_wconf 87' lang='lat' dir='ltr'>laudem</span> <span class='ocrx_word' id='word_1_286' title='bbox 742 1386 750 1398; x_wconf 89' lang='lat'>‚</span> <span class='ocrx_word' id='word_1_287' title='bbox 767 1364 1015 1405; x_wconf 85' lang='lat' dir='ltr'>splendoremque</span> <span class='ocrx_word' id='word_1_288' title='bbox 1024 1363 1190 1402; x_wconf 79' lang='lat' dir='ltr'>pertinent:</span> 
     </span>
     <span class='ocr_line' id='line_1_32' title="bbox 236 1404 1196 1450; baseline -0.007 -12"><span class='ocrx_word' id='word_1_289' title='bbox 236 1419 302 1450; x_wconf 86' lang='lat' dir='ltr'>quae</span> <span class='ocrx_word' id='word_1_290' title='bbox 313 1418 368 1450; x_wconf 88' lang='lat' dir='ltr'>ego</span> <span class='ocrx_word' id='word_1_291' title='bbox 378 1418 415 1437; x_wconf 87' lang='lat' dir='ltr'>ex</span> <span class='ocrx_word' id='word_1_292' title='bbox 427 1416 454 1437; x_wconf 86' lang='lat' dir='ltr'>te</span> <span class='ocrx_word' id='word_1_293' title='bbox 465 1407 565 1438; x_wconf 86' lang='lat' dir='ltr'>audire</span> <span class='ocrx_word' id='word_1_294' title='bbox 577 1408 742 1440; x_wconf 86' lang='lat' dir='ltr'>volui,non</span> <span class='ocrx_word' id='word_1_295' title='bbox 754 1415 785 1436; x_wconf 92' lang='lat' dir='ltr'>ut</span> <span class='ocrx_word' id='word_1_296' title='bbox 797 1406 979 1445; x_wconf 82' lang='lat' dir='ltr'>desperarem</span> <span class='ocrx_word' id='word_1_297' title='bbox 992 1414 1041 1433; x_wconf 90' lang='lat' dir='ltr'>me</span> <span class='ocrx_word' id='word_1_298' title='bbox 1050 1404 1196 1443; x_wconf 86' lang='lat' dir='ltr'>eloquen-</span> 
     </span>
     <span class='ocr_line' id='line_1_33' title="bbox 238 1444 1198 1490; baseline -0.007 -10"><span class='ocrx_word' id='word_1_299' title='bbox 238 1461 309 1481; x_wconf 79' lang='lat' dir='ltr'>tiam</span> <span class='ocrx_word' id='word_1_300' title='bbox 321 1451 463 1490; x_wconf 82' lang='lat' dir='ltr'>consequi</span> <span class='ocrx_word' id='word_1_301' title='bbox 472 1447 565 1489; x_wconf 72' lang='lat' dir='ltr'>posse,</span> <span class='ocrx_word' id='word_1_302' title='bbox 578 1449 625 1479; x_wconf 87' lang='lat' dir='ltr'>sed</span> <span class='ocrx_word' id='word_1_303' title='bbox 637 1458 669 1478; x_wconf 91' lang='lat' dir='ltr'>ut</span> <span class='ocrx_word' id='word_1_304' title='bbox 677 1448 788 1490; x_wconf 89' lang='lat' dir='ltr'>aliquid</span> <span class='ocrx_word' id='word_1_305' title='bbox 798 1448 990 1478; x_wconf 87' lang='lat' dir='ltr'>addiscerem.</span> <span class='ocrx_word' id='word_1_306' title='bbox 1021 1449 1104 1476; x_wconf 90' lang='lat' dir='ltr'>Tum</span> <span class='ocrx_word' id='word_1_307' title='bbox 1116 1444 1198 1474; x_wconf 82' lang='lat' dir='ltr'>Cras-</span> 
     </span>
     <span class='ocr_line' id='line_1_34' title="bbox 239 1488 1195 1533; baseline -0.007 -11"><span class='ocrx_word' id='word_1_308' title='bbox 239 1494 297 1527; x_wconf 77' lang='lat' dir='ltr'>sus,</span> <span class='ocrx_word' id='word_1_309' title='bbox 309 1492 493 1533; x_wconf 72' lang='lat' dir='ltr'>Pervulgatas</span> <span class='ocrx_word' id='word_1_310' title='bbox 502 1501 547 1521; x_wconf 86' lang='lat' dir='ltr'>res</span> <span class='ocrx_word' id='word_1_311' title='bbox 557 1492 693 1532; x_wconf 84' lang='lat' dir='ltr'>requiris,</span> <span class='ocrx_word' id='word_1_312' title='bbox 705 1492 823 1531; x_wconf 85' lang='lat' dir='ltr'>inquit,</span> <span class='ocrx_word' id='word_1_313' title='bbox 836 1489 932 1519; x_wconf 89' lang='lat' dir='ltr'>&amp;tibi</span> <span class='ocrx_word' id='word_1_314' title='bbox 944 1498 1008 1518; x_wconf 91' lang='lat' dir='ltr'>non</span> <span class='ocrx_word' id='word_1_315' title='bbox 1017 1488 1195 1526; x_wconf 82' lang='lat' dir='ltr'>incognitas,</span> 
     </span>
     <span class='ocr_line' id='line_1_35' title="bbox 239 1528 1195 1575; baseline -0.008 -10"><span class='ocrx_word' id='word_1_316' title='bbox 239 1535 364 1575; x_wconf 86' lang='lat' dir='ltr'>Sulpici.</span> <span class='ocrx_word' id='word_1_317' title='bbox 384 1536 451 1574; x_wconf 88' lang='lat' dir='ltr'>quis</span> <span class='ocrx_word' id='word_1_318' title='bbox 462 1534 546 1562; x_wconf 88' lang='lat' dir='ltr'>enim</span> <span class='ocrx_word' id='word_1_319' title='bbox 556 1533 591 1563; x_wconf 91' lang='lat' dir='ltr'>de</span> <span class='ocrx_word' id='word_1_320' title='bbox 602 1532 659 1562; x_wconf 84' lang='lat' dir='ltr'>isto</span> <span class='ocrx_word' id='word_1_321' title='bbox 669 1542 774 1573; x_wconf 84' lang='lat' dir='ltr'>genere</span> <span class='ocrx_word' id='word_1_322' title='bbox 785 1541 850 1562; x_wconf 92' lang='lat' dir='ltr'>non</span> <span class='ocrx_word' id='word_1_323' title='bbox 861 1531 974 1563; x_wconf 61' lang='lat' dir='ltr'>docum</span> <span class='ocrx_word' id='word_1_324' title='bbox 984 1539 1047 1559; x_wconf 91' lang='lat' dir='ltr'>non</span> <span class='ocrx_word' id='word_1_325' title='bbox 1056 1528 1195 1561; x_wconf 84' lang='lat' dir='ltr'>instituit,</span> 
     </span>
     <span class='ocr_line' id='line_1_36' title="bbox 242 1570 1196 1616; baseline -0.007 -10"><span class='ocrx_word' id='word_1_326' title='bbox 242 1586 305 1607; x_wconf 89' lang='lat' dir='ltr'>non</span> <span class='ocrx_word' id='word_1_327' title='bbox 316 1577 406 1605; x_wconf 85' lang='lat' dir='ltr'>etiam</span> <span class='ocrx_word' id='word_1_328' title='bbox 419 1575 560 1614; x_wconf 87' lang='lat' dir='ltr'>scriptum</span> <span class='ocrx_word' id='word_1_329' title='bbox 571 1575 712 1616; x_wconf 86' lang='lat' dir='ltr'>reliquit?</span> <span class='ocrx_word' id='word_1_330' title='bbox 723 1573 772 1604; x_wconf 91' lang='lat' dir='ltr'>sed</span> <span class='ocrx_word' id='word_1_331' title='bbox 783 1583 882 1615; x_wconf 87' lang='lat' dir='ltr'>geram</span> <span class='ocrx_word' id='word_1_332' title='bbox 893 1582 1023 1603; x_wconf 71' lang='lat' dir='ltr'>morem,</span> <span class='ocrx_word' id='word_1_333' title='bbox 1034 1571 1066 1601; x_wconf 69' lang='grc' dir='ltr'>δε</span> <span class='ocrx_word' id='word_1_334' title='bbox 1076 1581 1108 1600; x_wconf 90' lang='lat' dir='ltr'>ea</span> <span class='ocrx_word' id='word_1_335' title='bbox 1118 1570 1196 1600; x_wconf 88' lang='lat' dir='ltr'>dun—</span> 
     </span>
     <span class='ocr_line' id='line_1_37' title="bbox 242 1611 1200 1658; baseline -0.008 -9"><span class='ocrx_word' id='word_1_336' title='bbox 242 1627 329 1652; x_wconf 82' lang='lat' dir='ltr'>taxat,</span> <span class='ocrx_word' id='word_1_337' title='bbox 340 1627 406 1658; x_wconf 88' lang='lat' dir='ltr'>quae</span> <span class='ocrx_word' id='word_1_338' title='bbox 414 1618 492 1646; x_wconf 89' lang='lat' dir='ltr'>mihi</span> <span class='ocrx_word' id='word_1_339' title='bbox 500 1618 570 1647; x_wconf 83' lang='lat' dir='ltr'>&#39;nota</span> <span class='ocrx_word' id='word_1_340' title='bbox 581 1617 647 1647; x_wconf 89' lang='lat' dir='ltr'>sunt</span> <span class='ocrx_word' id='word_1_341' title='bbox 659 1637 668 1650; x_wconf 81' lang='lat'>‚</span> <span class='ocrx_word' id='word_1_342' title='bbox 679 1616 808 1646; x_wconf 87' lang='lat' dir='ltr'>breviter</span> <span class='ocrx_word' id='word_1_343' title='bbox 817 1624 969 1654; x_wconf 83' lang='lat' dir='ltr'>exponam</span> <span class='ocrx_word' id='word_1_344' title='bbox 980 1613 1035 1644; x_wconf 89' lang='lat' dir='ltr'>tibi</span> <span class='ocrx_word' id='word_1_345' title='bbox 1047 1623 1052 1641; x_wconf 80' lang='lat' dir='ltr'>t</span> <span class='ocrx_word' id='word_1_346' title='bbox 1072 1611 1200 1642; x_wconf 84' lang='lat' dir='ltr'>censebo</span> 
     </span>
     <span class='ocr_line' id='line_1_38' title="bbox 240 1653 1196 1699; baseline -0.008 -9"><span class='ocrx_word' id='word_1_347' title='bbox 240 1670 343 1691; x_wconf 87' lang='lat' dir='ltr'>tamen</span> <span class='ocrx_word' id='word_1_348' title='bbox 352 1659 387 1689; x_wconf 88' lang='lat' dir='ltr'>ad</span> <span class='ocrx_word' id='word_1_349' title='bbox 397 1669 448 1689; x_wconf 88' lang='lat' dir='ltr'>eos</span> <span class='ocrx_word' id='word_1_350' title='bbox 460 1679 470 1692; x_wconf 83' lang='grc'>,</span> <span class='ocrx_word' id='word_1_351' title='bbox 478 1660 531 1699; x_wconf 87' lang='lat' dir='ltr'>qui</span> <span class='ocrx_word' id='word_1_352' title='bbox 540 1657 675 1688; x_wconf 59' lang='lat' dir='ltr'>auctores</span> <span class='ocrx_word' id='word_1_353' title='bbox 685 1679 694 1691; x_wconf 89' lang='lat'>‚</span> <span class='ocrx_word' id='word_1_354' title='bbox 709 1659 740 1688; x_wconf 90' lang='lat'>&amp;</span> <span class='ocrx_word' id='word_1_355' title='bbox 753 1659 926 1687; x_wconf 85' lang='lat' dir='ltr'>inventores</span> <span class='ocrx_word' id='word_1_356' title='bbox 936 1656 1005 1686; x_wconf 88' lang='lat' dir='ltr'>sunt</span> <span class='ocrx_word' id='word_1_357' title='bbox 1013 1655 1119 1684; x_wconf 88' lang='lat' dir='ltr'>harum</span> <span class='ocrx_word' id='word_1_358' title='bbox 1129 1653 1196 1684; x_wconf 75' lang='lat' dir='ltr'>sane</span> 
     </span>
     <span class='ocr_line' id='line_1_39' title="bbox 242 1697 1198 1739; baseline -0.008 -7"><span class='ocrx_word' id='word_1_359' title='bbox 242 1704 428 1732; x_wconf 87' lang='lat' dir='ltr'>minutarum</span> <span class='ocrx_word' id='word_1_360' title='bbox 439 1710 553 1734; x_wconf 86' lang='lat' dir='ltr'>rerum,</span> <span class='ocrx_word' id='word_1_361' title='bbox 562 1700 783 1730; x_wconf 86' lang='lat' dir='ltr'>revertendum.</span> <span class='ocrx_word' id='word_1_362' title='bbox 807 1701 916 1728; x_wconf 87' lang='lat' dir='ltr'>Omnis</span> <span class='ocrx_word' id='word_1_363' title='bbox 927 1700 1016 1739; x_wconf 84' lang='lat' dir='ltr'>igitur</span> <span class='ocrx_word' id='word_1_364' title='bbox 1026 1697 1114 1726; x_wconf 77' lang='lat' dir='ltr'>oratio</span> <span class='ocrx_word' id='word_1_365' title='bbox 1124 1705 1198 1725; x_wconf 91' lang='lat' dir='ltr'>con—</span> 
     </span>
     <span class='ocr_line' id='line_1_40' title="bbox 240 1737 1200 1783; baseline -0.008 -9"><span class='ocrx_word' id='word_1_366' title='bbox 240 1743 339 1775; x_wconf 81' lang='lat' dir='ltr'>ficitur</span> <span class='ocrx_word' id='word_1_367' title='bbox 357 1753 394 1773; x_wconf 86' lang='lat' dir='ltr'>ex</span> <span class='ocrx_word' id='word_1_368' title='bbox 413 1742 513 1772; x_wconf 84' lang='lat' dir='ltr'>verbis</span> <span class='ocrx_word' id='word_1_369' title='bbox 526 1753 531 1771; x_wconf 80' lang='lat' dir='ltr'>z</span> <span class='ocrx_word' id='word_1_370' title='bbox 554 1752 682 1783; x_wconf 87' lang='lat' dir='ltr'>quorum</span> <span class='ocrx_word' id='word_1_371' title='bbox 694 1739 831 1782; x_wconf 75' lang='lat' dir='ltr'>primum</span> <span class='ocrx_word' id='word_1_372' title='bbox 842 1740 930 1770; x_wconf 88' lang='lat' dir='ltr'>nobis</span> <span class='ocrx_word' id='word_1_373' title='bbox 941 1741 1015 1769; x_wconf 88' lang='lat' dir='ltr'>ratio</span> <span class='ocrx_word' id='word_1_374' title='bbox 1026 1737 1200 1777; x_wconf 84' lang='lat' dir='ltr'>simpliciter</span> 
     </span>
     <span class='ocr_line' id='line_1_41' title="bbox 242 1780 1198 1823; baseline -0.007 -8"><span class='ocrx_word' id='word_1_375' title='bbox 242 1785 371 1816; x_wconf 82' lang='lat' dir='ltr'>videnda</span> <span class='ocrx_word' id='word_1_376' title='bbox 389 1784 432 1814; x_wconf 87' lang='lat' dir='ltr'>est</span> <span class='ocrx_word' id='word_1_377' title='bbox 442 1805 449 1818; x_wconf 89' lang='lat'>‚</span> <span class='ocrx_word' id='word_1_378' title='bbox 469 1783 578 1814; x_wconf 87' lang='lat' dir='ltr'>deinde</span> <span class='ocrx_word' id='word_1_379' title='bbox 594 1784 663 1823; x_wconf 88' lang='lat' dir='ltr'>conj</span> <span class='ocrx_word' id='word_1_380' title='bbox 668 1782 771 1813; x_wconf 65' lang='lat' dir='ltr'>unEke.</span> <span class='ocrx_word' id='word_1_381' title='bbox 796 1792 866 1812; x_wconf 80' lang='lat' dir='ltr'>nam</span> <span class='ocrx_word' id='word_1_382' title='bbox 884 1781 927 1811; x_wconf 88' lang='lat' dir='ltr'>est</span> <span class='ocrx_word' id='word_1_383' title='bbox 944 1780 1066 1822; x_wconf 88' lang='lat' dir='ltr'>quidam</span> <span class='ocrx_word' id='word_1_384' title='bbox 1078 1787 1198 1809; x_wconf 62' lang='lat' dir='ltr'>ornatus</span> 
     </span>
     <span class='ocr_line' id='line_1_42' title="bbox 241 1823 1200 1867; baseline -0.008 -10"><span class='ocrx_word' id='word_1_385' title='bbox 241 1828 397 1860; x_wconf 83' lang='lat' dir='ltr'>orationis,</span> <span class='ocrx_word' id='word_1_386' title='bbox 408 1827 460 1867; x_wconf 87' lang='lat' dir='ltr'>qui</span> <span class='ocrx_word' id='word_1_387' title='bbox 471 1835 509 1855; x_wconf 85' lang='lat' dir='ltr'>ex</span> <span class='ocrx_word' id='word_1_388' title='bbox 520 1824 642 1866; x_wconf 82' lang='lat' dir='ltr'>singulis</span> <span class='ocrx_word' id='word_1_389' title='bbox 653 1825 751 1855; x_wconf 90' lang='lat' dir='ltr'>verbis</span> <span class='ocrx_word' id='word_1_390' title='bbox 764 1823 806 1854; x_wconf 87' lang='lat' dir='ltr'>est</span> <span class='ocrx_word' id='word_1_391' title='bbox 818 1834 823 1852; x_wconf 77' lang='lat'>1</span> <span class='ocrx_word' id='word_1_392' title='bbox 834 1824 920 1857; x_wconf 85' lang='lat' dir='ltr'>alius,</span> <span class='ocrx_word' id='word_1_393' title='bbox 932 1825 985 1863; x_wconf 87' lang='lat' dir='ltr'>qui</span> <span class='ocrx_word' id='word_1_394' title='bbox 995 1832 1032 1851; x_wconf 86' lang='lat' dir='ltr'>ex</span> <span class='ocrx_word' id='word_1_395' title='bbox 1042 1823 1200 1851; x_wconf 81' lang='lat' dir='ltr'>continua-</span> 
     </span>
     <span class='ocr_line' id='line_1_43' title="bbox 241 1864 1198 1908; baseline -0.008 -9"><span class='ocrx_word' id='word_1_396' title='bbox 241 1873 290 1902; x_wconf 84' lang='lat' dir='ltr'>tis,</span> <span class='ocrx_word' id='word_1_397' title='bbox 303 1867 532 1908; x_wconf 44' lang='lat' dir='ltr'>confini-:risque</span> <span class='ocrx_word' id='word_1_398' title='bbox 543 1866 667 1897; x_wconf 88' lang='lat' dir='ltr'>constat.</span> <span class='ocrx_word' id='word_1_399' title='bbox 691 1869 768 1907; x_wconf 86' lang='lat' dir='ltr'>Ergo</span> <span class='ocrx_word' id='word_1_400' title='bbox 778 1874 899 1896; x_wconf 88' lang='lat' dir='ltr'>utemur</span> <span class='ocrx_word' id='word_1_401' title='bbox 907 1864 1006 1894; x_wconf 89' lang='lat' dir='ltr'>verbis</span> <span class='ocrx_word' id='word_1_402' title='bbox 1016 1865 1120 1895; x_wconf 69' lang='lat' dir='ltr'>nutus,</span> <span class='ocrx_word' id='word_1_403' title='bbox 1130 1872 1198 1903; x_wconf 83' lang='lat' dir='ltr'>quae</span> 
     </span>
     <span class='ocr_line' id='line_1_44' title="bbox 241 1904 1200 1952; baseline -0.008 -11"><span class='ocrx_word' id='word_1_404' title='bbox 241 1912 360 1952; x_wconf 87' lang='lat' dir='ltr'>propria</span> <span class='ocrx_word' id='word_1_405' title='bbox 370 1910 439 1940; x_wconf 89' lang='lat' dir='ltr'>sunt</span> <span class='ocrx_word' id='word_1_406' title='bbox 448 1929 457 1942; x_wconf 82' lang='lat'><strong>,</strong></span> <span class='ocrx_word' id='word_1_407' title='bbox 479 1910 512 1939; x_wconf 83' lang='lat'>&amp;</span> <span class='ocrx_word' id='word_1_408' title='bbox 522 1917 598 1938; x_wconf 87' lang='lat' dir='ltr'>certa</span> <span class='ocrx_word' id='word_1_409' title='bbox 607 1906 686 1949; x_wconf 83' lang='lat' dir='ltr'>quasi</span> <span class='ocrx_word' id='word_1_410' title='bbox 695 1907 838 1938; x_wconf 88' lang='lat' dir='ltr'>vocabula</span> <span class='ocrx_word' id='word_1_411' title='bbox 848 1917 959 1939; x_wconf 87' lang='lat' dir='ltr'>rerum,</span> <span class='ocrx_word' id='word_1_412' title='bbox 969 1905 1052 1946; x_wconf 78' lang='lat' dir='ltr'>paene</span> <span class='ocrx_word' id='word_1_413' title='bbox 1064 1904 1122 1934; x_wconf 69' lang='lat' dir='ltr'>una</span> <span class='ocrx_word' id='word_1_414' title='bbox 1134 1913 1200 1933; x_wconf 83' lang='lat' dir='ltr'>nata</span> 
     </span>
     <span class='ocr_line' id='line_1_45' title="bbox 242 1945 1199 1991; baseline -0.009 -8"><span class='ocrx_word' id='word_1_415' title='bbox 242 1962 313 1983; x_wconf 84' lang='lat' dir='ltr'>cum</span> <span class='ocrx_word' id='word_1_416' title='bbox 323 1951 410 1982; x_wconf 88' lang='lat' dir='ltr'>rebus</span> <span class='ocrx_word' id='word_1_417' title='bbox 418 1949 486 1991; x_wconf 80' lang='lat' dir='ltr'>ipsis</span> <span class='ocrx_word' id='word_1_418' title='bbox 499 1962 504 1979; x_wconf 88' lang='lat'>:</span> <span class='ocrx_word' id='word_1_419' title='bbox 523 1952 628 1984; x_wconf 84' lang='lat' dir='ltr'>autiis,</span> <span class='ocrx_word' id='word_1_420' title='bbox 640 1960 705 1990; x_wconf 85' lang='lat' dir='ltr'>quae</span> <span class='ocrx_word' id='word_1_421' title='bbox 716 1948 930 1979; x_wconf 88' lang='lat' dir='ltr'>transferuntur</span> <span class='ocrx_word' id='word_1_422' title='bbox 943 1969 950 1980; x_wconf 80' lang='lat'>‚</span> <span class='ocrx_word' id='word_1_423' title='bbox 970 1949 1002 1977; x_wconf 65' lang='grc' dir='ltr'>ὃς</span> <span class='ocrx_word' id='word_1_424' title='bbox 1013 1945 1092 1987; x_wconf 84' lang='lat' dir='ltr'>quafi</span> <span class='ocrx_word' id='word_1_425' title='bbox 1101 1947 1199 1976; x_wconf 88' lang='lat' dir='ltr'>alieno</span> 
     </span>
     <span class='ocr_line' id='line_1_46' title="bbox 242 1985 1199 2032; baseline -0.009 -8"><span class='ocrx_word' id='word_1_426' title='bbox 242 1997 276 2024; x_wconf 89' lang='lat' dir='ltr'>in</span> <span class='ocrx_word' id='word_1_427' title='bbox 287 1995 355 2024; x_wconf 90' lang='lat' dir='ltr'>loco</span> <span class='ocrx_word' id='word_1_428' title='bbox 366 1993 551 2024; x_wconf 79' lang='lat' dir='ltr'>collocantur</span> <span class='ocrx_word' id='word_1_429' title='bbox 563 2003 568 2021; x_wconf 80' lang='lat'>1</span> <span class='ocrx_word' id='word_1_430' title='bbox 589 2001 638 2022; x_wconf 88' lang='lat' dir='ltr'>aut</span> <span class='ocrx_word' id='word_1_431' title='bbox 649 1994 696 2026; x_wconf 79' lang='lat' dir='ltr'>iis,</span> <span class='ocrx_word' id='word_1_432' title='bbox 711 2001 776 2032; x_wconf 83' lang='lat' dir='ltr'>quae</span> <span class='ocrx_word' id='word_1_433' title='bbox 786 2000 946 2023; x_wconf 85' lang='lat' dir='ltr'>novamus,</span> <span class='ocrx_word' id='word_1_434' title='bbox 957 1988 1126 2019; x_wconf 83' lang='lat' dir='ltr'>&amp;facimus</span> <span class='ocrx_word' id='word_1_435' title='bbox 1137 1985 1199 2027; x_wconf 86' lang='lat' dir='ltr'>ipsi.</span> 
     </span>
     <span class='ocr_line' id='line_1_47' title="bbox 242 2027 1224 2076; baseline -0.008 -10"><span class='ocrx_word' id='word_1_436' title='bbox 242 2039 281 2067; x_wconf 90' lang='lat' dir='ltr'>In</span> <span class='ocrx_word' id='word_1_437' title='bbox 290 2037 419 2076; x_wconf 87' lang='lat' dir='ltr'>propriis</span> <span class='ocrx_word' id='word_1_438' title='bbox 430 2033 472 2064; x_wconf 89' lang='lat' dir='ltr'>est</span> <span class='ocrx_word' id='word_1_439' title='bbox 483 2036 572 2075; x_wconf 85' lang='lat' dir='ltr'>igitur</span> <span class='ocrx_word' id='word_1_440' title='bbox 581 2034 679 2064; x_wconf 89' lang='lat' dir='ltr'>verbis</span> <span class='ocrx_word' id='word_1_441' title='bbox 689 2034 740 2062; x_wconf 89' lang='lat' dir='ltr'>illa</span> <span class='ocrx_word' id='word_1_442' title='bbox 749 2033 810 2062; x_wconf 85' lang='lat' dir='ltr'>laus</span> <span class='ocrx_word' id='word_1_443' title='bbox 823 2034 947 2062; x_wconf 89' lang='lat' dir='ltr'>oratoris</span> <span class='ocrx_word' id='word_1_444' title='bbox 957 2051 965 2065; x_wconf 83' lang='lat'>,</span> <span class='ocrx_word' id='word_1_445' title='bbox 978 2039 1010 2061; x_wconf 92' lang='lat' dir='ltr'>ut</span> <span class='ocrx_word' id='word_1_446' title='bbox 1019 2028 1129 2068; x_wconf 65' lang='lat' dir='ltr'>abjesta</span> <span class='ocrx_word' id='word_1_447' title='bbox 1140 2049 1147 2062; x_wconf 86' lang='lat'>‚</span> <span class='ocrx_word' id='word_1_448' title='bbox 1159 2038 1202 2059; x_wconf 90' lang='lat' dir='ltr'>at·</span> <span class='ocrx_word' id='word_1_449' title='bbox 1222 2027 1224 2058; x_wconf 75' lang='lat' dir='ltr'>l</span> 
     </span>
     <span class='ocr_line' id='line_1_48' title="bbox 244 2059 1224 2119; baseline -0.008 -12"><span class='ocrx_word' id='word_1_450' title='bbox 244 2088 302 2119; x_wconf 88' lang='lat' dir='ltr'>que</span> <span class='ocrx_word' id='word_1_451' title='bbox 311 2077 444 2107; x_wconf 88' lang='lat' dir='ltr'>obsoleta</span> <span class='ocrx_word' id='word_1_452' title='bbox 454 2075 562 2116; x_wconf 84' lang='lat' dir='ltr'>fugiat:</span> <span class='ocrx_word' id='word_1_453' title='bbox 582 2074 667 2105; x_wconf 56' lang='lat' dir='ltr'>lestis</span> <span class='ocrx_word' id='word_1_454' title='bbox 679 2095 687 2109; x_wconf 87' lang='lat'>‚</span> <span class='ocrx_word' id='word_1_455' title='bbox 696 2083 780 2115; x_wconf 86' lang='lat' dir='ltr'>atque</span> <span class='ocrx_word' id='word_1_456' title='bbox 792 2073 956 2103; x_wconf 87' lang='lat' dir='ltr'>illustribus</span> <span class='ocrx_word' id='word_1_457' title='bbox 965 2081 1062 2103; x_wconf 87' lang='lat' dir='ltr'>utatur</span> <span class='ocrx_word' id='word_1_458' title='bbox 1071 2091 1079 2104; x_wconf 90' lang='lat'>‚</span> <span class='ocrx_word' id='word_1_459' title='bbox 1091 2073 1124 2100; x_wconf 91' lang='lat' dir='ltr'>in</span> <span class='ocrx_word' id='word_1_460' title='bbox 1135 2073 1203 2111; x_wconf 87' lang='lat' dir='ltr'>qui-</span> <span class='ocrx_word' id='word_1_461' title='bbox 1222 2059 1224 2081; x_wconf 63' lang='lat'>³</span> 
     </span>
     <span class='ocr_line' id='line_1_49' title="bbox 245 2113 1202 2159; baseline -0.007 -10"><span class='ocrx_word' id='word_1_462' title='bbox 245 2121 301 2150; x_wconf 88' lang='lat' dir='ltr'>bus</span> <span class='ocrx_word' id='word_1_463' title='bbox 309 2119 434 2159; x_wconf 83' lang='lat' dir='ltr'>plenum</span> <span class='ocrx_word' id='word_1_464' title='bbox 445 2117 601 2158; x_wconf 81' lang='lat' dir='ltr'>quiddam,</span> <span class='ocrx_word' id='word_1_465' title='bbox 616 2117 648 2146; x_wconf 93' lang='lat'>&amp;</span> <span class='ocrx_word' id='word_1_466' title='bbox 658 2117 766 2146; x_wconf 85' lang='lat' dir='ltr'>sonans</span> <span class='ocrx_word' id='word_1_467' title='bbox 779 2114 870 2145; x_wconf 75' lang='lat' dir='ltr'>inesse</span> <span class='ocrx_word' id='word_1_468' title='bbox 879 2115 1020 2145; x_wconf 81' lang='lat' dir='ltr'>videatur.</span> <span class='ocrx_word' id='word_1_469' title='bbox 1036 2113 1090 2143; x_wconf 91' lang='lat' dir='ltr'>Sed</span> <span class='ocrx_word' id='word_1_470' title='bbox 1103 2115 1134 2142; x_wconf 92' lang='lat' dir='ltr'>in</span> <span class='ocrx_word' id='word_1_471' title='bbox 1144 2115 1202 2142; x_wconf 90' lang='lat' dir='ltr'>hoc</span> 
     </span>
     <span class='ocr_line' id='line_1_50' title="bbox 245 2153 1202 2201; baseline -0.009 -10"><span class='ocrx_word' id='word_1_472' title='bbox 245 2161 407 2191; x_wconf 83' lang='lat' dir='ltr'>verborum</span> <span class='ocrx_word' id='word_1_473' title='bbox 425 2169 530 2201; x_wconf 84' lang='lat' dir='ltr'>genere</span> <span class='ocrx_word' id='word_1_474' title='bbox 548 2160 738 2198; x_wconf 86' lang='lat' dir='ltr'>propriorum</span> <span class='ocrx_word' id='word_1_475' title='bbox 756 2155 890 2186; x_wconf 67' lang='lat' dir='ltr'>delectus</span> <span class='ocrx_word' id='word_1_476' title='bbox 905 2155 948 2185; x_wconf 88' lang='lat' dir='ltr'>est</span> <span class='ocrx_word' id='word_1_477' title='bbox 958 2154 1080 2196; x_wconf 81' lang='lat' dir='ltr'>quidam</span> <span class='ocrx_word' id='word_1_478' title='bbox 1090 2153 1202 2183; x_wconf 86' lang='lat' dir='ltr'>haben-</span> 
     </span>
     <span class='ocr_line' id='line_1_51' title="bbox 245 2195 1201 2243; baseline -0.01 -10"><span class='ocrx_word' id='word_1_479' title='bbox 245 2203 300 2233; x_wconf 87' lang='lat' dir='ltr'>dus</span> <span class='ocrx_word' id='word_1_480' title='bbox 311 2223 319 2236; x_wconf 90' lang='lat'>‚</span> <span class='ocrx_word' id='word_1_481' title='bbox 330 2211 416 2243; x_wconf 85' lang='lat' dir='ltr'>atque</span> <span class='ocrx_word' id='word_1_482' title='bbox 427 2204 451 2230; x_wconf 84' lang='lat' dir='ltr'>is</span> <span class='ocrx_word' id='word_1_483' title='bbox 461 2202 579 2230; x_wconf 87' lang='lat' dir='ltr'>aurium</span> <span class='ocrx_word' id='word_1_484' title='bbox 589 2198 845 2240; x_wconf 88' lang='lat' dir='ltr'>quodamjudicio</span> <span class='ocrx_word' id='word_1_485' title='bbox 853 2195 1062 2237; x_wconf 88' lang='lat' dir='ltr'>ponderandus</span> <span class='ocrx_word' id='word_1_486' title='bbox 1075 2206 1080 2224; x_wconf 91' lang='lat'>:</span> <span class='ocrx_word' id='word_1_487' title='bbox 1097 2197 1130 2224; x_wconf 92' lang='lat' dir='ltr'>in</span> <span class='ocrx_word' id='word_1_488' title='bbox 1140 2205 1201 2235; x_wconf 92' lang='lat' dir='ltr'>quo</span> 
     </span>
     <span class='ocr_line' id='line_1_52' title="bbox 246 2239 1202 2282; baseline -0.01 -7"><span class='ocrx_word' id='word_1_489' title='bbox 246 2243 432 2275; x_wconf 84' lang='lat' dir='ltr'>consuetudo</span> <span class='ocrx_word' id='word_1_490' title='bbox 443 2243 531 2272; x_wconf 88' lang='lat' dir='ltr'>etiarn</span> <span class='ocrx_word' id='word_1_491' title='bbox 542 2242 620 2271; x_wconf 80' lang='lat' dir='ltr'>bene</span> <span class='ocrx_word' id='word_1_492' title='bbox 630 2239 791 2282; x_wconf 83' lang='lat' dir='ltr'>loquendi,</span> <span class='ocrx_word' id='word_1_493' title='bbox 812 2240 892 2269; x_wconf 82' lang='lat' dir='ltr'>valet</span> <span class='ocrx_word' id='word_1_494' title='bbox 899 2239 1077 2278; x_wconf 88' lang='lat' dir='ltr'>plurimum.</span> <span class='ocrx_word' id='word_1_495' title='bbox 1101 2239 1202 2266; x_wconf 89' lang='lat' dir='ltr'>Etiam</span> 
     </span>
     <span class='ocr_line' id='line_1_53' title="bbox 248 2279 1202 2327; baseline -0.01 -11"><span class='ocrx_word' id='word_1_496' title='bbox 248 2288 317 2320; x_wconf 86' lang='lat' dir='ltr'>hoc,</span> <span class='ocrx_word' id='word_1_497' title='bbox 328 2285 408 2327; x_wconf 86' lang='lat' dir='ltr'>quod</span> <span class='ocrx_word' id='word_1_498' title='bbox 418 2282 509 2324; x_wconf 75' lang='lat' dir='ltr'>vulgo</span> <span class='ocrx_word' id='word_1_499' title='bbox 521 2283 556 2313; x_wconf 89' lang='lat' dir='ltr'>de</span> <span class='ocrx_word' id='word_1_500' title='bbox 566 2283 733 2313; x_wconf 84' lang='lat' dir='ltr'>oratoribus</span> <span class='ocrx_word' id='word_1_501' title='bbox 743 2281 779 2311; x_wconf 88' lang='lat' dir='ltr'>ab</span> <span class='ocrx_word' id='word_1_502' title='bbox 789 2282 936 2321; x_wconf 87' lang='lat' dir='ltr'>imperitis</span> <span class='ocrx_word' id='word_1_503' title='bbox 945 2279 1005 2309; x_wconf 90' lang='lat' dir='ltr'>dici</span> <span class='ocrx_word' id='word_1_504' title='bbox 1017 2279 1091 2309; x_wconf 89' lang='lat' dir='ltr'>solet</span> <span class='ocrx_word' id='word_1_505' title='bbox 1100 2297 1108 2311; x_wconf 89' lang='lat'>‚</span> <span class='ocrx_word' id='word_1_506' title='bbox 1124 2279 1202 2306; x_wconf 66' lang='lat' dir='ltr'>Bonis</span> 
     </span>
     <span class='ocr_line' id='line_1_54' title="bbox 247 2320 1203 2366; baseline -0.009 -9"><span class='ocrx_word' id='word_1_507' title='bbox 247 2331 272 2358; x_wconf 86' lang='lat' dir='ltr'>is</span> <span class='ocrx_word' id='word_1_508' title='bbox 284 2329 392 2361; x_wconf 84' lang='lat' dir='ltr'>verbis,</span> <span class='ocrx_word' id='word_1_509' title='bbox 404 2335 454 2356; x_wconf 89' lang='lat' dir='ltr'>aut</span> <span class='ocrx_word' id='word_1_510' title='bbox 461 2327 568 2366; x_wconf 87' lang='lat' dir='ltr'>aliquis</span> <span class='ocrx_word' id='word_1_511' title='bbox 579 2334 642 2355; x_wconf 92' lang='lat' dir='ltr'>non</span> <span class='ocrx_word' id='word_1_512' title='bbox 653 2324 742 2354; x_wconf 91' lang='lat' dir='ltr'>bonis</span> <span class='ocrx_word' id='word_1_513' title='bbox 754 2325 848 2353; x_wconf 88' lang='lat' dir='ltr'>utitur</span> <span class='ocrx_word' id='word_1_514' title='bbox 857 2342 865 2356; x_wconf 90' lang='lat'>,</span> <span class='ocrx_word' id='word_1_515' title='bbox 887 2331 951 2352; x_wconf 92' lang='lat' dir='ltr'>non</span> <span class='ocrx_word' id='word_1_516' title='bbox 961 2329 1019 2351; x_wconf 86' lang='lat' dir='ltr'>arte</span> <span class='ocrx_word' id='word_1_517' title='bbox 1029 2320 1126 2360; x_wconf 86' lang='lat' dir='ltr'>aliqua</span> <span class='ocrx_word' id='word_1_518' title='bbox 1135 2329 1203 2359; x_wconf 86' lang='lat' dir='ltr'>per—</span> 
     </span>
     <span class='ocr_line' id='line_1_55' title="bbox 244 2362 1204 2410; baseline -0.01 -10"><span class='ocrx_word' id='word_1_519' title='bbox 244 2369 397 2410; x_wconf 78' lang='lat' dir='ltr'>penditur,</span> <span class='ocrx_word' id='word_1_520' title='bbox 408 2367 456 2398; x_wconf 85' lang='lat' dir='ltr'>sed</span> <span class='ocrx_word' id='word_1_521' title='bbox 466 2366 597 2408; x_wconf 87' lang='lat' dir='ltr'>quodam</span> <span class='ocrx_word' id='word_1_522' title='bbox 608 2364 686 2407; x_wconf 86' lang='lat' dir='ltr'>quasi</span> <span class='ocrx_word' id='word_1_523' title='bbox 696 2365 820 2396; x_wconf 83' lang='lat' dir='ltr'>naturali</span> <span class='ocrx_word' id='word_1_524' title='bbox 830 2364 913 2394; x_wconf 88' lang='lat' dir='ltr'>sensu</span> <span class='ocrx_word' id='word_1_525' title='bbox 921 2362 1069 2403; x_wconf 84' lang='lat' dir='ltr'>judicatur</span> <span class='ocrx_word' id='word_1_526' title='bbox 1081 2372 1086 2390; x_wconf 78' lang='grc' dir='ltr'>ι</span> <span class='ocrx_word' id='word_1_527' title='bbox 1100 2364 1132 2391; x_wconf 88' lang='lat' dir='ltr'>in</span> <span class='ocrx_word' id='word_1_528' title='bbox 1143 2371 1204 2401; x_wconf 91' lang='lat' dir='ltr'>quo</span> 
     </span>
     <span class='ocr_line' id='line_1_56' title="bbox 247 2403 1206 2451; baseline -0.009 -10"><span class='ocrx_word' id='word_1_529' title='bbox 247 2422 310 2441; x_wconf 88' lang='lat' dir='ltr'>non</span> <span class='ocrx_word' id='word_1_530' title='bbox 321 2420 426 2451; x_wconf 87' lang='lat' dir='ltr'>magna</span> <span class='ocrx_word' id='word_1_531' title='bbox 435 2409 497 2439; x_wconf 87' lang='lat' dir='ltr'>laus</span> <span class='ocrx_word' id='word_1_532' title='bbox 509 2408 551 2438; x_wconf 87' lang='lat' dir='ltr'>est</span> <span class='ocrx_word' id='word_1_533' title='bbox 558 2410 650 2438; x_wconf 83' lang='lat' dir='ltr'>vitare</span> <span class='ocrx_word' id='word_1_534' title='bbox 659 2409 769 2438; x_wconf 79' lang='lat' dir='ltr'>vitium</span> <span class='ocrx_word' id='word_1_535' title='bbox 781 2427 789 2440; x_wconf 82' lang='lat'>,</span> <span class='ocrx_word' id='word_1_536' title='bbox 817 2405 1009 2446; x_wconf 83' lang='lat' dir='ltr'>(quamquam</span> <span class='ocrx_word' id='word_1_537' title='bbox 1029 2403 1059 2434; x_wconf 92' lang='lat' dir='ltr'>id</span> <span class='ocrx_word' id='word_1_538' title='bbox 1077 2403 1121 2433; x_wconf 85' lang='lat' dir='ltr'>est</span> <span class='ocrx_word' id='word_1_539' title='bbox 1139 2413 1206 2432; x_wconf 86' lang='lat' dir='ltr'>ma-</span> 
     </span>
     <span class='ocr_line' id='line_1_57' title="bbox 247 2444 1205 2495; baseline -0.01 -12"><span class='ocrx_word' id='word_1_540' title='bbox 247 2454 355 2495; x_wconf 85' lang='lat' dir='ltr'>gnum)</span> <span class='ocrx_word' id='word_1_541' title='bbox 376 2456 386 2471; x_wconf 86' lang='lat'>¹</span> <span class='ocrx_word' id='word_1_542' title='bbox 398 2450 506 2482; x_wconf 78' lang='lat' dir='ltr'>verum</span> <span class='ocrx_word' id='word_1_543' title='bbox 526 2451 583 2480; x_wconf 89' lang='lat' dir='ltr'>hoc</span> <span class='ocrx_word' id='word_1_544' title='bbox 601 2448 679 2491; x_wconf 84' lang='lat' dir='ltr'>qua&#39;si</span> <span class='ocrx_word' id='word_1_545' title='bbox 697 2450 797 2479; x_wconf 90' lang='lat' dir='ltr'>solum</span> <span class='ocrx_word' id='word_1_546' title='bbox 810 2447 961 2488; x_wconf 88' lang='lat' dir='ltr'>quoddam</span> <span class='ocrx_word' id='word_1_547' title='bbox 972 2466 980 2480; x_wconf 84' lang='lat'><em>,</em></span> <span class='ocrx_word' id='word_1_548' title='bbox 1001 2455 1086 2487; x_wconf 89' lang='lat' dir='ltr'>atque</span> <span class='ocrx_word' id='word_1_549' title='bbox 1095 2444 1205 2474; x_wconf 89' lang='lat' dir='ltr'>funda-</span> 
     </span>
     <span class='ocr_line' id='line_1_58' title="bbox 249 2486 1205 2530; baseline -0.01 -5"><span class='ocrx_word' id='word_1_550' title='bbox 249 2505 387 2525; x_wconf 88' lang='lat' dir='ltr'>mentum</span> <span class='ocrx_word' id='word_1_551' title='bbox 399 2493 441 2524; x_wconf 90' lang='lat' dir='ltr'>est</span> <span class='ocrx_word' id='word_1_552' title='bbox 453 2513 461 2526; x_wconf 89' lang='lat'>‚</span> <span class='ocrx_word' id='word_1_553' title='bbox 480 2492 642 2523; x_wconf 85' lang='lat' dir='ltr'>verborum</span> <span class='ocrx_word' id='word_1_554' title='bbox 652 2491 720 2521; x_wconf 89' lang='lat' dir='ltr'>usus</span> <span class='ocrx_word' id='word_1_555' title='bbox 732 2491 764 2521; x_wconf 73' lang='grc' dir='ltr'>ὃς</span> <span class='ocrx_word' id='word_1_556' title='bbox 774 2491 860 2530; x_wconf 86' lang='lat' dir='ltr'>copia</span> <span class='ocrx_word' id='word_1_557' title='bbox 869 2490 1031 2519; x_wconf 71' lang='lat' dir='ltr'>bonorum.</span> <span class='ocrx_word' id='word_1_558' title='bbox 1062 2487 1118 2518; x_wconf 88' lang='lat' dir='ltr'>Sed</span> <span class='ocrx_word' id='word_1_559' title='bbox 1132 2486 1205 2527; x_wconf 89' lang='lat' dir='ltr'>quid</span> 
     </span>
     <span class='ocr_line' id='line_1_59' title="bbox 246 2527 1206 2576; baseline -0.009 -10"><span class='ocrx_word' id='word_1_560' title='bbox 246 2536 307 2576; x_wconf 86' lang='lat' dir='ltr'>ipse</span> <span class='ocrx_word' id='word_1_561' title='bbox 318 2534 446 2566; x_wconf 86' lang='lat' dir='ltr'>aedificet</span> <span class='ocrx_word' id='word_1_562' title='bbox 455 2542 553 2564; x_wconf 87' lang='lat' dir='ltr'>orator</span> <span class='ocrx_word' id='word_1_563' title='bbox 561 2554 569 2567; x_wconf 93' lang='lat'>,</span> <span class='ocrx_word' id='word_1_564' title='bbox 591 2534 666 2564; x_wconf 89' lang='lat' dir='ltr'>&amp;in</span> <span class='ocrx_word' id='word_1_565' title='bbox 675 2542 736 2573; x_wconf 89' lang='lat' dir='ltr'>quo</span> <span class='ocrx_word' id='word_1_566' title='bbox 744 2532 884 2572; x_wconf 80' lang='lat' dir='ltr'>adjungat</span> <span class='ocrx_word' id='word_1_567' title='bbox 890 2535 983 2561; x_wconf 86' lang='lat' dir='ltr'>artem</span> <span class='ocrx_word' id='word_1_568' title='bbox 995 2549 1004 2563; x_wconf 81' lang='grc'>,</span> <span class='ocrx_word' id='word_1_569' title='bbox 1015 2530 1046 2560; x_wconf 91' lang='lat' dir='ltr'>id</span> <span class='ocrx_word' id='word_1_570' title='bbox 1057 2527 1113 2558; x_wconf 75' lang='lat' dir='ltr'>esse</span> <span class='ocrx_word' id='word_1_571' title='bbox 1124 2528 1139 2559; x_wconf 70' lang='lat' dir='ltr'>a</span> <span class='ocrx_word' id='word_1_572' title='bbox 1149 2538 1206 2558; x_wconf 89' lang='lat' dir='ltr'>no-</span> 
     </span>
    </p>
   </div>
   <div class='ocr_carea' id='block_1_7' title="bbox 250 2612 1203 2662">
    <p class='ocr_par' dir='ltr' id='par_1_8' title="bbox 250 2612 1203 2662">
     <span class='ocr_line' id='line_1_60' title="bbox 250 2612 1203 2662; baseline -0.008 -13"><span class='ocrx_word' id='word_1_573' title='bbox 250 2622 339 2662; x_wconf 87' lang='lat' dir='ltr'>igitur</span> <span class='ocrx_word' id='word_1_574' title='bbox 350 2621 384 2648; x_wconf 92' lang='lat' dir='ltr'>in</span> <span class='ocrx_word' id='word_1_575' title='bbox 392 2618 484 2648; x_wconf 85' lang='lat' dir='ltr'>verbo</span> <span class='ocrx_word' id='word_1_576' title='bbox 494 2617 632 2657; x_wconf 84' lang='lat' dir='ltr'>simplici,</span> <span class='ocrx_word' id='word_1_577' title='bbox 647 2626 712 2658; x_wconf 88' lang='lat' dir='ltr'>quae</span> <span class='ocrx_word' id='word_1_578' title='bbox 723 2625 822 2647; x_wconf 87' lang='lat' dir='ltr'>orator</span> <span class='ocrx_word' id='word_1_579' title='bbox 832 2613 931 2646; x_wconf 85' lang='lat' dir='ltr'>afferat</span> <span class='ocrx_word' id='word_1_580' title='bbox 939 2614 975 2644; x_wconf 89' lang='lat' dir='ltr'>ad</span> <span class='ocrx_word' id='word_1_581' title='bbox 985 2612 1203 2646; x_wconf 83' lang='lat' dir='ltr'>illustrandam,</span> 
     </span>
    </p>
   </div>
   <div class='ocr_carea' id='block_1_8' title="bbox 1220 109 1749 156">
    <p class='ocr_par' dir='ltr' id='par_1_9' title="bbox 1220 109 1749 156">
     <span class='ocr_line' id='line_1_61' title="bbox 1220 109 1749 156; baseline -0.002 0"><span class='ocrx_word' id='word_1_582' title='bbox 1220 109 1749 156; x_wconf 69' lang='lat' dir='ltr'>Crennonrs</span> 
     </span>
    </p>
   </div>
   <div class='ocr_carea' id='block_1_9' title="bbox 1224 184 2183 271">
    <p class='ocr_par' dir='ltr' id='par_1_10' title="bbox 1224 184 2183 271">
     <span class='ocr_line' id='line_1_62' title="bbox 1224 184 2183 230; baseline -0.003 -10"><span class='ocrx_word' id='word_1_583' title='bbox 1224 197 1309 230; x_wconf 76' lang='lat' dir='ltr'>atque</span> <span class='ocrx_word' id='word_1_584' title='bbox 1319 189 1522 221; x_wconf 82' lang='lat' dir='ltr'>exornandam</span> <span class='ocrx_word' id='word_1_585' title='bbox 1534 191 1704 220; x_wconf 80' lang='lat' dir='ltr'>orationem</span> <span class='ocrx_word' id='word_1_586' title='bbox 1716 200 1721 218; x_wconf 88' lang='lat'>:</span> <span class='ocrx_word' id='word_1_587' title='bbox 1740 197 1790 219; x_wconf 87' lang='lat' dir='ltr'>aut</span> <span class='ocrx_word' id='word_1_588' title='bbox 1799 187 1972 218; x_wconf 82' lang='lat' dir='ltr'>inusitatum</span> <span class='ocrx_word' id='word_1_589' title='bbox 1984 184 2124 220; x_wconf 80' lang='lat' dir='ltr'>verbum,</span> <span class='ocrx_word' id='word_1_590' title='bbox 2134 191 2183 217; x_wconf 85' lang='lat' dir='ltr'>aut</span> 
     </span>
     <span class='ocr_line' id='line_1_63' title="bbox 1225 226 2183 271; baseline -0.005 -10"><span class='ocrx_word' id='word_1_591' title='bbox 1225 235 1384 265; x_wconf 82' lang='lat' dir='ltr'>novatum,</span> <span class='ocrx_word' id='word_1_592' title='bbox 1395 241 1443 262; x_wconf 78' lang='lat' dir='ltr'>aut</span> <span class='ocrx_word' id='word_1_593' title='bbox 1454 231 1638 262; x_wconf 80' lang='lat' dir='ltr'>transsatum.</span> <span class='ocrx_word' id='word_1_594' title='bbox 1661 230 1803 271; x_wconf 73' lang='lat' dir='ltr'>Inusitata</span> <span class='ocrx_word' id='word_1_595' title='bbox 1814 231 1891 262; x_wconf 87' lang='lat' dir='ltr'>sunt,</span> <span class='ocrx_word' id='word_1_596' title='bbox 1904 229 1969 269; x_wconf 81' lang='lat' dir='ltr'>pris</span> <span class='ocrx_word' id='word_1_597' title='bbox 1964 239 1996 258; x_wconf 81' lang='lat' dir='ltr'>ca</span> <span class='ocrx_word' id='word_1_598' title='bbox 2005 226 2079 261; x_wconf 69' lang='lat' dir='ltr'>fere,</span> <span class='ocrx_word' id='word_1_599' title='bbox 2091 238 2123 258; x_wconf 90' lang='lat' dir='ltr'>ac</span> <span class='ocrx_word' id='word_1_600' title='bbox 2132 237 2183 256; x_wconf 88' lang='lat' dir='ltr'>ve-</span> 
     </span>
    </p>
   </div>
   <div class='ocr_carea' id='block_1_10' title="bbox 1225 268 2228 356">
    <p class='ocr_par' dir='ltr' id='par_1_11' title="bbox 1225 268 2228 356">
     <span class='ocr_line' id='line_1_64' title="bbox 1226 268 2228 314; baseline -0.007 -10"><span class='ocrx_word' id='word_1_601' title='bbox 1226 272 1309 307; x_wconf 90' lang='lat' dir='ltr'>tusta‚</span> <span class='ocrx_word' id='word_1_602' title='bbox 1323 274 1355 304; x_wconf 89' lang='lat'>&amp;</span> <span class='ocrx_word' id='word_1_603' title='bbox 1366 274 1402 304; x_wconf 86' lang='lat' dir='ltr'>ab</span> <span class='ocrx_word' id='word_1_604' title='bbox 1414 274 1465 304; x_wconf 86' lang='lat' dir='ltr'>usu</span> <span class='ocrx_word' id='word_1_605' title='bbox 1476 273 1645 314; x_wconf 85' lang='lat' dir='ltr'>quotidiani</span> <span class='ocrx_word' id='word_1_606' title='bbox 1655 274 1801 303; x_wconf 88' lang='lat' dir='ltr'>sermonis</span> <span class='ocrx_word' id='word_1_607' title='bbox 1810 271 1928 312; x_wconf 78' lang='lat' dir='ltr'>jamdiu</span> <span class='ocrx_word' id='word_1_608' title='bbox 1939 268 2182 309; x_wconf 73' lang='lat' dir='ltr'>inte1·missa,quae</span> <span class='ocrx_word' id='word_1_609' title='bbox 2224 299 2228 303; x_wconf 65' lang='grc'><strong>,</strong></span> 
     </span>
     <span class='ocr_line' id='line_1_65' title="bbox 1225 311 2227 356; baseline -0.005 -12"><span class='ocrx_word' id='word_1_610' title='bbox 1225 315 1293 345; x_wconf 89' lang='lat' dir='ltr'>sunt</span> <span class='ocrx_word' id='word_1_611' title='bbox 1302 317 1456 356; x_wconf 64' lang='lat' dir='ltr'>poetarum</span> <span class='ocrx_word' id='word_1_612' title='bbox 1469 316 1596 345; x_wconf 83' lang='lat' dir='ltr'>licentiae</span> <span class='ocrx_word' id='word_1_613' title='bbox 1607 315 1747 344; x_wconf 79' lang='lat' dir='ltr'>liberiora</span> <span class='ocrx_word' id='word_1_614' title='bbox 1759 334 1767 347; x_wconf 85' lang='lat'>‚</span> <span class='ocrx_word' id='word_1_615' title='bbox 1785 313 1875 354; x_wconf 65' lang='lat' dir='ltr'>quam</span> <span class='ocrx_word' id='word_1_616' title='bbox 1885 311 1998 343; x_wconf 83' lang='lat' dir='ltr'>nostra:</span> <span class='ocrx_word' id='word_1_617' title='bbox 2023 311 2071 341; x_wconf 87' lang='lat' dir='ltr'>sed</span> <span class='ocrx_word' id='word_1_618' title='bbox 2083 320 2184 342; x_wconf 86' lang='lat' dir='ltr'>tamen</span> <span class='ocrx_word' id='word_1_619' title='bbox 2222 313 2227 316; x_wconf 83' lang='grc'><em>”</em></span> 
     </span>
    </p>
   </div>
   <div class='ocr_carea' id='block_1_11' title="bbox 1224 351 2186 440">
    <p class='ocr_par' dir='ltr' id='par_1_12' title="bbox 1224 351 2186 440">
     <span class='ocr_line' id='line_1_66' title="bbox 1224 351 2186 396; baseline -0.006 -9"><span class='ocrx_word' id='word_1_620' title='bbox 1224 355 1290 387; x_wconf 74' lang='lat' dir='ltr'>raro</span> <span class='ocrx_word' id='word_1_621' title='bbox 1310 357 1398 387; x_wconf 85' lang='lat' dir='ltr'>habet</span> <span class='ocrx_word' id='word_1_622' title='bbox 1414 359 1503 387; x_wconf 77' lang='lat' dir='ltr'>etiam</span> <span class='ocrx_word' id='word_1_623' title='bbox 1516 359 1548 386; x_wconf 89' lang='lat' dir='ltr'>in</span> <span class='ocrx_word' id='word_1_624' title='bbox 1558 359 1692 387; x_wconf 86' lang='lat' dir='ltr'>oratione</span> <span class='ocrx_word' id='word_1_625' title='bbox 1702 357 1857 396; x_wconf 70' lang='lat' dir='ltr'>poeticum</span> <span class='ocrx_word' id='word_1_626' title='bbox 1867 353 1989 395; x_wconf 84' lang='lat' dir='ltr'>aliquod</span> <span class='ocrx_word' id='word_1_627' title='bbox 1999 353 2125 382; x_wconf 85' lang='lat' dir='ltr'>verbum</span> <span class='ocrx_word' id='word_1_628' title='bbox 2137 351 2186 382; x_wconf 72' lang='lat' dir='ltr'>di·</span> 
     </span>
     <span class='ocr_line' id='line_1_67' title="bbox 1224 394 2186 440; baseline -0.006 -12"><span class='ocrx_word' id='word_1_629' title='bbox 1224 401 1379 439; x_wconf 86' lang='lat' dir='ltr'>gnitatem.</span> <span class='ocrx_word' id='word_1_630' title='bbox 1395 409 1490 440; x_wconf 88' lang='lat' dir='ltr'>neque</span> <span class='ocrx_word' id='word_1_631' title='bbox 1503 401 1586 428; x_wconf 90' lang='lat' dir='ltr'>enim</span> <span class='ocrx_word' id='word_1_632' title='bbox 1600 398 1674 428; x_wconf 86' lang='lat' dir='ltr'>illud</span> <span class='ocrx_word' id='word_1_633' title='bbox 1683 397 1811 439; x_wconf 80' lang='lat' dir='ltr'>fugerim</span> <span class='ocrx_word' id='word_1_634' title='bbox 1822 397 1931 429; x_wconf 81' lang='lat' dir='ltr'>dicere,</span> <span class='ocrx_word' id='word_1_635' title='bbox 1942 404 1975 425; x_wconf 85' lang='lat' dir='ltr'>ut</span> <span class='ocrx_word' id='word_1_636' title='bbox 1984 394 2186 434; x_wconf 64' lang='lat' dir='ltr'>Coelius‚Qa0</span> 
     </span>
    </p>
   </div>
   <div class='ocr_carea' id='block_1_12' title="bbox 1204 435 2184 481">
    <p class='ocr_par' dir='ltr' id='par_1_13' title="bbox 1204 435 2184 481">
     <span class='ocr_line' id='line_1_68' title="bbox 1204 435 2184 481; baseline -0.005 -13"><span class='ocrx_word' id='word_1_637' title='bbox 1204 462 1206 468; x_wconf 93' lang='lat'>.</span> <span class='ocrx_word' id='word_1_638' title='bbox 1225 439 1381 481; x_wconf 79' lang='lat' dir='ltr'>tempestate</span> <span class='ocrx_word' id='word_1_639' title='bbox 1391 443 1488 470; x_wconf 74' lang='lat' dir='ltr'>Poenus</span> <span class='ocrx_word' id='word_1_640' title='bbox 1499 451 1526 469; x_wconf 77' lang='grc' dir='ltr'>ιη</span> <span class='ocrx_word' id='word_1_641' title='bbox 1537 440 1657 469; x_wconf 74' lang='lat' dir='ltr'>Italiam</span> <span class='ocrx_word' id='word_1_642' title='bbox 1668 447 1767 468; x_wconf 79' lang='lat' dir='ltr'>vemt:</span> <span class='ocrx_word' id='word_1_643' title='bbox 1786 449 1841 468; x_wconf 89' lang='lat' dir='ltr'>nec</span> <span class='ocrx_word' id='word_1_644' title='bbox 1848 439 1950 479; x_wconf 63' lang='lat' dir='ltr'>protem</span> <span class='ocrx_word' id='word_1_645' title='bbox 1961 457 1968 470; x_wconf 88' lang='lat'>‚</span> <span class='ocrx_word' id='word_1_646' title='bbox 1988 445 2038 466; x_wconf 89' lang='lat' dir='ltr'>aut</span> <span class='ocrx_word' id='word_1_647' title='bbox 2050 435 2184 475; x_wconf 70' lang='lat' dir='ltr'>sbhvlem,</span> 
     </span>
    </p>
   </div>
   <div class='ocr_carea' id='block_1_13' title="bbox 1226 476 2184 566">
    <p class='ocr_par' dir='ltr' id='par_1_14' title="bbox 1226 476 2184 566">
     <span class='ocr_line' id='line_1_69' title="bbox 1227 476 2183 523; baseline -0.007 -11"><span class='ocrx_word' id='word_1_648' title='bbox 1227 492 1275 512; x_wconf 86' lang='lat' dir='ltr'>aut</span> <span class='ocrx_word' id='word_1_649' title='bbox 1285 483 1377 522; x_wconf 74' lang='lat' dir='ltr'>effari,</span> <span class='ocrx_word' id='word_1_650' title='bbox 1389 491 1437 512; x_wconf 91' lang='lat' dir='ltr'>aut</span> <span class='ocrx_word' id='word_1_651' title='bbox 1447 482 1620 523; x_wconf 76' lang='lat' dir='ltr'>nuncupari:</span> <span class='ocrx_word' id='word_1_652' title='bbox 1642 491 1701 515; x_wconf 80' lang='lat' dir='ltr'>aut,</span> <span class='ocrx_word' id='word_1_653' title='bbox 1713 491 1745 511; x_wconf 90' lang='lat' dir='ltr'>ut</span> <span class='ocrx_word' id='word_1_654' title='bbox 1755 489 1787 510; x_wconf 91' lang='lat' dir='ltr'>tu</span> <span class='ocrx_word' id='word_1_655' title='bbox 1798 480 1884 516; x_wconf 79' lang='lat' dir='ltr'>soles,</span> <span class='ocrx_word' id='word_1_656' title='bbox 1895 479 2007 511; x_wconf 85' lang='lat' dir='ltr'>Catule,</span> <span class='ocrx_word' id='word_1_657' title='bbox 2018 487 2083 507; x_wconf 89' lang='lat' dir='ltr'>non</span> <span class='ocrx_word' id='word_1_658' title='bbox 2093 476 2183 509; x_wconf 80' lang='lat' dir='ltr'>rebar,</span> 
     </span>
     <span class='ocr_line' id='line_1_70' title="bbox 1226 519 2184 566; baseline -0.006 -13"><span class='ocrx_word' id='word_1_659' title='bbox 1226 533 1277 554; x_wconf 88' lang='lat' dir='ltr'>aut</span> <span class='ocrx_word' id='word_1_660' title='bbox 1287 523 1417 566; x_wconf 71' lang='lat' dir='ltr'>opinabar</span> <span class='ocrx_word' id='word_1_661' title='bbox 1427 535 1438 550; x_wconf 88' lang='lat'>.·</span> <span class='ocrx_word' id='word_1_662' title='bbox 1460 524 1492 553; x_wconf 67' lang='grc' dir='ltr'>ὃς</span> <span class='ocrx_word' id='word_1_663' title='bbox 1501 524 1557 553; x_wconf 83' lang='lat' dir='ltr'>alia</span> <span class='ocrx_word' id='word_1_664' title='bbox 1567 524 1663 553; x_wconf 81' lang='lat' dir='ltr'>multa</span> <span class='ocrx_word' id='word_1_665' title='bbox 1674 544 1682 557; x_wconf 86' lang='lat'><em>‚</em></span> <span class='ocrx_word' id='word_1_666' title='bbox 1703 523 1812 563; x_wconf 86' lang='lat' dir='ltr'>quibus</span> <span class='ocrx_word' id='word_1_667' title='bbox 1824 522 1892 551; x_wconf 93' lang='lat' dir='ltr'>loco</span> <span class='ocrx_word' id='word_1_668' title='bbox 1902 519 2002 561; x_wconf 88' lang='lat' dir='ltr'>positis</span> <span class='ocrx_word' id='word_1_669' title='bbox 2014 538 2023 552; x_wconf 84' lang='lat'><em>,</em></span> <span class='ocrx_word' id='word_1_670' title='bbox 2034 519 2184 560; x_wconf 80' lang='lat' dir='ltr'>grandior,</span> 
     </span>
    </p>
   </div>
   <div class='ocr_carea' id='block_1_14' title="bbox 1207 564 2185 606">
    <p class='ocr_par' dir='ltr' id='par_1_15' title="bbox 1207 564 2185 606">
     <span class='ocr_line' id='line_1_71' title="bbox 1207 564 2185 606; baseline -0.005 -11"><span class='ocrx_word' id='word_1_671' title='bbox 1207 587 1209 594; x_wconf 34' lang='lat' dir='ltr'>i</span> <span class='ocrx_word' id='word_1_672' title='bbox 1227 574 1311 606; x_wconf 82' lang='lat' dir='ltr'>atque</span> <span class='ocrx_word' id='word_1_673' title='bbox 1331 568 1482 606; x_wconf 83' lang='lat' dir='ltr'>antiquior</span> <span class='ocrx_word' id='word_1_674' title='bbox 1499 567 1594 595; x_wconf 87' lang='lat' dir='ltr'>oratio</span> <span class='ocrx_word' id='word_1_675' title='bbox 1613 566 1687 605; x_wconf 74' lang='lat' dir='ltr'>saepe</span> <span class='ocrx_word' id='word_1_676' title='bbox 1705 564 1802 594; x_wconf 87' lang='lat' dir='ltr'>videri</span> <span class='ocrx_word' id='word_1_677' title='bbox 1816 564 1898 593; x_wconf 88' lang='lat' dir='ltr'>solet.</span> <span class='ocrx_word' id='word_1_678' title='bbox 1922 564 2185 591; x_wconf 65' lang='lat' dir='ltr'>Novam-arautem</span> 
     </span>
    </p>
   </div>
   <div class='ocr_carea' id='block_1_15' title="bbox 1227 601 2185 772">
    <p class='ocr_par' dir='ltr' id='par_1_16' title="bbox 1227 601 2185 772">
     <span class='ocr_line' id='line_1_72' title="bbox 1227 601 2185 648; baseline -0.006 -11"><span class='ocrx_word' id='word_1_679' title='bbox 1227 607 1316 637; x_wconf 80' lang='lat' dir='ltr'>verba</span> <span class='ocrx_word' id='word_1_680' title='bbox 1328 629 1335 641; x_wconf 96' lang='lat'>‚</span> <span class='ocrx_word' id='word_1_681' title='bbox 1347 618 1412 648; x_wconf 85' lang='lat' dir='ltr'>quae</span> <span class='ocrx_word' id='word_1_682' title='bbox 1422 607 1458 637; x_wconf 85' lang='lat' dir='ltr'>ab</span> <span class='ocrx_word' id='word_1_683' title='bbox 1469 618 1505 637; x_wconf 89' lang='lat' dir='ltr'>eo</span> <span class='ocrx_word' id='word_1_684' title='bbox 1516 627 1523 639; x_wconf 82' lang='lat'><em>‚</em></span> <span class='ocrx_word' id='word_1_685' title='bbox 1536 609 1587 647; x_wconf 87' lang='lat' dir='ltr'>qui</span> <span class='ocrx_word' id='word_1_686' title='bbox 1597 607 1670 637; x_wconf 89' lang='lat' dir='ltr'>dicit</span> <span class='ocrx_word' id='word_1_687' title='bbox 1680 627 1688 640; x_wconf 86' lang='lat'>‚</span> <span class='ocrx_word' id='word_1_688' title='bbox 1700 606 1764 646; x_wconf 84' lang='lat' dir='ltr'>ipso</span> <span class='ocrx_word' id='word_1_689' title='bbox 1773 608 1936 647; x_wconf 81' lang='lat' dir='ltr'>gignuntur</span> <span class='ocrx_word' id='word_1_690' title='bbox 1949 624 1957 637; x_wconf 91' lang='lat'>‚</span> <span class='ocrx_word' id='word_1_691' title='bbox 1977 614 2009 633; x_wconf 91' lang='lat' dir='ltr'>ac</span> <span class='ocrx_word' id='word_1_692' title='bbox 2020 601 2114 633; x_wconf 82' lang='lat' dir='ltr'>fiunt:</span> <span class='ocrx_word' id='word_1_693' title='bbox 2135 601 2185 632; x_wconf 89' lang='lat' dir='ltr'>vel</span> 
     </span>
     <span class='ocr_line' id='line_1_73' title="bbox 1228 649 1718 689; baseline -0.002 -10"><span class='ocrx_word' id='word_1_694' title='bbox 1228 649 1447 689; x_wconf 81' lang='lat' dir='ltr'>conjungendis</span> <span class='ocrx_word' id='word_1_695' title='bbox 1458 649 1554 679; x_wconf 84' lang='lat' dir='ltr'>verbis</span> <span class='ocrx_word' id='word_1_696' title='bbox 1566 669 1574 682; x_wconf 91' lang='lat'><strong>,</strong></span> <span class='ocrx_word' id='word_1_697' title='bbox 1595 658 1627 679; x_wconf 86' lang='lat' dir='ltr'>ut</span> <span class='ocrx_word' id='word_1_698' title='bbox 1637 650 1699 679; x_wconf 81' lang='lat' dir='ltr'>haec</span> <span class='ocrx_word' id='word_1_699' title='bbox 1710 668 1718 681; x_wconf 89' lang='lat'>‚</span> 
     </span>
     <span class='ocr_line' id='line_1_74' title="bbox 1252 685 2169 733; baseline -0.003 -14"><span class='ocrx_word' id='word_1_700' title='bbox 1252 691 1325 719; x_wconf 78' lang='lat' dir='ltr'>Tum</span> <span class='ocrx_word' id='word_1_701' title='bbox 1331 699 1421 733; x_wconf 76' lang='lat' dir='ltr'>pavor</span> <span class='ocrx_word' id='word_1_702' title='bbox 1426 692 1597 732; x_wconf 73' lang='lat' dir='ltr'>sapientiam</span> <span class='ocrx_word' id='word_1_703' title='bbox 1607 692 1675 719; x_wconf 77' lang='lat' dir='ltr'>mlln</span> <span class='ocrx_word' id='word_1_704' title='bbox 1688 694 1701 709; x_wconf 83' lang='lat'><em>2</em></span> <span class='ocrx_word' id='word_1_705' title='bbox 1712 700 1819 719; x_wconf 76' lang='lat' dir='ltr'>omnem</span> <span class='ocrx_word' id='word_1_706' title='bbox 1829 689 1989 717; x_wconf 68' lang='lat' dir='ltr'>exanimato</span> <span class='ocrx_word' id='word_1_707' title='bbox 1999 685 2169 729; x_wconf 56' lang='lat' dir='ltr'>exp-efform-</span> 
     </span>
     <span class='ocr_line' id='line_1_75' title="bbox 1255 730 1976 772; baseline -0.003 -13"><span class='ocrx_word' id='word_1_708' title='bbox 1255 735 1266 759; x_wconf 80' lang='lat'>3</span> <span class='ocrx_word' id='word_1_709' title='bbox 1279 735 1359 761; x_wconf 74' lang='lat' dir='ltr'>Num</span> <span class='ocrx_word' id='word_1_710' title='bbox 1370 743 1421 761; x_wconf 72' lang='lat' dir='ltr'>non</span> <span class='ocrx_word' id='word_1_711' title='bbox 1434 743 1472 761; x_wconf 71' lang='lat' dir='ltr'>vu</span> <span class='ocrx_word' id='word_1_712' title='bbox 1481 734 1562 771; x_wconf 63' lang='lat' dir='ltr'>liujus</span> <span class='ocrx_word' id='word_1_713' title='bbox 1573 743 1615 761; x_wconf 77' lang='lat' dir='ltr'>me</span> <span class='ocrx_word' id='word_1_714' title='bbox 1624 732 1830 772; x_wconf 64' lang='lat' dir='ltr'>verfiztii‘oqum</span> <span class='ocrx_word' id='word_1_715' title='bbox 1839 730 1976 758; x_wconf 61' lang='lat' dir='ltr'>malitias.</span> 
     </span>
    </p>
   </div>
   <div class='ocr_carea' id='block_1_16' title="bbox 1231 767 2227 815">
    <p class='ocr_par' dir='ltr' id='par_1_17' title="bbox 1231 767 2227 815">
     <span class='ocr_line' id='line_1_76' title="bbox 1231 767 2227 815; baseline -0.004 -12"><span class='ocrx_word' id='word_1_716' title='bbox 1231 774 1347 804; x_wconf 82' lang='lat' dir='ltr'>Videtis</span> <span class='ocrx_word' id='word_1_717' title='bbox 1356 777 1440 804; x_wconf 90' lang='lat' dir='ltr'>enim</span> <span class='ocrx_word' id='word_1_718' title='bbox 1452 775 1484 803; x_wconf 89' lang='lat'>&amp;</span> <span class='ocrx_word' id='word_1_719' title='bbox 1493 774 1710 815; x_wconf 62' lang='lat' dir='ltr'>verfiaetiz&#39;oqum,</span> <span class='ocrx_word' id='word_1_720' title='bbox 1723 775 1755 803; x_wconf 71' lang='grc' dir='ltr'>δε</span> <span class='ocrx_word' id='word_1_721' title='bbox 1765 771 1935 814; x_wconf 52' lang='lat' dir='ltr'>expedierat,</span> <span class='ocrx_word' id='word_1_722' title='bbox 1944 781 1981 801; x_wconf 86' lang='lat' dir='ltr'>ex</span> <span class='ocrx_word' id='word_1_723' title='bbox 1991 769 2187 810; x_wconf 66' lang='lat' dir='ltr'>conjunffioe</span> <span class='ocrx_word' id='word_1_724' title='bbox 2225 767 2227 769; x_wconf 74' lang='grc'><strong>’</strong></span> 
     </span>
    </p>
   </div>
   <div class='ocr_carea' id='block_1_17' title="bbox 1232 811 2188 854">
    <p class='ocr_par' dir='ltr' id='par_1_18' title="bbox 1232 811 2188 854">
     <span class='ocr_line' id='line_1_77' title="bbox 1232 811 2188 854; baseline -0.004 -9"><span class='ocrx_word' id='word_1_725' title='bbox 1232 825 1269 844; x_wconf 87' lang='lat' dir='ltr'>ne</span> <span class='ocrx_word' id='word_1_726' title='bbox 1280 815 1356 845; x_wconf 53' lang='lat' dir='ltr'>&amp;Sta</span> <span class='ocrx_word' id='word_1_727' title='bbox 1366 814 1422 845; x_wconf 72' lang='lat' dir='ltr'>ess&#39;e</span> <span class='ocrx_word' id='word_1_728' title='bbox 1432 816 1518 845; x_wconf 83' lang='lat' dir='ltr'>verba</span> <span class='ocrx_word' id='word_1_729' title='bbox 1529 836 1537 849; x_wconf 92' lang='lat'><strong><em>,</em></strong></span> <span class='ocrx_word' id='word_1_730' title='bbox 1550 826 1614 845; x_wconf 87' lang='lat' dir='ltr'>non</span> <span class='ocrx_word' id='word_1_731' title='bbox 1625 825 1698 846; x_wconf 81' lang='lat' dir='ltr'>nata.</span> <span class='ocrx_word' id='word_1_732' title='bbox 1723 819 1740 841; x_wconf 81' lang='lat'><strong>4</strong></span> <span class='ocrx_word' id='word_1_733' title='bbox 1751 818 1806 844; x_wconf 87' lang='lat' dir='ltr'>Vel</span> <span class='ocrx_word' id='word_1_734' title='bbox 1816 815 1888 854; x_wconf 66' lang='lat' dir='ltr'>saepe</span> <span class='ocrx_word' id='word_1_735' title='bbox 1899 812 1958 843; x_wconf 88' lang='lat' dir='ltr'>fine</span> <span class='ocrx_word' id='word_1_736' title='bbox 1969 811 2188 852; x_wconf 68' lang='lat' dir='ltr'>conjunffione</span> 
     </span>
    </p>
   </div>
   <div class='ocr_carea' id='block_1_18' title="bbox 1213 852 2188 945">
    <p class='ocr_par' dir='ltr' id='par_1_19' title="bbox 1213 852 2188 945">
     <span class='ocr_line' id='line_1_78' title="bbox 1213 852 2188 897; baseline -0.003 -10"><span class='ocrx_word' id='word_1_737' title='bbox 1213 875 1214 879; x_wconf 66' lang='lat'><em>=</em></span> <span class='ocrx_word' id='word_1_738' title='bbox 1232 857 1321 887; x_wconf 85' lang='lat' dir='ltr'>verba</span> <span class='ocrx_word' id='word_1_739' title='bbox 1329 865 1489 891; x_wconf 81' lang='lat' dir='ltr'>novantur,</span> <span class='ocrx_word' id='word_1_740' title='bbox 1504 861 1516 885; x_wconf 83' lang='lat'><em>5</em></span> <span class='ocrx_word' id='word_1_741' title='bbox 1526 866 1567 890; x_wconf 87' lang='lat' dir='ltr'>ut,</span> <span class='ocrx_word' id='word_1_742' title='bbox 1579 858 1719 897; x_wconf 73' lang='lat' dir='ltr'>illefcm&#39;us</span> <span class='ocrx_word' id='word_1_743' title='bbox 1730 869 1738 891; x_wconf 72' lang='lat'>3</span> <span class='ocrx_word' id='word_1_744' title='bbox 1751 864 1793 890; x_wconf 79' lang='lat' dir='ltr'>ut,</span> <span class='ocrx_word' id='word_1_745' title='bbox 1806 855 2006 896; x_wconf 70' lang='lat' dir='ltr'>Diigem&#39;taz&#39;es</span> <span class='ocrx_word' id='word_1_746' title='bbox 2016 866 2025 889; x_wconf 76' lang='lat'>3</span> <span class='ocrx_word' id='word_1_747' title='bbox 2035 863 2076 889; x_wconf 83' lang='lat' dir='ltr'>ut,</span> <span class='ocrx_word' id='word_1_748' title='bbox 2096 870 2126 875; x_wconf 96' lang='lat'>--</span> <span class='ocrx_word' id='word_1_749' title='bbox 2136 852 2188 884; x_wconf 64' lang='lat' dir='ltr'>baz-</span> 
     </span>
     <span class='ocr_line' id='line_1_79' title="bbox 1214 897 1666 945; baseline 0 -18"><span class='ocrx_word' id='word_1_750' title='bbox 1214 919 1215 945; x_wconf 36' lang='grc' dir='ltr'>Ξ</span> <span class='ocrx_word' id='word_1_751' title='bbox 1232 909 1329 927; x_wconf 80' lang='lat' dir='ltr'>carum</span> <span class='ocrx_word' id='word_1_752' title='bbox 1340 897 1466 928; x_wconf 74' lang='lat' dir='ltr'>ubertate</span> <span class='ocrx_word' id='word_1_753' title='bbox 1474 899 1666 938; x_wconf 71' lang='lat' dir='ltr'>incurvescere.</span> 
     </span>
    </p>
   </div>
   <div class='ocr_carea' id='block_1_19' title="bbox 1234 938 2190 979">
    <p class='ocr_par' dir='ltr' id='par_1_20' title="bbox 1234 938 2190 979">
     <span class='ocr_line' id='line_1_80' title="bbox 1234 938 2190 979; baseline -0.003 -9"><span class='ocrx_word' id='word_1_754' title='bbox 1234 942 1355 970; x_wconf 87' lang='lat' dir='ltr'>Tertius</span> <span class='ocrx_word' id='word_1_755' title='bbox 1374 941 1426 970; x_wconf 89' lang='lat' dir='ltr'>ille</span> <span class='ocrx_word' id='word_1_756' title='bbox 1446 940 1556 970; x_wconf 89' lang='lat' dir='ltr'>modus</span> <span class='ocrx_word' id='word_1_757' title='bbox 1570 940 1750 977; x_wconf 74' lang='lat' dir='ltr'>transferendi</span> <span class='ocrx_word' id='word_1_758' title='bbox 1758 940 1841 970; x_wconf 85' lang='lat' dir='ltr'>verbi</span> <span class='ocrx_word' id='word_1_759' title='bbox 1852 938 1907 969; x_wconf 63' lang='lat' dir='ltr'>late</span> <span class='ocrx_word' id='word_1_760' title='bbox 1918 947 2012 979; x_wconf 78' lang='lat' dir='ltr'>patet,</span> <span class='ocrx_word' id='word_1_761' title='bbox 2031 947 2123 978; x_wconf 85' lang='lat' dir='ltr'>quem</span> <span class='ocrx_word' id='word_1_762' title='bbox 2135 947 2190 967; x_wconf 78' lang='lat' dir='ltr'>ne·</span> 
     </span>
    </p>
   </div>
   <div class='ocr_carea' id='block_1_20' title="bbox 1214 976 2190 1023">
    <p class='ocr_par' dir='ltr' id='par_1_21' title="bbox 1214 976 2190 1023">
     <span class='ocr_line' id='line_1_81' title="bbox 1214 976 2190 1023; baseline -0.004 -11"><span class='ocrx_word' id='word_1_763' title='bbox 1214 995 1215 1000; x_wconf 57' lang='lat'>¹</span> <span class='ocrx_word' id='word_1_764' title='bbox 1233 981 1343 1012; x_wconf 75' lang='lat' dir='ltr'>ceffitas</span> <span class='ocrx_word' id='word_1_765' title='bbox 1352 984 1456 1023; x_wconf 87' lang='lat' dir='ltr'>genuit</span> <span class='ocrx_word' id='word_1_766' title='bbox 1464 984 1567 1022; x_wconf 88' lang='lat' dir='ltr'>inopia</span> <span class='ocrx_word' id='word_1_767' title='bbox 1575 976 1686 1017; x_wconf 62' lang='lat' dir='ltr'>coacta,</span> <span class='ocrx_word' id='word_1_768' title='bbox 1704 983 1736 1012; x_wconf 68' lang='lat' dir='ltr'>&amp;c</span> <span class='ocrx_word' id='word_1_769' title='bbox 1744 981 1885 1023; x_wconf 87' lang='lat' dir='ltr'>angustiis</span> <span class='ocrx_word' id='word_1_770' title='bbox 1896 993 1905 1015; x_wconf 78' lang='lat'>3</span> <span class='ocrx_word' id='word_1_771' title='bbox 1922 980 1987 1021; x_wconf 90' lang='lat' dir='ltr'>post</span> <span class='ocrx_word' id='word_1_772' title='bbox 1997 989 2096 1010; x_wconf 83' lang='lat' dir='ltr'>autem</span> <span class='ocrx_word' id='word_1_773' title='bbox 2108 979 2190 1009; x_wconf 88' lang='lat' dir='ltr'>dele-</span> 
     </span>
    </p>
   </div>
   <div class='ocr_carea' id='block_1_21' title="bbox 1236 1021 2191 1065">
    <p class='ocr_par' dir='ltr' id='par_1_22' title="bbox 1236 1021 2191 1065">
     <span class='ocr_line' id='line_1_82' title="bbox 1236 1021 2191 1065; baseline -0.003 -12"><span class='ocrx_word' id='word_1_774' title='bbox 1236 1024 1344 1058; x_wconf 71' lang='lat' dir='ltr'>Ctatio,</span> <span class='ocrx_word' id='word_1_775' title='bbox 1362 1024 1588 1065; x_wconf 83' lang='lat' dir='ltr'>jucunditasque</span> <span class='ocrx_word' id='word_1_776' title='bbox 1598 1025 1766 1054; x_wconf 87' lang='lat' dir='ltr'>celebravit.</span> <span class='ocrx_word' id='word_1_777' title='bbox 1790 1034 1862 1054; x_wconf 88' lang='lat' dir='ltr'>nam</span> <span class='ocrx_word' id='word_1_778' title='bbox 1880 1033 1913 1053; x_wconf 90' lang='lat' dir='ltr'>ut</span> <span class='ocrx_word' id='word_1_779' title='bbox 1933 1026 2052 1052; x_wconf 71' lang='lat' dir='ltr'>Vsssns</span> <span class='ocrx_word' id='word_1_780' title='bbox 2070 1021 2191 1062; x_wconf 83' lang='lat' dir='ltr'>frigoris</span> 
     </span>
    </p>
   </div>
   <div class='ocr_carea' id='block_1_22' title="bbox 1214 1062 2192 1106">
    <p class='ocr_par' dir='ltr' id='par_1_23' title="bbox 1214 1062 2192 1106">
     <span class='ocr_line' id='line_1_83' title="bbox 1214 1062 2192 1106; baseline -0.004 -10"><span class='ocrx_word' id='word_1_781' title='bbox 1214 1083 1216 1086; x_wconf 48' lang='lat'><em>⁴</em></span> <span class='ocrx_word' id='word_1_782' title='bbox 1235 1066 1404 1106; x_wconf 87' lang='lat' dir='ltr'>depellendi</span> <span class='ocrx_word' id='word_1_783' title='bbox 1421 1067 1502 1096; x_wconf 83' lang='lat' dir='ltr'>causa</span> <span class='ocrx_word' id='word_1_784' title='bbox 1519 1075 1631 1106; x_wconf 85' lang='lat' dir='ltr'>reperta</span> <span class='ocrx_word' id='word_1_785' title='bbox 1640 1065 1760 1106; x_wconf 78' lang='lat' dir='ltr'>primo,</span> <span class='ocrx_word' id='word_1_786' title='bbox 1784 1065 1850 1106; x_wconf 91' lang='lat' dir='ltr'>post</span> <span class='ocrx_word' id='word_1_787' title='bbox 1859 1065 1991 1095; x_wconf 87' lang='lat' dir='ltr'>adhiberi</span> <span class='ocrx_word' id='word_1_788' title='bbox 2000 1062 2145 1102; x_wconf 71' lang='lat' dir='ltr'>coeptaest</span> <span class='ocrx_word' id='word_1_789' title='bbox 2155 1062 2192 1093; x_wconf 89' lang='lat' dir='ltr'>ad</span> 
     </span>
    </p>
   </div>
   <div class='ocr_carea' id='block_1_23' title="bbox 1235 1103 2192 1149">
    <p class='ocr_par' dir='ltr' id='par_1_24' title="bbox 1235 1103 2192 1149">
     <span class='ocr_line' id='line_1_84' title="bbox 1235 1103 2192 1149; baseline -0.004 -12"><span class='ocrx_word' id='word_1_790' title='bbox 1235 1117 1374 1138; x_wconf 88' lang='lat' dir='ltr'>ornatum</span> <span class='ocrx_word' id='word_1_791' title='bbox 1385 1109 1475 1138; x_wconf 87' lang='lat' dir='ltr'>etiam</span> <span class='ocrx_word' id='word_1_792' title='bbox 1487 1110 1630 1148; x_wconf 89' lang='lat' dir='ltr'>corporis,</span> <span class='ocrx_word' id='word_1_793' title='bbox 1644 1109 1676 1138; x_wconf 86' lang='lat'>&amp;</span> <span class='ocrx_word' id='word_1_794' title='bbox 1685 1108 1861 1149; x_wconf 85' lang='lat' dir='ltr'>dignitatem</span> <span class='ocrx_word' id='word_1_795' title='bbox 1873 1117 1879 1136; x_wconf 76' lang='lat' dir='ltr'><em>z</em></span> <span class='ocrx_word' id='word_1_796' title='bbox 1891 1105 1927 1136; x_wconf 89' lang='lat' dir='ltr'>fic</span> <span class='ocrx_word' id='word_1_797' title='bbox 1937 1106 2022 1136; x_wconf 87' lang='lat' dir='ltr'>verbi</span> <span class='ocrx_word' id='word_1_798' title='bbox 2029 1103 2192 1138; x_wconf 84' lang='lat' dir='ltr'>transsatio,</span> 
     </span>
    </p>
   </div>
   <div class='ocr_carea' id='block_1_24' title="bbox 1236 1147 2192 1191">
    <p class='ocr_par' dir='ltr' id='par_1_25' title="bbox 1215 1147 2192 1194">
     <span class='ocr_line' id='line_1_85' title="bbox 1236 1147 2192 1191; baseline -0.003 -12.064"><span class='ocrx_word' id='word_1_799' title='bbox 1236 1149 1372 1180; x_wconf 85' lang='lat' dir='ltr'>instituta</span> <span class='ocrx_word' id='word_1_800' title='bbox 1381 1149 1423 1179; x_wconf 86' lang='lat' dir='ltr'>est</span> <span class='ocrx_word' id='word_1_801' title='bbox 1434 1151 1544 1189; x_wconf 83' lang='lat' dir='ltr'>inopiae</span> <span class='ocrx_word' id='word_1_802' title='bbox 1553 1151 1651 1183; x_wconf 87' lang='lat' dir='ltr'>causa,</span> <span class='ocrx_word' id='word_1_803' title='bbox 1672 1149 1854 1191; x_wconf 88' lang='lat' dir='ltr'>frequentata</span> <span class='ocrx_word' id='word_1_804' title='bbox 1862 1147 2080 1178; x_wconf 69' lang='lat' dir='ltr'>delechtionis.</span> <span class='ocrx_word' id='word_1_805' title='bbox 2109 1148 2192 1176; x_wconf 87' lang='lat' dir='ltr'>Nam</span> 
     </span>
    </p>
   </div>
   <div class='ocr_carea' id='block_1_25' title="bbox 1232 1189 2194 1232">
    <p class='ocr_par' dir='ltr' id='par_1_26' title="bbox 1232 1189 2194 1232">
     <span class='ocr_line' id='line_1_86' title="bbox 1232 1189 2194 1232; baseline -0.003 -12"><span class='ocrx_word' id='word_1_806' title='bbox 1232 1201 1376 1232; x_wconf 80' lang='lat' dir='ltr'>gemmare</span> <span class='ocrx_word' id='word_1_807' title='bbox 1384 1192 1416 1220; x_wconf 84' lang='lat' dir='ltr'>vi</span> <span class='ocrx_word' id='word_1_808' title='bbox 1419 1193 1476 1223; x_wconf 64' lang='lat' dir='ltr'>teu,</span> <span class='ocrx_word' id='word_1_809' title='bbox 1487 1191 1629 1220; x_wconf 71' lang='lat' dir='ltr'>luxuriem</span> <span class='ocrx_word' id='word_1_810' title='bbox 1638 1191 1686 1229; x_wconf 84' lang='lat' dir='ltr'>effe</span> <span class='ocrx_word' id='word_1_811' title='bbox 1695 1192 1723 1220; x_wconf 79' lang='lat' dir='ltr'>in</span> <span class='ocrx_word' id='word_1_812' title='bbox 1735 1189 1829 1223; x_wconf 69' lang='lat' dir='ltr'>herlus,</span> <span class='ocrx_word' id='word_1_813' title='bbox 1840 1190 1913 1218; x_wconf 69' lang='lat' dir='ltr'>Acras</span> <span class='ocrx_word' id='word_1_814' title='bbox 1919 1190 2033 1230; x_wconf 59' lang='lat' dir='ltr'>segetes,</span> <span class='ocrx_word' id='word_1_815' title='bbox 2043 1190 2134 1218; x_wconf 82' lang='lat' dir='ltr'>etiam</span> <span class='ocrx_word' id='word_1_816' title='bbox 2142 1197 2194 1217; x_wconf 85' lang='lat' dir='ltr'>ru-</span> 
     </span>
    </p>
   </div>
   <div class='ocr_carea' id='block_1_26' title="bbox 235 1228 2216 1365">
    <p class='ocr_par' dir='ltr' id='par_1_27' title="bbox 235 1228 2216 1365">
     <span class='ocr_line' id='line_1_87' title="bbox 1217 1228 2192 1273; baseline -0.004 -10"><span class='ocrx_word' id='word_1_817' title='bbox 1217 1267 1218 1271; x_wconf 17' lang='lat'><em>*</em></span> <span class='ocrx_word' id='word_1_818' title='bbox 1238 1233 1303 1264; x_wconf 84' lang='lat' dir='ltr'>stici</span> <span class='ocrx_word' id='word_1_819' title='bbox 1313 1234 1426 1263; x_wconf 82' lang='lat' dir='ltr'>dicunt.</span> <span class='ocrx_word' id='word_1_820' title='bbox 1454 1233 1535 1273; x_wconf 88' lang='lat' dir='ltr'>quod</span> <span class='ocrx_word' id='word_1_821' title='bbox 1546 1236 1630 1263; x_wconf 85' lang='lat' dir='ltr'>enim</span> <span class='ocrx_word' id='word_1_822' title='bbox 1640 1233 1779 1263; x_wconf 84' lang='lat' dir='ltr'>declarari</span> <span class='ocrx_word' id='word_1_823' title='bbox 1787 1235 1842 1262; x_wconf 89' lang='lat' dir='ltr'>vix</span> <span class='ocrx_word' id='word_1_824' title='bbox 1851 1232 1944 1262; x_wconf 88' lang='lat' dir='ltr'>verbo</span> <span class='ocrx_word' id='word_1_825' title='bbox 1954 1232 2075 1271; x_wconf 88' lang='lat' dir='ltr'>proprio</span> <span class='ocrx_word' id='word_1_826' title='bbox 2085 1228 2192 1269; x_wconf 86' lang='lat' dir='ltr'>potest,</span> 
     </span>
     <span class='ocr_line' id='line_1_88' title="bbox 439 1272 2216 1327; baseline -0.004 -19"><span class='ocrx_word' id='word_1_827' title='bbox 439 1322 448 1327; x_wconf 28' lang='grc' dir='ltr'>ῃ</span> <span class='ocrx_word' id='word_1_828' title='bbox 1217 1279 1219 1315; x_wconf 70' lang='lat'>3</span> <span class='ocrx_word' id='word_1_829' title='bbox 1237 1275 1268 1306; x_wconf 86' lang='lat' dir='ltr'>id</span> <span class='ocrx_word' id='word_1_830' title='bbox 1279 1274 1417 1305; x_wconf 86' lang='lat' dir='ltr'>transsato</span> <span class='ocrx_word' id='word_1_831' title='bbox 1426 1274 1499 1304; x_wconf 83' lang='lat' dir='ltr'>cum</span> <span class='ocrx_word' id='word_1_832' title='bbox 1509 1274 1552 1305; x_wconf 91' lang='lat' dir='ltr'>est</span> <span class='ocrx_word' id='word_1_833' title='bbox 1560 1274 1678 1305; x_wconf 58' lang='lat' dir='ltr'>&amp;istum</span> <span class='ocrx_word' id='word_1_834' title='bbox 1690 1296 1698 1308; x_wconf 89' lang='lat'>‚</span> <span class='ocrx_word' id='word_1_835' title='bbox 1709 1274 1835 1305; x_wconf 86' lang='lat' dir='ltr'>illustrat</span> <span class='ocrx_word' id='word_1_836' title='bbox 1844 1273 1874 1304; x_wconf 87' lang='lat' dir='ltr'>id</span> <span class='ocrx_word' id='word_1_837' title='bbox 1888 1294 1896 1306; x_wconf 89' lang='lat'>,</span> <span class='ocrx_word' id='word_1_838' title='bbox 1907 1273 1989 1314; x_wconf 90' lang='lat' dir='ltr'>quod</span> <span class='ocrx_word' id='word_1_839' title='bbox 1999 1272 2128 1314; x_wconf 80' lang='lat' dir='ltr'>intelligi</span> <span class='ocrx_word' id='word_1_840' title='bbox 2138 1282 2194 1302; x_wconf 88' lang='lat' dir='ltr'>vo·</span> <span class='ocrx_word' id='word_1_841' title='bbox 2213 1279 2216 1282; x_wconf 81' lang='grc'><em>·</em></span> 
     </span>
     <span class='ocr_line' id='line_1_89' title="bbox 235 1320 1219 1365; baseline -0.007 -11"><span class='ocrx_word' id='word_1_842' title='bbox 235 1326 336 1365; x_wconf 87' lang='lat' dir='ltr'>esjam</span> <span class='ocrx_word' id='word_1_843' title='bbox 348 1323 488 1357; x_wconf 85' lang='lat' dir='ltr'>defeflus,</span> <span class='ocrx_word' id='word_1_844' title='bbox 501 1324 533 1353; x_wconf 86' lang='lat'>&amp;</span> <span class='ocrx_word' id='word_1_845' title='bbox 544 1322 564 1353; x_wconf 85' lang='lat' dir='ltr'>si</span> <span class='ocrx_word' id='word_1_846' title='bbox 575 1324 631 1354; x_wconf 84' lang='lat' dir='ltr'>tibi</span> <span class='ocrx_word' id='word_1_847' title='bbox 641 1334 706 1354; x_wconf 91' lang='lat' dir='ltr'>non</span> <span class='ocrx_word' id='word_1_848' title='bbox 715 1332 816 1365; x_wconf 89' lang='lat' dir='ltr'>graves</span> <span class='ocrx_word' id='word_1_849' title='bbox 827 1323 930 1353; x_wconf 88' lang='lat' dir='ltr'>sumus</span> <span class='ocrx_word' id='word_1_850' title='bbox 941 1342 949 1355; x_wconf 92' lang='lat'>,</span> <span class='ocrx_word' id='word_1_851' title='bbox 961 1320 1038 1350; x_wconf 84' lang='lat' dir='ltr'>refer</span> <span class='ocrx_word' id='word_1_852' title='bbox 1046 1320 1081 1350; x_wconf 90' lang='lat' dir='ltr'>ad</span> <span class='ocrx_word' id='word_1_853' title='bbox 1092 1320 1143 1348; x_wconf 92' lang='lat' dir='ltr'>illa</span> <span class='ocrx_word' id='word_1_854' title='bbox 1153 1327 1192 1351; x_wconf 82' lang='lat' dir='ltr'>te,</span> <span class='ocrx_word' id='word_1_855' title='bbox 1218 1328 1219 1336; x_wconf 63' lang='lat'>¹</span> 
     </span>
    </p>
   </div>
   <div class='ocr_carea' id='block_1_27' title="bbox 1237 1313 2197 1525">
    <p class='ocr_par' dir='ltr' id='par_1_28' title="bbox 1237 1313 2197 1525">
     <span class='ocr_line' id='line_1_90' title="bbox 1238 1313 2192 1358; baseline -0.005 -11"><span class='ocrx_word' id='word_1_856' title='bbox 1238 1319 1338 1347; x_wconf 89' lang='lat' dir='ltr'>lumus</span> <span class='ocrx_word' id='word_1_857' title='bbox 1350 1338 1358 1350; x_wconf 88' lang='lat'>‚</span> <span class='ocrx_word' id='word_1_858' title='bbox 1370 1317 1434 1351; x_wconf 84' lang='lat' dir='ltr'>eius</span> <span class='ocrx_word' id='word_1_859' title='bbox 1445 1319 1486 1346; x_wconf 90' lang='lat' dir='ltr'>rei</span> <span class='ocrx_word' id='word_1_860' title='bbox 1498 1337 1506 1350; x_wconf 86' lang='lat'><strong>,</strong></span> <span class='ocrx_word' id='word_1_861' title='bbox 1517 1327 1607 1358; x_wconf 91' lang='lat' dir='ltr'>quam</span> <span class='ocrx_word' id='word_1_862' title='bbox 1618 1317 1718 1347; x_wconf 91' lang='lat' dir='ltr'>alieno</span> <span class='ocrx_word' id='word_1_863' title='bbox 1727 1316 1819 1347; x_wconf 88' lang='lat' dir='ltr'>verbo</span> <span class='ocrx_word' id='word_1_864' title='bbox 1828 1316 1984 1355; x_wconf 84' lang='lat' dir='ltr'>posuimus</span> <span class='ocrx_word' id='word_1_865' title='bbox 1995 1335 2002 1348; x_wconf 85' lang='lat'>‚</span> <span class='ocrx_word' id='word_1_866' title='bbox 2015 1313 2192 1343; x_wconf 77' lang='lat' dir='ltr'>similitudo.</span> 
     </span>
     <span class='ocr_line' id='line_1_91' title="bbox 1237 1354 2196 1401; baseline -0.004 -12"><span class='ocrx_word' id='word_1_867' title='bbox 1237 1363 1315 1401; x_wconf 86' lang='lat' dir='ltr'>Ergo</span> <span class='ocrx_word' id='word_1_868' title='bbox 1325 1360 1369 1388; x_wconf 83' lang='lat' dir='ltr'>hae</span> <span class='ocrx_word' id='word_1_869' title='bbox 1380 1358 1593 1392; x_wconf 84' lang='lat' dir='ltr'>transsationes,</span> <span class='ocrx_word' id='word_1_870' title='bbox 1604 1357 1684 1399; x_wconf 83' lang='lat' dir='ltr'>quafi</span> <span class='ocrx_word' id='word_1_871' title='bbox 1695 1360 1898 1389; x_wconf 87' lang='lat' dir='ltr'>mutuationes</span> <span class='ocrx_word' id='word_1_872' title='bbox 1909 1357 1976 1387; x_wconf 89' lang='lat' dir='ltr'>sunt</span> <span class='ocrx_word' id='word_1_873' title='bbox 1987 1377 1994 1390; x_wconf 89' lang='lat'>‚</span> <span class='ocrx_word' id='word_1_874' title='bbox 2006 1354 2078 1386; x_wconf 75' lang='lat' dir='ltr'>cum</span> <span class='ocrx_word' id='word_1_875' title='bbox 2090 1376 2101 1390; x_wconf 78' lang='lat'>,</span> <span class='ocrx_word' id='word_1_876' title='bbox 2111 1354 2196 1396; x_wconf 89' lang='lat' dir='ltr'>quod</span> 
     </span>
     <span class='ocr_line' id='line_1_92' title="bbox 1238 1398 2196 1440; baseline -0.005 -9"><span class='ocrx_word' id='word_1_877' title='bbox 1238 1412 1302 1432; x_wconf 90' lang='lat' dir='ltr'>non</span> <span class='ocrx_word' id='word_1_878' title='bbox 1322 1401 1428 1431; x_wconf 78' lang='lat' dir='ltr'>habeas</span> <span class='ocrx_word' id='word_1_879' title='bbox 1438 1421 1446 1434; x_wconf 89' lang='lat'><em>‚</em></span> <span class='ocrx_word' id='word_1_880' title='bbox 1465 1401 1587 1431; x_wconf 87' lang='lat' dir='ltr'>aliunde</span> <span class='ocrx_word' id='word_1_881' title='bbox 1597 1401 1704 1431; x_wconf 87' lang='lat' dir='ltr'>sumas.</span> <span class='ocrx_word' id='word_1_882' title='bbox 1736 1400 1799 1430; x_wconf 77' lang='lat' dir='ltr'>111ae</span> <span class='ocrx_word' id='word_1_883' title='bbox 1808 1399 1910 1440; x_wconf 91' lang='lat' dir='ltr'>paullo</span> <span class='ocrx_word' id='word_1_884' title='bbox 1919 1398 2087 1428; x_wconf 86' lang='lat' dir='ltr'>audaciores</span> <span class='ocrx_word' id='word_1_885' title='bbox 2099 1417 2108 1431; x_wconf 89' lang='lat'><strong><em>,</em></strong></span> <span class='ocrx_word' id='word_1_886' title='bbox 2128 1406 2196 1438; x_wconf 79' lang='lat' dir='ltr'>quae</span> 
     </span>
     <span class='ocr_line' id='line_1_93' title="bbox 1238 1439 2197 1482; baseline -0.005 -9"><span class='ocrx_word' id='word_1_887' title='bbox 1238 1453 1303 1474; x_wconf 91' lang='lat' dir='ltr'>non</span> <span class='ocrx_word' id='word_1_888' title='bbox 1321 1444 1457 1482; x_wconf 85' lang='lat' dir='ltr'>inopiam</span> <span class='ocrx_word' id='word_1_889' title='bbox 1477 1442 1628 1476; x_wconf 85' lang='lat' dir='ltr'>indicant,</span> <span class='ocrx_word' id='word_1_890' title='bbox 1651 1442 1700 1472; x_wconf 91' lang='lat' dir='ltr'>sed</span> <span class='ocrx_word' id='word_1_891' title='bbox 1711 1443 1841 1472; x_wconf 86' lang='lat' dir='ltr'>orationi</span> <span class='ocrx_word' id='word_1_892' title='bbox 1851 1440 2017 1480; x_wconf 88' lang='lat' dir='ltr'>splendoris</span> <span class='ocrx_word' id='word_1_893' title='bbox 2027 1439 2140 1480; x_wconf 84' lang='lat' dir='ltr'>aliquid</span> <span class='ocrx_word' id='word_1_894' title='bbox 2150 1448 2197 1468; x_wconf 90' lang='lat' dir='ltr'>ar-</span> 
     </span>
     <span class='ocr_line' id='line_1_94' title="bbox 1238 1481 2190 1525; baseline -0.006 -9"><span class='ocrx_word' id='word_1_895' title='bbox 1238 1485 1360 1516; x_wconf 81' lang='lat' dir='ltr'>cefl&#39;unt.</span> <span class='ocrx_word' id='word_1_896' title='bbox 1384 1494 1509 1525; x_wconf 86' lang='lat' dir='ltr'>quarum</span> <span class='ocrx_word' id='word_1_897' title='bbox 1520 1495 1575 1525; x_wconf 85' lang='lat' dir='ltr'>ego</span> <span class='ocrx_word' id='word_1_898' title='bbox 1585 1504 1593 1518; x_wconf 90' lang='lat'>‚</span> <span class='ocrx_word' id='word_1_899' title='bbox 1605 1483 1678 1525; x_wconf 88' lang='lat' dir='ltr'>quid</span> <span class='ocrx_word' id='word_1_900' title='bbox 1686 1484 1775 1514; x_wconf 91' lang='lat' dir='ltr'>vobis</span> <span class='ocrx_word' id='word_1_901' title='bbox 1784 1492 1833 1513; x_wconf 91' lang='lat' dir='ltr'>aut</span> <span class='ocrx_word' id='word_1_902' title='bbox 1843 1481 2020 1512; x_wconf 88' lang='lat' dir='ltr'>inveniendi</span> <span class='ocrx_word' id='word_1_903' title='bbox 2030 1484 2190 1514; x_wconf 89' lang='lat' dir='ltr'>rationem,</span> 
     </span>
    </p>
   </div>
   <div class='ocr_carea' id='block_1_28' title="bbox 1218 1523 2259 1569">
    <p class='ocr_par' dir='ltr' id='par_1_29' title="bbox 1218 1523 2259 1569">
     <span class='ocr_line' id='line_1_95' title="bbox 1218 1523 2259 1569; baseline -0.004 -14"><span class='ocrx_word' id='word_1_904' title='bbox 1218 1530 1220 1555; x_wconf 76' lang='grc' dir='ltr'>ἶ</span> <span class='ocrx_word' id='word_1_905' title='bbox 1237 1536 1286 1558; x_wconf 86' lang='lat' dir='ltr'>aut</span> <span class='ocrx_word' id='word_1_906' title='bbox 1302 1537 1408 1569; x_wconf 87' lang='lat' dir='ltr'>genera</span> <span class='ocrx_word' id='word_1_907' title='bbox 1425 1529 1560 1566; x_wconf 82' lang='lat' dir='ltr'>ponam?</span> <span class='ocrx_word' id='word_1_908' title='bbox 1602 1525 1820 1556; x_wconf 84' lang='lat' dir='ltr'>Similitudinis</span> <span class='ocrx_word' id='word_1_909' title='bbox 1839 1524 1881 1554; x_wconf 87' lang='lat' dir='ltr'>est</span> <span class='ocrx_word' id='word_1_910' title='bbox 1897 1523 1933 1553; x_wconf 92' lang='lat' dir='ltr'>ad</span> <span class='ocrx_word' id='word_1_911' title='bbox 1951 1523 2078 1553; x_wconf 81' lang='lat' dir='ltr'>verbum</span> <span class='ocrx_word' id='word_1_912' title='bbox 2098 1532 2194 1552; x_wconf 89' lang='lat' dir='ltr'>unum</span> <span class='ocrx_word' id='word_1_913' title='bbox 2216 1527 2228 1559; x_wconf 86' lang='lat'><em>3</em></span> <span class='ocrx_word' id='word_1_914' title='bbox 2234 1525 2259 1562; x_wconf 72' lang='lat'><em>9</em></span> 
     </span>
    </p>
   </div>
   <div class='ocr_carea' id='block_1_29' title="bbox 1238 1565 2197 1651">
    <p class='ocr_par' dir='ltr' id='par_1_30' title="bbox 1238 1565 2197 1651">
     <span class='ocr_line' id='line_1_96' title="bbox 1238 1565 2196 1609; baseline -0.006 -10"><span class='ocrx_word' id='word_1_915' title='bbox 1238 1568 1387 1599; x_wconf 70' lang='lat' dir='ltr'>contraCta</span> <span class='ocrx_word' id='word_1_916' title='bbox 1396 1568 1522 1598; x_wconf 86' lang='lat' dir='ltr'>brevitas</span> <span class='ocrx_word' id='word_1_917' title='bbox 1534 1589 1542 1601; x_wconf 87' lang='lat'>‚</span> <span class='ocrx_word' id='word_1_918' title='bbox 1554 1568 1636 1609; x_wconf 90' lang='lat' dir='ltr'>quod</span> <span class='ocrx_word' id='word_1_919' title='bbox 1646 1568 1773 1597; x_wconf 88' lang='lat' dir='ltr'>verbum</span> <span class='ocrx_word' id='word_1_920' title='bbox 1785 1569 1817 1596; x_wconf 91' lang='lat' dir='ltr'>in</span> <span class='ocrx_word' id='word_1_921' title='bbox 1829 1567 1929 1596; x_wconf 83' lang='lat' dir='ltr'>alieno</span> <span class='ocrx_word' id='word_1_922' title='bbox 1939 1565 2007 1595; x_wconf 91' lang='lat' dir='ltr'>loco</span> <span class='ocrx_word' id='word_1_923' title='bbox 2018 1584 2026 1598; x_wconf 82' lang='lat'>‚</span> <span class='ocrx_word' id='word_1_924' title='bbox 2040 1573 2196 1606; x_wconf 86' lang='lat' dir='ltr'>tamquam</span> 
     </span>
     <span class='ocr_line' id='line_1_97' title="bbox 1239 1605 2197 1651; baseline -0.006 -10"><span class='ocrx_word' id='word_1_925' title='bbox 1239 1614 1272 1641; x_wconf 88' lang='lat' dir='ltr'>in</span> <span class='ocrx_word' id='word_1_926' title='bbox 1283 1612 1345 1645; x_wconf 87' lang='lat' dir='ltr'>suo,</span> <span class='ocrx_word' id='word_1_927' title='bbox 1356 1608 1487 1650; x_wconf 87' lang='lat' dir='ltr'>pofitum</span> <span class='ocrx_word' id='word_1_928' title='bbox 1498 1630 1508 1644; x_wconf 71' lang='lat'><strong><em>&gt;</em></strong></span> <span class='ocrx_word' id='word_1_929' title='bbox 1519 1608 1539 1639; x_wconf 82' lang='lat' dir='ltr'><strong>fi</strong></span> <span class='ocrx_word' id='word_1_930' title='bbox 1549 1610 1716 1651; x_wconf 89' lang='lat' dir='ltr'>agnoscitur</span> <span class='ocrx_word' id='word_1_931' title='bbox 1727 1630 1735 1642; x_wconf 94' lang='lat'><em>,</em></span> <span class='ocrx_word' id='word_1_932' title='bbox 1748 1607 1892 1638; x_wconf 65' lang='lat' dir='ltr'>deleCmt:</span> <span class='ocrx_word' id='word_1_933' title='bbox 1916 1605 1936 1636; x_wconf 89' lang='lat' dir='ltr'>fi</span> <span class='ocrx_word' id='word_1_934' title='bbox 1947 1606 2041 1636; x_wconf 86' lang='lat' dir='ltr'>simile</span> <span class='ocrx_word' id='word_1_935' title='bbox 2054 1607 2133 1635; x_wconf 83' lang='lat' dir='ltr'>nihil</span> <span class='ocrx_word' id='word_1_936' title='bbox 2143 1607 2197 1636; x_wconf 84' lang='lat' dir='ltr'>ha-</span> 
     </span>
    </p>
   </div>
   <div class='ocr_carea' id='block_1_30' title="bbox 1219 1648 2198 1727">
    <p class='ocr_par' dir='ltr' id='par_1_31' title="bbox 1219 1648 2198 1727">
     <span class='ocr_line' id='line_1_98' title="bbox 1219 1648 2198 1698; baseline -0.006 -15"><span class='ocrx_word' id='word_1_937' title='bbox 1219 1670 1220 1698; x_wconf 17' lang='grc' dir='ltr'><strong><em>ᾖ</em></strong></span> <span class='ocrx_word' id='word_1_938' title='bbox 1239 1654 1298 1686; x_wconf 88' lang='lat' dir='ltr'>bet,</span> <span class='ocrx_word' id='word_1_939' title='bbox 1311 1652 1490 1692; x_wconf 85' lang='lat' dir='ltr'>repudiatur.</span> <span class='ocrx_word' id='word_1_940' title='bbox 1511 1652 1567 1682; x_wconf 90' lang='lat' dir='ltr'>Sed</span> <span class='ocrx_word' id='word_1_941' title='bbox 1578 1662 1611 1682; x_wconf 91' lang='lat' dir='ltr'>ea</span> <span class='ocrx_word' id='word_1_942' title='bbox 1619 1650 1769 1682; x_wconf 83' lang='lat' dir='ltr'>transferri</span> <span class='ocrx_word' id='word_1_943' title='bbox 1778 1658 1972 1691; x_wconf 55' lang='lat' dir='ltr'>oportetque:</span> <span class='ocrx_word' id='word_1_944' title='bbox 1983 1657 2033 1679; x_wconf 85' lang='lat' dir='ltr'>aut</span> <span class='ocrx_word' id='word_1_945' title='bbox 2042 1648 2198 1679; x_wconf 85' lang='lat' dir='ltr'>clariorem</span> 
     </span>
     <span class='ocr_line' id='line_1_99' title="bbox 1219 1694 1691 1727; baseline -0.008 -1"><span class='ocrx_word' id='word_1_946' title='bbox 1219 1699 1221 1726; x_wconf 72' lang='grc' dir='ltr'>ἶ</span> <span class='ocrx_word' id='word_1_947' title='bbox 1239 1695 1353 1726; x_wconf 88' lang='lat' dir='ltr'>faciunt</span> <span class='ocrx_word' id='word_1_948' title='bbox 1361 1704 1425 1724; x_wconf 86' lang='lat' dir='ltr'>rem</span> <span class='ocrx_word' id='word_1_949' title='bbox 1437 1713 1445 1727; x_wconf 86' lang='grc'>,</span> <span class='ocrx_word' id='word_1_950' title='bbox 1467 1694 1558 1724; x_wconf 84' lang='lat' dir='ltr'>utilia</span> <span class='ocrx_word' id='word_1_951' title='bbox 1569 1695 1691 1723; x_wconf 85' lang='lat' dir='ltr'>omnia:</span> 
     </span>
    </p>
   </div>
   <div class='ocr_carea' id='block_1_31' title="bbox 1243 1736 2206 2442">
    <p class='ocr_par' dir='ltr' id='par_1_32' title="bbox 1491 1736 1768 1775">
     <span class='ocr_line' id='line_1_100' title="bbox 1491 1736 1768 1775; baseline -0.007 -10"><span class='ocrx_word' id='word_1_952' title='bbox 1491 1736 1657 1775; x_wconf 76' lang='lat' dir='ltr'>Inhorrefcit</span> <span class='ocrx_word' id='word_1_953' title='bbox 1672 1745 1749 1764; x_wconf 79' lang='lat' dir='ltr'>mare</span> <span class='ocrx_word' id='word_1_954' title='bbox 1759 1755 1768 1768; x_wconf 94' lang='lat'>‚</span> 
     </span>
    </p>

    <p class='ocr_par' dir='ltr' id='par_1_33' title="bbox 1262 1774 2197 1819">
     <span class='ocr_line' id='line_1_101' title="bbox 1262 1774 2197 1819; baseline -0.006 -11"><span class='ocrx_word' id='word_1_955' title='bbox 1262 1777 1382 1808; x_wconf 49' lang='lat' dir='ltr'>Tenebrae</span> <span class='ocrx_word' id='word_1_956' title='bbox 1390 1778 1627 1819; x_wconf 76' lang='lat' dir='ltr'>conduplicantur,</span> <span class='ocrx_word' id='word_1_957' title='bbox 1640 1776 1781 1817; x_wconf 61' lang='lat' dir='ltr'>nostisque</span> <span class='ocrx_word' id='word_1_958' title='bbox 1790 1776 1825 1808; x_wconf 60' lang='grc' dir='ltr'>(φ</span> <span class='ocrx_word' id='word_1_959' title='bbox 1835 1774 1963 1805; x_wconf 69' lang='grc' dir='ltr'>ηὶγηόὰνη</span> <span class='ocrx_word' id='word_1_960' title='bbox 1972 1782 2082 1806; x_wconf 68' lang='lat' dir='ltr'>occatur</span> <span class='ocrx_word' id='word_1_961' title='bbox 2093 1774 2197 1814; x_wconf 66' lang='lat' dir='ltr'>nigror,</span> 
     </span>
    </p>

    <p class='ocr_par' dir='ltr' id='par_1_34' title="bbox 1262 1817 2133 1858">
     <span class='ocr_line' id='line_1_102' title="bbox 1262 1817 2133 1858; baseline -0.006 -9"><span class='ocrx_word' id='word_1_962' title='bbox 1262 1821 1390 1850; x_wconf 71' lang='lat' dir='ltr'>Flamma</span> <span class='ocrx_word' id='word_1_963' title='bbox 1398 1822 1471 1849; x_wconf 79' lang='lat' dir='ltr'>inter</span> <span class='ocrx_word' id='word_1_964' title='bbox 1480 1818 1569 1849; x_wconf 65' lang='lat' dir='ltr'>nubea</span> <span class='ocrx_word' id='word_1_965' title='bbox 1579 1820 1703 1858; x_wconf 61' lang='lat' dir='ltr'>coruscat</span> <span class='ocrx_word' id='word_1_966' title='bbox 1712 1839 1720 1852; x_wconf 90' lang='lat'>‚</span> <span class='ocrx_word' id='word_1_967' title='bbox 1741 1818 1839 1847; x_wconf 79' lang='lat' dir='ltr'>coelum</span> <span class='ocrx_word' id='word_1_968' title='bbox 1848 1817 1956 1846; x_wconf 77' lang='lat' dir='ltr'>tonitru</span> <span class='ocrx_word' id='word_1_969' title='bbox 1966 1824 2115 1846; x_wconf 76' lang='lat' dir='ltr'>contremit</span> <span class='ocrx_word' id='word_1_970' title='bbox 2123 1837 2133 1849; x_wconf 89' lang='lat'>‚</span> 
     </span>
    </p>

    <p class='ocr_par' dir='ltr' id='par_1_35' title="bbox 1263 1857 2095 1901">
     <span class='ocr_line' id='line_1_103' title="bbox 1263 1857 2095 1901; baseline -0.007 -10"><span class='ocrx_word' id='word_1_971' title='bbox 1263 1862 1374 1892; x_wconf 78' lang='lat' dir='ltr'>Grando</span> <span class='ocrx_word' id='word_1_972' title='bbox 1385 1861 1467 1898; x_wconf 80' lang='lat' dir='ltr'>mista</span> <span class='ocrx_word' id='word_1_973' title='bbox 1478 1860 1562 1890; x_wconf 82' lang='lat' dir='ltr'>imbri</span> <span class='ocrx_word' id='word_1_974' title='bbox 1571 1861 1704 1901; x_wconf 72' lang='lat' dir='ltr'>largtfluo</span> <span class='ocrx_word' id='word_1_975' title='bbox 1709 1858 1809 1899; x_wconf 78' lang='lat' dir='ltr'>subita</span> <span class='ocrx_word' id='word_1_976' title='bbox 1814 1859 1989 1901; x_wconf 72' lang='lat' dir='ltr'>praecipitans</span> <span class='ocrx_word' id='word_1_977' title='bbox 1999 1857 2075 1886; x_wconf 76' lang='lat' dir='ltr'>cadit</span> <span class='ocrx_word' id='word_1_978' title='bbox 2084 1869 2095 1884; x_wconf 93' lang='grc'>.-</span> 
     </span>
    </p>

    <p class='ocr_par' dir='ltr' id='par_1_36' title="bbox 1262 1898 2136 1944">
     <span class='ocr_line' id='line_1_104' title="bbox 1262 1898 2136 1944; baseline -0.006 -12"><span class='ocrx_word' id='word_1_979' title='bbox 1262 1904 1396 1944; x_wconf 82' lang='lat' dir='ltr'>Undique</span> <span class='ocrx_word' id='word_1_980' title='bbox 1405 1914 1494 1933; x_wconf 81' lang='lat' dir='ltr'>omnes</span> <span class='ocrx_word' id='word_1_981' title='bbox 1502 1904 1582 1933; x_wconf 79' lang='lat' dir='ltr'>venti</span> <span class='ocrx_word' id='word_1_982' title='bbox 1592 1910 1741 1944; x_wconf 78' lang='lat' dir='ltr'>erumpunt</span> <span class='ocrx_word' id='word_1_983' title='bbox 1750 1922 1760 1935; x_wconf 90' lang='lat'>,</span> <span class='ocrx_word' id='word_1_984' title='bbox 1775 1902 1844 1941; x_wconf 71' lang='lat' dir='ltr'>flevi</span> <span class='ocrx_word' id='word_1_985' title='bbox 1852 1899 1983 1942; x_wconf 54' lang='lat' dir='ltr'>exsistunt</span> <span class='ocrx_word' id='word_1_986' title='bbox 1992 1898 2114 1929; x_wconf 70' lang='lat' dir='ltr'>turbines</span> <span class='ocrx_word' id='word_1_987' title='bbox 2123 1910 2136 1926; x_wconf 64' lang='grc' dir='ltr'><em>π</em></span> 
     </span>
    </p>

    <p class='ocr_par' dir='ltr' id='par_1_37' title="bbox 1264 1937 2038 1987">
     <span class='ocr_line' id='line_1_105' title="bbox 1264 1937 2038 1987; baseline -0.006 -12"><span class='ocrx_word' id='word_1_988' title='bbox 1264 1949 1361 1975; x_wconf 80' lang='lat' dir='ltr'>Fervtr</span> <span class='ocrx_word' id='word_1_989' title='bbox 1369 1944 1561 1987; x_wconf 72' lang='lat' dir='ltr'>astupelaguc.</span> <span class='ocrx_word' id='word_1_990' title='bbox 1671 1948 1675 1952; x_wconf 88' lang='lat'>&#39;</span> <span class='ocrx_word' id='word_1_991' title='bbox 2032 1937 2038 1940; x_wconf 62' lang='grc'><strong>”</strong></span> 
     </span>
    </p>

    <p class='ocr_par' dir='ltr' id='par_1_38' title="bbox 1243 1981 2203 2191">
     <span class='ocr_line' id='line_1_106' title="bbox 1244 1981 2200 2028; baseline -0.006 -11"><span class='ocrx_word' id='word_1_992' title='bbox 1244 1989 1355 2018; x_wconf 89' lang='lat' dir='ltr'>Omnia</span> <span class='ocrx_word' id='word_1_993' title='bbox 1363 1986 1425 2017; x_wconf 76' lang='lat' dir='ltr'>fere</span> <span class='ocrx_word' id='word_1_994' title='bbox 1436 1997 1497 2028; x_wconf 91' lang='lat' dir='ltr'>quo</span> <span class='ocrx_word' id='word_1_995' title='bbox 1506 1985 1598 2017; x_wconf 84' lang='lat' dir='ltr'>effent</span> <span class='ocrx_word' id='word_1_996' title='bbox 1606 1986 1727 2016; x_wconf 87' lang='lat' dir='ltr'>clariora</span> <span class='ocrx_word' id='word_1_997' title='bbox 1735 2006 1743 2019; x_wconf 94' lang='lat'>‚</span> <span class='ocrx_word' id='word_1_998' title='bbox 1755 1983 1898 2016; x_wconf 87' lang='lat' dir='ltr'>transsatis</span> <span class='ocrx_word' id='word_1_999' title='bbox 1906 1993 1959 2023; x_wconf 88' lang='lat' dir='ltr'>per</span> <span class='ocrx_word' id='word_1_1000' title='bbox 1967 1981 2200 2013; x_wconf 84' lang='lat' dir='ltr'>similitudinem</span> 
     </span>
     <span class='ocr_line' id='line_1_107' title="bbox 1243 2023 2200 2069; baseline -0.006 -10"><span class='ocrx_word' id='word_1_1001' title='bbox 1243 2030 1341 2060; x_wconf 83' lang='lat' dir='ltr'>verbis</span> <span class='ocrx_word' id='word_1_1002' title='bbox 1356 2028 1436 2059; x_wconf 58' lang='lat' dir='ltr'>‘iiiia</span> <span class='ocrx_word' id='word_1_1003' title='bbox 1452 2029 1526 2059; x_wconf 75' lang='lat' dir='ltr'>sunt</span> <span class='ocrx_word' id='word_1_1004' title='bbox 1554 2031 1615 2059; x_wconf 91' lang='lat' dir='ltr'>Aut</span> <span class='ocrx_word' id='word_1_1005' title='bbox 1623 2027 1683 2068; x_wconf 77' lang='lat' dir='ltr'>quo</span> <span class='ocrx_word' id='word_1_1006' title='bbox 1693 2026 1872 2069; x_wconf 80' lang='lat' dir='ltr'>significetur</span> <span class='ocrx_word' id='word_1_1007' title='bbox 1882 2027 1976 2065; x_wconf 83' lang='lat' dir='ltr'>magis</span> <span class='ocrx_word' id='word_1_1008' title='bbox 1986 2035 2031 2054; x_wconf 90' lang='lat' dir='ltr'>res</span> <span class='ocrx_word' id='word_1_1009' title='bbox 2041 2033 2100 2054; x_wconf 84' lang='lat' dir='ltr'>tota</span> <span class='ocrx_word' id='word_1_1010' title='bbox 2111 2045 2119 2058; x_wconf 88' lang='lat'>‚</span> <span class='ocrx_word' id='word_1_1011' title='bbox 2142 2023 2200 2054; x_wconf 89' lang='lat' dir='ltr'>five</span> 
     </span>
     <span class='ocr_line' id='line_1_108' title="bbox 1243 2066 2203 2110; baseline -0.007 -9"><span class='ocrx_word' id='word_1_1012' title='bbox 1243 2071 1315 2102; x_wconf 63' lang='lat' dir='ltr'>fasti</span> <span class='ocrx_word' id='word_1_1013' title='bbox 1324 2071 1449 2110; x_wconf 74' lang='lat' dir='ltr'>alicujus</span> <span class='ocrx_word' id='word_1_1014' title='bbox 1462 2091 1470 2104; x_wconf 90' lang='lat'>‚</span> <span class='ocrx_word' id='word_1_1015' title='bbox 1489 2069 1547 2100; x_wconf 87' lang='lat' dir='ltr'>five</span> <span class='ocrx_word' id='word_1_1016' title='bbox 1564 2069 1680 2100; x_wconf 81' lang='lat' dir='ltr'>consilii</span> <span class='ocrx_word' id='word_1_1017' title='bbox 1691 2090 1700 2103; x_wconf 85' lang='lat'>,</span> <span class='ocrx_word' id='word_1_1018' title='bbox 1720 2078 1752 2099; x_wconf 90' lang='lat' dir='ltr'>ut</span> <span class='ocrx_word' id='word_1_1019' title='bbox 1763 2069 1814 2098; x_wconf 85' lang='lat' dir='ltr'>ille</span> <span class='ocrx_word' id='word_1_1020' title='bbox 1823 2087 1833 2100; x_wconf 89' lang='lat'>,</span> <span class='ocrx_word' id='word_1_1021' title='bbox 1851 2068 1904 2107; x_wconf 87' lang='lat' dir='ltr'>qui</span> <span class='ocrx_word' id='word_1_1022' title='bbox 1914 2066 2114 2096; x_wconf 87' lang='lat' dir='ltr'>occultantem</span> <span class='ocrx_word' id='word_1_1023' title='bbox 2125 2076 2203 2095; x_wconf 82' lang='lat' dir='ltr'>con-</span> 
     </span>
     <span class='ocr_line' id='line_1_109' title="bbox 1243 2105 2200 2153; baseline -0.006 -11"><span class='ocrx_word' id='word_1_1024' title='bbox 1243 2112 1333 2145; x_wconf 78' lang='lat' dir='ltr'>fulto,</span> <span class='ocrx_word' id='word_1_1025' title='bbox 1344 2122 1380 2141; x_wconf 89' lang='lat' dir='ltr'>ne</span> <span class='ocrx_word' id='word_1_1026' title='bbox 1392 2112 1436 2144; x_wconf 81' lang='lat' dir='ltr'>id,</span> <span class='ocrx_word' id='word_1_1027' title='bbox 1446 2111 1528 2152; x_wconf 84' lang='lat' dir='ltr'>quod</span> <span class='ocrx_word' id='word_1_1028' title='bbox 1538 2120 1678 2153; x_wconf 82' lang='lat' dir='ltr'>ageretur,</span> <span class='ocrx_word' id='word_1_1029' title='bbox 1689 2110 1819 2150; x_wconf 87' lang='lat' dir='ltr'>intelligi</span> <span class='ocrx_word' id='word_1_1030' title='bbox 1828 2105 1923 2147; x_wconf 81' lang='lat' dir='ltr'>posset</span> <span class='ocrx_word' id='word_1_1031' title='bbox 1933 2127 1942 2141; x_wconf 86' lang='lat'>,</span> <span class='ocrx_word' id='word_1_1032' title='bbox 1953 2107 2070 2137; x_wconf 89' lang='lat' dir='ltr'>duobus</span> <span class='ocrx_word' id='word_1_1033' title='bbox 2079 2107 2200 2137; x_wconf 85' lang='lat' dir='ltr'>transla—</span> 
     </span>
     <span class='ocr_line' id='line_1_110' title="bbox 1244 2150 1806 2191; baseline -0.005 -8"><span class='ocrx_word' id='word_1_1034' title='bbox 1244 2156 1280 2184; x_wconf 84' lang='lat' dir='ltr'>tis</span> <span class='ocrx_word' id='word_1_1035' title='bbox 1291 2153 1390 2183; x_wconf 87' lang='lat' dir='ltr'>verbis</span> <span class='ocrx_word' id='word_1_1036' title='bbox 1401 2152 1596 2182; x_wconf 82' lang='lat' dir='ltr'>similitudine</span> <span class='ocrx_word' id='word_1_1037' title='bbox 1607 2152 1667 2191; x_wconf 88' lang='lat' dir='ltr'>ipsa</span> <span class='ocrx_word' id='word_1_1038' title='bbox 1677 2150 1789 2180; x_wconf 81' lang='lat' dir='ltr'>indicat</span> <span class='ocrx_word' id='word_1_1039' title='bbox 1798 2170 1806 2184; x_wconf 86' lang='lat'>‚</span> 
     </span>
    </p>

    <p class='ocr_par' dir='ltr' id='par_1_39' title="bbox 1243 2188 2206 2442">
     <span class='ocr_line' id='line_1_111' title="bbox 1263 2188 2122 2235; baseline 0.007 -21"><span class='ocrx_word' id='word_1_1040' title='bbox 1263 2194 1279 2214; x_wconf 87' lang='lat'><em>6</em></span> <span class='ocrx_word' id='word_1_1041' title='bbox 1289 2193 1526 2235; x_wconf 83' lang='lat' dir='ltr'>Qandoquidem</span> <span class='ocrx_word' id='word_1_1042' title='bbox 1543 2192 1588 2229; x_wconf 74' lang='lat' dir='ltr'>iste</span> <span class='ocrx_word' id='word_1_1043' title='bbox 1607 2190 1796 2227; x_wconf 68' lang='lat' dir='ltr'>circumvestit</span> <span class='ocrx_word' id='word_1_1044' title='bbox 1812 2190 1891 2220; x_wconf 59' lang='lat' dir='ltr'>distis</span> <span class='ocrx_word' id='word_1_1045' title='bbox 1903 2212 1911 2224; x_wconf 95' lang='lat'>‚</span> <span class='ocrx_word' id='word_1_1046' title='bbox 1927 2191 2006 2234; x_wconf 47' lang='lat' dir='ltr'>sapit</span> <span class='ocrx_word' id='word_1_1047' title='bbox 2018 2188 2122 2230; x_wconf 58' lang='lat' dir='ltr'>seduli».</span> 
     </span>
     <span class='ocr_line' id='line_1_112' title="bbox 1244 2231 2202 2275; baseline -0.004 -9"><span class='ocrx_word' id='word_1_1048' title='bbox 1244 2239 1487 2275; x_wconf 83' lang='lat' dir='ltr'>Nonnumquam</span> <span class='ocrx_word' id='word_1_1049' title='bbox 1497 2236 1587 2264; x_wconf 89' lang='lat' dir='ltr'>etiam</span> <span class='ocrx_word' id='word_1_1050' title='bbox 1597 2233 1724 2263; x_wconf 87' lang='lat' dir='ltr'>brevitas</span> <span class='ocrx_word' id='word_1_1051' title='bbox 1732 2233 1920 2263; x_wconf 87' lang='lat' dir='ltr'>transsatione</span> <span class='ocrx_word' id='word_1_1052' title='bbox 1929 2231 2089 2263; x_wconf 87' lang='lat' dir='ltr'>conficitur</span> <span class='ocrx_word' id='word_1_1053' title='bbox 2099 2253 2109 2266; x_wconf 86' lang='lat'>‚</span> <span class='ocrx_word' id='word_1_1054' title='bbox 2120 2241 2153 2263; x_wconf 92' lang='lat' dir='ltr'>ut</span> <span class='ocrx_word' id='word_1_1055' title='bbox 2163 2233 2202 2262; x_wconf 84' lang='lat' dir='ltr'>il-</span> 
     </span>
     <span class='ocr_line' id='line_1_113' title="bbox 1243 2273 2203 2315; baseline -0.003 -8"><span class='ocrx_word' id='word_1_1056' title='bbox 1243 2278 1295 2308; x_wconf 91' lang='lat' dir='ltr'>lud</span> <span class='ocrx_word' id='word_1_1057' title='bbox 1307 2298 1315 2310; x_wconf 86' lang='lat'><em>,</em></span> <span class='ocrx_word' id='word_1_1058' title='bbox 1335 2277 1367 2306; x_wconf 79' lang='lat' dir='ltr'>Si</span> <span class='ocrx_word' id='word_1_1059' title='bbox 1377 2283 1465 2305; x_wconf 76' lang='lat' dir='ltr'>telum</span> <span class='ocrx_word' id='word_1_1060' title='bbox 1483 2287 1570 2305; x_wconf 74' lang='lat' dir='ltr'>manu</span> <span class='ocrx_word' id='word_1_1061' title='bbox 1582 2275 1673 2315; x_wconf 81' lang='lat' dir='ltr'>fugit.</span> <span class='ocrx_word' id='word_1_1062' title='bbox 1701 2275 1907 2315; x_wconf 86' lang='lat' dir='ltr'>Imprudentia</span> <span class='ocrx_word' id='word_1_1063' title='bbox 1917 2275 1968 2304; x_wconf 87' lang='lat' dir='ltr'>teli</span> <span class='ocrx_word' id='word_1_1064' title='bbox 1979 2273 2075 2305; x_wconf 86' lang='lat' dir='ltr'>emiffi</span> <span class='ocrx_word' id='word_1_1065' title='bbox 2084 2275 2203 2305; x_wconf 79' lang='lat' dir='ltr'>brevius</span> 
     </span>
     <span class='ocr_line' id='line_1_114' title="bbox 1243 2315 2206 2360; baseline -0.003 -11"><span class='ocrx_word' id='word_1_1066' title='bbox 1243 2320 1368 2360; x_wconf 89' lang='lat' dir='ltr'>propriis</span> <span class='ocrx_word' id='word_1_1067' title='bbox 1378 2318 1475 2348; x_wconf 88' lang='lat' dir='ltr'>verbis</span> <span class='ocrx_word' id='word_1_1068' title='bbox 1485 2320 1597 2357; x_wconf 80' lang='lat' dir='ltr'>exponi</span> <span class='ocrx_word' id='word_1_1069' title='bbox 1608 2327 1672 2347; x_wconf 90' lang='lat' dir='ltr'>non</span> <span class='ocrx_word' id='word_1_1070' title='bbox 1681 2319 1779 2357; x_wconf 82' lang='lat' dir='ltr'>potuit</span> <span class='ocrx_word' id='word_1_1071' title='bbox 1789 2337 1798 2350; x_wconf 84' lang='grc'>,</span> <span class='ocrx_word' id='word_1_1072' title='bbox 1824 2317 1915 2356; x_wconf 68' lang='lat' dir='ltr'>quiim</span> <span class='ocrx_word' id='word_1_1073' title='bbox 1926 2316 1968 2346; x_wconf 89' lang='lat' dir='ltr'>est</span> <span class='ocrx_word' id='word_1_1074' title='bbox 1976 2326 2039 2346; x_wconf 89' lang='lat' dir='ltr'>uno</span> <span class='ocrx_word' id='word_1_1075' title='bbox 2048 2315 2206 2357; x_wconf 81' lang='lat' dir='ltr'>significata</span> 
     </span>
     <span class='ocr_line' id='line_1_115' title="bbox 1246 2357 2202 2400; baseline -0.003 -9"><span class='ocrx_word' id='word_1_1076' title='bbox 1246 2360 1393 2391; x_wconf 86' lang='lat' dir='ltr'>transsato.</span> <span class='ocrx_word' id='word_1_1077' title='bbox 1425 2362 1522 2400; x_wconf 89' lang='lat' dir='ltr'>Atque</span> <span class='ocrx_word' id='word_1_1078' title='bbox 1537 2361 1595 2389; x_wconf 91' lang='lat' dir='ltr'>hoc</span> <span class='ocrx_word' id='word_1_1079' title='bbox 1612 2361 1645 2388; x_wconf 86' lang='lat' dir='ltr'>in</span> <span class='ocrx_word' id='word_1_1080' title='bbox 1654 2369 1759 2400; x_wconf 85' lang='lat' dir='ltr'>genere</span> <span class='ocrx_word' id='word_1_1081' title='bbox 1767 2359 1893 2398; x_wconf 78' lang='lat' dir='ltr'>persaepe</span> <span class='ocrx_word' id='word_1_1082' title='bbox 1903 2359 1981 2388; x_wconf 88' lang='lat' dir='ltr'>mihi</span> <span class='ocrx_word' id='word_1_1083' title='bbox 1990 2357 2202 2389; x_wconf 85' lang='lat' dir='ltr'>admirandum</span> 
     </span>
     <span class='ocr_line' id='line_1_116' title="bbox 1246 2399 2202 2442; baseline -0.003 -10"><span class='ocrx_word' id='word_1_1084' title='bbox 1246 2402 1380 2435; x_wconf 87' lang='lat' dir='ltr'>videtur,</span> <span class='ocrx_word' id='word_1_1085' title='bbox 1402 2402 1474 2442; x_wconf 88' lang='lat' dir='ltr'>quid</span> <span class='ocrx_word' id='word_1_1086' title='bbox 1486 2400 1520 2431; x_wconf 84' lang='lat' dir='ltr'>sit</span> <span class='ocrx_word' id='word_1_1087' title='bbox 1531 2422 1540 2435; x_wconf 91' lang='lat'>,</span> <span class='ocrx_word' id='word_1_1088' title='bbox 1560 2400 1641 2442; x_wconf 71' lang='lat' dir='ltr'>quod</span> <span class='ocrx_word' id='word_1_1089' title='bbox 1653 2411 1761 2430; x_wconf 87' lang='lat' dir='ltr'>omnes</span> <span class='ocrx_word' id='word_1_1090' title='bbox 1771 2399 1913 2430; x_wconf 86' lang='lat' dir='ltr'>transsatis</span> <span class='ocrx_word' id='word_1_1091' title='bbox 1924 2420 1933 2434; x_wconf 88' lang='lat'>,</span> <span class='ocrx_word' id='word_1_1092' title='bbox 1948 2400 1981 2430; x_wconf 88' lang='lat'>&amp;</span> <span class='ocrx_word' id='word_1_1093' title='bbox 1992 2400 2097 2430; x_wconf 84' lang='lat' dir='ltr'>alienis</span> <span class='ocrx_word' id='word_1_1094' title='bbox 2108 2401 2202 2440; x_wconf 87' lang='lat' dir='ltr'>magis</span> 
     </span>
    </p>
   </div>
   <div class='ocr_carea' id='block_1_32' title="bbox 2241 0 2316 2402">
    <p class='ocr_par' dir='ltr' id='par_1_40' title="bbox 2241 0 2316 2402">
     <span class='ocr_line' id='line_1_117' title="bbox 2241 0 2316 2402; baseline 0 0"><span class='ocrx_word' id='word_1_1095' title='bbox 2241 0 2316 2402; x_wconf 95' lang='lat' dir='ltr'> </span> 
     </span>
    </p>
   </div>
   <div class='ocr_carea' id='block_1_33' title="bbox 1247 2420 2316 2489">
    <p class='ocr_par' dir='ltr' id='par_1_41' title="bbox 1247 2420 2316 2489">
     <span class='ocr_line' id='line_1_118' title="bbox 1247 2420 2316 2489; baseline -0.004 -15"><span class='ocrx_word' id='word_1_1096' title='bbox 1247 2443 1432 2475; x_wconf 59' lang='lat' dir='ltr'>delefiiantur</span> <span class='ocrx_word' id='word_1_1097' title='bbox 1440 2443 1642 2484; x_wconf 70' lang='lat' dir='ltr'>verbis‚quiim</span> <span class='ocrx_word' id='word_1_1098' title='bbox 1653 2444 1789 2482; x_wconf 80' lang='lat' dir='ltr'>proprii5‚</span> <span class='ocrx_word' id='word_1_1099' title='bbox 1803 2442 1913 2472; x_wconf 68' lang='lat' dir='ltr'>&amp;suis</span> <span class='ocrx_word' id='word_1_1100' title='bbox 1937 2444 2018 2472; x_wconf 89' lang='lat' dir='ltr'>Nam</span> <span class='ocrx_word' id='word_1_1101' title='bbox 2030 2440 2103 2472; x_wconf 84' lang='lat' dir='ltr'>sires</span> <span class='ocrx_word' id='word_1_1102' title='bbox 2113 2442 2200 2489; x_wconf 84' lang='lat' dir='ltr'>suum</span> <span class='ocrx_word' id='word_1_1103' title='bbox 2219 2451 2268 2485; x_wconf 84' lang='lat'>40</span> <span class='ocrx_word' id='word_1_1104' title='bbox 2312 2420 2316 2485; x_wconf 49' lang='grc' dir='ltr'><strong>ζ</strong></span> 
     </span>
    </p>
   </div>
   <div class='ocr_carea' id='block_1_34' title="bbox 1247 2484 2210 2680">
    <p class='ocr_par' dir='ltr' id='par_1_42' title="bbox 1247 2484 2205 2650">
     <span class='ocr_line' id='line_1_119' title="bbox 1247 2484 2204 2526; baseline -0.002 -11"><span class='ocrx_word' id='word_1_1105' title='bbox 1247 2496 1363 2516; x_wconf 88' lang='lat' dir='ltr'>nomen</span> <span class='ocrx_word' id='word_1_1106' title='bbox 1374 2485 1406 2514; x_wconf 89' lang='lat'>&amp;</span> <span class='ocrx_word' id='word_1_1107' title='bbox 1416 2487 1570 2526; x_wconf 88' lang='lat' dir='ltr'>proprium</span> <span class='ocrx_word' id='word_1_1108' title='bbox 1580 2485 1763 2515; x_wconf 89' lang='lat' dir='ltr'>vocabulum</span> <span class='ocrx_word' id='word_1_1109' title='bbox 1774 2494 1838 2514; x_wconf 90' lang='lat' dir='ltr'>non</span> <span class='ocrx_word' id='word_1_1110' title='bbox 1848 2484 1937 2514; x_wconf 88' lang='lat' dir='ltr'>habet</span> <span class='ocrx_word' id='word_1_1111' title='bbox 1945 2503 1953 2517; x_wconf 86' lang='lat'>,</span> <span class='ocrx_word' id='word_1_1112' title='bbox 1975 2492 2008 2513; x_wconf 89' lang='lat' dir='ltr'>ut</span> <span class='ocrx_word' id='word_1_1113' title='bbox 2021 2492 2064 2520; x_wconf 77' lang='lat' dir='ltr'>pes</span> <span class='ocrx_word' id='word_1_1114' title='bbox 2077 2484 2111 2512; x_wconf 91' lang='lat' dir='ltr'>in</span> <span class='ocrx_word' id='word_1_1115' title='bbox 2119 2493 2204 2517; x_wconf 69' lang='lat' dir='ltr'>navr,</span> 
     </span>
     <span class='ocr_line' id='line_1_120' title="bbox 1248 2525 2203 2568; baseline -0.006 -10"><span class='ocrx_word' id='word_1_1116' title='bbox 1248 2537 1281 2558; x_wconf 90' lang='lat' dir='ltr'>ut</span> <span class='ocrx_word' id='word_1_1117' title='bbox 1291 2537 1395 2557; x_wconf 82' lang='lat' dir='ltr'>nexum</span> <span class='ocrx_word' id='word_1_1118' title='bbox 1405 2547 1414 2559; x_wconf 82' lang='lat'>‚</span> <span class='ocrx_word' id='word_1_1119' title='bbox 1431 2527 1511 2568; x_wconf 92' lang='lat' dir='ltr'>quod</span> <span class='ocrx_word' id='word_1_1120' title='bbox 1520 2537 1572 2567; x_wconf 91' lang='lat' dir='ltr'>per</span> <span class='ocrx_word' id='word_1_1121' title='bbox 1581 2527 1687 2556; x_wconf 84' lang='lat' dir='ltr'>libram</span> <span class='ocrx_word' id='word_1_1122' title='bbox 1699 2528 1793 2567; x_wconf 88' lang='lat' dir='ltr'>agitur</span> <span class='ocrx_word' id='word_1_1123' title='bbox 1802 2545 1811 2560; x_wconf 83' lang='lat'>,</span> <span class='ocrx_word' id='word_1_1124' title='bbox 1831 2534 1864 2555; x_wconf 89' lang='lat' dir='ltr'>ut</span> <span class='ocrx_word' id='word_1_1125' title='bbox 1873 2527 1906 2555; x_wconf 93' lang='lat' dir='ltr'>in</span> <span class='ocrx_word' id='word_1_1126' title='bbox 1915 2535 2008 2556; x_wconf 82' lang='lat' dir='ltr'>uxore</span> <span class='ocrx_word' id='word_1_1127' title='bbox 2026 2525 2182 2554; x_wconf 80' lang='lat' dir='ltr'>divortium</span> <span class='ocrx_word' id='word_1_1128' title='bbox 2190 2535 2203 2552; x_wconf 86' lang='lat'>.-</span> 
     </span>
     <span class='ocr_line' id='line_1_121' title="bbox 1248 2566 2204 2609; baseline -0.004 -10"><span class='ocrx_word' id='word_1_1129' title='bbox 1248 2567 1398 2599; x_wconf 87' lang='lat' dir='ltr'>neceffitas</span> <span class='ocrx_word' id='word_1_1130' title='bbox 1405 2572 1486 2609; x_wconf 87' lang='lat' dir='ltr'>cogit</span> <span class='ocrx_word' id='word_1_1131' title='bbox 1496 2589 1503 2603; x_wconf 90' lang='lat'>‚</span> <span class='ocrx_word' id='word_1_1132' title='bbox 1517 2568 1598 2609; x_wconf 92' lang='lat' dir='ltr'>quod</span> <span class='ocrx_word' id='word_1_1133' title='bbox 1609 2578 1673 2598; x_wconf 89' lang='lat' dir='ltr'>non</span> <span class='ocrx_word' id='word_1_1134' title='bbox 1682 2569 1787 2598; x_wconf 86' lang='lat' dir='ltr'>habeas</span> <span class='ocrx_word' id='word_1_1135' title='bbox 1795 2588 1804 2602; x_wconf 89' lang='lat'>‚</span> <span class='ocrx_word' id='word_1_1136' title='bbox 1827 2567 1948 2597; x_wconf 89' lang='lat' dir='ltr'>aliunde</span> <span class='ocrx_word' id='word_1_1137' title='bbox 1958 2568 2090 2597; x_wconf 85' lang='lat' dir='ltr'>sumere:</span> <span class='ocrx_word' id='word_1_1138' title='bbox 2101 2566 2159 2596; x_wconf 86' lang='lat' dir='ltr'>-sed</span> <span class='ocrx_word' id='word_1_1139' title='bbox 2169 2568 2204 2596; x_wconf 88' lang='lat' dir='ltr'>in</span> 
     </span>
     <span class='ocr_line' id='line_1_122' title="bbox 1248 2608 2205 2650; baseline -0.004 -8"><span class='ocrx_word' id='word_1_1140' title='bbox 1248 2612 1372 2642; x_wconf 84' lang='lat' dir='ltr'>suorum</span> <span class='ocrx_word' id='word_1_1141' title='bbox 1389 2612 1553 2641; x_wconf 86' lang='lat' dir='ltr'>verborum</span> <span class='ocrx_word' id='word_1_1142' title='bbox 1574 2612 1707 2640; x_wconf 82' lang='lat' dir='ltr'>maxima</span> <span class='ocrx_word' id='word_1_1143' title='bbox 1715 2612 1801 2650; x_wconf 89' lang='lat' dir='ltr'>copia</span> <span class='ocrx_word' id='word_1_1144' title='bbox 1812 2629 1821 2644; x_wconf 90' lang='lat'>‚</span> <span class='ocrx_word' id='word_1_1145' title='bbox 1843 2617 1946 2640; x_wconf 84' lang='lat' dir='ltr'>tamen</span> <span class='ocrx_word' id='word_1_1146' title='bbox 1955 2610 2098 2639; x_wconf 88' lang='lat' dir='ltr'>homines</span> <span class='ocrx_word' id='word_1_1147' title='bbox 2107 2608 2205 2638; x_wconf 85' lang='lat' dir='ltr'>aliena</span> 
     </span>
    </p>

    <p class='ocr_par' dir='ltr' id='par_1_43' title="bbox 2107 2650 2210 2680">
     <span class='ocr_line' id='line_1_123' title="bbox 2107 2650 2210 2680; baseline 0 0"><span class='ocrx_word' id='word_1_1148' title='bbox 2107 2650 2210 2680; x_wconf 87' lang='lat' dir='ltr'>multo</span> 
     </span>
    </p>
   </div>
   <div class='ocr_carea' id='block_1_35' title="bbox 252 2705 2211 2725">
    <p class='ocr_par' dir='ltr' id='par_1_44' title="bbox 252 2705 2211 2725">
     <span class='ocr_line' id='line_1_124' title="bbox 252 2705 2211 2725; baseline -0.005 -4"><span class='ocrx_word' id='word_1_1149' title='bbox 252 2705 2211 2725; x_wconf 35' lang='lat' dir='ltr'>h—*ffl———ss———ffi—-f-</span> 
     </span>
    </p>
   </div>
   <div class='ocr_carea' id='block_1_36' title="bbox 251 2747 1216 3182">
    <p class='ocr_par' dir='ltr' id='par_1_45' title="bbox 251 2747 1207 2856">
     <span class='ocr_line' id='line_1_125' title="bbox 290 2747 1207 2789; baseline -0.004 -14"><span class='ocrx_word' id='word_1_1150' title='bbox 290 2759 314 2777; x_wconf 79' lang='lat'>⁴1.</span> <span class='ocrx_word' id='word_1_1151' title='bbox 335 2753 417 2776; x_wconf 81' lang='lat' dir='ltr'>Verum</span> <span class='ocrx_word' id='word_1_1152' title='bbox 427 2752 465 2775; x_wconf 78' lang='lat' dir='ltr'>hoc</span> <span class='ocrx_word' id='word_1_1153' title='bbox 473 2750 625 2784; x_wconf 43' lang='lat' dir='ltr'>quast-forum,</span> <span class='ocrx_word' id='word_1_1154' title='bbox 634 2748 706 2782; x_wconf 53' lang='lat' dir='ltr'>dja]</span> <span class='ocrx_word' id='word_1_1155' title='bbox 719 2748 775 2775; x_wconf 82' lang='lat' dir='ltr'>Pal.</span> <span class='ocrx_word' id='word_1_1156' title='bbox 786 2749 866 2789; x_wconf 79' lang='lat' dir='ltr'>prim.</span> <span class='ocrx_word' id='word_1_1157' title='bbox 878 2747 926 2775; x_wconf 84' lang='lat' dir='ltr'>sec.</span> <span class='ocrx_word' id='word_1_1158' title='bbox 939 2747 1098 2775; x_wconf 77' lang='lat' dir='ltr'>interserunt</span> <span class='ocrx_word' id='word_1_1159' title='bbox 1108 2753 1186 2772; x_wconf 73' lang='lat' dir='ltr'>tamen</span> <span class='ocrx_word' id='word_1_1160' title='bbox 1199 2766 1207 2778; x_wconf 91' lang='lat'>,</span> 
     </span>
     <span class='ocr_line' id='line_1_126' title="bbox 251 2782 1204 2821; baseline -0.004 -9"><span class='ocrx_word' id='word_1_1161' title='bbox 251 2788 314 2812; x_wconf 84' lang='lat' dir='ltr'>item</span> <span class='ocrx_word' id='word_1_1162' title='bbox 327 2786 398 2812; x_wconf 80' lang='lat' dir='ltr'>Pith.</span> <span class='ocrx_word' id='word_1_1163' title='bbox 419 2786 463 2821; x_wconf 77' lang='lat' dir='ltr'>qni</span> <span class='ocrx_word' id='word_1_1164' title='bbox 475 2785 557 2812; x_wconf 74' lang='lat' dir='ltr'>adhuc</span> <span class='ocrx_word' id='word_1_1165' title='bbox 567 2785 659 2819; x_wconf 74' lang='lat' dir='ltr'>adjicit</span> <span class='ocrx_word' id='word_1_1166' title='bbox 677 2788 747 2820; x_wconf 69' lang='lat' dir='ltr'>hujus</span> <span class='ocrx_word' id='word_1_1167' title='bbox 758 2805 766 2817; x_wconf 87' lang='lat'>,</span> <span class='ocrx_word' id='word_1_1168' title='bbox 785 2784 828 2811; x_wconf 78' lang='lat' dir='ltr'>ied</span> <span class='ocrx_word' id='word_1_1169' title='bbox 839 2786 909 2811; x_wconf 84' lang='lat' dir='ltr'>enini</span> <span class='ocrx_word' id='word_1_1170' title='bbox 921 2785 1002 2811; x_wconf 81' lang='lat' dir='ltr'>ceteri</span> <span class='ocrx_word' id='word_1_1171' title='bbox 1013 2783 1082 2810; x_wconf 31' lang='lat' dir='ltr'>Pau*</span> <span class='ocrx_word' id='word_1_1172' title='bbox 1093 2782 1204 2809; x_wconf 83' lang='lat' dir='ltr'>habent:</span> 
     </span>
     <span class='ocr_line' id='line_1_127' title="bbox 252 2822 629 2856; baseline 0.003 -9"><span class='ocrx_word' id='word_1_1173' title='bbox 252 2833 335 2847; x_wconf 60' lang='lat' dir='ltr'>&gt;rernm</span> <span class='ocrx_word' id='word_1_1174' title='bbox 343 2825 392 2855; x_wconf 66' lang='lat' dir='ltr'>jam</span> <span class='ocrx_word' id='word_1_1175' title='bbox 401 2826 427 2848; x_wconf 79' lang='lat' dir='ltr'>in</span> <span class='ocrx_word' id='word_1_1176' title='bbox 436 2823 475 2847; x_wconf 78' lang='lat' dir='ltr'>hoc</span> <span class='ocrx_word' id='word_1_1177' title='bbox 482 2824 550 2856; x_wconf 79' lang='lat' dir='ltr'>qnasi</span> <span class='ocrx_word' id='word_1_1178' title='bbox 559 2841 566 2852; x_wconf 88' lang='lat'><strong>‚</strong></span> <span class='ocrx_word' id='word_1_1179' title='bbox 577 2822 629 2852; x_wconf 70' lang='lat' dir='ltr'>&amp;c-</span> 
     </span>
    </p>

    <p class='ocr_par' dir='ltr' id='par_1_46' title="bbox 254 2854 1211 2992">
     <span class='ocr_line' id='line_1_128' title="bbox 287 2854 1208 2892; baseline -0.003 -9"><span class='ocrx_word' id='word_1_1180' title='bbox 287 2867 316 2884; x_wconf 88' lang='lat'>2.</span> <span class='ocrx_word' id='word_1_1181' title='bbox 335 2863 428 2883; x_wconf 73' lang='lat' dir='ltr'>Omnem</span> <span class='ocrx_word' id='word_1_1182' title='bbox 446 2861 580 2883; x_wconf 77' lang='lat' dir='ltr'>exanimato</span> <span class='ocrx_word' id='word_1_1183' title='bbox 596 2858 752 2892; x_wconf 63' lang='lat' dir='ltr'>expcflorat]</span> <span class='ocrx_word' id='word_1_1184' title='bbox 772 2857 909 2884; x_wconf 74' lang='lat' dir='ltr'>Revocari</span> <span class='ocrx_word' id='word_1_1185' title='bbox 931 2863 1047 2883; x_wconf 83' lang='lat' dir='ltr'>veterem</span> <span class='ocrx_word' id='word_1_1186' title='bbox 1065 2854 1208 2882; x_wconf 73' lang='lat' dir='ltr'>leffionem</span> 
     </span>
     <span class='ocr_line' id='line_1_129' title="bbox 254 2891 1211 2930; baseline -0.005 -10"><span class='ocrx_word' id='word_1_1187' title='bbox 254 2893 312 2920; x_wconf 69' lang='lat' dir='ltr'>mss‘,</span> <span class='ocrx_word' id='word_1_1188' title='bbox 322 2894 442 2920; x_wconf 87' lang='lat' dir='ltr'>omnium</span> <span class='ocrx_word' id='word_1_1189' title='bbox 454 2913 462 2924; x_wconf 95' lang='lat'>,</span> <span class='ocrx_word' id='word_1_1190' title='bbox 481 2893 545 2919; x_wconf 79' lang='lat' dir='ltr'>item</span> <span class='ocrx_word' id='word_1_1191' title='bbox 555 2893 620 2919; x_wconf 79' lang='lat' dir='ltr'>olim</span> <span class='ocrx_word' id='word_1_1192' title='bbox 633 2893 776 2920; x_wconf 80' lang='lat' dir='ltr'>editorum.</span> <span class='ocrx_word' id='word_1_1193' title='bbox 797 2894 865 2920; x_wconf 72' lang='lat' dir='ltr'>male</span> <span class='ocrx_word' id='word_1_1194' title='bbox 878 2894 931 2930; x_wconf 84' lang='lat' dir='ltr'>post</span> <span class='ocrx_word' id='word_1_1195' title='bbox 943 2891 1054 2928; x_wconf 78' lang='lat' dir='ltr'>impressi</span> <span class='ocrx_word' id='word_1_1196' title='bbox 1068 2901 1076 2921; x_wconf 55' lang='grc' dir='ltr'><strong><em>ἦ</em></strong></span> <span class='ocrx_word' id='word_1_1197' title='bbox 1096 2902 1125 2917; x_wconf 77' lang='lat' dir='ltr'>cx</span> <span class='ocrx_word' id='word_1_1198' title='bbox 1135 2894 1211 2916; x_wconf 75' lang='lat' dir='ltr'>animo</span> 
     </span>
     <span class='ocr_line' id='line_1_130' title="bbox 254 2927 1209 2966; baseline -0.001 -12"><span class='ocrx_word' id='word_1_1199' title='bbox 254 2932 396 2961; x_wconf 59' lang='lat' dir='ltr'>expefflorat.</span> <span class='ocrx_word' id='word_1_1200' title='bbox 415 2929 485 2955; x_wconf 77' lang='lat' dir='ltr'>idem</span> <span class='ocrx_word' id='word_1_1201' title='bbox 497 2930 596 2956; x_wconf 82' lang='lat' dir='ltr'>restitui</span> <span class='ocrx_word' id='word_1_1202' title='bbox 617 2929 686 2955; x_wconf 72' lang='lat' dir='ltr'>inira</span> <span class='ocrx_word' id='word_1_1203' title='bbox 697 2940 752 2966; x_wconf 70' lang='lat' dir='ltr'>cap.</span> <span class='ocrx_word' id='word_1_1204' title='bbox 764 2940 856 2956; x_wconf 74' lang='lat' dir='ltr'>Lvnt.</span> <span class='ocrx_word' id='word_1_1205' title='bbox 877 2929 1026 2956; x_wconf 77' lang='lat' dir='ltr'>volentibus</span> <span class='ocrx_word' id='word_1_1206' title='bbox 1037 2927 1140 2955; x_wconf 85' lang='lat' dir='ltr'>rursum</span> <span class='ocrx_word' id='word_1_1207' title='bbox 1151 2936 1209 2954; x_wconf 87' lang='lat' dir='ltr'>om-</span> 
     </span>
     <span class='ocr_line' id='line_1_131' title="bbox 255 2964 399 2992; baseline -0.014 0"><span class='ocrx_word' id='word_1_1208' title='bbox 255 2965 330 2992; x_wconf 85' lang='lat' dir='ltr'>nibus</span> <span class='ocrx_word' id='word_1_1209' title='bbox 343 2964 399 2990; x_wconf 82' lang='lat' dir='ltr'>mss.</span> 
     </span>
    </p>

    <p class='ocr_par' dir='ltr' id='par_1_47' title="bbox 251 3001 1213 3107">
     <span class='ocr_line' id='line_1_132' title="bbox 292 3001 1211 3041; baseline 0 -14"><span class='ocrx_word' id='word_1_1210' title='bbox 292 3009 305 3036; x_wconf 82' lang='lat'><em>3</em></span> <span class='ocrx_word' id='word_1_1211' title='bbox 313 3004 396 3041; x_wconf 43' lang='lat' dir='ltr'>3Nnm</span> <span class='ocrx_word' id='word_1_1212' title='bbox 404 3010 448 3026; x_wconf 83' lang='lat' dir='ltr'>non</span> <span class='ocrx_word' id='word_1_1213' title='bbox 458 3001 496 3025; x_wconf 62' lang='lat' dir='ltr'>vis</span> <span class='ocrx_word' id='word_1_1214' title='bbox 506 3001 575 3033; x_wconf 72' lang='lat' dir='ltr'>hujus</span> <span class='ocrx_word' id='word_1_1215' title='bbox 585 3010 618 3026; x_wconf 80' lang='lat' dir='ltr'>me</span> <span class='ocrx_word' id='word_1_1216' title='bbox 627 3001 734 3035; x_wconf 54' lang='lat' dir='ltr'>versun]</span> <span class='ocrx_word' id='word_1_1217' title='bbox 748 3001 861 3028; x_wconf 69' lang='lat' dir='ltr'>Mirifice</span> <span class='ocrx_word' id='word_1_1218' title='bbox 874 3002 977 3028; x_wconf 80' lang='lat' dir='ltr'>variant</span> <span class='ocrx_word' id='word_1_1219' title='bbox 987 3001 1055 3027; x_wconf 80' lang='lat' dir='ltr'>Pali.</span> <span class='ocrx_word' id='word_1_1220' title='bbox 1066 3001 1211 3027; x_wconf 73' lang='lat' dir='ltr'>nostrime-</span> 
     </span>
     <span class='ocr_line' id='line_1_133' title="bbox 257 3036 1213 3071; baseline -0.003 -7"><span class='ocrx_word' id='word_1_1221' title='bbox 257 3046 304 3064; x_wconf 85' lang='lat' dir='ltr'>uus</span> <span class='ocrx_word' id='word_1_1222' title='bbox 315 3036 398 3063; x_wconf 81' lang='lat' dir='ltr'>iolum</span> <span class='ocrx_word' id='word_1_1223' title='bbox 410 3036 510 3063; x_wconf 75' lang='lat' dir='ltr'>accedit</span> <span class='ocrx_word' id='word_1_1224' title='bbox 521 3036 677 3070; x_wconf 64' lang='lat' dir='ltr'>conjeCkurae</span> <span class='ocrx_word' id='word_1_1225' title='bbox 688 3037 872 3065; x_wconf 77' lang='lat' dir='ltr'>Gulielmianoe</span> <span class='ocrx_word' id='word_1_1226' title='bbox 885 3047 892 3068; x_wconf 77' lang='lat'>3</span> <span class='ocrx_word' id='word_1_1227' title='bbox 913 3042 976 3064; x_wconf 84' lang='lat' dir='ltr'>Num</span> <span class='ocrx_word' id='word_1_1228' title='bbox 986 3038 1066 3064; x_wconf 73' lang='lat' dir='ltr'>metuis</span> <span class='ocrx_word' id='word_1_1229' title='bbox 1074 3039 1146 3071; x_wconf 67' lang='lat' dir='ltr'>hujus</span> <span class='ocrx_word' id='word_1_1230' title='bbox 1154 3046 1213 3062; x_wconf 78' lang='lat' dir='ltr'>ver-</span> 
     </span>
     <span class='ocr_line' id='line_1_134' title="bbox 251 3072 906 3107; baseline 0.002 -9"><span class='ocrx_word' id='word_1_1231' title='bbox 251 3074 302 3107; x_wconf 74' lang='lat' dir='ltr'>Jiaet.</span> <span class='ocrx_word' id='word_1_1232' title='bbox 322 3072 398 3099; x_wconf 79' lang='lat' dir='ltr'>habet</span> <span class='ocrx_word' id='word_1_1233' title='bbox 408 3074 477 3099; x_wconf 74' lang='lat' dir='ltr'>enim</span> <span class='ocrx_word' id='word_1_1234' title='bbox 490 3092 497 3103; x_wconf 84' lang='lat'>‚</span> <span class='ocrx_word' id='word_1_1235' title='bbox 508 3076 570 3098; x_wconf 83' lang='lat' dir='ltr'>Num</span> <span class='ocrx_word' id='word_1_1236' title='bbox 580 3082 636 3097; x_wconf 77' lang='lat' dir='ltr'>vero</span> <span class='ocrx_word' id='word_1_1237' title='bbox 646 3082 679 3098; x_wconf 76' lang='lat' dir='ltr'>mc</span> <span class='ocrx_word' id='word_1_1238' title='bbox 688 3073 726 3098; x_wconf 78' lang='lat' dir='ltr'>vis</span> <span class='ocrx_word' id='word_1_1239' title='bbox 736 3075 806 3106; x_wconf 61' lang='lat' dir='ltr'>hujux</span> <span class='ocrx_word' id='word_1_1240' title='bbox 814 3075 906 3107; x_wconf 69' lang='lat' dir='ltr'>vcrfitt.</span> 
     </span>
    </p>

    <p class='ocr_par' dir='ltr' id='par_1_48' title="bbox 257 3108 1216 3182">
     <span class='ocr_line' id='line_1_135' title="bbox 293 3108 1216 3149; baseline 0.001 -15"><span class='ocrx_word' id='word_1_1241' title='bbox 293 3116 320 3141; x_wconf 84' lang='lat'>4.</span> <span class='ocrx_word' id='word_1_1242' title='bbox 340 3110 443 3141; x_wconf 69' lang='lat' dir='ltr'>Velfhpe</span> <span class='ocrx_word' id='word_1_1243' title='bbox 452 3110 499 3140; x_wconf 81' lang='lat' dir='ltr'>fine</span> <span class='ocrx_word' id='word_1_1244' title='bbox 509 3108 689 3142; x_wconf 65' lang='lat' dir='ltr'>constmflione]</span> <span class='ocrx_word' id='word_1_1245' title='bbox 710 3109 766 3134; x_wconf 82' lang='lat' dir='ltr'>Pal.</span> <span class='ocrx_word' id='word_1_1246' title='bbox 776 3119 816 3149; x_wconf 74' lang='lat' dir='ltr'>pr.</span> <span class='ocrx_word' id='word_1_1247' title='bbox 828 3109 876 3136; x_wconf 82' lang='lat' dir='ltr'>sec.</span> <span class='ocrx_word' id='word_1_1248' title='bbox 889 3109 960 3138; x_wconf 79' lang='lat' dir='ltr'>Pith.</span> <span class='ocrx_word' id='word_1_1249' title='bbox 971 3111 1085 3137; x_wconf 84' lang='lat' dir='ltr'>Memm.</span> <span class='ocrx_word' id='word_1_1250' title='bbox 1103 3110 1148 3136; x_wconf 79' lang='lat' dir='ltr'>sed</span> <span class='ocrx_word' id='word_1_1251' title='bbox 1158 3109 1216 3145; x_wconf 67' lang='lat' dir='ltr'>saepe</span> 
     </span>
     <span class='ocr_line' id='line_1_136' title="bbox 257 3143 873 3182; baseline 0.003 -12"><span class='ocrx_word' id='word_1_1252' title='bbox 257 3146 350 3179; x_wconf 63' lang='lat' dir='ltr'>nulline</span> <span class='ocrx_word' id='word_1_1253' title='bbox 359 3147 523 3179; x_wconf 66' lang='lat' dir='ltr'>conjufflione.</span> <span class='ocrx_word' id='word_1_1254' title='bbox 541 3143 613 3181; x_wconf 84' lang='lat' dir='ltr'>quod</span> <span class='ocrx_word' id='word_1_1255' title='bbox 622 3145 732 3173; x_wconf 68' lang='lat' dir='ltr'>minime</span> <span class='ocrx_word' id='word_1_1256' title='bbox 741 3144 779 3172; x_wconf 84' lang='lat' dir='ltr'>dil</span> <span class='ocrx_word' id='word_1_1257' title='bbox 781 3145 873 3182; x_wconf 83' lang='lat' dir='ltr'>plicet.</span> 
     </span>
    </p>
   </div>
   <div class='ocr_carea' id='block_1_37' title="bbox 1223 2105 1237 3156">
    <p class='ocr_par' dir='ltr' id='par_1_49' title="bbox 1223 2105 1237 3156">
     <span class='ocr_line' id='line_1_137' title="bbox 1223 2105 1237 3156; baseline 0 0"><span class='ocrx_word' id='word_1_1258' title='bbox 1223 2105 1237 3156; x_wconf 95' lang='lat' dir='ltr'> </span> 
     </span>
    </p>
   </div>
   <div class='ocr_carea' id='block_1_38' title="bbox 1247 2738 2218 3196">
    <p class='ocr_par' dir='ltr' id='par_1_50' title="bbox 1247 2738 2212 3101">
     <span class='ocr_line' id='line_1_138' title="bbox 1289 2738 2209 2779; baseline -0.007 -10"><span class='ocrx_word' id='word_1_1259' title='bbox 1289 2754 1314 2779; x_wconf 89' lang='lat'>5.</span> <span class='ocrx_word' id='word_1_1260' title='bbox 1336 2748 1365 2769; x_wconf 77' lang='lat' dir='ltr'>Ut</span> <span class='ocrx_word' id='word_1_1261' title='bbox 1375 2763 1383 2775; x_wconf 90' lang='lat'>,</span> <span class='ocrx_word' id='word_1_1262' title='bbox 1392 2746 1428 2770; x_wconf 83' lang='lat' dir='ltr'>ille</span> <span class='ocrx_word' id='word_1_1263' title='bbox 1431 2743 1514 2776; x_wconf 75' lang='lat' dir='ltr'>fenim</span> <span class='ocrx_word' id='word_1_1264' title='bbox 1525 2762 1533 2775; x_wconf 84' lang='lat'>,</span> <span class='ocrx_word' id='word_1_1265' title='bbox 1551 2751 1578 2768; x_wconf 79' lang='lat' dir='ltr'>ur</span> <span class='ocrx_word' id='word_1_1266' title='bbox 1587 2746 1626 2769; x_wconf 77' lang='lat' dir='ltr'>Dii</span> <span class='ocrx_word' id='word_1_1267' title='bbox 1629 2745 1744 2776; x_wconf 74' lang='lat' dir='ltr'>genitales</span> <span class='ocrx_word' id='word_1_1268' title='bbox 1755 2762 1763 2773; x_wconf 88' lang='lat'>‚</span> <span class='ocrx_word' id='word_1_1269' title='bbox 1774 2742 1840 2776; x_wconf 62' lang='grc' dir='ltr'>(ἑν-ε]</span> <span class='ocrx_word' id='word_1_1270' title='bbox 1862 2739 2059 2777; x_wconf 81' lang='lat' dir='ltr'>Rep1·aesentavi</span> <span class='ocrx_word' id='word_1_1271' title='bbox 2069 2738 2138 2775; x_wconf 88' lang='lat' dir='ltr'>quod</span> <span class='ocrx_word' id='word_1_1272' title='bbox 2150 2743 2209 2764; x_wconf 78' lang='lat' dir='ltr'>emt</span> 
     </span>
     <span class='ocr_line' id='line_1_139' title="bbox 1250 2775 2212 2816; baseline -0.007 -9"><span class='ocrx_word' id='word_1_1273' title='bbox 1250 2782 1277 2808; x_wconf 91' lang='lat' dir='ltr'>in</span> <span class='ocrx_word' id='word_1_1274' title='bbox 1288 2780 1344 2807; x_wconf 73' lang='lat' dir='ltr'>Pal.</span> <span class='ocrx_word' id='word_1_1275' title='bbox 1356 2790 1396 2816; x_wconf 80' lang='lat' dir='ltr'>pr.</span> <span class='ocrx_word' id='word_1_1276' title='bbox 1416 2789 1446 2806; x_wconf 83' lang='lat' dir='ltr'>ac</span> <span class='ocrx_word' id='word_1_1277' title='bbox 1462 2779 1511 2805; x_wconf 82' lang='lat' dir='ltr'>see.</span> <span class='ocrx_word' id='word_1_1278' title='bbox 1531 2780 1596 2805; x_wconf 83' lang='lat' dir='ltr'>item</span> <span class='ocrx_word' id='word_1_1279' title='bbox 1608 2779 1679 2805; x_wconf 82' lang='lat' dir='ltr'>Pith.</span> <span class='ocrx_word' id='word_1_1280' title='bbox 1690 2780 1717 2804; x_wconf 70' lang='lat' dir='ltr'>S&lt;</span> <span class='ocrx_word' id='word_1_1281' title='bbox 1729 2780 1841 2804; x_wconf 74' lang='lat' dir='ltr'>Momm.</span> <span class='ocrx_word' id='word_1_1282' title='bbox 1861 2777 1981 2812; x_wconf 85' lang='lat' dir='ltr'>libroque</span> <span class='ocrx_word' id='word_1_1283' title='bbox 1991 2775 2150 2803; x_wconf 82' lang='lat' dir='ltr'>Bonromaei.</span> <span class='ocrx_word' id='word_1_1284' title='bbox 2171 2781 2212 2800; x_wconf 61' lang='lat' dir='ltr'>ex&gt;</span> 
     </span>
     <span class='ocr_line' id='line_1_140' title="bbox 1250 2809 2203 2854; baseline -0.009 -10"><span class='ocrx_word' id='word_1_1285' title='bbox 1250 2827 1303 2854; x_wconf 87' lang='lat' dir='ltr'>quo</span> <span class='ocrx_word' id='word_1_1286' title='bbox 1314 2816 1430 2851; x_wconf 73' lang='lat' dir='ltr'>fingebat</span> <span class='ocrx_word' id='word_1_1287' title='bbox 1440 2815 1599 2842; x_wconf 84' lang='lat' dir='ltr'>Gulielmius</span> <span class='ocrx_word' id='word_1_1288' title='bbox 1612 2834 1620 2846; x_wconf 84' lang='lat'>‚</span> <span class='ocrx_word' id='word_1_1289' title='bbox 1640 2823 1666 2840; x_wconf 76' lang='lat' dir='ltr'>ut</span> <span class='ocrx_word' id='word_1_1290' title='bbox 1683 2817 1719 2840; x_wconf 79' lang='lat' dir='ltr'>ilb:</span> <span class='ocrx_word' id='word_1_1291' title='bbox 1731 2815 1824 2847; x_wconf 69' lang='lat' dir='ltr'>sentus.</span> <span class='ocrx_word' id='word_1_1292' title='bbox 1845 2814 1872 2839; x_wconf 71' lang='lat'>8&lt;</span> <span class='ocrx_word' id='word_1_1293' title='bbox 1884 2821 1913 2840; x_wconf 86' lang='lat' dir='ltr'>ut</span> <span class='ocrx_word' id='word_1_1294' title='bbox 1924 2813 2046 2839; x_wconf 85' lang='lat' dir='ltr'>Terentii</span> <span class='ocrx_word' id='word_1_1295' title='bbox 2057 2809 2184 2838; x_wconf 85' lang='lat' dir='ltr'>Eunucho</span> <span class='ocrx_word' id='word_1_1296' title='bbox 2195 2818 2203 2835; x_wconf 71' lang='grc' dir='ltr'><em>ι</em></span> 
     </span>
     <span class='ocr_line' id='line_1_141' title="bbox 1250 2848 2207 2887; baseline -0.008 -8"><span class='ocrx_word' id='word_1_1297' title='bbox 1250 2854 1421 2887; x_wconf 71' lang='lat' dir='ltr'>Videoftnmm.</span> <span class='ocrx_word' id='word_1_1298' title='bbox 1443 2851 1488 2878; x_wconf 81' lang='lat' dir='ltr'>nili</span> <span class='ocrx_word' id='word_1_1299' title='bbox 1500 2859 1586 2878; x_wconf 76' lang='lat' dir='ltr'>tamen</span> <span class='ocrx_word' id='word_1_1300' title='bbox 1598 2852 1646 2877; x_wconf 67' lang='lat' dir='ltr'>lioc</span> <span class='ocrx_word' id='word_1_1301' title='bbox 1656 2851 1781 2886; x_wconf 78' lang='lat' dir='ltr'>significat</span> <span class='ocrx_word' id='word_1_1302' title='bbox 1793 2870 1800 2881; x_wconf 86' lang='lat'><strong><em>‚</em></strong></span> <span class='ocrx_word' id='word_1_1303' title='bbox 1812 2853 1842 2875; x_wconf 85' lang='lat' dir='ltr'>Ut</span> <span class='ocrx_word' id='word_1_1304' title='bbox 1852 2850 1884 2875; x_wconf 77' lang='lat' dir='ltr'>da·</span> <span class='ocrx_word' id='word_1_1305' title='bbox 1893 2850 1979 2883; x_wconf 67' lang='lat' dir='ltr'>deeque</span> <span class='ocrx_word' id='word_1_1306' title='bbox 1987 2848 2207 2881; x_wconf 74' lang='lat' dir='ltr'>illumscniumpcr-</span> 
     </span>
     <span class='ocr_line' id='line_1_142' title="bbox 1252 2880 2206 2923; baseline -0.009 -8"><span class='ocrx_word' id='word_1_1307' title='bbox 1252 2891 1309 2915; x_wconf 81' lang='lat' dir='ltr'>dant</span> <span class='ocrx_word' id='word_1_1308' title='bbox 1322 2909 1329 2920; x_wconf 89' lang='lat'>,</span> <span class='ocrx_word' id='word_1_1309' title='bbox 1339 2892 1381 2923; x_wconf 78' lang='lat' dir='ltr'>qui</span> <span class='ocrx_word' id='word_1_1310' title='bbox 1390 2898 1423 2913; x_wconf 56' lang='lat' dir='ltr'>ree</span> <span class='ocrx_word' id='word_1_1311' title='bbox 1431 2888 1495 2914; x_wconf 72' lang='lat' dir='ltr'>hodie</span> <span class='ocrx_word' id='word_1_1312' title='bbox 1506 2896 1634 2913; x_wconf 72' lang='lat' dir='ltr'>remoratus</span> <span class='ocrx_word' id='word_1_1313' title='bbox 1645 2890 1688 2913; x_wconf 60' lang='lat' dir='ltr'>eff.</span> <span class='ocrx_word' id='word_1_1314' title='bbox 1699 2886 1838 2912; x_wconf 81' lang='lat' dir='ltr'>Turnebus</span> <span class='ocrx_word' id='word_1_1315' title='bbox 1849 2885 1959 2920; x_wconf 79' lang='lat' dir='ltr'>corrigit</span> <span class='ocrx_word' id='word_1_1316' title='bbox 1970 2884 2037 2911; x_wconf 85' lang='lat' dir='ltr'>libro</span> <span class='ocrx_word' id='word_1_1317' title='bbox 2049 2893 2090 2910; x_wconf 80' lang='lat' dir='ltr'>ix.</span> <span class='ocrx_word' id='word_1_1318' title='bbox 2103 2880 2206 2918; x_wconf 59' lang='lat' dir='ltr'>capa-6.</span> 
     </span>
     <span class='ocr_line' id='line_1_143' title="bbox 1250 2918 2209 2957; baseline -0.009 -6"><span class='ocrx_word' id='word_1_1319' title='bbox 1250 2934 1276 2952; x_wconf 82' lang='lat' dir='ltr'>ut</span> <span class='ocrx_word' id='word_1_1320' title='bbox 1285 2927 1320 2951; x_wconf 77' lang='lat' dir='ltr'>ille</span> <span class='ocrx_word' id='word_1_1321' title='bbox 1330 2928 1422 2951; x_wconf 73' lang='lat' dir='ltr'>Ennius</span> <span class='ocrx_word' id='word_1_1322' title='bbox 1434 2944 1441 2956; x_wconf 97' lang='lat'>‚</span> <span class='ocrx_word' id='word_1_1323' title='bbox 1459 2927 1500 2950; x_wconf 84' lang='lat' dir='ltr'>Dii</span> <span class='ocrx_word' id='word_1_1324' title='bbox 1511 2926 1637 2957; x_wconf 71' lang='lat' dir='ltr'>genitales.</span> <span class='ocrx_word' id='word_1_1325' title='bbox 1657 2922 1800 2949; x_wconf 84' lang='lat' dir='ltr'>Lambinus</span> <span class='ocrx_word' id='word_1_1326' title='bbox 1812 2921 1905 2947; x_wconf 84' lang='lat' dir='ltr'>maluit</span> <span class='ocrx_word' id='word_1_1327' title='bbox 1917 2940 1925 2952; x_wconf 91' lang='lat'>‚</span> <span class='ocrx_word' id='word_1_1328' title='bbox 1943 2926 1969 2945; x_wconf 75' lang='lat' dir='ltr'>ni</span> <span class='ocrx_word' id='word_1_1329' title='bbox 1979 2920 2037 2945; x_wconf 77' lang='lat' dir='ltr'>illud</span> <span class='ocrx_word' id='word_1_1330' title='bbox 2043 2918 2189 2953; x_wconf 66' lang='lat' dir='ltr'>difirtiJZ’nir</span> <span class='ocrx_word' id='word_1_1331' title='bbox 2200 2935 2209 2948; x_wconf 86' lang='lat'><em>,</em></span> 
     </span>
     <span class='ocr_line' id='line_1_144' title="bbox 1251 2953 2207 2996; baseline -0.012 -8"><span class='ocrx_word' id='word_1_1332' title='bbox 1251 2965 1291 2989; x_wconf 89' lang='lat' dir='ltr'>Dii</span> <span class='ocrx_word' id='word_1_1333' title='bbox 1296 2963 1419 2996; x_wconf 74' lang='lat' dir='ltr'>genitales.</span> <span class='ocrx_word' id='word_1_1334' title='bbox 1441 2959 1546 2996; x_wconf 57' lang='lat' dir='ltr'>vulgata</span> <span class='ocrx_word' id='word_1_1335' title='bbox 1556 2959 1710 2996; x_wconf 76' lang='lat' dir='ltr'>praeferebat</span> <span class='ocrx_word' id='word_1_1336' title='bbox 1722 2978 1729 2990; x_wconf 86' lang='lat'><strong><em>,</em></strong></span> <span class='ocrx_word' id='word_1_1337' title='bbox 1747 2965 1774 2983; x_wconf 85' lang='lat' dir='ltr'>ut</span> <span class='ocrx_word' id='word_1_1338' title='bbox 1782 2959 1818 2983; x_wconf 79' lang='grc' dir='ltr'><em>ἱΙΙε</em></span> <span class='ocrx_word' id='word_1_1339' title='bbox 1829 2957 1911 2990; x_wconf 76' lang='lat' dir='ltr'>sensus</span> <span class='ocrx_word' id='word_1_1340' title='bbox 1922 2956 2021 2988; x_wconf 68' lang='lat' dir='ltr'>distr-tm</span> <span class='ocrx_word' id='word_1_1341' title='bbox 2029 2953 2188 2988; x_wconf 63' lang='lat' dir='ltr'>indzgcnitalis</span> <span class='ocrx_word' id='word_1_1342' title='bbox 2198 2971 2207 2984; x_wconf 86' lang='lat'>,</span> 
     </span>
     <span class='ocr_line' id='line_1_145' title="bbox 1253 2989 2208 3035; baseline -0.012 -11"><span class='ocrx_word' id='word_1_1343' title='bbox 1253 3001 1267 3025; x_wconf 69' lang='grc' dir='ltr'>ξι</span> <span class='ocrx_word' id='word_1_1344' title='bbox 1279 3008 1331 3035; x_wconf 88' lang='lat' dir='ltr'>quo</span> <span class='ocrx_word' id='word_1_1345' title='bbox 1343 3006 1394 3024; x_wconf 88' lang='lat' dir='ltr'>non</span> <span class='ocrx_word' id='word_1_1346' title='bbox 1404 2997 1484 3031; x_wconf 69' lang='lat' dir='ltr'>longe</span> <span class='ocrx_word' id='word_1_1347' title='bbox 1494 2996 1590 3022; x_wconf 76' lang='lat' dir='ltr'>abeuut</span> <span class='ocrx_word' id='word_1_1348' title='bbox 1600 2995 1711 3022; x_wconf 73' lang='lat' dir='ltr'>Palatini</span> <span class='ocrx_word' id='word_1_1349' title='bbox 1724 2994 1815 3025; x_wconf 82' lang='lat' dir='ltr'>ceteri,</span> <span class='ocrx_word' id='word_1_1350' title='bbox 1826 2992 1871 3019; x_wconf 82' lang='lat' dir='ltr'>nisi</span> <span class='ocrx_word' id='word_1_1351' title='bbox 1882 2991 1952 3027; x_wconf 86' lang='lat' dir='ltr'>quod</span> <span class='ocrx_word' id='word_1_1352' title='bbox 1963 2992 1980 3017; x_wconf 90' lang='lat' dir='ltr'>ii</span> <span class='ocrx_word' id='word_1_1353' title='bbox 1993 2991 2047 3016; x_wconf 87' lang='lat' dir='ltr'>fere</span> <span class='ocrx_word' id='word_1_1354' title='bbox 2060 3010 2067 3021; x_wconf 86' lang='lat'>‚</span> <span class='ocrx_word' id='word_1_1355' title='bbox 2076 2997 2103 3015; x_wconf 83' lang='lat' dir='ltr'>nt</span> <span class='ocrx_word' id='word_1_1356' title='bbox 2112 2989 2208 3022; x_wconf 72' lang='lat' dir='ltr'>illefin-</span> 
     </span>
     <span class='ocr_line' id='line_1_146' title="bbox 1247 3026 2206 3069; baseline -0.008 -9"><span class='ocrx_word' id='word_1_1357' title='bbox 1247 3035 1292 3069; x_wconf 70' lang='lat' dir='ltr'>sus</span> <span class='ocrx_word' id='word_1_1358' title='bbox 1302 3035 1324 3059; x_wconf 84' lang='lat' dir='ltr'>di</span> <span class='ocrx_word' id='word_1_1359' title='bbox 1335 3042 1400 3059; x_wconf 76' lang='lat' dir='ltr'>ertm</span> <span class='ocrx_word' id='word_1_1360' title='bbox 1409 3034 1463 3058; x_wconf 76' lang='lat' dir='ltr'>vidi</span> <span class='ocrx_word' id='word_1_1361' title='bbox 1468 3033 1611 3065; x_wconf 60' lang='lat' dir='ltr'>genitabilis.</span> <span class='ocrx_word' id='word_1_1362' title='bbox 1632 3040 1716 3057; x_wconf 84' lang='lat' dir='ltr'>nonus</span> <span class='ocrx_word' id='word_1_1363' title='bbox 1727 3029 1815 3061; x_wconf 77' lang='lat' dir='ltr'>habet,</span> <span class='ocrx_word' id='word_1_1364' title='bbox 1825 3036 1851 3054; x_wconf 77' lang='lat' dir='ltr'>ut</span> <span class='ocrx_word' id='word_1_1365' title='bbox 1860 3030 1897 3054; x_wconf 80' lang='lat' dir='ltr'>ille</span> <span class='ocrx_word' id='word_1_1366' title='bbox 1908 3031 2001 3054; x_wconf 71' lang='lat' dir='ltr'>Ennius</span> <span class='ocrx_word' id='word_1_1367' title='bbox 2010 3026 2063 3053; x_wconf 71' lang='lat' dir='ltr'>vidi</span> <span class='ocrx_word' id='word_1_1368' title='bbox 2069 3036 2122 3060; x_wconf 84' lang='lat' dir='ltr'>gm.</span> <span class='ocrx_word' id='word_1_1369' title='bbox 2141 3032 2206 3052; x_wconf 83' lang='lat' dir='ltr'>tert.</span> 
     </span>
     <span class='ocr_line' id='line_1_147' title="bbox 1253 3065 2116 3101; baseline -0.013 -4"><span class='ocrx_word' id='word_1_1370' title='bbox 1253 3078 1280 3097; x_wconf 82' lang='lat' dir='ltr'>ut</span> <span class='ocrx_word' id='word_1_1371' title='bbox 1289 3073 1324 3097; x_wconf 77' lang='lat' dir='ltr'>illc</span> <span class='ocrx_word' id='word_1_1372' title='bbox 1334 3073 1428 3096; x_wconf 72' lang='lat' dir='ltr'>Enm&#39;m</span> <span class='ocrx_word' id='word_1_1373' title='bbox 1437 3069 1537 3101; x_wconf 62' lang='lat' dir='ltr'>disertus</span> <span class='ocrx_word' id='word_1_1374' title='bbox 1545 3069 1656 3100; x_wconf 72' lang='lat' dir='ltr'>indegcn.</span> <span class='ocrx_word' id='word_1_1375' title='bbox 2111 3065 2116 3071; x_wconf 75' lang='lat'>⁸</span> 
     </span>
    </p>

    <p class='ocr_par' dir='ltr' id='par_1_51' title="bbox 1257 3098 2210 3171">
     <span class='ocr_line' id='line_1_148' title="bbox 1292 3098 2210 3139; baseline -0.011 -6"><span class='ocrx_word' id='word_1_1376' title='bbox 1292 3107 1321 3133; x_wconf 83' lang='lat'>6.</span> <span class='ocrx_word' id='word_1_1377' title='bbox 1338 3105 1527 3139; x_wconf 69' lang='lat' dir='ltr'>Qandunqnidem</span> <span class='ocrx_word' id='word_1_1378' title='bbox 1535 3107 1574 3139; x_wconf 83' lang='lat' dir='ltr'>iste</span> <span class='ocrx_word' id='word_1_1379' title='bbox 1583 3104 1740 3138; x_wconf 58' lang='lat' dir='ltr'>circumvestit</span> <span class='ocrx_word' id='word_1_1380' title='bbox 1750 3120 1758 3135; x_wconf 83' lang='lat'>,</span> <span class='ocrx_word' id='word_1_1381' title='bbox 1776 3101 1843 3136; x_wconf 57' lang='lat' dir='ltr'>glyc]</span> <span class='ocrx_word' id='word_1_1382' title='bbox 1864 3102 1944 3128; x_wconf 84' lang='lat' dir='ltr'>Forte</span> <span class='ocrx_word' id='word_1_1383' title='bbox 1956 3119 1965 3133; x_wconf 92' lang='lat'>‚</span> <span class='ocrx_word' id='word_1_1384' title='bbox 1982 3100 2002 3127; x_wconf 75' lang='lat' dir='ltr'>is</span> <span class='ocrx_word' id='word_1_1385' title='bbox 2011 3106 2033 3126; x_wconf 78' lang='lat' dir='ltr'>te</span> <span class='ocrx_word' id='word_1_1386' title='bbox 2042 3098 2210 3130; x_wconf 61' lang='lat' dir='ltr'>circumvestit,</span> 
     </span>
     <span class='ocr_line' id='line_1_149' title="bbox 1257 3141 1485 3171; baseline -0.009 -2"><span class='ocrx_word' id='word_1_1387' title='bbox 1257 3143 1357 3171; x_wconf 82' lang='lat' dir='ltr'>duabus</span> <span class='ocrx_word' id='word_1_1388' title='bbox 1368 3141 1485 3169; x_wconf 87' lang='lat' dir='ltr'>vocibus.</span> 
     </span>
    </p>

    <p class='ocr_par' dir='ltr' id='par_1_52' title="bbox 2121 3169 2218 3196">
     <span class='ocr_line' id='line_1_150' title="bbox 2121 3169 2218 3196; baseline -0.031 0"><span class='ocrx_word' id='word_1_1389' title='bbox 2121 3178 2145 3196; x_wconf 84' lang='lat'>1.</span> <span class='ocrx_word' id='word_1_1390' title='bbox 2155 3169 2218 3195; x_wconf 81' lang='lat' dir='ltr'>Dul-</span> 
     </span>
    </p>
   </div>
   <div class='ocr_carea' id='block_1_39' title="bbox 2288 2523 2316 2603">
    <p class='ocr_par' dir='ltr' id='par_1_53' title="bbox 2288 2523 2316 2603">
     <span class='ocr_line' id='line_1_151' title="bbox 2288 2523 2316 2603; baseline 0 0"><span class='ocrx_word' id='word_1_1391' title='bbox 2288 2579 2292 2583; x_wconf 87' lang='lat'>-</span> <span class='ocrx_word' id='word_1_1392' title='bbox 2313 2523 2316 2603; x_wconf 59' lang='lat' dir='ltr'>i</span> 
     </span>
    </p>
   </div>
   <div class='ocr_carea' id='block_1_40' title="bbox 2288 2606 2316 2652">
    <p class='ocr_par' dir='ltr' id='par_1_54' title="bbox 2288 2606 2316 2652">
     <span class='ocr_line' id='line_1_152' title="bbox 2288 2606 2316 2652; baseline 0 0"><span class='ocrx_word' id='word_1_1393' title='bbox 2288 2617 2289 2622; x_wconf 74' lang='grc'>’</span> <span class='ocrx_word' id='word_1_1394' title='bbox 2314 2606 2316 2652; x_wconf 69' lang='grc' dir='ltr'><strong><em>ἑ</em></strong></span> 
     </span>
    </p>
   </div>
  </div>
 </body>
</html>
