2339 3379
330 133 742 179 ORATm‘PRO
779 131 946 177 REGE
985 131 1530 191 DEJ'oTARoAnC.
1570 135 1916 190 CAEstREM:

899 211 997 243 mete,
1018 209 1072 240 nisi
1084 222 1119 241 cx
1167 210 1304 239 Graecum
1324 210 1427 241 eadem
1443 213 1605 250 sententia,
1628 221 1792 265 quaxetiam
1813 230 1869 251 nos
1885 221 2029 252 habemus
2039 224 2124 253 Lati-

163 212 332 244 tumultus?
351 225 426 245 num
437 213 508 255 quid
522 234 531 247 ,
551 211 605 243 nisi
616 211 770 243 moderate
782 232 791 246 ‚
812 211 865 241 nisi
878 223 894 253 q
992 254 996 257 ι
1034 254 1038 258 .

161 255 300 286 hominis
309 255 469 296 graviffimi
481 276 490 289 ‚
511 256 543 285 &
554 253 727 285 san&iffimi
737 254 891 293 disciplina
907 257 916 282 ?
939 252 1019 293 Qid
1032 262 1120 293 igitur

159 306 213 326 cau
220 298 253 327 sae
264 299 425 338 excogitari
434 296 531 336 potest
542 316 550 329 ‚
571 307 623 326 cur
640 305 668 326 te
683 297 797 326 lautum
811 297 958 341 voluerit?
978 303 1116 323 cenatum

161 339 294 368 noluerit
303 338 452 368 occidere?
478 341 515 368 In
525 337 678 377 posterum
690 357 698 371 ‚
709 340 823 378 inquit,
837 337 918 367 dicm
928 334 1043 383 distulit
1052 354 1059 367 ‚
1073 344 1114 379 ut,

158 378 274 410 cumin
283 378 436 410 castellum
448 380 594 418 Luceium
607 389 731 409 ventum
744 378 825 412 efl'et,
840 379 882 409 ibi
891 385 1014 418 cogitata
1024 377 1116 420 peili-

159 429 245 450 ceret.
270 423 343 450 Non
352 420 442 450 video
452 422 568 451 causam
581 421 641 451 loci
652 422 803 451 mutandi:
827 420 876 451 scd
886 428 986 450 tamen
996 420 1059 447 acta
1069 427 1113 447 res

157 461 321 492 criminose
332 461 383 492 est.
408 463 487 492 cum
499 482 507 496 ,
520 464 619 503 inquit
633 482 641 496 ‚
654 472 778 492 vomere
796 471 823 492 tc
840 460 1024 508 post'cen-am
1036 459 1114 489 velle

155 501 297 536 dixisses,
317 505 351 534 in
369 503 511 533 balneum
526 513 553 534 te
570 504 676 534 ducere
689 512 855 544 coeperunt.
879 503 921 532 ibi
936 511 1018 548 enim
1030 510 1112 530 eraut

152 541 277 574 infidiae.
300 553 328 574 at
342 554 368 574 te
381 546 485 575 eadem
500 555 546 576 tua
557 546 678 576 fortuna
694 547 819 576 servavit
831 556 836 573 2
855 546 887 574 in
896 543 1070 574 cubiculum
1082 551 1109 571 te

151 585 195 615 ire
206 586 297 615 malle
306 586 418 616 dixisti.
445 591 454 606 ¹
467 590 520 617 Dii
533 597 560 617 te
570 588 712 628 perdant,
727 587 853 628 sugitive
867 597 872 615 :
887 588 927 616 ita
936 594 1001 630 nori
1013 583 1107 631 modo

149 636 292 667 nequam,
305 627 515 668 &improbus‚
528 630 574 660 sed
584 629 684 660 fatuus
694 649 701 663 ‚
715 630 747 659 &
757 637 860 658 amens
870 637 909 675 es.
934 626 1017 678 Qid
1030 628 1040 653 ?
1054 626 1106 655 ille

149 666 230 708 figna
239 679 317 699 aenea
327 671 360 703 in
370 670 485 701 insidiis
494 672 632 711 posuerat
643 692 650 705 ‚
665 681 729 712 quae
739 670 755 700 ὲ
770 669 878 715 balneo
888 677 920 713 in
930 667 1103 713 cuniculum

146 712 163 728 ²
174 710 324 741 transferri
334 722 398 742 non
409 712 545 752 possent?
568 713 667 743 Habes
683 712 811 741 crimina
820 708 1002 753 insidiarum.
1026 707 1103 753 nibil

145 753 230 781 enim
242 752 320 782 dixit
328 755 467 793 amplius.
490 755 601 784 horum
612 774 620 787 ,
632 754 749 793 inquit,
762 760 840 780 eram
851 749 998 794 conscius.
1019 748 1100 794 Qid

145 801 212 823 tum
222 796 232 822 ?
244 796 283 824 ita
292 794 417 825 demens
429 796 478 825 ille
488 804 548 825 erat
556 814 564 828 ,
576 804 609 824 ut
618 803 700 826 cum,
711 802 801 833 quem
813 790 950 838 caristium
958 798 1028 819 tanti
1039 791 1100 836 scef

145 834 216 864 leris
228 835 361 870 habebat,
370 837 385 867 a
395 838 422 867 se
431 837 614 867 dimitteret?
635 837 771 865 Romam
781 842 873 862 etiam
884 841 1000 861 mittere
1006 840 1032 883 [3
1046 831 1098 860 ubi

146 876 179 905 &
190 876 432 908 inimiciffimum
443 879 528 908 sciret
536 875 612 910 effe,
633 885 776 915 nepotem
789 875 872 922 suum
886 893 894 907 ‚
916 873 948 903 ὃ(
960 875 992 917 C
1003 873 1098 921 Laesaf

144 927 220 951 rem,
232 920 279 949 cui
289 918 402 949 fecisset
411 917 530 949 insidias
541 918 723 958 ?praesertim
734 915 806 946 cum
818 925 842 946 is
853 924 930 962 unus
940 913 1009 961 estet
1018 934 1025 948 ,
1045 925 1096 964 qui

142 959 239 999 posset
249 964 261 987 3
271 960 306 990 de
316 960 433 990 absente
444 960 470 990 se
480 960 683 990 vindicareffit
689 958 791 988 fratres
802 956 1096 1004 me0s‚inquit,qu0d

141 1010 225 1032 erant
235 1001 357 1034 conscii,
371 1003 402 1031 in
411 1002 532 1032 vincula
541 1002 680 1041 conjecit.
704 1000 782 1030 cum
793 1002 882 1047 igitur
893 1008 944 1028 eos
953 1007 1092 1046 vinciret,

139 1052 215 1083 quos
225 1043 323 1072 secum
334 1043 460 1073 habebat
469 1064 478 1078 ,
488 1053 516 1073 te
526 1044 658 1074 solutum
669 1045 802 1073 Romam
815 1040 950 1071 mittebat
962 1060 970 1073 ,
983 1050 1033 1087 qui
1046 1050 1094 1088 ea-

102 1082 120 1115 8
138 1085 208 1114 dem
218 1084 304 1113 scires
313 1104 321 1117 ‚
334 1094 399 1125 quae
411 1085 479 1115 illos
489 1086 560 1116 scire
570 1085 666 1115 dicis?
690 1085 816 1125 Reliqua
826 1092 889 1128 pars
900 1083 1094 1131 accusationis

136 1125 247 1165 duplex
261 1125 332 1155 fuit:
353 1136 412 1156 uua
424 1147 432 1160 ‚
452 1137 552 1169 regern
563 1127 678 1166 semper
688 1128 720 1155 in
731 1126 857 1165 speculis
867 1123 955 1154 luisse
966 1144 974 1156 ,
994 1133 1064 1153 cum
1076 1135 1092 1154 a

134 1174 163 1198 te
173 1169 277 1197 animo
287 1165 359 1198 effet
367 1168 484 1199 alieno:
496 1170 584 1200 altera
595 1189 604 1200 ‚
616 1169 784 1198 exercitum
795 1177 864 1197 eum
876 1175 977 1196 contra
987 1173 1016 1194 te
1028 1175 1092 1195 ma-

132 1218 228 1250 gnum
242 1209 429 1249 comparasse.
453 1213 501 1240 De
516 1212 649 1240 exercitu
661 1210 758 1240 dicam
774 1210 902 1239 breviter
914 1228 921 1241 ,
944 1216 974 1237 ut
984 1216 1087 1254 cetera.

132 1252 312 1291 Numquam
325 1261 371 1281 eas
383 1254 483 1292 copias
493 1263 537 1282 res
548 1252 706 1292 Dejotarus
717 1250 820 1280 habuit
830 1271 838 1284 ,
852 1250 964 1290 quibus
982 1251 1091 1278 inferre

130 1291 248 1321 bellum
259 1293 374 1332 populo
383 1295 476 1323 Rom.
487 1292 580 1334 posset
592 1304 596 1322 ε
608 1293 656 1324 scd
667 1292 929 1333 quibusfineusuos
939 1291 974 1320 :ib
984 1300 1090 1320 excur—

131 1331 265 1364 fionibus
277 1333 409 1364 hostium
420 1355 428 1369 ‚
442 1336 648 1366 &latrociniis
659 1343 789 1364 tueretur
798 1354 805 1363 2
819 1332 1089 1378 &imperatoribus

130 1374 240 1405 nostris
252 1376 363 1406 auxilia
372 1379 512 1406 mitteret.
536 1380 635 1417 Atque
653 1385 736 1406 antea
753 1375 876 1416 quidem
895 1383 1023 1412 majores
1036 1384 1088 1403 co-

130 1418 192 1456 pias
202 1417 278 1446 alere
288 1426 402 1456 poterat
414 1428 419 1447 :
431 1428 513 1449 nunc
522 1421 643 1459 exiguas
654 1419 706 1447 vix
720 1426 795 1447 tueri
806 1416 909 1456 potest?
930 1418 997 1466 ffAt
1009 1414 1089 1445 misit

130 1458 167 1488 ad
177 1458 304 1488 Caelium
315 1459 415 1489 nescio
425 1469 516 1500 quem
529 1471 533 1489 :
546 1460 595 1490 sed
606 1469 656 1489 eos
668 1480 676 1493 ‚
688 1469 764 1499 quos
775 1457 854 1488 misit
865 1480 873 1492 ,
884 1457 967 1499 quod
977 1467 1019 1504 ire
1029 1467 1087 1504 nno-

129 1500 251 1529 luerunt
259 1519 267 1533 ,
279 1502 312 1529 in
323 1501 442 1531 vincula
451 1503 590 1541 conjecit.
615 1504 689 1532 Non
698 1511 809 1541 quaero,
821 1503 912 1542 quam
923 1497 1086 1533 verisimile

129 1539 164 1571 fit
175 1561 183 1574 ,
204 1550 252 1571 aut
262 1551 325 1571 non
336 1541 467 1573 habuifl'e
475 1553 575 1585 regem
588 1563 596 1577 ‚
611 1552 687 1584 quos
701 1545 846 1573 mitteret;
866 1551 914 1572 aut
925 1551 975 1589 eos
985 1561 994 1574 ,
1010 1551 1086 1581 quos

128 1581 249 1612 misiss'et
259 1603 267 1616 ‚
283 1593 346 1613 non
355 1583 494 1624 paruisse:
516 1594 585 1619 aut,
604 1587 656 1626 qui
667 1584 750 1615 dieto
760 1585 914 1614 audientes
923 1593 955 1630 in
967 1592 1046 1613 tanta
1055 1593 1086 1612 re

125 1634 192 1654 non
201 1623 323 1655 fuifl'ent
332 1645 341 1659 ‚
360 1636 413 1656 eos
423 1626 542 1657 vinctos
552 1627 653 1668 potius
664 1646 672 1660 ,
692 1626 782 1667 quam
793 1634 901 1655 necatos
912 1622 1009 1672 fuiffe.
1033 1625 1082 1671 sed

125 1673 228 1696 tamen
237 1665 309 1696 curn
323 1667 358 1697 ad
369 1669 494 1699 Caelium
505 1669 640 1699 mittebat
651 1688 659 1702 ,
679 1668 780 1698 utrum
798 1668 913 1699 causam
933 1667 1016 1714 illam
1035 1676 1084 1696 vi-

125 1707 205 1737 &am
216 1706 273 1738 ess'e
283 1709 448 1745 nesciebat,
460 1721 497 1741 an
507 1713 633 1742 Caelium
646 1710 734 1740 istum
744 1731 752 1744 ,
765 1720 908 1752 magnum
920 1710 1081 1756 hominem

123 1750 243 1789 putabat
262 1753 273 1779 ?
299 1759 390 1791 quem
405 1752 542 1792 presel-R>
557 1757 582 1783 is
601 1773 609 1787 ‚
629 1755 683 1794 qui
699 1755 815 1793 optime
833 1751 951 1796 nostros
978 1751 1081 1780 hom1—

124 1800 179 1821 nes
190 1793 294 1825 novit,
315 1796 328 1819 5
337 1794 383 1822 vel
403 1796 472 1834 quia
489 1794 604 1829 nollet,
623 1796 671 1825 vel
684 1798 754 1835 quia
768 1804 831 1824 non
842 1792 937 1839 iiofiet
948 1813 956 1827 ‚
976 1801 1081 1839 conte-

123 1841 251 1862 mneret.
275 1833 400 1864 Addidit
412 1838 501 1866 etiam
519 1837 595 1866 illud
606 1856 615 1870 ‚
636 1846 751 1877 equites
765 1847 816 1865 non
830 1842 947 1877 optimos
960 1832 1077 1881 misisse.

123 1882 238 1904 veteres
247 1895 256 1908 ‚
269 1875 360 1906 credo
372 1895 380 1909 2
396 1878 505 1908 Caesar:
525 1879 603 1908 nihil
613 1878 648 1908 ad
659 1887 746 1908 tuum
759 1881 923 1918 equitatum
936 1887 941 1904 ·.
961 1875 1009 1905 sed
1021 1885 1080 1905 mi-

122 1913 158 1945 sit
167 1925 205 1945 ex
215 1917 252 1946 iis
263 1937 271 1949 ,
284 1926 359 1957 quos
369 1918 472 1948 habuit
482 1939 490 1952 ,
504 1919 626 1949 eleetos.
650 1922 701 1949 Ait
711 1920 811 1949 neseio
822 1928 912 1959 quern
924 1927 962 1965 eit
973 1926 1010 1964 eo
1021 1926 1079 1947 nu-

123 1967 209 1987 mero
220 1977 229 1991 ,
249 1958 367 1988 servum
388 1960 561 1995 judicatum.
590 1970 654 1990 non
663 1962 805 1991 arbitror:
820 1970 883 1990 non
893 1959 1003 2006 audivi.
1026 1958 1077 2005 sed

123 2001 157 2029 in
170 2009 206 2029 eo
218 2019 226 2033 ,
246 2002 336 2030 etiam
347 1999 367 2030 fi
378 1996 526 2033 accidifl'et
534 2023 543 2036 ,
563 2004 681 2043 culpam
692 2004 769 2044 regis
778 2002 892 2032 nullam
902 2000 988 2031 fuisse
998 2000 1077 2048 arbi-

82 2048 106 2080 9
123 2048 222 2071 trarer.
246 2042 358 2072 Alieno
367 2052 466 2074 autem
477 2044 493 2074 a
504 2053 532 2074 te
541 2047 644 2075 animo
655 2044 721 2075 fuit.
745 2044 923 2086 quomodo?
938 2044 1074 2091 speravit,

121 2083 211 2113 credo
223 2103 231 2116 ,
247 2082 399 2114 difficileis
409 2086 463 2115 tibi
474 2087 659 2117 Alexandriae
671 2086 736 2118 fore
747 2088 841 2116 exitus
850 2095 967 2127 propter
978 2095 1074 2126 regio-

117 2126 167 2154 nis
178 2133 312 2155 naturam
324 2145 332 2159 ‚
355 2125 387 2156 δε
400 2126 549 2158 fluminis.
573 2131 612 2158 At
627 2139 665 2159 eo
683 2130 747 2169 ipso
766 2138 900 2169 tempore
912 2132 1074 2177 pecuniam

117 2165 202 2196 dedit
211 2186 219 2199 ‚
236 2169 401 2198 exercitum
411 2170 500 2200 aluit:
521 2173 547 2200 ei
559 2181 649 2211 quem
662 2170 734 2201 Afiae
747 2171 915 2210 praefeceras
927 2191 934 2204 ,
947 2171 1029 2202 nulla
1042 2182 1074 2201 in

118 2217 150 2237 re
169 2207 282 2238 defuit:
302 2209 358 2239 tibi
378 2209 485 2241 vidfori
498 2232 506 2245 ,
523 2222 588 2242 non
604 2212 702 2243 solum
719 2214 756 2243 ad
778 2213 943 2252 hospitium
954 2233 963 2246 ‚
978 2213 1026 2244 sed
1037 2213 1073 2244 ad

113 2250 282 2289 periculum
296 2253 384 2281 etiam
397 2271 405 2285 ‚
425 2261 511 2314 atque
522 2254 558 2284 ad
569 2256 662 2284 aciem
674 2254 780 2294 praesto
791 2254 856 2284 fuit.
879 2258 1020 2286 Secutum
1032 2256 1074 2286 est

114 2291 231 2321 bellum
241 2290 427 2323 Africanum.
473 2305 574 2335 graves
594 2295 632 2325 de
651 2304 679 2325 te
696 2296 832 2326 rumores
847 2295 930 2335 sparsi
943 2307 947 2325 :
968 2299 1019 2337 qui
1030 2306 1074 2328 et-

113 2334 175 2362 iam
187 2332 333 2363 furiosum
343 2335 431 2366 illurn
443 2337 570 2367 Caelium
581 2339 798 2367 excitaverunt.
821 2342 836 2365 7
847 2340 916 2378 Qo
929 2347 993 2368 tum
1005 2350 1072 2380 erga

116 2383 144 2404 te
157 2384 211 2404 rex
220 2379 324 2405 animo
333 2375 412 2407 fuit?
430 2380 482 2419 qui
491 2378 680 2409 austionatus
690 2377 724 2409 sit
734 2399 741 2413 ‚
758 2375 771 2398 8
780 2380 898 2419 seseque
908 2380 1073 2420 exspoliare

114 2416 272 2450 maluerit,
293 2417 383 2458 quam
395 2419 448 2449 tibi
460 2423 618 2460 pecuniam
634 2430 697 2451 non
711 2420 946 2452 subministrare.
970 2424 1010 2452 At
1022 2433 1070 2456 eo,
1094 2446 1096 2453 ,

113 2459 233 2497 inquit,
245 2467 380 2499 tempore
389 2462 450 2501 ipse
460 2465 595 2493 Nicaeam
607 2483 616 2496 ‚
630 2464 840 2504 Ephesumque
851 2463 1004 2498 mittebat,
1018 2467 1071 2505 qui

112 2508 249 2529 rumores
257 2500 413 2532 Africanos
427 2504 599 2546 exciperent,
620 2504 651 2534 &
667 2506 801 2535 celeriter
819 2505 854 2534 ad
873 2505 901 2534 se
918 2505 1070 2536 referrent.

110 2542 210 2581 itaque
225 2541 296 2571 cum
311 2541 380 2573 esset
391 2545 420 2574 ei
433 2549 604 2577 nuntiatum
617 2565 625 2579 ,
646 2549 822 2576 Domitium
836 2546 989 2588 naufragio
1003 2557 1070 2587 per·
1111 2559 1131 2589 q

2029 157 2118 208 573

1163 260 1237 279 iiurn
1251 261 1256 279 :
1283 271 1303 285 2,
1316 254 1431 282 pereant
1442 256 1549 288 amm}
1568 258 1636 287 dum
1646 270 1702 289 mia
1712 262 1823 291 inimici
1834 264 2001 293 intercidant
2010 274 2021 290 :
2038 265 2120 304 quod

1163 292 1212 320 illc
1224 311 1231 324 ,
1256 291 1273 321 si
1285 292 1355 323 esset
1366 294 1420 324 tibi
1430 297 1654 330 inimiciffimus
1665 321 1673 335 ,
1694 313 1862 344 numquam
1872 315 1972 335 tamen
1982 305 2114 336 dixisset.

1162 334 1219 370 ipse
1230 337 1312 364 enim
1325 337 1494 367 mansuetus
1508 350 1515 372 3
1531 343 1631 371 versus
1641 344 1798 375 immanis.
1821 345 1990 387 Qi'autem
2001 349 2117 377 Domi·-

1160 382 1203 401 rio
1213 384 1325 412 poterat
1336 375 1393 406 effe
1403 381 1516 409 amicus
1528 401 1535 413 ‚
1560 385 1609 422 qui
1625 385 1677 414 tibi
1693 385 1763 416 cfi'et
1775 389 1940 420 immicus?
1961 389 2014 419 tibi
2024 389 2116 429 porro

1157 414 1302 444 inimicus
1313 428 1360 445 cur
1370 418 1431 455 eſjbt
1442 439 1450 453 ,
1472 421 1488 450 ὰ
1499 431 1559 461 quo
1569 434 1637 454 cum
1650 428 1697 455 vel
1707 428 1835 458 interfici
1846 430 1916 460 belli
1928 431 1990 471 lege
2000 432 2115 470 potuis·

1155 456 1197 485 set
1206 475 1214 489 ‚
1230 466 1328 497 regem
1341 459 1372 487 &
1383 461 1410 488 sc
1422 480 1430 493 ,
1444 462 1475 490 δε
1488 462 1588 494 filiuni
1600 467 1686 497 suurn
1696 469 1874 501 constitutos
1883 470 1941 501 cfi'c
1953 474 2114 503 meminis—

1155 496 1215 528 set?
1237 498 1318 538 Qid
1329 499 1457 530 deinde-⁴
1471 502 1662 547 {urcisci-quo
1671 512 1877 551 progreditur?
1900 516 1956 547 ait,
1974 516 2025 544 hac
2035 515 2111 544 laeti-

1154 540 1192 568 tia
1202 540 1380 578 Deiotarum
1395 542 1504 586 clatum
1517 564 1524 577 ‚
1546 550 1619 578 vino
1638 551 1666 578 se
1685 551 1833 586 obruisse,
1856 556 1889 584 in
1902 558 2109 596 convivioque

1153 580 1269 609 nudum
1290 581 1444 611 saltavissc.
1468 587 1540 625 QOE
1551 598 1623 619 crux
1634 592 1702 621 huic
1712 593 1840 634 fugitivo
1850 596 1946 635 potest
1961 598 2025 627 satis
2040 598 2108 637 sup-

1149 622 1232 660 plicii
1242 620 1365 652 afferre?
1387 624 1566 663 Dejotaruin
1577 631 1730 668 saltantem
1744 637 1899 677 quisquam
1912 658 1920 672 ‚
1942 648 1990 668 aut
1999 638 2107 668 ebrium

1150 663 1225 692 vidit
1236 673 1381 704 umquam
1394 668 1403 693 ?
1417 676 1524 696 omnes
1536 670 1601 701 suut
1614 675 1644 701 in
1655 675 1709 703 illo
1722 679 1804 712 regiae
1818 681 1940 709 virtutes
1950 701 1958 713 ‚
1970 681 2051 721 quod
2063 690 2103 714 te,

1148 704 1239 733 Cacsar
1250 725 1258 737 ‚
1277 707 1411 744 ignorare
1423 717 1486 737 non
1497 710 1639 742 arbitror:
1660 715 1706 744 scd
1721 709 1864 758 pi‘sscciput‘:
1881 720 2033 762 singularis
2043 743 2052 757 ‚
2072 723 2106 754 8c

1144 744 1318 776 admiranda
1340 747 1498 789 frugalitas.
1523 751 1573 782 etsi
1588 755 1646 788 hoc
1657 758 1747 786 verbo
1759 760 1818 789 scio
1830 762 1938 792 laudari
1950 774 2030 804 reges
2041 774 2105 795 non

1145 786 1250 816 solere.
1275 791 1384 819 Fun-Gi
1400 800 1566 823 HOMINEM
1587 796 1647 826 dici
1664 807 1727 827 non
1748 801 1882 832 multum
1902 805 1988 835 habet
2008 806 2105 836 laudis

1143 830 1175 857 in
1186 839 1252 869 rege
1264 840 1268 858 :
1281 830 1391 860 fortem
1402 852 1409 865 ‚
1418 832 1546 872 justum,
1558 836 1705 872 severum,
1716 851 1848 881 gravem,
1860 848 2100 886 magnanimum,

1142 870 1256 910 largum
1269 891 1278 904 ‚
1290 872 1460 904 beneficum
1471 895 1479 908 ‚
1491 877 1645 909 liberalem
1659 901 1666 914 ‚
1683 883 1726 911 ha:
1738 883 1902 926 suntiegiae
1916 888 2014 917 laudes
2028 899 2032 917 :
2050 890 2103 919 iiia

1140 914 1252 951 privata
1261 913 1312 943 est.
1337 917 1379 944 Ut
1390 917 1493 950 volet,
1511 920 1634 961 quisque
1645 925 1783 963 accipiat:
1802 936 1856 967 ego
1868 936 1967 958 tamen
1978 929 2101 970 frugali-

1139 963 1228 984 tatem
1242 974 1250 987 ,
1269 956 1300 985 id
1309 955 1352 986 cst
1362 977 1370 990 ,
1384 958 1563 990 modestiam
1575 982 1584 995 ,
1596 963 1864 1004 &temperantiam
1875 989 1883 1002 ‚
1897 979 2038 1000 virtutem
2052 973 2100 1002 es-

1139 995 1166 1024 se
1181 998 1347 1027 maximam
1360 999 1473 1037 judico.
1496 1003 1561 1033 blec
1571 1006 1602 1034 in
1613 1006 1668 1036 illo
1679 1008 1721 1037 est
1730 1009 1766 1038 ab
1777 1010 1994 1041 ineunte-aetate
2006 1033 2013 1045 ‚
2033 1022 2097 1043 tum

1135 1036 1150 1066 a
1161 1037 1267 1068 cundia
1277 1038 1422 1073 Asianum
1433 1043 1448 1072 a
1459 1044 1852 1091 magistratibus‚lcgatisque
1863 1052 2052 1086 nosti-imum
2064 1055 2101 1085 ab

1139 1081 1289 1119 equitibus
1300 1083 1393 1111 Rom.
1406 1086 1458 1124 qui
1468 1087 1500 1114 in
1511 1085 1576 1117 Asia
1587 1095 1728 1130 negotiati
1739 1093 1819 1126 sunt,
1829 1095 1987 1134 perl'pea‘h,
2001 1097 2033 1126 &
2045 1107 2099 1126 co-

1135 1130 1225 1161 gnita.
1249 1124 1357 1152 Multis
1376 1125 1428 1154 ille
1445 1127 1570 1166 quidem
1584 1131 1720 1170 gradibus
1735 1132 1906 1166 officiorum
1922 1147 1987 1178 erga
2000 1147 2096 1177 remp.

1137 1162 1269 1194 nostram
1280 1165 1315 1194 ad
1326 1166 1383 1196 hoc
1392 1170 1510 1207 regium
1521 1180 1635 1202 nomen
1647 1174 1776 1205 ascendit
1790 1187 1795 1205 :
1811 1177 1859 1207 sed
1871 1186 1972 1208 tamen
1983 1199 1991 1213 ‚
2005 1181 2096 1220 quid-

1136 1205 1208 1244 quid
1218 1205 1234 1234 a
1247 1206 1333 1235 bellis
1342 1215 1447 1247 populi
1457 1212 1551 1242 Rom.
1561 1214 1679 1245 vacabat
1688 1235 1696 1248 ‚
1713 1227 1783 1247 cum
1796 1219 1975 1250 hominibus
1985 1220 2096 1252 nostris

1136 1247 1382 1282 consuetudines,
1393 1254 1556 1287 amicitias,
1570 1265 1615 1285 res
1629 1259 1963 1303 rationesquejungebat
1974 1273 1978 1292 :
1991 1272 2023 1292 ut
2032 1273 2097 1294 non

1134 1287 1235 1317 solum
1246 1291 1385 1320 tetrarcha
1394 1293 1507 1324 nobilis
1517 1314 1525 1328 ,
1544 1296 1592 1326 sed
1604 1300 1736 1338 optimus
1750 1301 1960 1340 paterfamilias
1975 1325 1984 1338 ‚
2005 1305 2038 1335 ὃς
2048 1305 2098 1335 di-

1132 1329 1340 1370 ligentiffimus
1360 1336 1504 1374 agricola,
1527 1337 1559 1367 ὃς
1571 1343 1722 1378 pecuarius
1737 1343 1900 1374 haberetur.
1923 1348 1984 1387 Qi
2002 1349 2094 1387 igitur

1131 1372 1280 1411 adolescens
1290 1394 1300 1407 ‚
1320 1376 1459 1406 nondum
1475 1387 1552 1409 tanta
1565 1381 1658 1421 gloria
1670 1384 1810 1422 praeditus
1820 1405 1829 1419 ‚
1851 1387 1928 1416 nihil
1948 1398 2094 1428 umquam

1131 1412 1186 1442 nisi
1197 1414 1377 1446 severiffime
1387 1437 1396 1451 ,
1413 1419 1445 1448 ὅ(
1453 1420 1622 1461 graviffime
1632 1423 1736 1455 fecerit
1747 1446 1755 1460 ‚
1771 1428 1795 1456 is
1805 1437 1838 1458 ea
1848 1428 2088 1464 existimatione,

1130 1465 1220 1495 eaque
1231 1466 1313 1487 aetate
1325 1459 1439 1490 saltavit
1451 1464 1460 1489 ?
1482 1465 1596 1494 Imitari
1607 1466 1709 1505 potius
1720 1487 1728 1500 ,
1741 1468 1852 1502 Castor,
1864 1472 1911 1500 avi
1922 1472 1967 1501 tui
1977 1481 2090 1505 mores,

1128 1496 1379 1540 disciplinamque
1389 1501 1516 1533 debebas
1524 1524 1533 1538 ,
1555 1516 1645 1546 quam
1657 1518 1776 1548 optimo
1787 1530 1796 1544 ‚
1811 1511 1843 1541 &
1852 1511 2012 1543 clariffimo
2023 1515 2090 1543 viro

1126 1537 1246 1580 fugitivi
1263 1551 1314 1570 ore
1329 1543 1517 1574 maledicere.
1542 1549 1631 1588 Qiod
1647 1548 1666 1579 si
1681 1551 1849 1582 saltatorem
1863 1563 1955 1583 avum
1968 1554 2091 1586 habuis-

1125 1580 1168 1610 ses
1180 1601 1188 1614 ‚
1201 1592 1296 1623 neque
1307 1593 1378 1614 eum
1390 1595 1487 1616 virum
1500 1607 1508 1621 ,
1522 1591 1601 1619 unde
1611 1591 1746 1630 pudoris,
1755 1593 1969 1636 pudicitiaeque
1980 1606 2090 1627 exem—

1115 1625 1172 1662 -pla
1181 1632 1371 1662 peterentur:
1390 1636 1491 1659 tamen
1506 1630 1564 1660 hoc
1582 1633 1780 1664 maledifitum
1798 1637 1931 1667 minime
1951 1639 1985 1667 in
2000 1638 2088 1670 illam

1124 1672 1233 1693 aetarem
1245 1670 1431 1699 conveniret.
1455 1671 1565 1711 quibus
1580 1674 1631 1703 ille
1647 1673 1753 1705 studiis
1766 1676 1803 1707 ab
1815 1679 1939 1709 ineunte
1954 1688 2037 1711 aetate
2056 1681 2087 1712 se

1123 1707 1273 1738 imbuerat
1289 1728 1297 1742 ,
1319 1720 1384 1740 non
1402 1712 1525 1743 saltandi
1543 1734 1551 1748 ,
1572 1715 1621 1746 sed
1640 1716 1716 1748 bene
1735 1726 1769 1748 ut
1780 1721 1872 1749 armis
1889 1740 1898 1754 ‚
1920 1723 2034 1761 optime
2054 1731 2088 1754 ut

1124 1751 1208 1790 equis
1220 1759 1367 1787 uteretur;
1388 1764 1420 1784 ea
1435 1763 1536 1786 tamen
1549 1757 1640 1787 illum
1653 1758 1760 1790 cuneta
1773 1781 1781 1794 ‚
1798 1761 1861 1801 jam
1872 1771 1954 1793 aetate
1963 1763 2079 1799 exafihx,

1124 1791 1301 1823 defecerant.
1324 1794 1423 1836 itaque
1433 1798 1612 1837 Dejotarum
1629 1811 1699 1832 cum
1709 1803 1809 1841 plures
1820 1805 1852 1833 in
1863 1814 1975 1844 equum
1986 1805 2085 1837 sustu-

1122 1831 1222 1863 liss'ent
1233 1853 1241 1867 ,
1261 1834 1343 1875 quod
1360 1838 1470 1868 liaererc
1481 1841 1514 1869 in
1524 1850 1561 1871 eo
1574 1842 1666 1872 senex
1682 1842 1796 1882 poffet,
1817 1845 1956 1876 admirari
1966 1847 2083 1878 soleba-

1122 1884 1202 1904 mus.
1227 1877 1287 1906 Hic
1300 1877 1371 1907 vero
1384 1879 1554 1912 adolescens
1565 1903 1574 1916 ,
1592 1885 1644 1924 qui
1657 1894 1741 1914 meus
1753 1887 1786 1915 in
1797 1887 1903 1918 Cilicia
1916 1889 2005 1919 miles
2015 1909 2023 1923 ,
2046 1892 2081 1921 in

1122 1917 1237 1946 Graecia
1245 1920 1419 1950 commilito
1428 1921 1486 1952 fuit
1495 1943 1504 1956 ‚
1515 1922 1587 1954 cum
1599 1928 1631 1955 in
1640 1926 1696 1955 illo
1707 1926 1810 1957 nostro
1819 1930 1952 1959 exercitu
1962 1933 2079 1971 equita-

1120 1967 1163 1988 ret
1176 1968 1246 1988 cum
1261 1960 1320 1989 suis
1331 1960 1455 1992 delectis
1463 1967 1616 2005 equitibus
1628 1987 1635 2000 ,
1656 1977 1731 2007 quos
1742 1969 1800 1999 una
1809 1980 1878 2001 cum
1890 1981 1926 2000 eo
1938 1972 1973 2001 ad
1984 1976 2078 2003 Pom-

1118 2009 1154 2039 pe
1154 2001 1165 2040 j
1170 2010 1222 2031 um
1231 2010 1312 2041 patei·
1320 2003 1439 2034 miserat
1448 2024 1456 2038 ‚
1473 2016 1548 2046 quos
1558 2010 1717 2039 concursus
1726 2009 1819 2041 facere
1830 2012 1964 2043 solebat?
1982 2014 2075 2054 quam

1117 2043 1145 2073 se
1156 2042 1287 2082 judlare?
1304 2045 1393 2085 quam
1404 2046 1570 2079 ostentare?
1587 2050 1678 2091 quam
1688 2055 1807 2082 nemini
1817 2055 1850 2083 in
1860 2055 1911 2084 illa
1922 2056 2005 2085 causa
2014 2055 2076 2086 stu-

1117 2086 1168 2116 dio
1178 2106 1187 2119 ,
1202 2086 1234 2115 &
1245 2087 1402 2127 cupiditate
1412 2090 1596 2121 concedere?
1620 2092 1700 2123 Cum
1711 2093 1782 2124 vero
1793 2116 1802 2128 ,
1814 2099 1946 2126 exercitu
1954 2096 2072 2133 amisso,

1117 2138 1173 2168 ego
1185 2148 1193 2162 ‚
1213 2138 1263 2169 qui
1274 2130 1352 2168 pacis
1363 2130 1467 2161 auE'tOi·
1476 2132 1591 2173 semper
1602 2133 1646 2165 fui
1657 2155 1665 2169 ,
1687 2136 1754 2175 post
1765 2138 1960 2168 Pharsalicum
1970 2148 2071 2169 autem

1116 2171 1258 2210 proelium
1272 2172 1369 2202 sual'or
1378 2172 1498 2203 fuiffem
1509 2185 1663 2207 armorum
1673 2188 1738 2208 non
1748 2178 2009 2218 deponendorum,
2023 2181 2073 2212 sed

1115 2211 1334 2251 abjtci‘endornm
1345 2233 1354 2247 ‚
1374 2216 1456 2245 hunc
1466 2216 1500 2246 ad
1513 2227 1610 2247 meam
1625 2219 1831 2250 au&oritatem
1845 2231 1909 2252 non
1924 2225 2009 2262 potui
2022 2223 2075 2254 ad>-

1117 2255 1222 2284 ducere
1232 2274 1240 2287 ,
1254 2254 1337 2295 ςυὸά
1350 2257 1380 2285 S:
1390 2258 1450 2296 ipse
1461 2258 1578 2289 ardebat
1587 2260 1686 2290 studio
1698 2260 1786 2301 ipsius
1797 2263 1867 2292 belli
1880 2283 1889 2297 ‚
1903 2264 1934 2294 &
1944 2266 2018 2304 patri
2029 2266 2072 2295 sa-

1116 2295 1326 2326 tisfaciendum
1337 2297 1394 2327 effe
1405 2298 1604 2331 arbitrabatur.
1629 2304 1714 2333 Felix
1725 2303 1778 2334 ista
1788 2304 1898 2335 domus
1906 2326 1914 2339 ‚
1930 2316 1995 2347 quae
2006 2317 2070 2337 non

1114 2340 1325 2377 impunitatem
1338 2340 1436 2369 solum
1448 2341 1549 2382 adepta
1559 2342 1592 2373 sit
1602 2365 1611 2377 ,
1622 2348 1636 2371 9
1648 2345 1694 2375 sed
1707 2349 1796 2375 etiam
1807 2347 1963 2378 accusandi
1975 2349 2070 2378 licen·

1115 2382 1187 2410 tiam
1205 2391 1210 2409 :
1231 2381 1422 2412 calamitosus
1431 2384 1591 2421 Dejotarus
1603 2407 1611 2418 ‚
1632 2390 1682 2427 qui
1696 2387 1726 2417 &
1737 2388 1772 2417 ab
1782 2398 1819 2417 eo
1829 2408 1838 2422 ‚
1857 2391 1908 2429 qui
1919 2390 2070 2420 iniisdcm

1113 2421 1212 2452 castris
1222 2421 1322 2456 fuerit,
1334 2434 1397 2453 non
1408 2424 1503 2454 modo
1513 2427 1589 2466 apud
1602 2437 1628 2457 te
1639 2448 1646 2460 ‚
1659 2429 1707 2458 sed
1719 2432 1808 2460 etiam
1822 2426 1902 2470 >istm
1910 2431 2067 2461 accusetur.

1115 2474 1168 2494 vos
1180 2463 1271 2494 vestra
1281 2465 1407 2496 secunda
1416 2465 1534 2498 fortuna
1546 2489 1553 2501 ,
1576 2469 1676 2500 Castor
1686 2490 1694 2504 ,
1714 2482 1776 2500 non
1791 2471 1914 2511 potestis
1928 2471 1988 2502 sine
1999 2482 2069 2512 pro-

1114 2509 1297 2547 pinquorum
1309 2507 1474 2538 calamitate
1487 2508 1542 2539 effe
1551 2514 1695 2541 contenti.
1732 2516 1798 2542 Sint
1807 2514 1874 2543 sane
1886 2515 2067 2550 inimicitiae,

1134 2559 1177 2578 ua:
1187 2547 1245 2578 effe
1254 2558 1317 2578 non
1329 2549 1484 2580 debebant.
1507 2561 1559 2581 rex
1574 2556 1656 2582 enlin
1667 2554 1825 2589 Deiotarus
1840 2553 1963 2585 vestram
1975 2555 2067 2587 fami-

107 2581 175 2613 ii‘ss‘e
185 2602 194 2617 ,
213 2592 240 2613 te
250 2586 284 2614 in
293 2584 412 2616 castello
422 2587 639 2619 circumsideri:
661 2588 696 2618 de
707 2590 852 2619 Domitio
862 2587 940 2619 dixit
949 2590 1068 2620 versum
1089 2613 1093 2631 1
1112 2590 1184 2622 lium
1195 2589 1341 2632 abjectam
1353 2610 1361 2625 2
1379 2592 1409 2621 &
1421 2592 1574 2624 obscuram
1585 2613 1594 2628 a
1614 2598 1629 2624 e
1641 2596 1769 2625 tenebris
1779 2597 1808 2624 in
1819 2595 1907 2625 lucem
1917 2600 2063 2629 evocavit.

1144 2713 1169 2737 5.
1189 2707 1231 2729 Ilii!
1240 2708 1293 2737 quia
1303 2706 1380 2736 xiste,
1390 2707 1496 2738 velqiiia
1506 2714 1550 2729 non
1560 2704 1654 2736 maffia-j
1664 2705 1707 2730 Ita
1718 2706 1743 2730 ἓξ
1757 2705 1815 2731 ΡιιΙ.
1826 2714 1921 2732 iioiius.
1934 2706 2040 2741 vulgata
2052 2717 2059 2734 t

144 2704 154 2722 1
163 2717 169 2722 .
188 2699 229 2722 Dii
238 2698 490 2732 repsi-ditintfiigitivc,
499 2699 566 2733 cyme]
588 2699 630 2724 Sic
641 2700 749 2726 omniuo
761 2700 817 2726 Pal.
828 2708 869 2735 pr.
881 2707 944 2727 tei-t.
955 2702 982 2727 δε
994 2703 1059 2728 Cel-

103 2730 245 2759 herdensis.
256 2740 302 2759 aut
311 2741 382 2760 certe
391 2735 512 2767 perditam.
525 2743 574 2761 vox
587 2744 614 2760 ea
627 2735 758 2762 iiotillima
772 2736 808 2761 vel
822 2745 855 2762 ex
868 2736 1057 2774 l'lauto.vulgo

103 2769 280 2800 eratperdant.
301 2769 333 2795 sic
344 2769 487 2806 legendum
497 2770 543 2796 diu
562 2771 597 2797 est
608 2770 678 2806 quod
690 2772 792 2798 monuit
803 2772 928 2806 Cujacius
943 2773 989 2799 lib.
1001 2783 1059 2801 xii.

105 2803 217 2830 observ,
228 2814 284 2840 cap.
296 2814 342 2841 32.
666 2810 669 2818 f

140 2848 169 2865 2.
186 2844 326 2874 Tmmftrri'
334 2852 378 2867 non
394 2843 504 2877 paffem]
526 2841 621 2868 Mallet
631 2843 793 2870 Gulielmius
813 2846 947 2878 transferre
960 2865 967 2877 ,
987 2847 1058 2880 quod

102 2874 182 2901 etiam
193 2877 220 2902 iu
230 2885 282 2903 uno
294 2896 302 2909 ,
321 2874 458 2914 alteroque
468 2878 628 2906 nostrorum.
646 2878 688 2905 sed
698 2880 811 2906 alterum
825 2879 928 2907 videtur
944 2882 1008 2908 milii
1020 2882 1059 2909 lc-

125 2908 203 2937 idiiis.

105 2918 122 2944 p
142 2954 168 2980 3.
187 2950 218 2972 De
226 2949 345 2981 abftntesiz
353 2949 505 2985 vindicare]
526 2950 687 2978 Gulielmius
698 2951 807 2978 eruebat
819 2955 832 2978 ὲ
855 2952 969 2988 vestigiis
981 2953 1057 2980 unius

102 2979 164 3006 libri
178 3001 185 3012 ‚
204 2984 293 3015 absente
304 2985 347 3017 fiili
363 2986 479 3011 indicare.
499 2996 647 3022 quanquam
660 2987 682 3013 ei
703 2998 754 3014 iioii
770 2987 920 3023 displiceret
933 2988 1057 3021 Vitiorii,

93 3016 257 3050 fiindisare‚
274 3018 370 3054 dequo
388 3021 433 3046 illc
445 3021 513 3048 libro
526 3032 582 3048 xii.
602 3024 663 3049 Var.
675 3023 738 3050 ieet.
758 3024 870 3059 capa-S.
891 3025 954 3050 ferri
974 3028 1056 3061 potelt
1079 3028 1081 3060 j

103 3052 131 3077 8<
152 3053 274 3087 vulgata:
295 3056 328 3080 de
338 3055 435 3090 injuria
449 3058 519 3084 enim
539 3057 667 3086 fratribus
686 3059 762 3086 illata
773 3060 904 3089 vindicare
915 3061 939 3087 se
958 3061 1058 3088 indit-'10

100 3088 213 3122 potuiss‘c
226 3088 362 3123 fignificat.
1078 3107 1081 3131 l

136 3130 163 3155 4.
183 3128 230 3151 cAt
239 3126 299 3157 unfit
316 3126 350 3150 ad
357 3128 448 3152 Caelium
457 3129 528 3160 nescio
536 3130 627 3164 qmm]
651 3131 742 3158 Exstat
753 3132 780 3157 &
792 3131 857 3158 istud
869 3133 895 3159 in
908 3133 976 3160 Pali.
991 3134 1056 3161 item
1080 3144 1082 3170 ῃ

96 3157 221 3187 Lambini
231 3162 352 3187 Caecilim:
370 3161 412 3188 sed
423 3170 510 3192 tamen
521 3165 577 3192 Pal.
589 3175 672 3193 uoiius
683 3167 791 3203 praefert
800 3169 896 3196 Telmm.

1080 3179 1084 3204 ἱ
1096 3169 1188 3197 invitis
1199 3168 1256 3195 iull'.
1268 3169 1360 3197 nolli-is
1370 3170 1435 3197 item
1447 3169 1578 3196 omuibus.

1995 2643 2064 2681 quis

1104 2742 1146 2765 vc!
1152 2743 1210 2773 quia
1219 2750 1264 2765 non
1273 2742 1353 2772 nosset,
1364 2742 1430 2773 welfi
1438 2742 1516 2773 afflet!
1528 2741 1579 2770 dvc.
1728 2776 1733 2780 .
1857 2777 1862 2781 .

1141 2776 1168 2801 6.
1189 2779 1283 2801 Gra-aes
1302 2777 1327 2800 ric
1346 2785 1367 2800 ιε
1388 2784 1488 2801 rumores
1501 2775 1604 2809 spmfif]
1628 2775 1793 2802 Habetillud
1815 2776 1939 2803 ultimum
1952 2777 2061 2805 verbum

1102 2810 1266 2838 Pul.iioiius.
1285 2811 1493 2846 aliquamiiiiiltis
1512 2812 1569 2837 aliis
1588 2811 1666 2838 abcil.
1694 2812 1835 2848 &poterat
1855 2814 1953 2840 rectius
1974 2814 2061 2842 sors-m

1102 2846 1244 2873 subaudiri.
1993 2886 1997 2891 .

1138 2891 1164 2908 τ’,
1189 2885 1297 2916 Qomm
1314 2893 1368 2915 8¹⁴2AE
1386 2891 1407 2908 tt·
1427 2894 1468 2909 rrx
1486 2885 1562 2908 animo
1576 2884 1626 2915 fiii!
1640 2884 1670 2917 ²]
1693 2883 1846 2910 Admisit&
1866 2885 1933 2911 istud
1945 2894 2061 2922 optimus

1104 2909 1284 2944 piratium-iiiii
1297 2912 1390 2945 iioiius.
1414 2918 1537 2945 lectiiid..s
1550 2920 1612 2944 vcro
1624 2920 1736 2955 amplius
1749 2920 1838 2951 habet,
1850 2925 1926 2947 animo
1937 2932 1978 2948 rex
1989 2926 2060 2948 ctiam

1100 2963 1154 2987 erga
1172 2962 1193 2979 tt·
1204 2956 1267 2988 fuit.
1287 2955 1332 2982 alii
1353 2955 1458 2990 quidun
1479 2964 1530 2982 uon
1541 2954 1685 2991 agnoscunt
1697 2965 1752 2990 erga
1761 2956 1959 2993 re,ubjet*itque
1974 2960 2058 2984 Lam-

1102 2988 1189 3015 binus.

1138 3025 1164 3050 δ’.
1185 3025 1276 3059 Stfi’que
1295 3027 1420 3057 exspoliant
1439 3027 1559 3060 7›7.·i.'i¹it.]
1590 3027 1703 3062 Vulgata
1722 3028 1898 3055 intermiscuit
1911 3049 1918 3060 ‚
1938 3029 2059 3068 &Jfi'smm

1094 3061 1166 3093 stium
1178 3081 1184 3093 ‚
1205 3062 1275 3096 qumi
1295 3069 1424 3088 imerrum
1445 3071 1478 3088 ex
1491 3061 1548 3089 loco
1558 3062 1689 3090 inferiore
1703 3083 1710 3096 ‚
1732 3067 1815 3100 neque
1827 3065 1921 3092 habeut
1933 3067 1989 3092 iiill⁴⁴
2002 3068 2058 3092 leri:

1133 3097 1160 3122 l'.

1101 3096 1164 3167 u¹9¹.
1182 3133 1228 3157 Sed
1243 3135 1313 3158 eriam
1324 3133 1449 3166 accusandi
1469 3135 1616 3170 licentiam]
1637 3135 1726 3172 Vulgo
1738 3136 1905 3164 interseritur
1916 3139 2001 3163 hahet.-
2018 3135 2060 3163 scd

1471 3208 1566 3234 eece
1587 3215 1601 3243 3
1944 3208 2063 3241 »Nates-

2114 1481 2157 1506 10

2091 2528 2127 2556 11
