2295 3400
165 128 259 175 312
577 108 1083 157 M.T151.1.11

158 193 258 232 equite
269 193 306 221 R.
316 193 350 222 C.
363 190 508 222 Matrinio
523 189 643 220 absente
653 209 662 222 ‚
683 188 755 219 curn
766 189 792 218 is
802 186 990 219 effetRomae
1002 207 1010 220 ‚
1032 184 1115 226 quod

160 234 227 273 ejus
235 233 355 264 villicos
365 254 372 266 ‚
390 231 574 273 pastoresque
584 232 640 261 tibi
652 233 684 260 in
695 231 895 270 suspicionem
905 227 1019 260 venisse
1029 229 1118 257 dixe-

161 283 206 304 ras
217 295 225 307 ‚
248 285 299 304 ii-s
309 284 430 305 centum
441 273 596 303 abstulisti.
628 272 707 302 dixit
723 274 781 302 hoc
794 275 829 302 L.
842 273 978 304 Flavius,
996 272 1049 311 qui
1063 269 1120 299 tibi

164 325 231 346 earn
248 319 406 356 pecuniam
425 317 596 345 numeravit
605 335 612 348 ,
634 323 806 354 procurator
823 317 855 343 C.
865 315 1016 343 Matrinii:
1041 311 1122 341 dixit

164 359 226 397 ipse
238 361 269 388 C.
283 359 460 387 Matrinius:
477 357 556 386 dicet
573 358 620 385 vir
637 354 811 385 clariliimus
822 358 878 386 Cn.
892 355 1041 384 Lentulus
1050 362 1122 382 cen-

166 400 214 430 sor
228 421 236 433 ‚
248 401 299 439 qui
308 400 443 428 Matrinii
454 400 576 428 honoris
585 398 687 431 causa,
702 400 815 427 recenti
824 399 948 438 negotio
956 397 991 426 ad
1004 405 1032 425 te
1041 395 1120 424 litte-

165 451 209 471 ras
222 439 532 480 miiit‚mittendasque
545 442 667 470 cuiavit.
679 439 760 480 Qid
770 443 780 468 ?
792 439 829 469 de
841 443 849 458 ¹
864 438 1124 478 Apollonio‚Dio-

165 483 220 512 clis
233 481 299 511 filio
308 484 532 514 Panormitano,
548 484 595 511 cui
604 491 729 523 gemino
739 491 912 522 cognomen
921 479 973 513 est,
982 478 1125 519 praeteriri

166 523 283 563 potest?
302 524 408 564 ecquid
419 525 475 553 hoc
491 532 553 553 tota
563 524 663 554 Sicilia
679 523 806 552 clarius?
825 522 931 563 ecquid
948 521 1126 562 indignius?

165 569 180 584 2
191 565 298 605 ecquid
311 565 499 612 manifestips
512 564 636 605 proferri
647 563 765 604 potest?
783 574 875 605 quem
896 566 920 593 is
932 584 940 596 ,
961 565 1004 592 uti
1014 565 1124 592 Panor-

167 617 257 636 mum
269 609 353 637 venit
364 628 372 640 ,
390 608 423 637 ad
436 607 463 637 se
472 609 589 640 vocari,
609 607 642 636 &
651 607 687 636 de
698 606 841 636 tribunali
850 607 933 636 citari
943 602 1021 643 juffit
1029 624 1036 636 ‚
1052 613 1126 632 con-

166 649 254 678 cursu
272 658 382 690 magno
393 669 400 682 ,
420 647 646 689 frequentiaque
656 657 832 678 conventus.
857 649 1009 677 Homines
1028 644 1126 675 statim

166 691 255 730 loqui
267 700 272 719 :
295 693 396 720 miiari
407 711 415 723 ,
425 690 506 731 quod
517 691 699 730 Apollonius
710 710 718 724 ‚
735 691 831 720 homo
843 688 1020 729 pecuniosus
1031 708 1040 720 ,
1052 695 1128 716 tam-

168 732 222 762 diu
232 732 269 762 ab
279 731 335 762 isto
353 739 477 761 maneret
493 732 598 772 integer
607 743 617 759 :
637 733 830 773 excogitavit:
853 731 955 761 nescio
968 728 1040 771 quid
1051 736 1128 757 attu-

167 774 216 803 lit.
241 773 379 813 profesto
390 775 486 804 homo
496 774 581 804 dives
590 776 710 813 repente
721 776 736 804 a
746 777 836 803 Verre
849 783 912 803 non
924 771 983 801 fine
993 769 1076 800 causa
1084 771 1127 798 ci-

168 824 259 845 tatur.
273 815 456 856 exspefiatio
468 817 584 845 summa
594 817 747 848 omnium,
758 814 903 856 quidnam
914 813 944 843 id
957 810 1028 842 ess'et
1039 822 1043 839 z
1055 809 1126 840 cum

170 860 361 887 exanimatus
370 856 467 887 subito
478 858 537 897 ipse
547 859 671 887 accurrit
678 867 750 886 curn
763 857 948 886 adolescente
959 852 1033 883 filio.
1057 861 1128 881 nam

170 909 272 940 pater,
291 899 409 939 grandis
418 908 487 929 natu
497 919 505 932 ‚
515 899 578 938 jam
589 898 730 928 6111116610
740 897 904 928 tenebatur.
927 896 1068 926 nominat
1077 892 1130 922 iste

173 942 295 971 servum
304 961 312 973 ‚
330 951 422 981 quem
441 940 614 981 magistrum
631 942 746 980 pecoris
756 938 813 968 ess'e
824 939 942 969 diceret.
966 945 1037 966 eum
1057 935 1130 964 dicit

174 981 325 1022 conjuraffi
334 1003 342 1016 ,
358 982 390 1012 δε
399 983 470 1012 alias
479 982 609 1012 familias
619 980 786 1011 concitasse.
809 982 834 1010 is
845 981 976 1010 omnino
988 979 1087 1008 servus
1097 978 1129 1005 in

172 1024 290 1054 familia
300 1034 363 1054 non
373 1034 440 1054 erat.
463 1034 533 1053 eum
552 1022 651 1053 statim
670 1023 811 1053 exhibere
826 1022 923 1061 jubet.
948 1020 1129 1060 Apollonius

172 1065 453 1099 affirmare-‚servum
464 1065 492 1094 se
502 1067 633 1095 omnino
644 1065 698 1094 illo
708 1066 836 1094 nomine
845 1064 951 1093 habere
961 1063 1128 1091 neminem.

173 1107 233 1137 Iste
242 1109 401 1137 hominem
412 1107 505 1146 abripi
515 1107 529 1136 ὲ
540 1106 696 1140 tribunali,
716 1106 792 1136 &in
801 1114 947 1135 carcerem
962 1103 1130 1147 6011116111]-

172 1150 235 1180 bet.
259 1150 385 1179 clamare
396 1149 446 1178 ille
456 1168 464 1181 ‚
477 1147 549 1178 cum
559 1156 707 1187 raperetur
716 1167 725 1181 ,
736 1147 815 1177 nihil
824 1147 853 1177 se
863 1147 1009 1177 miserum
1019 1141 1129 1175 fecisse‚

170 1189 432 1231 nihilwmmifisse:
449 1192 610 1229 pecuniam
629 1188 682 1219 fibi
691 1188 748 1219 effe
759 1191 793 1218 in
805 1187 985 1218 nominibus
997 1198 1002 1215 ⁴.
1021 1195 1132 1215 nume-

171 1232 266 1262 ratam
276 1234 309 1262 in
318 1233 472 1272 praesentia
481 1241 544 1261 non
555 1231 670 1261 habere.
694 1234 767 1261 Haec
777 1230 850 1260 cuin
865 1228 1000 1259 maxime
1012 1225 1131 1258 summa

172 1276 338 1303 hominum
347 1273 515 1314 frequentia
524 1271 770 1306 testificai·etur,ut
778 1273 878 1313 quivis
887 1271 1053 1311 intelligere
1062 1268 1131 1308 pos-

174 1316 219 1346 set
228 1336 236 1349 ‚
250 1326 321 1346 eum
331 1335 340 1349 ,
352 1315 432 1356 quod
439 1323 644 1357 pecuniamnon
653 1314 763 1352 dedisset
772 1335 779 1348 ,
798 1313 910 1344 idcirco
921 1313 972 1342 illa
984 1321 1044 1341 tam
1054 1319 1133 1340 acer—

176 1357 216 1387 ba
224 1359 335 1396 injuria
343 1355 438 1387 affici:
457 1356 530 1387 cum
549 1357 685 1386 maxime
697 1377 705 1390 ,
724 1366 756 1386 ut
766 1356 852 1388 dico,
876 1355 934 1384 hoc
955 1353 992 1383 de
1009 1353 1134 1393 pecunia

139 1397 158 1430 8
177 1399 326 1432 clamaret,
337 1400 370 1428 in
380 1399 479 1428 vincla
489 1397 644 1438 conjeSkus
653 1398 706 1428 est.
729 1398 837 1427 Videte
846 1395 1044 1427 constantiam
1059 1403 1133 1434 prae-

178 1443 252 1471 toris
263 1461 272 1475 ‚
298 1441 402 1480 &ejus
412 1443 544 1480 praetoris
555 1461 564 1473 ‚
583 1442 634 1481 qui
646 1450 729 1470 nunc
738 1449 804 1469 reus
814 1449 878 1469 non
889 1440 927 1468 ita
937 1436 1112 1467 defendatur
1123 1455 1131 1468 ‚

174 1492 210 1513 ut
220 1482 382 1512 mediocris
394 1491 518 1522 praetor:
538 1482 587 1512 sed
596 1485 636 1512 ita
644 1482 781 1512 laudetur
789 1501 797 1514 ‚
819 1491 851 1510 ut
861 1482 995 1520 optimus
1005 1480 1134 1517 impera-

175 1532 233 1555 tor.
258 1523 337 1554 Cum
347 1524 501 1554 servorum
510 1523 626 1553 bellum
637 1532 819 1553 metueretur
830 1543 837 1555 ,
849 1532 911 1563 quo
923 1521 1067 1560 supplicio
1078 1518 1134 1548 do-

176 1568 281 1596 minos
293 1565 483 1596 indemnatos
493 1563 639 1595 afficiebat
648 1585 656 1598 ,
677 1567 735 1595 hoc
752 1565 850 1594 servos
860 1564 1017 1593 damnatos
1026 1561 1134 1591 libera-

177 1607 237 1638 bat.
261 1608 463 1647 Apollonium
474 1626 481 1640 ,
495 1605 758 1647 locupletiffimum
770 1607 929 1636 hominem
941 1625 949 1638 ‚
966 1605 1036 1644 qui,
1056 1602 1077 1631 sl
1086 1601 1135 1631 fu·

176 1651 266 1690 gitivi
276 1649 392 1679 bellum
402 1651 435 1679 in
442 1649 542 1679 Sicilia
551 1649 682 1678 facerent
691 1669 699 1681 ‚
718 1647 1036 1690 amplifflmasfortunas
1045 1645 1136 1673 amit-

175 1699 249 1722 teret
259 1711 266 1724 ‚
289 1690 569 1730 bellifugitivorum
585 1692 712 1720 nomine
722 1710 730 1723 ,
753 1688 867 1719 indiEta
875 1689 958 1718 causa
967 1707 976 1721 ‚
994 1689 1028 1716 in
1037 1686 1137 1717 vincla

177 1734 325 1772 conjecit:
339 1733 436 1762 servos
445 1753 453 1765 ‚
465 1742 540 1772 quos
550 1732 610 1771 ipse
620 1742 689 1762 cum
700 1730 836 1764 consilio,
849 1728 1059 1760 bellisaciendi
1068 1737 1135 1757 cau-

178 1776 210 1805 sa
228 1772 403 1804 consensisse
423 1773 565 1809 judicavit
583 1793 593 1806 ,
616 1783 669 1803 eos
688 1772 747 1803 sine
764 1771 881 1803 consilii
899 1772 1045 1801 sententia
1055 1789 1063 1802 ‚
1087 1770 1136 1799 sua

178 1817 286 1856 sponte
296 1835 303 1849 ‚
315 1817 402 1845 omni
414 1815 559 1855 supplicio
568 1815 714 1844 liberavit.
738 1814 818 1855 de
829 1813 850 1843 si
859 1813 894 1843 ab
905 1812 1072 1853 Apollonio
1082 1811 1143 1840 ali--

178 1908 304 1930 teretur:
319 1908 459 1929 tamenne
470 1899 544 1927 hanc
554 1907 618 1927 rem
630 1896 666 1927 fic
676 1908 796 1938 agemus
808 1917 816 1931 ‚
828 1897 1012 1928 metimini,
1030 1896 1138 1924 autin—

178 1941 269 1972 vidiae
281 1951 331 1970 reo
342 1949 482 1980 putemus
492 1938 549 1969 effe
561 1948 696 1979 oportere
708 1960 715 1972 ‚
727 1938 810 1980 fiquo
820 1939 856 1968 de
870 1939 997 1968 homine
1007 1936 1135 1966 severius

176 1983 325 2023 judicavit
336 1986 346 2011 ἓ
367 1984 441 2012 Νο11
451 1991 535 2022 agam
545 1990 604 2011 tam
614 1981 717 2012 acerbe
728 1992 733 2010 2
755 1991 820 2011 non
830 1989 893 2010 utar
903 1979 955 2009 ista
964 1979 1138 2017 accusatoria

179 2024 375 2064 consuetudine
385 2043 392 2057 ‚
413 2022 507 2064 siquid
523 2022 565 2052 est
577 2022 692 2053 saelum
702 2023 867 2053 clementer
877 2042 885 2055 ,
900 2031 932 2051 ut
941 2018 1080 2051 diss'olute
1092 2019 1135 2049 fa-

179 2065 266 2096 &um
275 2067 432 2095 criminer:
446 2063 543 2105 siquid
551 2064 738 2095 vindicatum
749 2063 847 2094 severe
859 2062 900 2093 est
912 2084 919 2096 ‚
933 2072 965 2093 ut
974 2072 1013 2092 ex
1024 2071 1060 2091 eo
1069 2072 1137 2091 cru-

179 2108 310 2138 delitatis
318 2107 469 2137 invidiam
478 2106 630 2148 colligam.
652 2117 716 2136 non
726 2116 808 2148 agam
818 2104 872 2135 ista
882 2107 997 2134 ratione
1009 2115 1014 2132 z
1033 2112 1082 2133 tua
1092 2103 1136 2133 se-

203 2159 252 2179 uar
261 2149 384 2185 judicia:
395 2157 477 2178 tuam
487 2147 648 2182 defendam
657 2147 876 2181 austoritatem,
887 2145 986 2187 quoad
997 2155 1027 2175 tu
1037 2145 1132 2174 voles.

177 2160 269 2221 simul
285 2201 317 2220 ac
331 2199 391 2220 tute
400 2191 525 2230 coeperis
536 2189 704 2229 tuajudicia
714 2189 880 2219 rescindere
893 2199 898 2216 1
917 2189 995 2217 mihi
1015 2188 1137 2217 succen—

177 2233 243 2263 sere
252 2230 388 2262 definito.
412 2241 483 2260 meo
492 2233 650 2271 enimjure
658 2231 839 2261 contendam
852 2251 860 2262 ,
871 2239 941 2259 eum
952 2250 960 2262 ,
972 2228 1136 2269 quisuoju-

177 2274 252 2302 dicio
265 2273 456 2303 condemnatus
467 2272 510 2305 sit,
516 2274 684 2312 juratorum
690 2273 831 2311 judicum
840 2272 994 2301 sententiis
1002 2271 1137 2302 damnari

176 2324 326 2355 oportere.
350 2318 424 2344 Non
434 2313 596 2345 defendam
605 2315 762 2354 Apollonii
773 2314 890 2343 causam
900 2333 909 2346 ‚
929 2314 1038 2344 amici,
1050 2320 1135 2352 atque

177 2357 306 2397 hospitis
318 2359 395 2390 mei,
409 2366 448 2386 ne
457 2365 544 2386 tuum
552 2356 702 2395 judicium
711 2355 813 2385 videar
821 2354 1001 2389 rescindere:
1013 2354 1090 2382 nihil
1100 2353 1137 2382 de

178 2400 318 2429 hominis
337 2397 501 2438 frugalitate
510 2418 518 2431 ‚
538 2400 648 2427 virtute
657 2418 666 2431 ‚
685 2397 842 2439 diligentia
855 2415 864 2429 ‚
883 2393 980 2425 dicam
994 2405 998 2423 z
1019 2404 1138 2434 praeter-

182 2442 302 2470 mittam
313 2440 389 2470 illud
399 2439 541 2471 etiarmdc
550 2449 612 2480 quo
622 2448 706 2469 antea
714 2439 791 2472 dixi,
800 2438 934 2468 fortunas
942 2437 1005 2476 ejus
1016 2440 1055 2466 ita
1064 2446 1138 2466 con-

152 2498 154 2501 ·
178 2481 293 2512 stitutas
303 2480 408 2514 fuisse,
426 2481 559 2514 familia,
582 2491 689 2520 pecore
699 2501 707 2514 ,
727 2481 809 2510 villis
820 2500 828 2513 ‚
850 2480 985 2519 pecuniis
998 2477 1117 2508 creditis
1127 2498 1135 2511 ,

178 2533 212 2553 u:
224 2525 342 2553 nemini
353 2521 447 2552 771ίηί11
459 2522 597 2563 expediret
606 2543 615 2556 ,
631 2523 729 2553 ullum
742 2525 774 2552 in
785 2522 883 2552 Sicilia
892 2521 1058 2550 tumultum
1070 2540 1078 2553 ,
1090 2530 1138 2549 aut

177 2565 297 2595 bellum
308 2568 513 2595 commoveri:
532 2574 596 2594 non
607 2564 706 2594 dicam
718 2574 754 2594 ne
764 2563 840 2593 illud
849 2562 973 2607 quidem
985 2582 993 2595 ,
1010 2559 1031 2590 fi
1042 2564 1138 2591 maxi-

183 2607 234 2636 me
256 2617 287 2636 in
304 2608 388 2645 culpa
397 2605 488 2636 fuerit
497 2606 679 2645 Apollonius
689 2626 697 2639 ,
717 2615 819 2636 tamen
829 2607 861 2635 in
870 2605 1030 2633 hominem
1040 2604 1136 2632 hone-

181 2646 341 2678 stiffimurn
353 2668 361 2680 ,
372 2650 500 2677 civitatis
510 2646 733 2681 honestfflimae,
745 2657 804 2677 tam
814 2648 941 2688 graviter
950 2644 1139 2675 animadver-

181 2692 203 2719 ti
216 2709 223 2723 ‚
244 2689 327 2728 causti
340 2688 449 2718 mdic‘l'a
459 2709 467 2722 ‚
488 2699 551 2719 non
562 2688 732 2729 oportuiffe.
755 2690 874 2719 nullam
883 2687 1032 2717 invidiam
1042 2689 1074 2715 in
1085 2695 1112 2715 te
1124 2706 1133 2718 ,

180 2741 220 2761 ne
239 2741 276 2760 ex
293 2731 355 2760 illis
372 2730 496 2771 quidem
509 2731 596 2760 rebus
610 2731 784 2764 concitabo,
808 2729 880 2760 curn
892 2726 962 2759 esset
973 2728 1038 2758 talis
1048 2730 1137 2758 virin

180 2783 292 2802 carcerc
300 2793 310 2806 4
328 2774 364 2802 in
373 2772 502 2802 tenebris
512 2792 520 2805 ‚
537 2774 570 2802 in
579 2773 714 2813 squalore
725 2792 734 2805 ‚
753 2774 787 2802 in
797 2771 933 2802 sordibus
943 2790 953 2803 ‚
978 2771 1138 2809 tyrannicis

185 2813 353 2844 interdiffis
364 2815 421 2843 tuis
432 2834 441 2847 ‚
452 2816 526 2853 patri
534 2815 638 2844 exac‘ta
645 2823 727 2844 aetate
736 2834 747 2846 .
759 2814 792 2844 &
802 2812 982 2843 adolescenti
993 2810 1058 2841 filio
1068 2831 1075 2844 ‚
1088 2811 1138 2840 ad-

185 2856 268 2885 cundi
285 2855 320 2886 ad
329 2855 418 2886 illum
428 2856 574 2887 miserum
585 2854 762 2896 potestatem
773 2864 942 2896 numquam
951 2851 1008 2883 effe
1017 2852 1139 2890 saetam.

177 1857 252 1898 quid
262 1855 459 1887 commifl'um
471 1855 513 1886 est
524 1877 532 1889 ,
544 1857 816 1896 quamobremjure
826 1857 858 1885 in
868 1865 939 1884 eum
948 1834 1159 1958 animadver-]

221 2993 245 3010 i.
265 2984 545 3019 Apollonio,Di0clifilio.]
559 2986 677 3021 Antiqui:
688 2995 736 3026 pro
745 2987 928 3021 Dioclisgneque
938 2985 1017 3011 :iliter
1026 2986 1083 3013 mss.
1096 2996 1144 3013 no-

1163 111 1708 161 Cre-anonis

1166 189 1256 218 etiam
1269 188 1346 219 iilud
1360 189 1518 229 praeteribo
1528 210 1537 223 ,
1555 189 1792 230 quotiescunque
1800 188 1986 228 panormum
2003 189 2123 220 venei-is

1165 231 1221 261 illo
1231 241 1312 261 anno
1323 251 1331 266 ‚
1351 231 1385 261 &
1396 231 1445 261 sex
1456 230 1607 261 mensibus
1621 231 1712 270 (nam
1721 230 1837 261 tamdiu
1846 230 1905 261 fuit
1915 233 1949 260 in
1958 241 2069 262 carcere
2079 234 2123 262 A-

1167 273 1321 312 pollonius
1333 274 1342 314 )
1363 274 1449 313 toties
1460 273 1495 303 ad
1505 282 1532 302 te
1542 274 1676 303 senatum
1687 274 1935 304 panormitanum
1952 271 2041 303 adiss'e
2054 273 2124 313 sup-

1164 315 1275 354 plicem
1284 325 1354 345 curn
1366 314 1581 354 magistratibus
1593 335 1600 349 ‚
1613 314 1868 354 sacerdotibusque
1876 314 2004 354 publicis
2014 334 2022 348 ‚
2035 312 2124 345 oran-

1167 365 1229 385 tem
1241 376 1249 390 ,
1261 365 1349 397 atquc
1359 357 1576 390 obsecrantem,
1588 365 1621 385 ut
1630 355 1791 396 aliquando
1801 356 1852 385 ille
1863 355 1962 390 miser,
1977 365 2064 397 atque
2074 357 2125 386 in-

1170 407 1284 427 nocens
1294 399 1458 428 calamitate
1471 399 1523 428 illa
1533 398 1712 427 liberaretur.
1735 397 1902 438 relinquam
1918 398 1981 428 haec
1999 399 2128 431 omnia,-

1169 481 1238 509 ai'ios
1249 501 1258 515 ‚
1276 483 1395 510 omneis
1406 481 1460 510 tibi
1470 481 1567 510 aditus
1579 480 1788 510 misericordiae
1794 482 1804 520 j
1810 480 1932 510 udicum
1944 480 2124 521 jampridem

1170 521 1226 552 effe
1237 523 1401 562 praeclusos.
1433 524 1543 552 Omnia
1552 524 1641 563 igitur
1650 521 1704 552 ista
1712 522 1876 553 concedam
1888 543 1896 556 ,
1917 523 1949 552 &
1959 525 2122 559 remittam.
2139 530 2163 563 9

1170 564 1320 604 praevideo
1330 566 1414 593 enim
1425 584 1433 597 ,
1445 564 1516 604 quid
1528 562 1560 593 sit
1569 563 1744 593 defensurus
1754 563 1942 594 Hortensius.
1965 564 2123 598 fatebitur,

1171 605 1247 645 apud
1258 605 1349 635 istum
1360 616 1456 646 neque
1466 604 1649 635 seneaucem
1659 607 1748 645 patris
1758 625 1766 639 ‚
1787 615 1882 646 neque
1896 605 2126 636 adolescentiam

1173 646 1229 676 filii
1240 666 1248 680 ,
1267 658 1364 688 neque
1375 648 1538 687 lachrymas
1547 647 1697 687 utriusque
1706 648 1774 687 plus
1782 646 1906 677 valuifl'e
1915 668 1924 681 ,
1943 647 2033 688 quam
2043 648 2130 677 utili-

1173 697 1262 718 tatem
1280 709 1289 722 ,
1310 690 1494 729 salutemque
1510 690 1675 728 provinciae
1695 699 1700 717 z
1728 689 1807 719 dicet
1818 708 1826 722 ,
1854 699 1959 719 REMP.
1978 699 2130 719 Annum-

1174 740 1297 760 STRARI
1314 729 1374 760 fine
1386 740 1468 760 metu
1479 751 1487 763 ‚
1499 741 1532 760 ac
1542 730 1693 760 severitate
1704 740 1768 760 non
1777 729 1859 771 poste
1870 742 1875 759 z
1886 741 2008 771 quaerer,
2019 740 2140 771 quam-⁴

1172 772 1278 801 obrem
1287 771 1377 802 fasces
1386 772 1562 812 praetoribus
1570 771 1760 812 praeferantur
1768 782 1840 805 ‚cur
1850 773 1962 802 secures
1971 772 2044 802 datae
2053 793 2061 806 ,
2075 781 2128 802 cur

1171 823 1268 843 carcer
1279 812 1442 843 aedificatus
1451 834 1459 846 ,
1481 824 1532 843 cur
1543 822 1586 843 tot
1596 814 1738 853 supplicia
1748 812 1803 843 sint
1820 816 1853 844 in
1866 814 2025 854 improbos
2042 823 2130 843 more

1173 856 1324 892 majorum
1335 854 1516 885 constituta?
1532 865 1598 896 quae
1608 855 1680 885 cum
1691 858 1796 885 omnia
1804 857 1930 896 graviter
1941 876 1949 887 ‚
1970 856 2131 896 severeque

1172 897 1301 927 dixerit:
1317 907 1447 937 quaeram
1456 917 1464 930 ,
1484 907 1536 926 cur
1553 898 1635 926 hunc
1654 897 1784 926 eundem
1804 897 2005 936 Apollonium
2024 900 2133 926 Verres

1173 937 1255 967 idern
1266 959 1274 971 ‚
1286 938 1407 978 repente
1418 959 1426 971 ‚
1438 939 1521 968 nulla
1531 948 1610 968 nova
1618 948 1649 968 re
1659 939 1744 968 aliata
1756 959 1764 971 ,
1776 937 2039 969 nulladefenfione
2048 959 2057 971 ,
2069 937 2133 968 fine

1173 980 1255 1009 causa
1265 980 1301 1009 de
1310 990 1421 1010 carcere
1432 982 1531 1009 emitti
1543 978 1672 1016 iuss'erit?
1691 989 1867 1020 tantumque
1886 982 1918 1010 in
1935 981 1993 1010 hoc
2001 982 2132 1010 crimine

1173 1019 1350 1060 suspicionis
1360 1020 1418 1051 effe
1427 1020 1584 1051 affirmabo
1593 1042 1601 1054 ‚
1626 1023 1728 1061 utjam
1739 1021 1805 1062 ipsis
1817 1022 1968 1060 judicibus
1986 1021 2046 1051 fine
2063 1031 2131 1052 mea

1173 1065 1432 1104 argumentatione
1448 1064 1516 1102 conj
1522 1062 1651 1093 elsturam
1665 1063 1759 1093 facere
1767 1066 1940 1103 permittam
1954 1084 1962 1096 ‚
1979 1064 2061 1104 quod
2071 1064 2131 1093 1106

1173 1114 1267 1146 genus
1277 1104 1533 1145 pioedandi‚qnam
1543 1105 1729 1145 improbum,
1739 1106 1830 1145 quam
1842 1105 2014 1146 indignum,
2023 1105 2132 1145 quam-

1174 1157 1232 1187 que
1241 1146 1276 1175 ad
1286 1147 1529 1186 magnitudinem
1547 1146 1674 1187 quaestus
1684 1147 1871 1177 immensum
1882 1166 1890 1180 ,
1910 1145 2130 1186 infinitumque

1174 1186 1230 1217 effe
1242 1188 1384 1218 videatur.
1408 1198 1479 1221 nam
1489 1198 1554 1228 quae
1564 1187 1618 1218 iste
1629 1191 1661 1217 in
1672 1188 1839 1227 Apollonio
1848 1188 1920 1218 fecit
1930 1209 1939 1221 ,
1950 1198 1983 1218 ea
1991 1187 2131 1228 primum

1174 1229 1304 1259 breviter
1313 1230 1482 1270 cognoscite
1492 1250 1499 1262 ‚
1517 1239 1608 1270 quot,
1630 1230 1663 1259 &
1673 1238 1783 1270 quanta
1793 1228 1865 1260 fint:
1884 1229 1994 1260 deinde
2002 1231 2065 1260 haec
2075 1240 2133 1260 ex-

1174 1271 1295 1311 pendite
1305 1291 1313 1305 ,
1323 1281 1410 1312 atque
1420 1270 1563 1301 aestimite
1572 1274 1706 1311 pecunia.
1719 1273 1871 1311 reperietis
1880 1291 1888 1305 ‚
1900 1271 2010 1302 idcirco
2022 1273 2086 1302 haec
2095 1273 2130 1303 in

1175 1323 1237 1342 uno
1247 1314 1375 1343 homine
1383 1313 1548 1353 pecunioso
1559 1322 1602 1342 tot
1617 1312 1777 1343 constituta
1786 1333 1794 1345 ‚
1817 1321 1852 1341 ut
1870 1313 2132 1351 cererisfhrmidines

1169 1354 1312 1396 similium
1321 1354 1555 1384 incommodorum
1564 1375 1573 1387 ‚
1583 1362 1670 1395 arque
1681 1355 1805 1396 exempla
1813 1355 1996 1391 periculorum
2003 1363 2133 1396 propone-

1175 1405 1280 1426 rentur.
1303 1396 1443 1427 Primum
1454 1395 1639 1426 insimulatio
1649 1395 1691 1426 est
1700 1400 1870 1436 repentina,
1883 1396 2015 1436 capitalis
2025 1416 2033 1430 ‚
2045 1405 2136 1437 atque

1175 1437 1317 1468 invidiosi
1325 1440 1473 1468 criminis.
1505 1440 1629 1468 statuite
1640 1458 1648 1472 ‚
1667 1440 1771 1479 quanti
1782 1439 1840 1468 1106
1848 1440 1957 1478 putetis
1967 1458 1976 1471 ,
1998 1438 2031 1468 &
2039 1440 2133 1479 quam

1177 1481 1292 1510 multos
1301 1478 1465 1509 redemiffe.
1488 1480 1609 1510 Deinde
1618 1482 1736 1509 crimen
1746 1478 1806 1509 fine
1814 1480 1972 1519 accusatore
1981 1499 1990 1513 ‚
2004 1478 2131 1510 senten-

1175 1524 1215 1552 tia
1226 1520 1284 1551 fine
1294 1521 1402 1562 consilio
1414 1543 1423 1555 ‚
1441 1521 1594 1552 damnatio
1603 1520 1664 1551 fine
1671 1521 1828 1563 defensione.
1851 1521 2008 1552 AEstimate
2025 1522 2134 1551 harum
2212 1554 2218 1562 ,

1177 1573 1276 1593 rerum
1293 1566 1435 1593 omnium
1454 1564 1546 1603 pretia
1558 1574 1563 1592 :
1584 1563 1618 1593 <Sc
1635 1566 1762 1604 cogitate
1775 1584 1784 1596 ,
1807 1565 1840 1593 in
1858 1564 1904 1592 his
1920 1562 2133 1604 iniquitatibus
2179 1563 2183 1566 “

1177 1615 1275 1635 unum
1285 1603 1395 1636 haesifl'e
1405 1606 1607 1645 Apollonium
1616 1616 1622 1638 2.
1642 1615 1754 1634 ceteros
1764 1603 1901 1644 profesio
1912 1606 2027 1634 multos
2036 1614 2075 1634 ex
2084 1605 2133 1634 his

1178 1647 1384 1677 incommodis
1394 1649 1521 1686 pecunia
1534 1647 1562 1676 se
1571 1645 1702 1684 liberasti.
1725 1645 1881 1677 Postremo
1894 1646 2023 1676 tenebrae
2032 1665 2041 1679 ‚
2064 1647 2136 1675 vin-

1176 1690 1242 1718 cula
1252 1709 1260 1722 ,
1283 1698 1379 1719 carcer
1387 1708 1396 1722 ‚
1416 1692 1428 1715 3
1439 1688 1591 1718 inclusum
1609 1688 1788 1728 supplicium
1799 1708 1808 1721 ‚
1829 1697 1915 1728 atque
1936 1687 1952 1717 a
1969 1685 2135 1727 conspeetu.

1178 1740 1334 1770 parentum
1346 1751 1354 1764 ‚
1374 1728 1548 1760 acliberfim
1563 1750 1572 1763 ,
1592 1729 1721 1770 denique
1731 1729 1746 1760 a
1756 1730 1851 1759 libero
1860 1730 1982 1768 spiritu,
2004 1729 2133 1759 &com-

1180 1775 1267 1802 muni
1276 1773 1341 1802 luce
1351 1772 1510 1802 seclusum.
1534 1773 1609 1801 Haec
1618 1770 1689 1801 vero
1700 1792 1708 1805 ‚
1728 1781 1793 1812 quae
1803 1771 1852 1800 vel
1872 1772 1916 1800 ita
1934 1771 2034 1800 redimi
2051 1769 2134 1801 τεὸὶὲ

1178 1812 1309 1853 poss'unt,
1320 1813 1464 1844 aestimare
1472 1815 1597 1853 pecunia
1606 1823 1671 1842 non
1682 1823 1769 1853 queo.
1784 1814 1847 1842 haec
1856 1814 1961 1842 omnia
1970 1811 2036 1842 sero
2046 1812 2133 1842 rede'-

1180 1858 1238 1885 mit
1249 1856 1432 1896 Apollonius
1441 1875 1449 1889 ‚
1459 1856 1521 1894 jam
1531 1864 1654 1884 maerore
1664 1874 1672 1887 ‚
1685 1865 1718 1884 ac
1728 1854 1857 1884 miseriis
1865 1853 1996 1894 perditus
2008 1865 2013 1883 :
2031 1854 2080 1884 sed
2091 1863 2136 1884 ta·-

1181 1907 1254 1927 men
1264 1907 1375 1927 ceteros
1386 1897 1504 1930 docuit,
1523 1896 1593 1926 ante
1609 1895 1693 1926 istius
1709 1897 1837 1926 avaritiae
1849 1916 1857 1929 ‚
1875 1906 1908 1929 ac
1919 1895 2021 1926 sceleri
2030 1905 2135 1925 occur-

1179 1949 1250 1968 rere.
1282 1941 1314 1969 N
1317 1937 1349 1968 isi
1366 1937 1438 1969 verb
1456 1937 1635 1968 existimatis
1651 1958 1659 1971 ,
1680 1938 1841 1968 hominem
1858 1935 2136 1977 pecuniofiffimum

1180 1980 1240 2010 fine
1249 1980 1348 2022 aliqua
1357 1979 1576 2020 causa-quaestus
1591 1984 1608 2006 4
1616 1979 1764 2019 injefflmm
1774 1979 1808 2009 ad
1819 1988 1880 2009 tam
1890 1979 2068 2009 incredibile
2077 1980 2137 2009 cri—

1180 2032 1253 2052 men
1265 2042 1273 2056 ,
1295 2031 1343 2052 aut
1353 2021 1413 2052 sine
1423 2022 1527 2052 eadem
1538 2022 1621 2052 causa
1630 2022 1750 2061 repente
1763 2021 1779 2051 ὲ
1788 2026 1900 2052 carcere
1909 2019 2051 2051 emifl'um
2064 2032 2073 2055 3
2086 2028 2136 2050 aut

1181 2066 1238 2094 hoc
1247 2064 1399 2105 praedandi
1407 2074 1499 2105 genus
1509 2064 1545 2093 ab
1553 2063 1611 2094 isto
1622 2065 1655 2093 in
1666 2064 1720 2093 illo
1731 2073 1793 2093 uno
1802 2063 1969 2093 adhibitum
1981 2083 1989 2096 ‚
1999 2073 2033 2093 ac
2042 2070 2137 2091 renta-

1179 2114 1261 2139 rum‚·
1283 2107 1316 2136 &
1326 2116 1390 2136 non
1399 2106 1548 2145 perillum
1559 2104 1703 2135 omnibus
1712 2103 1879 2144 pecuniosis
1890 2105 1996 2134 Siculis
2016 2112 2133 2133 metum

1178 2147 1373 2188 propositum,
1385 2148 1418 2177 δε
1428 2146 1589 2186 111]661;11111.
1609 2148 1706 2186 Cupio
1718 2145 1941 2184 mibi‚judices‚
1953 2145 2052 2175 abillo
2063 2145 2132 2175 sub-
2154 2150 2216 2183 10⁷

1176 2192 1229 2229 jici
1241 2210 1248 2223 ‚
1259 2191 1404 2229 quoniam
1414 2188 1450 2218 de
1461 2189 1585 2218 militari
1595 2190 1658 2227 ejus
1668 2188 1761 2228 gloria
1770 2188 1838 2217 dico
1848 2207 1856 2220 ,
1868 2185 1961 2227 siquid
1971 2186 2049 2217 forte
2058 2196 2132 2227 prae-

1179 2240 1270 2261 tereo.
1303 2233 1385 2261 Nam
1396 2231 1473 2259 mihi
1481 2229 1587 2260 videor
1597 2229 1634 2259 de
1644 2229 1789 2259 omnibus
1796 2229 1862 2268 jam
1872 2229 1959 2258 rebus
1969 2230 2032 2268 ejus
2044 2227 2133 2269 gestis

1180 2270 1288 2302 dixifl'e
1297 2292 1305 2306 ‚
1327 2282 1392 2313 quae
1409 2272 1533 2312 quidem
1542 2271 1578 2301 ad
1589 2270 1869 2311 bellifugitivorum
1886 2272 2068 2310 pertinerent
2085 2270 2136 2300 su-

1180 2315 1345 2353 spicionem
1359 2324 1363 2342 :
1375 2314 1452 2343 certe
1463 2313 1542 2342 nihil
1553 2313 1644 2342 sciens
1655 2311 1836 2351 praetermifi.
1862 2311 1987 2342 Habetis
1997 2312 2135 2341 hominis

1179 2353 1302 2385 consilia
1311 2375 1320 2388 ,
1333 2355 1520 2395 diligentiam
1533 2374 1541 2387 ,
1552 2356 1739 2394 vigilantiam
1751 2374 1759 2387 ‚
1778 2353 1947 2384 custodiam
1956 2373 1965 2387 ‚
1985 2351 2135 2383 defenfio-

1180 2406 1310 2437 nemque
1320 2398 1494 2436 provinciae.
1517 2399 1644 2426 Summa
1653 2395 1727 2425 illuc
1736 2397 1865 2435 pertinet
1874 2415 1883 2428 ‚
1895 2403 1927 2424 ut
1935 2395 2030 2425 sciatis
2041 2415 2048 2428 ‚
2057 2404 2134 2435 qu0÷
2178 2421 2183 2424 .

1182 2440 1264 2468 niam
1273 2438 1355 2478 plura
1360 2448 1462 2478 genera
1473 2438 1490 2468 s
1488 2447 1542 2467 unt
1552 2440 1778 2477 imperatorum,
1791 2447 1829 2466 ex
1838 2446 1900 2478 quo
1907 2447 2014 2477 genere
2022 2435 2078 2466 iste
2087 2434 2134 2466 fit}

1183 2483 1230 2509 Ne
1240 2480 1354 2509 diutius
1364 2490 1396 2509 in
1407 2489 1485 2509 tanta
1496 2482 1628 2519 paenuria
1640 2481 1777 2509 virorum
1794 2477 1920 2508 fortium
1938 2479 2028 2508 talem
2039 2479 2136 2517 impe-

1170 2523 1310 2551 ‘ratorem
1328 2524 1463 2562 ignorare
1481 2519 1594 2561 poi'litis
1606 2531 1612 2550 :
1632 2530 1696 2550 non
1707 2521 1742 2550 ad
1752 2523 1791 2560 Q.
1801 2521 1932 2549 Maximi
1942 2520 2113 2560 sapientiam
2124 2538 2135 2553 ‚

1182 2573 1278 2603 neque
1296 2563 1331 2592 ad
1346 2564 1427 2593 illius
1437 2564 1596 2602 superioris
1604 2561 1736 2592 Africani
1753 2564 1787 2592 in
1804 2571 1835 2591 re
1852 2561 1985 2603 gerunda
2003 2561 2136 2591 celerita-

1182 2614 1244 2634 tem
1256 2625 1264 2637 ‚
1276 2615 1372 2645 neque
1381 2605 1415 2635 ad
1426 2606 1476 2644 huj
1484 2614 1516 2634 us
1527 2624 1536 2637 ‚
1548 2605 1601 2644 qui
1611 2602 1712 2643 postea
1722 2602 1780 2633 fuit
1790 2623 1800 2636 ‚
1812 2601 1952 2643 singulare
1963 2601 2134 2637 consilium,

1183 2657 1278 2687 neque
1287 2646 1322 2676 ad
1332 2647 1425 2676 Paulli
1435 2648 1582 2676 rationem
1592 2665 1600 2679 ‚
1610 2655 1643 2675 ac
1652 2645 1842 2684 disciplinam
1854 2648 1863 2678 3
1874 2654 1970 2685 neque
1980 2643 2016 2674 ad
2027 2646 2058 2674 C.
2071 2645 2138 2675 Ma-

1182 2690 1217 2717 rii
1232 2691 1296 2718 vim
1307 2696 1393 2728 atque
1404 2690 1548 2718 virtutem
1559 2707 1568 2721 ‚
1588 2686 1637 2717 sed
1657 2686 1693 2717 ad
1711 2686 1792 2716 aliud
1811 2696 1904 2727 genus
1922 2688 2137 2726 imperatorum
2195 2713 2201 2726 Α,

1183 2730 1249 2760 sane
1260 2730 1420 2770 diligenter
1428 2728 1620 2759 retinendum
1631 2748 1639 2762 ‚
1652 2728 1685 2758 δε
1693 2727 1945 2761 conservandum,
1957 2728 2056 2768 quaeso
2064 2746 2073 2761 ,
2085 2736 2138 2758 co·
2179 2762 2184 2766 ,
2201 2727 2206 2731 ’

1183 2773 1322 2813 gnosCite.
1356 2772 1496 2801 Jtinerum
1505 2770 1639 2810 primum
1652 2768 1789 2803 laborem,
1807 2770 1916 2810 quivel
1926 2771 2078 2799 maximus
2095 2767 2138 2799 est
2196 2768 2198 2770 ’

1186 2817 1218 2843 111
1229 2824 1259 2843 re
1269 2814 1393 2843 militari
1405 2834 1413 2846 ,
1429 2813 1544 2851 judices
1556 2832 1563 2845 ‚
1583 2813 1616 2841 &
1635 2815 1666 2841 in
1677 2811 1777 2841 Sicilia
1796 2810 1931 2841 maxime
1950 2809 2137 2843 necessarius,
2176 2814 2186 2818 ”

1185 2858 1318 2895 accipite,
1331 2854 1551 2896 quamracilem
1563 2852 1617 2884 fibi
1626 2853 1692 2887 iste,
1704 2853 1914 2893 &jucundum
1923 2854 2051 2923 rationgl,
2064 2861 2141 2881 con-

1316 2897 1332 2911 ·
2051 2894 2142 2934 ioque

1225 2995 1252 3021 3.
1273 2987 1391 3020 Incluficm
1402 2987 1569 3020 supplicii-mu]
1590 2985 1694 3012 Vellem
1713 2985 1771 3021 quis
1790 2984 1854 3011 mihi
1868 2983 2003 3018 judicaret
2021 2981 2144 3020 quidnam

178 3019 224 3047 stri
238 3039 245 3050 ‚
257 3020 304 3046 nisi
314 3021 385 3056 quod.
396 3021 452 3046 Pal.
466 3020 516 3047 lec.
528 3023 622 3048 Dtotlt'l.
644 3023 768 3048 meminit
779 3022 854 3055 liujus
867 3021 919 3048 loci
932 3021 1041 3054 Rivius,
1053 3022 1079 3048 iii
1090 3024 1144 3049 Ca·
1189 3023 1275 3049 istliaec
1286 3022 1363 3049 verba
1374 3023 1430 3048 licie
1442 3022 1486 3048 libi
1499 3022 1591 3047 velint.

178 3055 364 3091 stigationibus
375 3056 406 3082 ad
421 3056 556 3083 Tullium.

212 3100 240 3123 τ..
262 3093 354 3126 Ecquid
363 3093 722 3129 maniflsti'mproftrripotcffl]
743 3092 826 3123 Liber
837 3093 931 3130 Cujac.
942 3093 1145 3130 confistius‚unde

179 3126 248 3163 facit
257 3128 420 3156 Gulielmius
431 3130 558 3163 confffus.

1224 3066 1253 3091 4.
1271 3059 1383 3091 Injeflnm
1393 3059 1426 3083 ad
1433 3065 1482 3084 tam
1491 3058 1625 3082 incredibile
1636 3076 1644 3089 ‚
1653 3056 1725 3090 &c.]
1745 3050 1796 3090 Cuj
1801 3056 1848 3082 acii
1859 3055 1943 3086 codex
1953 3057 2057 3092 ejet‘i‘um.
2075 3051 2145 3084 unde

1192 3093 1269 3123 facile
1279 3093 1326 3123 fiat
1336 3096 1442 3122 elafium.
1463 3093 1624 3123 Gulielmius
1636 3091 1791 3128 conjiciebat
1794 3093 1915 3128 jeleffum.

1168 450 1233 480 quae
1248 438 1269 468 fi
1283 440 1378 469 velim
1391 439 1526 480 persequi
1537 460 1546 472 ,
1560 438 1646 468 facile
1657 438 1813 469 ostendam
1825 459 1833 472 ,
1853 448 1904 469 tua
1914 439 2081 469 crudelitate
2094 440 2126 472 in
2146 461 2152 469 .
2196 470 2200 482 ,-
2232 439 2233 442 ’
