2250 3358
125 221 146 253 ‘i
204 218 209 223 .
247 219 340 272 'Anio
360 229 445 267 urbis
461 219 547 265 boc-
569 231 723 266 Ciceronis
741 239 838 264 mni.
857 240 953 267 coss.

190 282 192 284 ’
515 277 665 326 fuerunt,
682 300 685 302 ψ
892 296 896 299 ·

122 335 535 387 'CN-DOMITIUS
562 344 1057 396 CALVINUS‚M,VA-

341 394 556 431 LERIUS
583 394 861 430 MESSALA.

115 465 119 468 ⁵
219 473 232 507 1
257 469 412 506 consules
433 481 506 504 non
527 467 639 503 statim
660 466 765 503 initio
777 491 786 505 ,
808 478 847 503 ut
871 467 978 504 moris
998 479 1080 521 erat,

111 479 271 558 ‘Hstd
290 518 435 567 septimo
455 516 594 552 tandem
616 517 731 551 mense
763 516 1003 563 magistratum
1024 530 1080 552 in-

111 568 243 609 ierunt,
256 568 397 603 auftore
408 566 521 601 Dione
533 564 651 607 lib.40.
661 565 756 600 Cum
768 577 862 618 enim
875 578 969 618 anno
982 565 1079 612 supe-

110 617 208 654 riore
220 615 446 651 comitiorum
465 613 701 650 consularium
718 613 842 666 singuli
855 613 926 649 dies
937 613 1076 668 obnun-

110 664 319 702 tiationibus
332 663 450 699 sublati
471 662 578 698 essent
589 687 598 702 ,
622 671 661 697 ut
672 661 787 697 scribit
799 662 924 697 Cicero
937 662 1031 708 epist.
1049 674 1076 706 3,

110 714 135 749 1.
144 727 172 757 3.
186 701 226 748 ad
238 715 326 749 Frat.
336 714 370 749 ὃς
380 712 426 747 ob
434 711 470 746 id
481 709 764 757 menlejanuario
779 710 866 762 nulli
879 709 964 763 dum
977 711 1075 746 Con-

113 762 199 798 sules
214 761 320 797 ess'ent
334 786 342 800 ,
367 762 560 805 Interreges
584 759 626 793 de
649 770 748 793 more
768 758 898 805 proditi
922 759 1075 799 fuerunt,

107 812 174 860 'qui
197 808 446 857 rempublicam
471 819 531 854 per
551 807 607 843 sex
628 808 760 841 menses
781 806 1073 861 administrarunt:

113 872 196 895 cum
208 857 301 907 quod
313 866 455 905 propter
467 855 612 904 auspicia
625 881 634 896 ,
645 867 721 903 quae
732 855 880 891 secunda
891 858 1073 904 Interregi-

109 908 177 943 ‘bus
199 919 269 942 non
290 905 494 940 eveniebant
508 928 518 943 ,
544 904 686 939 comitia
698 904 822 939 habere
837 917 910 940 non
930 905 1074 952 possent,

110 962 187 991 tum
207 953 301 1003 quod
314 953 444 989 tribuni
458 953 503 1001 pl.
515 952 574 1001 qui
589 965 693 1000 remp.
706 953 898 989 meabant
910 976 920 990 ‚
942 965 986 1005 ne
997 967 1071 989 ma-

106 1003 486 1052 gistratuscrearentur,
498 1001 719 1048 impedirent,
734 1011 772 1036 ut
784 1001 850 1036 Dio
862 1000 1067 1055 scribit-Plu-

106 1065 144 1088 ra
161 1051 266 1092 igitur
283 1051 349 1085 hoc
373 1061 530 1098 tempore
542 1049 739 1097 interregna
752 1049 893 1085 fuerunt
908 1064 914 1085 :
938 1049 981 1086 dc
993 1064 1070 1104 qui·

104 1088 308 1137 ‘bu-{Cicero
322 1111 373 1146 ep.
384 1111 411 1134 1.
425 1098 446 1134 l.
454 1111 482 1143 7.
497 1100 522 1132 F
523 1098 612 1133 amil.
623 1111 727 1151 quam
740 1099 809 1133 hoc
821 1108 978 1146 tempore
990 1100 1070 1134 serl-

101 1149 199 1198 ¹ptam
211 1147 277 1184 effe
297 1160 348 1183 res
367 1147 434 1195 ipsa
453 1146 582 1182 indicat
595 1170 605 1185 ‚
628 1146 959 1195 11cut&sequentes·
985 1161 1070 1196 qua-

99 1209 186 1234 ·rum
198 1196 332 1232 decima
343 1196 443 1232 tertia
456 1195 533 1231 data
546 1194 594 1230 est
618 1207 674 1231 111.
687 1197 807 1231 Nonas
821 1198 922 1231 Mart·
936 1196 1071 1232 decima

105 1247 227 1283 octava
240 1257 288 1281 v1.
307 1244 388 1280 Idus
403 1247 482 1292 Apr-
504 1243 571 1279 Sed
584 1269 592 1285 ,
609 1247 691 1280 cum
706 1244 855 1280 Tribuni
871 1245 914 1292 pl.
927 1246 1070 1299 comitia

101 1295 207 1331 *omni
228 1294 361 1330 ratione
384 1291 593 1339 impedirent
606 1318 615 1334 ,
637 1305 675 1328 ac
686 1293 852 1344 'primum
876 1304 914 1329 ut
935 1294 1068 1347 tribuni

99 1343 206 1380 milit.
226 1356 290 1391 pro
301 1341 511 1380 consulibus,
524 1341 650 1377 deinde
662 1352 701 1377 ut
713 1342 1069 1395 Pompejuleistator

103 1398 277 1428 'crearetur
287 1415 296 1429 ‚
309 1390 351 1426 ad
362 1390 535 1438 populum
547 1389 676 1426 ferrent
689 1416 698 1430 ,
719 1393 769 1426 M.
779 1391 924 1426 Catonis
937 1393 1066 1446 cohor—

97 1439 233 1477 ratione
243 1439 411 1475 adducitis
424 1465 433 1480 ,
447 1437 632 1487 Pompejus
644 1437 760 1474 effecit
774 1465 783 1480 ‚
807 1449 845 1475 ut
858 1440 925 1475 Cn.
939 1442 1064 1495 Domi-

95 1489 218 1529 tium&
229 1487 435 1524 M.Mcffalla
449 1498 545 1523 coss·
559 1487 700 1523 tandem
712 1487 843 1523 filei-int
855 1499 970 1527 creati,
983 1491 1064 1526 Plu-

95 1538 236 1574 tarchus
247 1537 285 1572 in
297 1535 463 1584 Pompejo
476 1538 511 1572 δε
521 1536 590 1571 Dio
603 1537 624 1572 1,
633 1549 689 1579 40.
700 1558 703 1559 ν
716 1537 780 1573 His
792 1548 887 1573 coss.
900 1539 951 1572 M.
964 1538 1061 1574 Cras-

91 1586 155 1623 'fiis
167 1585 347 1622 interfec‘Fto
361 1587 393 1620 P.
408 1585 482 1620 filio
495 1585 720 1633 exercituque
732 1585 846 1621 deleto
859 1597 973 1640 ,trans
988 1590 1062 1641 Eu-

92 1635 256 1684 *phratem
267 1647 348 1670 cum
365 1633 558 1681 ignominia
571 1637 605 1670 ἃς
617 1634 786 1670 dedecore
796 1635 897 1681 periit
908 1660 918 1675 ‚
940 1647 987 1671 ait
1000 1637 1062 1672 Ci-

94 1691 181 1720 cero
195 1683 218 1719 l.
230 1696 270 1719 2·-
280 1683 323 1718 de
336 1683 487 1719 Divinat.
502 1685 536 1719 ὃς
555 1683 668 1719 scribit
685 1695 806 1731 praeter
821 1684 905 1719 alios
918 1684 1061 1722 Orosius

99 1731 216 1769 no'ster
228 1732 286 1768 lib.
296 1735 328 1769 6.
342 1744 414 1780 cap.
429 1744 439 1767 1
454 1743 480 1776 3.
510 1732 643 1767 Periisse
656 1733 814 1768 Crassum
827 1733 1059 1782 mensejunio

88 1781 250 1817 ‘Ovidius
262 1781 357 1817 lib.6.
368 1780 543 1816 Fastorum
558 1780 697 1816 indicat·
720 1783 765 1817 ,In
779 1781 898 1818 locum
912 1783 1057 1820 P.Craffi

100 1831 152 1866 M».
167 1831 200 1865 F.
213 1830 336 1866 Cicero
348 1831 472 1877 Augur
483 1828 592 1866 faetus
604 1829 670 1866 fuit
681 1855 691 1871 ‚
712 1840 752 1866 ut
768 1830 966 1867 :flutarchus
978 1832 1059 1868 scri—

84 1877 156 1914 ³bit.
183 1880 223 1914 In
238 1881 436 1926 Auguratus
459 1878 625 1923 petitione
648 1879 915 1927 competitorem
937 1881 1058 1917 habuit

85 1926 294 1963 -'C.Hirrum.
316 1927 359 1962 de
370 1939 441 1975 quo
452 1927 545 1965 lib.2-
560 1929 594 1964 δε
608 1931 638 1963 8.
651 1929 744 1965 Fam.
759 1928 824 1965 Sed
837 1930 1056 1967 M.Tullium

86 1977 261 2016 *augurem
281 1976 300 2009 a
321 1984 398 2010 toto
409 1975 558 2021 collegio
571 1977 762 2023 expetitum
777 1978 843 2029 Cn·
856 1978 999 2026 Pompej
1006 1992 1055 2018 us,

84 2023 128 2057 ’ἃ
137 2014 393 2068 QHortenfius
405 2023 680 2059 nominaverunt
692 2049 702 2064 ‚
715 2025 871 2072 Philipa..
895 2026 948 2061 Ab
961 2029 1055 2063 Hor-

80 2073 87 2090 ·“
90 2070 200 2105 tensio
211 2070 244 2105 se
255 2080 456 2117 cooptatum
469 2070 506 2104 in
516 2071 704 2116 collegium
717 2097 726 2111 ‚
748 2074 783 2108 ὅ(
796 2073 1054 2118 inauguratum‚

84 2119 184 2154 ·ait'in
198 2119 316 2154 Bruto.
331 2121 414 2165 Qo
425 2127 581 2160 tempore
593 2118 718 2153 Cicero
733 2121 855 2165 Augur
866 2121 979 2156 fastus
992 2123 1052 2159 est,

81 2166 132 2202 'C.
143 2165 343 2202 Scribonius
355 2165 464 2200 Curio
478 2164 570 2201 filius
581 2165 617 2200 in
632 2165 729 2202 Italia
741 2179 812 2202 non
827 2166 893 2202 fuit
905 2193 914 2209 ‚
936 2180 976 2204 ut
986 2169 1053 2218 ipse

89 2214 136 2250 ait
148 2215 234 2251 Phili
264 2226 305 2251 .2.
319 2224 391 2249 erat
401 2224 517 2249 autem
530 2214 564 2249 in
581 2212 656 2249 Asia
670 2239 679 2254 ,
692 2227 805 2263 eoque
817 2215 942 2269 Cicero
956 2218 997 2254 ad
1009 2219 1052 2254 il-

89 2262 164 2300 lum
176 2227 268 2301 milii
279 2264 334 2300 sex
347 2262 474 2311 primas
488 2261 642 2311 epistolas
656 2263 712 2298 lib.
729 2276 758 2299 2·
774 2265 891 2301 Famil.

1038 145 1085 186 Τ,

226 2387 230 2390 -
253 2366 353 2401 Anno
368 2360 456 2398 urbis
477 2373 503 2397 n
514 2372 536 2397 e
547 2373 568 2397 c
579 2373 604 2397 1.
630 2363 787 2399 Ciceronis
809 2373 831 2397 L
845 2374 882 2400 v.

444 2435 446 2437 ·
457 2409 574 2458 Confitl
581 2409 664 2459 ficit,

170 2475 258 2514 CN.
282 2475 577 2524 POMPEJUS
604 2476 847 2512 MAGNUS
874 2478 958 2514 111.

337 2526 470 2562 SINE
508 2524 796 2560 COLLEGA.

161 2605 340 2640 ETEBANT
353 2616 388 2639 m
401 2602 500 2637 hunc
511 2612 646 2637 annum
659 2601 890 2638 Consulatum
903 2603 1043 2639 summis

136 2657 138 2659 ’
159 2652 440 2688 contentionibus
453 2649 635 2686 T.Annius
651 2649 751 2688 Milo,
765 2651 952 2688 P-l'lautius
965 2655 1042 2700 Hy-

85 2700 199 2747 psaeus,
211 2703 244 2736 &
256 2699 462 2747 QMetellus
475 2697 605 2745 Scipio.
624 2698 761 2734 Petebat
774 2699 808 2734 in
819 2700 970 2737 eundem
982 2714 1041 2737 an—

83 2759 170 2784 num
189 2759 373 2796 praeturam
384 2752 419 2785 P.
432 2745 581 2782 Clodius
594 2772 602 2786 ‚
624 2746 681 2781 cui
695 2746 837 2784 summae
848 2749 1040 2786 inimicitiae

86 2807 165 2832 cum
185 2797 321 2833 -Milone
343 2794 611 2834 intercedebant.
639 2795 756 2843 itaque
776 2809 803 2831 a.
815 2797 848 2832 d.
871 2808 956 2845 xiii.
969 2800 1041 2835 Ka·

81 2843 171 2880 lend.
187 2846 262 2882 Feb.
277 2858 360 2882 curn
372 2847 461 2882 Milo
474 2843 676 2880 Lanuvium
690 2842 961 2897 proficisceretur
973 2870 983 2884 ‚
1005 2849 1040 2883 &

82 2893 226 2929 Clodius
234 2894 350 2930 'Aricia
361 2895 495 2930 rediens
505 2892 535 2927 ei
547 2891 749 2928 occurrisset
760 2918 769 2933 ‚
791 2892 868 2931 rixa
878 2896 911 2931 ὃς
923 2907 1039 2942 pugna

80 2940 169 2977 forte
191 2942 366 2978 commissa
384 2968 394 2982 ‚
420 2939 566 2978 Clodius
588 2940 789 2977 interfeslus
812 2941 878 2978 fuit
898 2968 909 2983 ‚
942 2944 1036 2991 quod

79 2988 245 3026 Asconius
267 2990 303 3026 in
326 2999 534 3039 argumento
555 3000 638 3025 orat.
651 3001 715 3037 pro
727 2989 863 3043 Milone
883 2991 1037 3038 pluribus

66 3037 191 3072 -verbis
212 3049 334 3075 narrat,
361 3035 545 3087 pompejus
567 3036 692 3073 deinde
718 3037 760 3073 ab
782 3050 953 3087 interrege
966 3043 1035 3076 Ser.

71 3079 228 3132 'Sulpicio
244 3088 359 3123 v.Kal,
373 3089 488 3124 Martii
500 3085 620 3121 consul
632 3096 765 3138 creatus
778 3087 838 3127 est,
851 3087 1035 3137 statimque

67 3133 292 3177 -confislatum
304 3135 403 3177 iniit,
412 3139 446 3176 ὃς
457 3145 564 3175 novas
576 3133 666 3182 leges
679 3134 778 3173 tulit:
793 3135 876 3174 duas
889 3149 933 3176 ex
945 3139 978 3176 S.
992 3138 1033 3174 C.

495 3254 499 3258 ·
542 3247 551 3268 Ι

1150 152 1536 192 ORIA.
2032 168 2100 223 37

1130 221 1270 259 alteram
1284 221 1327 259 de
1341 223 1376 259 vi
1391 247 1401 262 ,
1413 237 1479 273 qua
1492 224 1702 263 nominatim
1716 229 1847 267 caedem
1859 229 2033 280 Appiavia
2046 234 2097 268 fa-

1132 270 1220 305 &am
1235 296 1244 312 ‚
1271 272 1526 311 &incendium
1539 274 1655 311 Curiae
1668 298 1677 313 ,
1702 278 1736 312 &
1748 276 1894 316 domum
1908 283 1957 316 M.
1973 281 2093 330 Lepidi

1132 316 1310 366 interregis
1333 333 1568 370 oppugnatam
1581 326 1867 372 comprehendit:
1894 329 2035 366 alteram
2051 331 2095 366 de

1130 365 1262 401 ambitu
1277 391 1286 404 ,
1301 381 1403 412 poena
1414 371 1575 418 graviore
1587 398 1596 413 ‚
1614 374 1649 409 ὃς
1661 372 1774 410 forma
1779 374 2000 423 judiciorum
2013 379 2093 415 bre-

1132 412 1230 448 viore
1242 417 1420 462 proposita.
1447 431 1593 469 utraque
1611 421 1706 457 enim
1723 422 1779 460 lex
1794 424 1887 472 prius
1899 426 1998 463 testes
2020 427 2092 464 dari

1128 460 1356 512 pertriduum
1370 490 1377 504 ‚
1393 466 1517 504 deinde
1530 482 1603 505 uno
1617 469 1671 506 die
1683 481 1786 521 atque
1797 473 1920 510 eodem
1935 478 1969 512 ὃς
1981 476 2022 512 ab
2035 483 2091 512 acss

1128 513 1283 546 culatore
1297 536 1306 551 ‚
1333 513 1367 547 ἃ
1391 513 1431 547 ab
1453 528 1512 551 reo
1535 518 1685 565 perorari
1706 519 1870 567 jubebat,
1892 522 1939 559 ita
1953 535 1992 560 ut
2011 526 2092 562 duae

1127 558 1221 592 hora:
1234 559 1419 596 accusatori
1436 587 1445 601 ‚
1470 572 1537 598 tres
1551 579 1608 602 reo
1622 568 1788 606 darentur
1800 594 1810 609 ‚
1831 572 1973 609 auclore
1985 575 2090 609 Asco-

1127 605 1284 642 nio.hinc
1299 608 1441 646 Tacitus
1456 609 1492 645 in
1508 612 1643 661 dialogo
1657 617 1698 652 de
1711 619 1916 656 Oratoribus
1929 622 1974 658 ait
1984 623 2090 659 Pom-

1125 654 1173 701 pej
1181 667 1239 691 um
1264 656 1419 702 primum
1442 658 1654 698 adstrinxisse
1672 689 1682 702 ,
1708 669 1741 702 ὃς
1764 667 1960 716 imposuisse
1980 671 2087 708 veluti

1123 701 1247 739 fraenos
1269 704 1486 753 eloquentiae·
1513 707 1556 743 de
1579 710 1642 745 hac
1663 712 1737 759 lege
1750 717 2039 765 PonipeiiCicero
2051 721 2089 757 in

1123 752 1230 787 Bruto
1243 778 1252 793 ‚
1279 754 1435 791 Maxime
1449 781 1458 796 ‚
1481 756 1596 806 inquit
1615 758 1712 805 (dele
1725 764 1757 798 8<
1770 766 1957 803 Hortensio
1970 770 2087 816 agens)

1122 800 1293 848 perspefla
1316 801 1364 837 est
1387 804 1565 854 utriusque
1587 806 1744 845 nostrum
1758 815 1957 851 exercitatio
1970 818 2086 865 paullo

1121 859 1200 883 ante
1212 873 1222 886 ‚
1245 862 1328 887 cum
1340 851 1415 899 lege
1427 854 1591 901 Pompeja
1613 858 1718 892 ternis
1733 859 1826 894 horis
1844 863 1884 898 ad
1896 864 2085 903 dicendum

1121 896 1205 932 datis
1218 923 1227 938 ,
1251 898 1292 934 ad
1309 900 1419 936 causis
1434 901 1620 949 simillimas
1637 905 1787 948 intel-sc,
1814 910 1866 944 vel
1888 913 2001 957 potius
2015 915 2084 950 cas-

1119 945 1200 986 dem
1213 947 1299 983 novi
1314 949 1535 988 veniebamus
1547 953 1715 999 quotidie.
1742 957 1888 992 &initio
1902 960 1956 1003 l.4.
1972 962 2014 997 de
2028 965 2083 999 Fi-

1120 994 1230 1029 nibus.
1257 996 1339 1031 Aiu'
1353 998 1491 1034 tandem
1505 1024 1515 1038 ,
1541 1013 1623 1037 cum
1637 1015 1677 1038 eo
1698 1003 1741 1038 de
1761 1005 1825 1041 hac
1839 1019 1929 1043 nova
1943 1010 2015 1056 lege
2029 1013 2083 1047 vi-

1117 1042 1238 1082 deam,
1263 1044 1386 1080 eodem
1407 1046 1659 1086 dieaccusatori
1683 1052 1907 1101 respondere,
1933 1059 2084 1096 &tribus

1119 1092 1212 1126 horis
1226 1106 1383 1139 perorare
1396 1120 1405 1135 ,
1430 1095 1464 1131 in
1487 1097 1550 1133 hac
1566 1111 1622 1134 me
1638 1101 1734 1136 causa
1747 1112 1882 1151 tempus
1894 1105 2083 1146 dilaturum

1118 1150 1212 1185 putas
1227 1144 1238 1177 ?
1265 1142 1393 1179 Pcrlata
1404 1144 1478 1192 lege
1491 1147 1665 1194 Pompeii,
1677 1151 1710 1185 ὅ(
1725 1152 1926 1188 L-Domitio
1939 1156 2084 1192 Alieno-

1108 1188 1223 1228 ,barbo
1241 1190 1434 1238 Qaesitore
1447 1193 1607 1242 iuffragio
1631 1199 1749 1245 populi
1773 1212 1887 1237 creato
1902 1226 1911 1240 ‚
1937 1204 2025 1239 Milo
2038 1205 2082 1241 de

1118 1237 1150 1273 vi
1162 1261 1172 1276 ,
1187 1240 1221 1273 &
1233 1239 1275 1274 de
1287 1240 1433 1283 ambitu,
1446 1244 1480 1278 ὃ(
1492 1243 1534 1278 de
1545 1245 1705 1281 lodah'nis
1718 1248 1908 1294 postulatus
1920 1251 1996 1289 fuit.
2011 1256 2082 1289 Ac-

1114 1286 1277 1323 cufizrunt
1288 1287 1331 1324 de
1345 1289 1380 1325 vi
1394 1290 1566 1328 Milonem
1583 1305 1638 1329 111.
1651 1295 1731 1330 Idus
1747 1300 1942 1347 Ap.Appius
1955 1302 2080 1349 major,

1115 1336 1163 1370 M.
1178 1336 1351 1373 Antonius
1364 1362 1373 1376 ³
1398 1341 1432 1376 δι’,
1446 1341 1479 1375 Ρ.
1493 1341 1648 1378 Valerius
1662 1346 1780 1393 Nepos
1791 1372 1800 1386 ,
1826 1349 1999 1396 respondit
2010 1351 2077 1392 illis

1113 1396 1202 1419 unus
1216 1385 1404 1423 M.Cicer0.
1426 1389 1485 1437 qui
1501 1389 1583 1425 cum
1597 1391 1761 1440 inciperet
1774 1395 1901 1438 dicere,
1914 1410 2079 1447 exceptus

1110 1431 1158 1467 est
1169 1432 1414 1472 acclamatione
1425 1437 1682 1476 Clodianorum
1692 1467 1701 1482 ‚
1717 1442 1763 1478 ita
1775 1469 1785 1484 ‚
1800 1455 1839 1480 ut
1852 1458 1925 1481 non
1941 1460 1979 1483 ca
1989 1471 1998 1485 ‚
2010 1462 2077 1496 qua

1109 1481 1225 1517 solitus
1243 1494 1315 1518 erat
1326 1509 1335 1524 ,
1357 1484 1548 1523 constantia
1559 1487 1697 1526 diceret.
1722 1491 1777 1526 scd
1789 1494 1902 1530 oratio
1916 1495 1971 1531 illa
1984 1510 2076 1545 quo-

1109 1543 1176 1578 que
1199 1542 1340 1580 excepta
1364 1533 1430 1570 fuit
1442 1560 1450 1575 ,
1479 1546 1518 1571 ut
1541 1537 1708 1574 Asconius
1735 1540 1862 1579 scribit.
1911 1545 2076 1581 Meminit

1111 1579 1349 1627 Qintilianus
1362 1581 1482 1628 l.4-C.3.
1498 1587 1582 1621 Eam
1594 1587 1690 1625 vero,
1701 1602 1805 1636 quam
1818 1604 1881 1627 nos
1894 1593 2080 1635 habemus,

1109 1628 1234 1664 Cicero
1247 1629 1361 1678 postea
1374 1632 1521 1681 scripsit,
1534 1634 1616 1671 cum
1630 1636 1717 1672 Milo
1730 1638 1810 1674 esset
1822 1640 1985 1681 Massiliae,
1998 1646 2071 1691 quo

1106 1678 1392 1730 condemnatus„
1408 1681 1445 1718 in
1471 1683 1641 1720 exsulium
1656 1685 1747 1723 intra
1767 1689 1984 1736 paucissimos
1999 1691 2071 1728 dies

1106 1727 1280 1773 profecstus
1292 1728 1368 1765 fuit·
1396 1731 1562 1768 Asconius
1576 1757 1585 1771 ‚
1600 1736 1634 1770 8<
1645 1736 1713 1770 Dio
1731 1736 1788 1773 lib.
1803 1751 1859 1780 40.
1885 1740 2070 1777 Accusatus

1104 1775 1228 1811 deinde
1238 1779 1357 1814 M.Sau
1363 1777 1404 1827 fej
1411 1792 1462 1819 us,
1474 1780 1680 1819 defendente
1690 1784 1873 1828 Cicerone,
1885 1789 1918 1824 &
1929 1789 2069 1825 M-Coe-

1104 1824 1163 1865 lio,
1176 1825 1350 1862 absolutus
1363 1827 1441 1864 fuit.
1460 1831 1537 1866 Sex.
1549 1842 1667 1867 autem
1680 1833 1826 1871 Clodius
1839 1849 1968 1884 magno
1980 1850 2069 1874 con—

1103 1872 1198 1909 sensu
1223 1874 1404 1913 damnatus
1427 1877 1485 1914 est.
1515 1880 1690 1917 Asconius.
1730 1883 1914 1932 Pompeius
1938 1886 1974 1921 in
2000 1886 2070 1923 hoc

1103 1922 1282 1961 consulatu
1295 1963 1297 1966 ,
1308 1925 1511 1963 Corneliam
1534 1928 1578 1969 Q.
1599 1930 1733 1966 Metelli
1757 1932 1926 1981 Scipionis
1959 1933 2069 1972 filiam

1104 1984 1252 2020 uxorem
1266 1973 1368 2018 duxit
1387 1977 1422 2012 δε
1435 1975 1591 2012 socerum
1616 1977 1677 2013 sibi
1700 1979 1736 2015 in
1759 1983 1916 2030 quinque
1935 1985 2067 2020 menses

1103 2031 1276 2059 extremos
1288 2023 1458 2070 collegam
1469 2025 1677 2071 subrogavit.
1699 2029 1900 2072 Plutarchus
1912 2031 1947 2066 in
1959 2034 2066 2067 Pom-

1101 2065 1178 2115 pejo
1192 2092 1203 2106 ,
1226 2069 1293 2104 Dio
1307 2070 1362 2106 lib.
1378 2083 1432 2114 40.
1458 2072 1632 2119 Appianus
1647 2074 1703 2110 lib.
1720 2088 1748 2111 2.
1765 2077 1916 2114 eundem
1929 2080 2065 2128 Scipio-

1101 2128 1182 2150 nem
1195 2117 1396 2153 Censorium
1411 2119 1612 2165 potestatem
1625 2145 1635 2159 ,
1658 2136 1762 2170 quani
1777 2125 1922 2162 Clodius
1941 2129 2064 2164 immi-

1101 2174 1222 2198 nuerat
1235 2187 1245 2202 ‚
1262 2165 1335 2212 lege
1347 2165 1526 2203 restituisse
1538 2192 1548 2206 ,
1564 2169 1632 2204 Dio
1647 2170 1770 2207 scribit.
1796 2175 1876 2208 Hoc
1889 2188 1980 2211 anno
1993 2175 2064 2213 fin-

1097 2211 1192 2257 gitur
1214 2213 1350 2250 habitus
1374 2214 1483 2251 sermo
1505 2216 1548 2251 de
1565 2216 1693 2254 finibus
1714 2220 1890 2258 bonorum
1905 2226 1938 2260 ὃς
1951 2227 2062 2261 malo-

1097 2272 1176 2295 rum
1190 2284 1199 2298 ‚
1229 2274 1334 2309 quem
1348 2262 1474 2299 Cicero
1498 2264 1593 2301 libris
1615 2270 1771 2317 quinque
1793 2271 1906 2318 postea
1920 2274 2061 2321 perstri-

1097 2307 1168 2356 pfit-
1186 2321 1395 2357 argumento
1407 2312 1485 2349 sunt
1497 2314 1601 2351 verba
1611 2315 1679 2354 illa,
1690 2331 1766 2360 quae
1779 2320 1822 2355 de
1836 2319 1923 2356 libro
1936 2335 2061 2370 quarto

1096 2357 1204 2394 modo
1219 2358 1346 2396 adduxi
1360 2387 1369 2402 ‚
1383 2362 1417 2397 &
1429 2361 1486 2398 illa
1498 2362 1551 2399 lib.
1568 2376 1598 2399 2.
1626 2367 1674 2401 Ut
1687 2362 1737 2402 M.
1750 2368 1886 2404 Cmffizs
1898 2369 1963 2405 fuit
1977 2385 1983 2406 ;
1999 2374 2059 2420 qui

1094 2416 1210 2442 tamen
1231 2408 1359 2445 solebat
1380 2410 1430 2446 uti
1456 2411 1521 2446 suo
1539 2412 1636 2449 bono
1650 2426 1657 2449 z
1686 2426 1724 2451 ut
1747 2417 1850 2452 hodie
1873 2418 1921 2453 est
1943 2420 2060 2456 noster

1096 2455 1277 2504 Poinpejus
1293 2471 1300 2493 :
1329 2458 1387 2493 cui
1410 2460 1503 2495 reste
1528 2460 1666 2498 faeienti
1689 2465 1796 2511 gratia
1819 2465 1866 2502 est
1889 2467 2057 2505 habenda.

1097 2505 1265 2540 Exti-emo
1287 2506 1390 2554 hujus
1414 2509 1494 2544 anni
1519 2511 1636 2546 mense
1658 2535 1668 2549 ‚
1699 2512 1781 2549 cum
1806 2515 1848 2550 T.
1872 2517 2057 2555 Munatius

1093 2552 1235 2589 Plancus
1249 2556 1350 2592 Burla
1363 2556 1561 2604 magistratu
1576 2559 1723 2599 abiisset,
1737 2563 1754 2597 a
1768 2562 1939 2600 Cicerone
1951 2578 2054 2601 accu—

1089 2600 1176 2637 satus
1189 2628 1200 2642 ,
1212 2604 1246 2638 δε
1259 2604 1325 2640 Cn.
1340 2604 1504 2653 Pompejo
1517 2606 1674 2643 defensus
1687 2633 1696 2646 ‚
1709 2611 1960 2649 condemnatus
1974 2614 2057 2652 fuit,

1090 2648 1157 2684 Dio
1169 2649 1229 2686 lib·
1244 2665 1298 2694 40.
1310 2654 1346 2688 &
1357 2655 1482 2689 Cicero
1494 2654 1587 2703 epist.
1603 2669 1633 2691 2·
1645 2657 1702 2693 lib.
1719 2671 1746 2703 7.
1761 2660 1853 2698 Fam.
1866 2674 1971 2708 quam
1984 2664 2053 2699 hoc

1088 2708 1244 2747 tempore
1255 2700 1391 2748 scripsit.
1417 2703 1561 2739 Plancus
1571 2705 1739 2743 omnibus
1750 2708 1937 2751 sententiis,
1951 2735 1960 2749 ‚
1976 2723 2051 2746 ma-

1089 2746 1184 2782 ximo
1205 2749 1325 2796 populi
1349 2750 1464 2797 plausu
1486 2752 1737 2791 condemnatus
1755 2756 1819 2793 fui-t
1833 2781 1843 2796 ‚
1863 2759 1960 2807 quod
1974 2760 2052 2795 Cu⁸

1088 2795 1172 2832 riam
1184 2797 1385 2834 incendisset
1397 2823 1407 2837 ‚
1420 2800 1605 2850 Philippica
1618 2805 1649 2838 6.
1662 2806 1695 2840 ὃς
1713 2817 1723 2840 1
1738 2817 1766 2849 3.

1160 2878 1254 2911 Anno
1274 2874 1359 2911 urbis
1386 2887 1411 2910 n
1422 2887 1443 2911 c
1453 2887 1475 2910 c
1485 2886 1547 2970 Pl}
1560 2881 1716 2916 Ciceronis
1737 2891 1758 2915 L
1771 2893 1794 2917 v
1808 2893 1832 2917 ι.
1856 2893 1909 2918 co
1921 2895 1935 2919 s
1947 2895 1975 2920 s.

1537 2937 1660 2967 nerunt,

1129 2980 1265 3014 SER.
1305 2981 1699 3020 SULPICIUS
1737 2986 1998 3029 RUFUS,

1186 3027 1545 3066 M.CLAUDIUS
1570 3034 1944 3071 MARCELLUS.

1183 3091 1240 3125 Oc
1255 3102 1410 3141 ternpore
1419 3117 1429 3132 ‚
1443 3105 1534 3131 certe
1546 3096 1620 3143 post
1632 3096 1746 3132 Clodii
1761 3097 1890 3134 caedem
1900 3098 2045 3152 Mfrul-

1182 3138 1248 3177 lius
1261 3139 1305 3179 de
1316 3142 1470 3192 Legibus
1481 3143 1633 3235 Γετὶρῖιέἐ
1650 3156 1689 3238 1313
1702 3157 1743 3183 ex
1756 3147 1851 3197 lib-2.
1865 3147 2044 3235 cognotscpt:
