<?xml version="1.0" encoding="UTF-8"?>
<!DOCTYPE html PUBLIC "-//W3C//DTD XHTML 1.0 Transitional//EN"
    "http://www.w3.org/TR/xhtml1/DTD/xhtml1-transitional.dtd">
<html xmlns="http://www.w3.org/1999/xhtml" xml:lang="en" lang="en">
 <head>
  <title>
</title>
<meta http-equiv="Content-Type" content="text/html;charset=utf-8" />
  <meta name='ocr-system' content='tesseract 3.04.00' />
  <meta name='ocr-capabilities' content='ocr_page ocr_carea ocr_par ocr_line ocrx_word'/>
</head>
<body>
  <div class='ocr_page' id='page_1' title='image "./mtuliiciceroniso00cice/mtuliiciceroniso00cice_0043.png"; bbox 0 0 2250 3358; ppageno 0'>
   <div class='ocr_carea' id='block_1_1' title="bbox 680 143 841 199">
    <p class='ocr_par' dir='ltr' id='par_1_1' title="bbox 680 143 841 199">
     <span class='ocr_line' id='line_1_1' title="bbox 680 143 841 199; baseline -0.006 0"><span class='ocrx_word' id='word_1_1' title='bbox 680 143 742 199; x_wconf 89' lang='lat' dir='ltr'>H</span> <span class='ocrx_word' id='word_1_2' title='bbox 817 162 841 198; x_wconf 87' lang='lat'>1</span> 
     </span>
    </p>
   </div>
   <div class='ocr_carea' id='block_1_2' title="bbox 36 233 1076 3074">
    <p class='ocr_par' dir='ltr' id='par_1_2' title="bbox 36 233 1076 3074">
     <span class='ocr_line' id='line_1_2' title="bbox 111 233 1074 283; baseline -0.009 -2"><span class='ocrx_word' id='word_1_3' title='bbox 111 236 256 281; x_wconf 64' lang='lat' dir='ltr'>tulerat3</span> <span class='ocrx_word' id='word_1_4' title='bbox 280 235 367 275; x_wconf 86' lang='lat' dir='ltr'>nihil</span> <span class='ocrx_word' id='word_1_5' title='bbox 379 236 612 274; x_wconf 82' lang='lat' dir='ltr'>humanarum</span> <span class='ocrx_word' id='word_1_6' title='bbox 625 247 742 271; x_wconf 84' lang='lat' dir='ltr'>rerum</span> <span class='ocrx_word' id='word_1_7' title='bbox 755 234 817 271; x_wconf 80' lang='lat' dir='ltr'>sibi</span> <span class='ocrx_word' id='word_1_8' title='bbox 831 233 924 283; x_wconf 79' lang='lat' dir='ltr'>prius</span> <span class='ocrx_word' id='word_1_9' title='bbox 937 259 947 273; x_wconf 90' lang='lat'>‚</span> <span class='ocrx_word' id='word_1_10' title='bbox 969 249 1074 283; x_wconf 86' lang='lat' dir='ltr'>quam</span> 
     </span>
     <span class='ocr_line' id='line_1_3' title="bbox 107 283 1073 335; baseline -0.01 -6"><span class='ocrx_word' id='word_1_11' title='bbox 107 293 151 329; x_wconf 81' lang='lat' dir='ltr'>de</span> <span class='ocrx_word' id='word_1_12' title='bbox 161 290 332 327; x_wconf 85' lang='lat' dir='ltr'>Cicerone</span> <span class='ocrx_word' id='word_1_13' title='bbox 342 286 517 335; x_wconf 78' lang='lat' dir='ltr'>agendum</span> <span class='ocrx_word' id='word_1_14' title='bbox 524 284 713 334; x_wconf 82' lang='lat' dir='ltr'>judicavit.</span> <span class='ocrx_word' id='word_1_15' title='bbox 739 283 821 319; x_wconf 80' lang='lat' dir='ltr'>cum</span> <span class='ocrx_word' id='word_1_16' title='bbox 835 296 995 332; x_wconf 84' lang='lat' dir='ltr'>princeps</span> <span class='ocrx_word' id='word_1_17' title='bbox 1015 298 1073 320; x_wconf 92' lang='lat' dir='ltr'>ro-</span> 
     </span>
     <span class='ocr_line' id='line_1_4' title="bbox 104 332 1076 391; baseline -0.009 -15"><span class='ocrx_word' id='word_1_18' title='bbox 104 350 202 391; x_wconf 82' lang='lat' dir='ltr'>gatus</span> <span class='ocrx_word' id='word_1_19' title='bbox 221 336 422 374; x_wconf 86' lang='lat' dir='ltr'>sententiam</span> <span class='ocrx_word' id='word_1_20' title='bbox 437 337 474 372; x_wconf 90' lang='lat' dir='ltr'>L.</span> <span class='ocrx_word' id='word_1_21' title='bbox 493 336 598 370; x_wconf 86' lang='lat' dir='ltr'>Cotta</span> <span class='ocrx_word' id='word_1_22' title='bbox 609 333 699 370; x_wconf 84' lang='lat' dir='ltr'>dixit</span> <span class='ocrx_word' id='word_1_23' title='bbox 712 359 721 374; x_wconf 92' lang='lat'>‚</span> <span class='ocrx_word' id='word_1_24' title='bbox 745 333 832 368; x_wconf 84' lang='lat' dir='ltr'>nihil</span> <span class='ocrx_word' id='word_1_25' title='bbox 843 332 888 368; x_wconf 90' lang='lat' dir='ltr'>de</span> <span class='ocrx_word' id='word_1_26' title='bbox 901 333 1076 368; x_wconf 88' lang='lat' dir='ltr'>Cicerone</span> 
     </span>
     <span class='ocr_line' id='line_1_5' title="bbox 103 381 1072 434; baseline -0.008 -10"><span class='ocrx_word' id='word_1_27' title='bbox 103 389 218 427; x_wconf 67' lang='lat' dir='ltr'>astum</span> <span class='ocrx_word' id='word_1_28' title='bbox 231 384 396 434; x_wconf 86' lang='lat' dir='ltr'>effejure,</span> <span class='ocrx_word' id='word_1_29' title='bbox 411 383 499 419; x_wconf 88' lang='lat' dir='ltr'>nihil</span> <span class='ocrx_word' id='word_1_30' title='bbox 512 396 612 420; x_wconf 88' lang='lat' dir='ltr'>more</span> <span class='ocrx_word' id='word_1_31' title='bbox 625 382 812 431; x_wconf 81' lang='lat' dir='ltr'>majorum,</span> <span class='ocrx_word' id='word_1_32' title='bbox 824 381 913 417; x_wconf 85' lang='lat' dir='ltr'>nihil</span> <span class='ocrx_word' id='word_1_33' title='bbox 926 381 1072 429; x_wconf 84' lang='lat' dir='ltr'>legibus·</span> 
     </span>
     <span class='ocr_line' id='line_1_6' title="bbox 104 430 1074 488; baseline -0.007 -15"><span class='ocrx_word' id='word_1_34' title='bbox 104 447 352 488; x_wconf 79' lang='lat' dir='ltr'>proptereaque</span> <span class='ocrx_word' id='word_1_35' title='bbox 371 434 448 481; x_wconf 91' lang='lat' dir='ltr'>lege</span> <span class='ocrx_word' id='word_1_36' title='bbox 459 432 508 468; x_wconf 91' lang='lat' dir='ltr'>illi</span> <span class='ocrx_word' id='word_1_37' title='bbox 532 445 620 481; x_wconf 87' lang='lat' dir='ltr'>opus</span> <span class='ocrx_word' id='word_1_38' title='bbox 633 445 705 467; x_wconf 88' lang='lat' dir='ltr'>non</span> <span class='ocrx_word' id='word_1_39' title='bbox 718 431 784 467; x_wconf 81' lang='lat' dir='ltr'>effe</span> <span class='ocrx_word' id='word_1_40' title='bbox 799 444 805 466; x_wconf 88' lang='lat'><strong>:</strong></span> <span class='ocrx_word' id='word_1_41' title='bbox 835 430 957 466; x_wconf 77' lang='lat' dir='ltr'>verum</span> <span class='ocrx_word' id='word_1_42' title='bbox 971 433 1074 466; x_wconf 87' lang='lat' dir='ltr'>Poin-</span> 
     </span>
     <span class='ocr_line' id='line_1_7' title="bbox 101 480 1073 536; baseline -0.006 -15"><span class='ocrx_word' id='word_1_43' title='bbox 101 497 198 536; x_wconf 71' lang='lat' dir='ltr'>pejus</span> <span class='ocrx_word' id='word_1_44' title='bbox 209 483 343 521; x_wconf 86' lang='lat' dir='ltr'>censuit</span> <span class='ocrx_word' id='word_1_45' title='bbox 354 507 363 521; x_wconf 89' lang='lat'>,</span> <span class='ocrx_word' id='word_1_46' title='bbox 376 494 415 519; x_wconf 90' lang='lat' dir='ltr'>ut</span> <span class='ocrx_word' id='word_1_47' title='bbox 426 482 469 518; x_wconf 88' lang='lat' dir='ltr'>ad</span> <span class='ocrx_word' id='word_1_48' title='bbox 479 482 611 519; x_wconf 77' lang='lat' dir='ltr'>{enatus</span> <span class='ocrx_word' id='word_1_49' title='bbox 625 480 867 517; x_wconf 61' lang='lat' dir='ltr'>auctoritatem</span> <span class='ocrx_word' id='word_1_50' title='bbox 880 480 999 528; x_wconf 83' lang='lat' dir='ltr'>populi</span> <span class='ocrx_word' id='word_1_51' title='bbox 1012 480 1073 515; x_wconf 91' lang='lat' dir='ltr'>be-</span> 
     </span>
     <span class='ocr_line' id='line_1_8' title="bbox 102 529 1072 581; baseline -0.006 -11"><span class='ocrx_word' id='word_1_52' title='bbox 102 533 268 571; x_wconf 87' lang='lat' dir='ltr'>neficium</span> <span class='ocrx_word' id='word_1_53' title='bbox 291 531 549 581; x_wconf 82' lang='lat' dir='ltr'>adjungeretur.</span> <span class='ocrx_word' id='word_1_54' title='bbox 574 542 678 580; x_wconf 89' lang='lat' dir='ltr'>atque</span> <span class='ocrx_word' id='word_1_55' title='bbox 702 543 743 566; x_wconf 92' lang='lat' dir='ltr'>eo</span> <span class='ocrx_word' id='word_1_56' title='bbox 764 529 819 565; x_wconf 90' lang='lat' dir='ltr'>die</span> <span class='ocrx_word' id='word_1_57' title='bbox 841 530 1001 565; x_wconf 61' lang='lat' dir='ltr'>confecia</span> <span class='ocrx_word' id='word_1_58' title='bbox 1020 541 1072 565; x_wconf 89' lang='lat' dir='ltr'>res</span> 
     </span>
     <span class='ocr_line' id='line_1_9' title="bbox 100 578 1071 626; baseline -0.008 -5"><span class='ocrx_word' id='word_1_59' title='bbox 100 583 181 621; x_wconf 78' lang='lat' dir='ltr'>esset</span> <span class='ocrx_word' id='word_1_60' title='bbox 193 607 203 623; x_wconf 92' lang='lat'>‚</span> <span class='ocrx_word' id='word_1_61' title='bbox 227 581 289 618; x_wconf 80' lang='lat' dir='ltr'>nisi</span> <span class='ocrx_word' id='word_1_62' title='bbox 307 584 385 619; x_wconf 80' lang='lat' dir='ltr'>Sex.</span> <span class='ocrx_word' id='word_1_63' title='bbox 399 581 524 617; x_wconf 89' lang='lat' dir='ltr'>Atilius</span> <span class='ocrx_word' id='word_1_64' title='bbox 536 580 697 616; x_wconf 88' lang='lat' dir='ltr'>tribunus</span> <span class='ocrx_word' id='word_1_65' title='bbox 710 578 796 626; x_wconf 87' lang='lat' dir='ltr'>pleb.</span> <span class='ocrx_word' id='word_1_66' title='bbox 811 591 882 614; x_wconf 89' lang='lat' dir='ltr'>non</span> <span class='ocrx_word' id='word_1_67' title='bbox 899 578 996 614; x_wconf 88' lang='lat' dir='ltr'>ausus</span> <span class='ocrx_word' id='word_1_68' title='bbox 1016 578 1071 613; x_wconf 92' lang='lat' dir='ltr'>in-</span> 
     </span>
     <span class='ocr_line' id='line_1_10' title="bbox 100 626 1072 676; baseline -0.008 -6"><span class='ocrx_word' id='word_1_69' title='bbox 100 631 274 670; x_wconf 88' lang='lat' dir='ltr'>tercedere</span> <span class='ocrx_word' id='word_1_70' title='bbox 285 656 295 670; x_wconf 90' lang='lat'>,</span> <span class='ocrx_word' id='word_1_71' title='bbox 307 631 451 667; x_wconf 71' lang='grc' dir='ltr'>ηοὸἰεηι</span> <span class='ocrx_word' id='word_1_72' title='bbox 462 629 523 666; x_wconf 87' lang='lat' dir='ltr'>sibi</span> <span class='ocrx_word' id='word_1_73' title='bbox 537 629 578 666; x_wconf 89' lang='lat' dir='ltr'>ad</span> <span class='ocrx_word' id='word_1_74' title='bbox 590 627 853 665; x_wconf 86' lang='lat' dir='ltr'>deliberandum</span> <span class='ocrx_word' id='word_1_75' title='bbox 867 626 1072 676; x_wconf 77' lang='lat' dir='ltr'>postulasset.</span> 
     </span>
     <span class='ocr_line' id='line_1_11' title="bbox 99 676 1069 728; baseline -0.008 -10"><span class='ocrx_word' id='word_1_76' title='bbox 99 682 184 719; x_wconf 87' lang='lat' dir='ltr'>Haec</span> <span class='ocrx_word' id='word_1_77' title='bbox 197 681 323 717; x_wconf 90' lang='lat' dir='ltr'>Cicero</span> <span class='ocrx_word' id='word_1_78' title='bbox 335 679 410 728; x_wconf 90' lang='lat' dir='ltr'>post</span> <span class='ocrx_word' id='word_1_79' title='bbox 422 679 522 716; x_wconf 88' lang='lat' dir='ltr'>redit.</span> <span class='ocrx_word' id='word_1_80' title='bbox 550 678 591 714; x_wconf 89' lang='lat' dir='ltr'>ad</span> <span class='ocrx_word' id='word_1_81' title='bbox 607 677 762 725; x_wconf 86' lang='lat' dir='ltr'>Qirites</span> <span class='ocrx_word' id='word_1_82' title='bbox 774 702 782 717; x_wconf 92' lang='lat'><strong>,</strong></span> <span class='ocrx_word' id='word_1_83' title='bbox 794 690 858 724; x_wconf 85' lang='lat' dir='ltr'>pro</span> <span class='ocrx_word' id='word_1_84' title='bbox 871 676 991 717; x_wconf 89' lang='lat' dir='ltr'>domo,</span> <span class='ocrx_word' id='word_1_85' title='bbox 1007 690 1069 724; x_wconf 86' lang='lat' dir='ltr'>pro</span> 
     </span>
     <span class='ocr_line' id='line_1_12' title="bbox 100 725 1070 776; baseline -0.006 -9"><span class='ocrx_word' id='word_1_86' title='bbox 100 732 219 767; x_wconf 84' lang='lat' dir='ltr'>Sextio</span> <span class='ocrx_word' id='word_1_87' title='bbox 233 756 243 771; x_wconf 91' lang='lat'>‚</span> <span class='ocrx_word' id='word_1_88' title='bbox 257 732 291 766; x_wconf 88' lang='lat'>&amp;</span> <span class='ocrx_word' id='word_1_89' title='bbox 304 729 362 765; x_wconf 87' lang='lat' dir='ltr'>lib.</span> <span class='ocrx_word' id='word_1_90' title='bbox 373 741 400 774; x_wconf 80' lang='lat'>3.</span> <span class='ocrx_word' id='word_1_91' title='bbox 413 728 455 764; x_wconf 88' lang='lat' dir='ltr'>de</span> <span class='ocrx_word' id='word_1_92' title='bbox 466 727 600 776; x_wconf 85' lang='lat' dir='ltr'>legibus</span> <span class='ocrx_word' id='word_1_93' title='bbox 629 725 746 762; x_wconf 79' lang='lat' dir='ltr'>Postea</span> <span class='ocrx_word' id='word_1_94' title='bbox 758 738 812 761; x_wconf 89' lang='lat' dir='ltr'>res</span> <span class='ocrx_word' id='word_1_95' title='bbox 823 727 896 761; x_wconf 64' lang='lat' dir='ltr'>aeia</span> <span class='ocrx_word' id='word_1_96' title='bbox 909 725 958 761; x_wconf 89' lang='lat' dir='ltr'>est</span> <span class='ocrx_word' id='word_1_97' title='bbox 973 727 1006 760; x_wconf 88' lang='lat' dir='ltr'>in</span> <span class='ocrx_word' id='word_1_98' title='bbox 1021 726 1070 761; x_wconf 92' lang='lat' dir='ltr'>se-</span> 
     </span>
     <span class='ocr_line' id='line_1_13' title="bbox 101 774 1070 823; baseline -0.007 -7"><span class='ocrx_word' id='word_1_99' title='bbox 101 791 185 816; x_wconf 90' lang='lat' dir='ltr'>natu</span> <span class='ocrx_word' id='word_1_100' title='bbox 198 780 262 815; x_wconf 81' lang='lat' dir='ltr'>alia</span> <span class='ocrx_word' id='word_1_101' title='bbox 275 778 370 815; x_wconf 90' lang='lat' dir='ltr'>nulla</span> <span class='ocrx_word' id='word_1_102' title='bbox 382 803 392 819; x_wconf 90' lang='lat'>,</span> <span class='ocrx_word' id='word_1_103' title='bbox 421 779 456 814; x_wconf 89' lang='lat'>&amp;</span> <span class='ocrx_word' id='word_1_104' title='bbox 466 777 548 812; x_wconf 78' lang='lat' dir='ltr'>cum</span> <span class='ocrx_word' id='word_1_105' title='bbox 564 775 664 812; x_wconf 79' lang='lat' dir='ltr'>variis</span> <span class='ocrx_word' id='word_1_106' title='bbox 677 775 869 812; x_wconf 85' lang='lat' dir='ltr'>rationibus</span> <span class='ocrx_word' id='word_1_107' title='bbox 883 774 1070 823; x_wconf 84' lang='lat' dir='ltr'>impedire—</span> 
     </span>
     <span class='ocr_line' id='line_1_14' title="bbox 102 824 1069 874; baseline -0.006 -9"><span class='ocrx_word' id='word_1_108' title='bbox 102 839 182 868; x_wconf 73' lang='lat' dir='ltr'>tur,</span> <span class='ocrx_word' id='word_1_109' title='bbox 207 828 388 865; x_wconf 84' lang='lat' dir='ltr'>voluntate</span> <span class='ocrx_word' id='word_1_110' title='bbox 410 837 525 862; x_wconf 88' lang='lat' dir='ltr'>tamen</span> <span class='ocrx_word' id='word_1_111' title='bbox 548 826 720 874; x_wconf 62' lang='lat' dir='ltr'>perspecta</span> <span class='ocrx_word' id='word_1_112' title='bbox 740 825 872 860; x_wconf 79' lang='lat' dir='ltr'>ienatus</span> <span class='ocrx_word' id='word_1_113' title='bbox 885 849 894 862; x_wconf 92' lang='lat'>‚</span> <span class='ocrx_word' id='word_1_114' title='bbox 920 825 1018 860; x_wconf 74' lang='lat' dir='ltr'>caula</span> <span class='ocrx_word' id='word_1_115' title='bbox 1029 824 1069 860; x_wconf 90' lang='lat' dir='ltr'>ad</span> 
     </span>
     <span class='ocr_line' id='line_1_15' title="bbox 100 873 1068 926; baseline -0.006 -12"><span class='ocrx_word' id='word_1_116' title='bbox 100 878 271 926; x_wconf 87' lang='lat' dir='ltr'>populum</span> <span class='ocrx_word' id='word_1_117' title='bbox 286 887 368 911; x_wconf 83' lang='lat' dir='ltr'>vui.</span> <span class='ocrx_word' id='word_1_118' title='bbox 386 875 465 914; x_wconf 83' lang='lat' dir='ltr'>Kal.</span> <span class='ocrx_word' id='word_1_119' title='bbox 481 874 576 910; x_wconf 86' lang='lat' dir='ltr'>Febr·</span> <span class='ocrx_word' id='word_1_120' title='bbox 591 874 658 910; x_wconf 88' lang='lat' dir='ltr'>fuit</span> <span class='ocrx_word' id='word_1_121' title='bbox 673 874 782 909; x_wconf 87' lang='lat' dir='ltr'>delata</span> <span class='ocrx_word' id='word_1_122' title='bbox 797 900 803 912; x_wconf 91' lang='lat'><em>‚</em></span> <span class='ocrx_word' id='word_1_123' title='bbox 828 887 898 922; x_wconf 88' lang='lat' dir='ltr'>quo</span> <span class='ocrx_word' id='word_1_124' title='bbox 913 873 968 909; x_wconf 90' lang='lat' dir='ltr'>die</span> <span class='ocrx_word' id='word_1_125' title='bbox 982 873 1068 908; x_wconf 85' lang='lat' dir='ltr'>Clo-</span> 
     </span>
     <span class='ocr_line' id='line_1_16' title="bbox 99 923 1068 969; baseline -0.005 -7"><span class='ocrx_word' id='word_1_126' title='bbox 99 926 194 963; x_wconf 82' lang='lat' dir='ltr'>diani</span> <span class='ocrx_word' id='word_1_127' title='bbox 207 952 216 967; x_wconf 85' lang='lat'>‚</span> <span class='ocrx_word' id='word_1_128' title='bbox 233 924 325 961; x_wconf 85' lang='lat' dir='ltr'>caede</span> <span class='ocrx_word' id='word_1_129' title='bbox 337 925 372 959; x_wconf 88' lang='lat' dir='ltr'>in</span> <span class='ocrx_word' id='word_1_130' title='bbox 386 923 464 961; x_wconf 84' lang='lat' dir='ltr'>soro</span> <span class='ocrx_word' id='word_1_131' title='bbox 478 924 631 960; x_wconf 83' lang='lat' dir='ltr'>maxima</span> <span class='ocrx_word' id='word_1_132' title='bbox 642 924 730 959; x_wconf 57' lang='lat' dir='ltr'>facia</span> <span class='ocrx_word' id='word_1_133' title='bbox 742 947 751 961; x_wconf 88' lang='lat'>‚</span> <span class='ocrx_word' id='word_1_134' title='bbox 773 923 919 959; x_wconf 78' lang='lat' dir='ltr'>flumine</span> <span class='ocrx_word' id='word_1_135' title='bbox 931 923 1068 969; x_wconf 68' lang='lat' dir='ltr'>langui-</span> 
     </span>
     <span class='ocr_line' id='line_1_17' title="bbox 98 972 1068 1019; baseline -0.002 -8"><span class='ocrx_word' id='word_1_136' title='bbox 98 977 151 1012; x_wconf 84' lang='lat' dir='ltr'>nis</span> <span class='ocrx_word' id='word_1_137' title='bbox 164 975 311 1011; x_wconf 78' lang='lat' dir='ltr'>reditum</span> <span class='ocrx_word' id='word_1_138' title='bbox 327 973 508 1009; x_wconf 85' lang='lat' dir='ltr'>Ciceronis</span> <span class='ocrx_word' id='word_1_139' title='bbox 523 972 828 1008; x_wconf 79' lang='lat' dir='ltr'>intercludendum</span> <span class='ocrx_word' id='word_1_140' title='bbox 843 982 1068 1019; x_wconf 81' lang='lat' dir='ltr'>putaverunt,</span> 
     </span>
     <span class='ocr_line' id='line_1_18' title="bbox 97 1020 1067 1073; baseline -0.003 -14"><span class='ocrx_word' id='word_1_141' title='bbox 97 1024 173 1073; x_wconf 90' lang='lat' dir='ltr'>post</span> <span class='ocrx_word' id='word_1_142' title='bbox 196 1024 348 1060; x_wconf 88' lang='lat' dir='ltr'>reditum</span> <span class='ocrx_word' id='word_1_143' title='bbox 369 1022 410 1058; x_wconf 85' lang='lat' dir='ltr'>ad</span> <span class='ocrx_word' id='word_1_144' title='bbox 424 1022 592 1071; x_wconf 86' lang='lat' dir='ltr'>Qirites.</span> <span class='ocrx_word' id='word_1_145' title='bbox 622 1024 656 1058; x_wconf 86' lang='lat'>&amp;</span> <span class='ocrx_word' id='word_1_146' title='bbox 678 1035 741 1070; x_wconf 85' lang='lat' dir='ltr'>pro</span> <span class='ocrx_word' id='word_1_147' title='bbox 763 1021 894 1058; x_wconf 83' lang='lat' dir='ltr'>Sextio,</span> <span class='ocrx_word' id='word_1_148' title='bbox 921 1020 1067 1056; x_wconf 78' lang='lat' dir='ltr'>Clodius</span> 
     </span>
     <span class='ocr_line' id='line_1_19' title="bbox 96 1070 1066 1116; baseline -0.004 -7"><span class='ocrx_word' id='word_1_149' title='bbox 96 1073 192 1109; x_wconf 87' lang='lat' dir='ltr'>enim</span> <span class='ocrx_word' id='word_1_150' title='bbox 205 1098 214 1112; x_wconf 81' lang='grc'>,</span> <span class='ocrx_word' id='word_1_151' title='bbox 239 1083 279 1108; x_wconf 86' lang='lat' dir='ltr'>ut</span> <span class='ocrx_word' id='word_1_152' title='bbox 292 1072 359 1107; x_wconf 90' lang='lat' dir='ltr'>Dio</span> <span class='ocrx_word' id='word_1_153' title='bbox 372 1072 430 1108; x_wconf 83' lang='lat' dir='ltr'>lib.</span> <span class='ocrx_word' id='word_1_154' title='bbox 452 1085 502 1116; x_wconf 82' lang='lat'>39.</span> <span class='ocrx_word' id='word_1_155' title='bbox 525 1071 639 1108; x_wconf 89' lang='lat' dir='ltr'>scribit</span> <span class='ocrx_word' id='word_1_156' title='bbox 651 1097 660 1112; x_wconf 94' lang='lat'>,</span> <span class='ocrx_word' id='word_1_157' title='bbox 686 1071 746 1106; x_wconf 92' lang='lat' dir='ltr'>illo</span> <span class='ocrx_word' id='word_1_158' title='bbox 758 1071 814 1106; x_wconf 93' lang='lat' dir='ltr'>die</span> <span class='ocrx_word' id='word_1_159' title='bbox 826 1097 835 1111; x_wconf 88' lang='lat'><em>‚</em></span> <span class='ocrx_word' id='word_1_160' title='bbox 859 1072 943 1106; x_wconf 86' lang='lat' dir='ltr'>cum</span> <span class='ocrx_word' id='word_1_161' title='bbox 957 1071 1012 1106; x_wconf 84' lang='lat' dir='ltr'>lex</span> <span class='ocrx_word' id='word_1_162' title='bbox 1026 1070 1066 1105; x_wconf 86' lang='lat' dir='ltr'>ad</span> 
     </span>
     <span class='ocr_line' id='line_1_20' title="bbox 96 1119 1066 1171; baseline -0.003 -14"><span class='ocrx_word' id='word_1_163' title='bbox 96 1122 266 1171; x_wconf 76' lang='lat' dir='ltr'>populum</span> <span class='ocrx_word' id='word_1_164' title='bbox 280 1121 429 1157; x_wconf 87' lang='lat' dir='ltr'>ferretur</span> <span class='ocrx_word' id='word_1_165' title='bbox 441 1147 451 1161; x_wconf 91' lang='lat'>‚</span> <span class='ocrx_word' id='word_1_166' title='bbox 464 1121 610 1170; x_wconf 89' lang='lat' dir='ltr'>acceptis</span> <span class='ocrx_word' id='word_1_167' title='bbox 622 1120 641 1156; x_wconf 78' lang='lat' dir='ltr'>a</span> <span class='ocrx_word' id='word_1_168' title='bbox 655 1119 758 1156; x_wconf 84' lang='lat' dir='ltr'>fratre</span> <span class='ocrx_word' id='word_1_169' title='bbox 770 1120 882 1168; x_wconf 89' lang='lat' dir='ltr'>Appio</span> <span class='ocrx_word' id='word_1_170' title='bbox 895 1120 1066 1168; x_wconf 79' lang='lat' dir='ltr'>gladiato—</span> 
     </span>
     <span class='ocr_line' id='line_1_21' title="bbox 95 1169 1063 1220; baseline -0.005 -11"><span class='ocrx_word' id='word_1_171' title='bbox 95 1171 202 1209; x_wconf 80' lang='lat' dir='ltr'>ribus,</span> <span class='ocrx_word' id='word_1_172' title='bbox 215 1183 303 1220; x_wconf 91' lang='lat' dir='ltr'>quos</span> <span class='ocrx_word' id='word_1_173' title='bbox 316 1170 374 1206; x_wconf 88' lang='lat' dir='ltr'>ille</span> <span class='ocrx_word' id='word_1_174' title='bbox 389 1171 425 1206; x_wconf 91' lang='lat' dir='ltr'>in</span> <span class='ocrx_word' id='word_1_175' title='bbox 439 1169 562 1206; x_wconf 90' lang='lat' dir='ltr'>funere</span> <span class='ocrx_word' id='word_1_176' title='bbox 576 1170 684 1206; x_wconf 84' lang='lat' dir='ltr'>Marci</span> <span class='ocrx_word' id='word_1_177' title='bbox 698 1169 885 1218; x_wconf 77' lang='lat' dir='ltr'>propinqui</span> <span class='ocrx_word' id='word_1_178' title='bbox 900 1170 951 1205; x_wconf 85' lang='lat' dir='ltr'>sui</span> <span class='ocrx_word' id='word_1_179' title='bbox 964 1169 1063 1205; x_wconf 87' lang='lat' dir='ltr'>datu-</span> 
     </span>
     <span class='ocr_line' id='line_1_22' title="bbox 96 1218 1066 1269; baseline -0.005 -12"><span class='ocrx_word' id='word_1_180' title='bbox 96 1233 154 1257; x_wconf 87' lang='lat' dir='ltr'>rus</span> <span class='ocrx_word' id='word_1_181' title='bbox 177 1231 248 1256; x_wconf 88' lang='lat' dir='ltr'>erat</span> <span class='ocrx_word' id='word_1_182' title='bbox 260 1245 269 1260; x_wconf 92' lang='lat'>‚</span> <span class='ocrx_word' id='word_1_183' title='bbox 295 1220 427 1269; x_wconf 87' lang='lat' dir='ltr'>impetu</span> <span class='ocrx_word' id='word_1_184' title='bbox 448 1220 484 1255; x_wconf 89' lang='lat' dir='ltr'>in</span> <span class='ocrx_word' id='word_1_185' title='bbox 508 1219 774 1256; x_wconf 86' lang='lat' dir='ltr'>multitudinem</span> <span class='ocrx_word' id='word_1_186' title='bbox 798 1218 889 1255; x_wconf 54' lang='lat' dir='ltr'>facio</span> <span class='ocrx_word' id='word_1_187' title='bbox 904 1242 914 1257; x_wconf 84' lang='lat'>‚</span> <span class='ocrx_word' id='word_1_188' title='bbox 934 1219 1066 1255; x_wconf 87' lang='lat' dir='ltr'>multos</span> 
     </span>
     <span class='ocr_line' id='line_1_23' title="bbox 99 1268 1062 1317; baseline -0.003 -11"><span class='ocrx_word' id='word_1_189' title='bbox 99 1268 299 1306; x_wconf 84' lang='lat' dir='ltr'>vulneravit</span> <span class='ocrx_word' id='word_1_190' title='bbox 313 1297 319 1306; x_wconf 79' lang='lat'>.</span> <span class='ocrx_word' id='word_1_191' title='bbox 334 1269 533 1317; x_wconf 88' lang='lat' dir='ltr'>multosque</span> <span class='ocrx_word' id='word_1_192' title='bbox 544 1268 682 1304; x_wconf 84' lang='lat' dir='ltr'>occidit.</span> <span class='ocrx_word' id='word_1_193' title='bbox 700 1270 798 1304; x_wconf 90' lang='lat' dir='ltr'>Turn</span> <span class='ocrx_word' id='word_1_194' title='bbox 810 1268 847 1304; x_wconf 88' lang='lat' dir='ltr'>in</span> <span class='ocrx_word' id='word_1_195' title='bbox 861 1268 939 1304; x_wconf 88' lang='lat' dir='ltr'>foro</span> <span class='ocrx_word' id='word_1_196' title='bbox 951 1268 1062 1304; x_wconf 87' lang='lat' dir='ltr'>tribu—</span> 
     </span>
     <span class='ocr_line' id='line_1_24' title="bbox 98 1317 1064 1367; baseline -0.002 -13"><span class='ocrx_word' id='word_1_197' title='bbox 98 1330 135 1354; x_wconf 83' lang='lat' dir='ltr'>ni</span> <span class='ocrx_word' id='word_1_198' title='bbox 151 1318 240 1367; x_wconf 88' lang='lat' dir='ltr'>pleb.</span> <span class='ocrx_word' id='word_1_199' title='bbox 255 1319 424 1355; x_wconf 87' lang='lat' dir='ltr'>vulnerati</span> <span class='ocrx_word' id='word_1_200' title='bbox 441 1318 585 1354; x_wconf 87' lang='lat' dir='ltr'>fuerunt</span> <span class='ocrx_word' id='word_1_201' title='bbox 598 1344 606 1357; x_wconf 89' lang='lat'>,</span> <span class='ocrx_word' id='word_1_202' title='bbox 621 1320 654 1354; x_wconf 71' lang='grc' dir='ltr'>ὃ(</span> <span class='ocrx_word' id='word_1_203' title='bbox 668 1318 851 1365; x_wconf 70' lang='lat' dir='ltr'>Qicero</span> <span class='ocrx_word' id='word_1_204' title='bbox 864 1318 955 1353; x_wconf 85' lang='lat' dir='ltr'>inter</span> <span class='ocrx_word' id='word_1_205' title='bbox 966 1317 1064 1353; x_wconf 81' lang='lat' dir='ltr'>cada-</span> 
     </span>
     <span class='ocr_line' id='line_1_25' title="bbox 102 1366 1066 1417; baseline -0.002 -14"><span class='ocrx_word' id='word_1_206' title='bbox 102 1378 180 1404; x_wconf 83' lang='lat' dir='ltr'>vera</span> <span class='ocrx_word' id='word_1_207' title='bbox 192 1379 356 1417; x_wconf 83' lang='lat' dir='ltr'>tanquam</span> <span class='ocrx_word' id='word_1_208' title='bbox 370 1366 621 1415; x_wconf 81' lang='lat' dir='ltr'>occilusjacuit</span> <span class='ocrx_word' id='word_1_209' title='bbox 633 1393 642 1408; x_wconf 85' lang='lat'>‚</span> <span class='ocrx_word' id='word_1_210' title='bbox 658 1367 859 1403; x_wconf 82' lang='lat' dir='ltr'>Plutarchus</span> <span class='ocrx_word' id='word_1_211' title='bbox 869 1391 878 1405; x_wconf 91' lang='lat'><em>‚</em></span> <span class='ocrx_word' id='word_1_212' title='bbox 893 1370 927 1403; x_wconf 89' lang='lat'>&amp;</span> <span class='ocrx_word' id='word_1_213' title='bbox 938 1367 1066 1402; x_wconf 88' lang='lat' dir='ltr'>Cicero</span> 
     </span>
     <span class='ocr_line' id='line_1_26' title="bbox 95 1416 1066 1465; baseline -0.002 -13"><span class='ocrx_word' id='word_1_214' title='bbox 95 1429 160 1465; x_wconf 86' lang='lat' dir='ltr'>pro</span> <span class='ocrx_word' id='word_1_215' title='bbox 173 1420 302 1452; x_wconf 88' lang='lat' dir='ltr'>Sextio.</span> <span class='ocrx_word' id='word_1_216' title='bbox 330 1416 582 1453; x_wconf 79' lang='lat' dir='ltr'>Crudeliffimae</span> <span class='ocrx_word' id='word_1_217' title='bbox 597 1416 697 1452; x_wconf 89' lang='lat' dir='ltr'>caedis</span> <span class='ocrx_word' id='word_1_218' title='bbox 710 1429 752 1452; x_wconf 92' lang='lat' dir='ltr'>eo</span> <span class='ocrx_word' id='word_1_219' title='bbox 764 1416 972 1465; x_wconf 82' lang='lat' dir='ltr'>temporem</span> <span class='ocrx_word' id='word_1_220' title='bbox 987 1416 1066 1452; x_wconf 83' lang='lat' dir='ltr'>foro</span> 
     </span>
     <span class='ocr_line' id='line_1_27' title="bbox 94 1465 1065 1504; baseline -0.001 -2"><span class='ocrx_word' id='word_1_221' title='bbox 94 1465 192 1502; x_wconf 61' lang='lat' dir='ltr'>fae&#39;tae</span> <span class='ocrx_word' id='word_1_222' title='bbox 206 1490 216 1504; x_wconf 88' lang='lat'>‚</span> <span class='ocrx_word' id='word_1_223' title='bbox 240 1466 373 1502; x_wconf 78' lang='lat' dir='ltr'>mentio</span> <span class='ocrx_word' id='word_1_224' title='bbox 396 1465 444 1502; x_wconf 90' lang='lat' dir='ltr'>est</span> <span class='ocrx_word' id='word_1_225' title='bbox 467 1466 571 1503; x_wconf 87' lang='lat' dir='ltr'>etiam</span> <span class='ocrx_word' id='word_1_226' title='bbox 594 1466 630 1502; x_wconf 88' lang='lat' dir='ltr'>iii</span> <span class='ocrx_word' id='word_1_227' title='bbox 646 1465 848 1502; x_wconf 88' lang='lat' dir='ltr'>Miloniana.</span> <span class='ocrx_word' id='word_1_228' title='bbox 896 1465 1065 1501; x_wconf 87' lang='lat' dir='ltr'>Clodium</span> 
     </span>
     <span class='ocr_line' id='line_1_28' title="bbox 94 1513 1066 1563; baseline 0 -13"><span class='ocrx_word' id='word_1_229' title='bbox 94 1514 184 1550; x_wconf 89' lang='lat' dir='ltr'>Milo</span> <span class='ocrx_word' id='word_1_230' title='bbox 197 1526 274 1551; x_wconf 89' lang='lat' dir='ltr'>tum</span> <span class='ocrx_word' id='word_1_231' title='bbox 286 1515 329 1550; x_wconf 95' lang='lat' dir='ltr'>de</span> <span class='ocrx_word' id='word_1_232' title='bbox 344 1528 377 1551; x_wconf 89' lang='lat' dir='ltr'>vi</span> <span class='ocrx_word' id='word_1_233' title='bbox 391 1514 577 1563; x_wconf 78' lang='lat' dir='ltr'>postulavit</span> <span class='ocrx_word' id='word_1_234' title='bbox 591 1528 599 1552; x_wconf 73' lang='grc' dir='ltr'>ι</span> <span class='ocrx_word' id='word_1_235' title='bbox 613 1515 668 1551; x_wconf 88' lang='lat' dir='ltr'>secl</span> <span class='ocrx_word' id='word_1_236' title='bbox 682 1513 900 1563; x_wconf 87' lang='lat' dir='ltr'>injudicium</span> <span class='ocrx_word' id='word_1_237' title='bbox 916 1528 992 1551; x_wconf 92' lang='lat' dir='ltr'>non</span> <span class='ocrx_word' id='word_1_238' title='bbox 1006 1514 1066 1550; x_wconf 89' lang='lat' dir='ltr'>ad-</span> 
     </span>
     <span class='ocr_line' id='line_1_29' title="bbox 93 1563 1067 1614; baseline 0.001 -15"><span class='ocrx_word' id='word_1_239' title='bbox 93 1563 229 1601; x_wconf 74' lang='lat' dir='ltr'>duxiss&#39;e·</span> <span class='ocrx_word' id='word_1_240' title='bbox 259 1564 328 1600; x_wconf 89' lang='lat' dir='ltr'>Dio</span> <span class='ocrx_word' id='word_1_241' title='bbox 353 1565 468 1601; x_wconf 83' lang='lat' dir='ltr'>scribit</span> <span class='ocrx_word' id='word_1_242' title='bbox 491 1591 500 1606; x_wconf 92' lang='lat'>‚</span> <span class='ocrx_word' id='word_1_243' title='bbox 531 1564 626 1614; x_wconf 88' lang='lat' dir='ltr'>quod</span> <span class='ocrx_word' id='word_1_244' title='bbox 648 1565 810 1600; x_wconf 88' lang='lat' dir='ltr'>nondum</span> <span class='ocrx_word' id='word_1_245' title='bbox 833 1564 938 1600; x_wconf 89' lang='lat' dir='ltr'>creati</span> <span class='ocrx_word' id='word_1_246' title='bbox 960 1564 1067 1600; x_wconf 86' lang='lat' dir='ltr'>essent</span> 
     </span>
     <span class='ocr_line' id='line_1_30' title="bbox 98 1612 1067 1663; baseline 0 -15"><span class='ocrx_word' id='word_1_247' title='bbox 98 1613 296 1662; x_wconf 85' lang='lat' dir='ltr'>Qaestores</span> <span class='ocrx_word' id='word_1_248' title='bbox 321 1640 328 1654; x_wconf 91' lang='lat'><strong>‚</strong></span> <span class='ocrx_word' id='word_1_249' title='bbox 365 1628 424 1661; x_wconf 90' lang='lat' dir='ltr'>pei·</span> <span class='ocrx_word' id='word_1_250' title='bbox 445 1626 534 1663; x_wconf 86' lang='lat' dir='ltr'>quos</span> <span class='ocrx_word' id='word_1_251' title='bbox 553 1614 718 1662; x_wconf 79' lang='lat' dir='ltr'>judicum</span> <span class='ocrx_word' id='word_1_252' title='bbox 741 1613 959 1650; x_wconf 86' lang='lat' dir='ltr'>sortitionem</span> <span class='ocrx_word' id='word_1_253' title='bbox 992 1612 1067 1649; x_wconf 86' lang='lat' dir='ltr'>fieri</span> 
     </span>
     <span class='ocr_line' id='line_1_31' title="bbox 94 1663 1065 1711; baseline 0.001 -13"><span class='ocrx_word' id='word_1_254' title='bbox 94 1673 290 1709; x_wconf 79' lang='lat' dir='ltr'>oporteret,</span> <span class='ocrx_word' id='word_1_255' title='bbox 307 1665 494 1711; x_wconf 81' lang='lat' dir='ltr'>Neposque</span> <span class='ocrx_word' id='word_1_256' title='bbox 509 1663 648 1699; x_wconf 65' lang='lat' dir='ltr'>Praetori</span> <span class='ocrx_word' id='word_1_257' title='bbox 663 1663 829 1700; x_wconf 76' lang='lat' dir='ltr'>edixisset,</span> <span class='ocrx_word' id='word_1_258' title='bbox 844 1676 889 1700; x_wconf 91' lang='lat' dir='ltr'>ne</span> <span class='ocrx_word' id='word_1_259' title='bbox 901 1663 997 1711; x_wconf 89' lang='lat' dir='ltr'>quod</span> <span class='ocrx_word' id='word_1_260' title='bbox 1003 1663 1065 1711; x_wconf 88' lang='lat' dir='ltr'>ju-</span> 
     </span>
     <span class='ocr_line' id='line_1_32' title="bbox 94 1711 1067 1761; baseline 0.002 -15"><span class='ocrx_word' id='word_1_261' title='bbox 94 1711 227 1748; x_wconf 81' lang='lat' dir='ltr'>dicium</span> <span class='ocrx_word' id='word_1_262' title='bbox 242 1739 249 1747; x_wconf 74' lang='grc'>,</span> <span class='ocrx_word' id='word_1_263' title='bbox 268 1722 346 1748; x_wconf 83' lang='lat' dir='ltr'>ante</span> <span class='ocrx_word' id='word_1_264' title='bbox 358 1725 464 1759; x_wconf 87' lang='lat' dir='ltr'>quam</span> <span class='ocrx_word' id='word_1_265' title='bbox 471 1711 607 1760; x_wconf 84' lang='lat' dir='ltr'>judices</span> <span class='ocrx_word' id='word_1_266' title='bbox 619 1712 709 1749; x_wconf 81' lang='lat' dir='ltr'>sorte</span> <span class='ocrx_word' id='word_1_267' title='bbox 719 1712 956 1761; x_wconf 82' lang='lat' dir='ltr'>deligerentur</span> <span class='ocrx_word' id='word_1_268' title='bbox 970 1738 979 1753; x_wconf 86' lang='lat'><strong><em>‚</em></strong></span> <span class='ocrx_word' id='word_1_269' title='bbox 1005 1711 1067 1748; x_wconf 89' lang='lat' dir='ltr'>fie—</span> 
     </span>
     <span class='ocr_line' id='line_1_33' title="bbox 93 1759 1067 1811; baseline 0.001 -16"><span class='ocrx_word' id='word_1_270' title='bbox 93 1759 123 1796; x_wconf 87' lang='lat' dir='ltr'>ri</span> <span class='ocrx_word' id='word_1_271' title='bbox 137 1768 317 1809; x_wconf 81' lang='lat' dir='ltr'>pateretur.</span> <span class='ocrx_word' id='word_1_272' title='bbox 345 1761 544 1811; x_wconf 84' lang='lat' dir='ltr'>Qaestores</span> <span class='ocrx_word' id='word_1_273' title='bbox 564 1774 682 1798; x_wconf 85' lang='lat' dir='ltr'>autem</span> <span class='ocrx_word' id='word_1_274' title='bbox 695 1789 704 1801; x_wconf 89' lang='lat'>,</span> <span class='ocrx_word' id='word_1_275' title='bbox 735 1762 798 1797; x_wconf 83' lang='lat' dir='ltr'>nili</span> <span class='ocrx_word' id='word_1_276' title='bbox 825 1762 948 1798; x_wconf 80' lang='lat' dir='ltr'>habitis</span> <span class='ocrx_word' id='word_1_277' title='bbox 971 1762 1067 1808; x_wconf 89' lang='lat' dir='ltr'>prius</span> 
     </span>
     <span class='ocr_line' id='line_1_34' title="bbox 92 1810 1059 1860; baseline 0.002 -16"><span class='ocrx_word' id='word_1_278' title='bbox 92 1810 247 1846; x_wconf 72' lang='lat' dir='ltr'>comitiis</span> <span class='ocrx_word' id='word_1_279' title='bbox 260 1810 406 1847; x_wconf 82' lang='lat' dir='ltr'>aedilitiis</span> <span class='ocrx_word' id='word_1_280' title='bbox 420 1835 429 1849; x_wconf 90' lang='lat'>‚</span> <span class='ocrx_word' id='word_1_281' title='bbox 443 1811 569 1860; x_wconf 91' lang='lat' dir='ltr'>quibus</span> <span class='ocrx_word' id='word_1_282' title='bbox 582 1813 644 1847; x_wconf 84' lang='lat' dir='ltr'>hac</span> <span class='ocrx_word' id='word_1_283' title='bbox 657 1811 700 1848; x_wconf 93' lang='lat' dir='ltr'>de</span> <span class='ocrx_word' id='word_1_284' title='bbox 711 1811 809 1848; x_wconf 83' lang='lat' dir='ltr'>causa</span> <span class='ocrx_word' id='word_1_285' title='bbox 820 1824 920 1847; x_wconf 83' lang='lat' dir='ltr'>mora</span> <span class='ocrx_word' id='word_1_286' title='bbox 932 1810 1059 1859; x_wconf 85' lang='lat' dir='ltr'>potissi-</span> 
     </span>
     <span class='ocr_line' id='line_1_35' title="bbox 93 1857 1060 1909; baseline 0.002 -15"><span class='ocrx_word' id='word_1_287' title='bbox 93 1870 194 1894; x_wconf 85' lang='lat' dir='ltr'>mum</span> <span class='ocrx_word' id='word_1_288' title='bbox 207 1857 423 1897; x_wconf 82' lang='lat' dir='ltr'>afferebatur.</span> <span class='ocrx_word' id='word_1_289' title='bbox 438 1860 545 1896; x_wconf 87' lang='lat' dir='ltr'>creari</span> <span class='ocrx_word' id='word_1_290' title='bbox 559 1873 631 1896; x_wconf 92' lang='lat' dir='ltr'>non</span> <span class='ocrx_word' id='word_1_291' title='bbox 644 1871 815 1909; x_wconf 87' lang='lat' dir='ltr'>poterant.</span> <span class='ocrx_word' id='word_1_292' title='bbox 830 1863 869 1896; x_wconf 88' lang='lat' dir='ltr'>ln</span> <span class='ocrx_word' id='word_1_293' title='bbox 885 1861 975 1897; x_wconf 88' lang='lat' dir='ltr'>lianc</span> <span class='ocrx_word' id='word_1_294' title='bbox 988 1862 1060 1896; x_wconf 77' lang='lat' dir='ltr'>{eii-</span> 
     </span>
     <span class='ocr_line' id='line_1_36' title="bbox 93 1908 1061 1950; baseline 0.002 -7"><span class='ocrx_word' id='word_1_295' title='bbox 93 1908 238 1945; x_wconf 81' lang='lat' dir='ltr'>tentiam</span> <span class='ocrx_word' id='word_1_296' title='bbox 252 1908 343 1945; x_wconf 89' lang='lat' dir='ltr'>Dio:</span> <span class='ocrx_word' id='word_1_297' title='bbox 368 1910 497 1945; x_wconf 85' lang='lat' dir='ltr'>Cicero</span> <span class='ocrx_word' id='word_1_298' title='bbox 521 1911 606 1946; x_wconf 74' lang='lat' dir='ltr'>vero</span> <span class='ocrx_word' id='word_1_299' title='bbox 625 1911 660 1945; x_wconf 91' lang='lat' dir='ltr'>in</span> <span class='ocrx_word' id='word_1_300' title='bbox 675 1909 836 1947; x_wconf 80' lang='lat' dir='ltr'>Sextiana</span> <span class='ocrx_word' id='word_1_301' title='bbox 847 1910 913 1950; x_wconf 77' lang='lat' dir='ltr'>ait,</span> <span class='ocrx_word' id='word_1_302' title='bbox 938 1912 1061 1946; x_wconf 78' lang='lat' dir='ltr'>coniu-</span> 
     </span>
     <span class='ocr_line' id='line_1_37' title="bbox 92 1955 1065 2007; baseline 0.003 -16"><span class='ocrx_word' id='word_1_303' title='bbox 92 1955 162 1991; x_wconf 89' lang='lat' dir='ltr'>lem</span> <span class='ocrx_word' id='word_1_304' title='bbox 176 1980 187 1995; x_wconf 89' lang='lat'>‚</span> <span class='ocrx_word' id='word_1_305' title='bbox 198 1967 383 2004; x_wconf 82' lang='lat' dir='ltr'>praetorem</span> <span class='ocrx_word' id='word_1_306' title='bbox 393 1982 401 1994; x_wconf 88' lang='lat'>‚</span> <span class='ocrx_word' id='word_1_307' title='bbox 415 1959 600 1994; x_wconf 85' lang='lat' dir='ltr'>tribunum</span> <span class='ocrx_word' id='word_1_308' title='bbox 613 1958 703 2007; x_wconf 79' lang='lat' dir='ltr'>pleb.</span> <span class='ocrx_word' id='word_1_309' title='bbox 718 1972 814 1995; x_wconf 88' lang='lat' dir='ltr'>nova</span> <span class='ocrx_word' id='word_1_310' title='bbox 828 1960 913 1995; x_wconf 90' lang='lat' dir='ltr'>novi</span> <span class='ocrx_word' id='word_1_311' title='bbox 929 1959 1065 2006; x_wconf 85' lang='lat' dir='ltr'>generis</span> 
     </span>
     <span class='ocr_line' id='line_1_38' title="bbox 91 2003 1063 2053; baseline 0.002 -13"><span class='ocrx_word' id='word_1_312' title='bbox 91 2003 204 2040; x_wconf 60' lang='lat' dir='ltr'>edicta</span> <span class='ocrx_word' id='word_1_313' title='bbox 217 2005 427 2053; x_wconf 82' lang='lat' dir='ltr'>propoluiffe</span> <span class='ocrx_word' id='word_1_314' title='bbox 444 2019 452 2041; x_wconf 79' lang='lat' dir='ltr'><strong><em>z</em></strong></span> <span class='ocrx_word' id='word_1_315' title='bbox 466 2019 510 2042; x_wconf 92' lang='lat' dir='ltr'>ne</span> <span class='ocrx_word' id='word_1_316' title='bbox 522 2019 600 2042; x_wconf 89' lang='lat' dir='ltr'>reus</span> <span class='ocrx_word' id='word_1_317' title='bbox 613 2007 737 2043; x_wconf 80' lang='lat' dir='ltr'>adeffet</span> <span class='ocrx_word' id='word_1_318' title='bbox 749 2031 759 2045; x_wconf 89' lang='lat'>‚</span> <span class='ocrx_word' id='word_1_319' title='bbox 774 2020 818 2044; x_wconf 89' lang='lat' dir='ltr'>ne</span> <span class='ocrx_word' id='word_1_320' title='bbox 829 2008 1006 2045; x_wconf 86' lang='lat' dir='ltr'>citaretur,</span> <span class='ocrx_word' id='word_1_321' title='bbox 1019 2020 1063 2042; x_wconf 89' lang='lat' dir='ltr'>ne</span> 
     </span>
     <span class='ocr_line' id='line_1_39' title="bbox 91 2053 1064 2103; baseline 0.002 -16"><span class='ocrx_word' id='word_1_322' title='bbox 91 2063 309 2102; x_wconf 86' lang='lat' dir='ltr'>quaereretur</span> <span class='ocrx_word' id='word_1_323' title='bbox 320 2079 329 2093; x_wconf 94' lang='lat'>,</span> <span class='ocrx_word' id='word_1_324' title='bbox 342 2066 387 2089; x_wconf 89' lang='lat' dir='ltr'>ne</span> <span class='ocrx_word' id='word_1_325' title='bbox 400 2057 619 2091; x_wconf 86' lang='lat' dir='ltr'>mentionem</span> <span class='ocrx_word' id='word_1_326' title='bbox 633 2056 783 2090; x_wconf 88' lang='lat' dir='ltr'>omnino</span> <span class='ocrx_word' id='word_1_327' title='bbox 795 2053 1064 2103; x_wconf 84' lang='lat' dir='ltr'>cuiquamjudi-</span> 
     </span>
     <span class='ocr_line' id='line_1_40' title="bbox 90 2100 1062 2149; baseline 0.002 -13"><span class='ocrx_word' id='word_1_328' title='bbox 90 2112 171 2137; x_wconf 87' lang='lat' dir='ltr'>cum</span> <span class='ocrx_word' id='word_1_329' title='bbox 187 2125 197 2139; x_wconf 86' lang='lat'>‚</span> <span class='ocrx_word' id='word_1_330' title='bbox 210 2111 269 2136; x_wconf 88' lang='lat' dir='ltr'>aut</span> <span class='ocrx_word' id='word_1_331' title='bbox 275 2100 496 2149; x_wconf 85' lang='lat' dir='ltr'>judiciorum</span> <span class='ocrx_word' id='word_1_332' title='bbox 510 2101 622 2136; x_wconf 86' lang='lat' dir='ltr'>facere</span> <span class='ocrx_word' id='word_1_333' title='bbox 636 2103 761 2137; x_wconf 80' lang='lat' dir='ltr'>licei-et·</span> <span class='ocrx_word' id='word_1_334' title='bbox 774 2116 846 2149; x_wconf 89' lang='lat' dir='ltr'>quo</span> <span class='ocrx_word' id='word_1_335' title='bbox 860 2104 1009 2149; x_wconf 85' lang='lat' dir='ltr'>pertinet</span> <span class='ocrx_word' id='word_1_336' title='bbox 1021 2104 1062 2138; x_wconf 89' lang='lat' dir='ltr'>il-</span> 
     </span>
     <span class='ocr_line' id='line_1_41' title="bbox 89 2149 1063 2197; baseline -0.001 -11"><span class='ocrx_word' id='word_1_337' title='bbox 89 2149 151 2186; x_wconf 90' lang='lat' dir='ltr'>lud</span> <span class='ocrx_word' id='word_1_338' title='bbox 171 2150 214 2186; x_wconf 88' lang='lat' dir='ltr'>de</span> <span class='ocrx_word' id='word_1_339' title='bbox 236 2150 369 2197; x_wconf 85' lang='lat' dir='ltr'>harusp.</span> <span class='ocrx_word' id='word_1_340' title='bbox 382 2150 527 2197; x_wconf 83' lang='lat' dir='ltr'>respons·</span> <span class='ocrx_word' id='word_1_341' title='bbox 542 2149 759 2186; x_wconf 87' lang='lat' dir='ltr'>Restiterunt</span> <span class='ocrx_word' id='word_1_342' title='bbox 770 2149 874 2185; x_wconf 87' lang='lat' dir='ltr'>etiam</span> <span class='ocrx_word' id='word_1_343' title='bbox 890 2173 900 2188; x_wconf 86' lang='lat'><strong><em>,</em></strong></span> <span class='ocrx_word' id='word_1_344' title='bbox 924 2150 969 2185; x_wconf 86' lang='lat' dir='ltr'>ne</span> <span class='ocrx_word' id='word_1_345' title='bbox 981 2161 1043 2185; x_wconf 90' lang='lat' dir='ltr'>cau</span> <span class='ocrx_word' id='word_1_346' title='bbox 1053 2170 1063 2176; x_wconf 88' lang='lat'><strong>·</strong></span> 
     </span>
     <span class='ocr_line' id='line_1_42' title="bbox 89 2197 1064 2247; baseline -0.001 -12"><span class='ocrx_word' id='word_1_347' title='bbox 89 2199 158 2236; x_wconf 72' lang='lat' dir='ltr'>stim</span> <span class='ocrx_word' id='word_1_348' title='bbox 173 2199 313 2235; x_wconf 89' lang='lat' dir='ltr'>diceret.</span> <span class='ocrx_word' id='word_1_349' title='bbox 340 2203 458 2247; x_wconf 86' lang='lat' dir='ltr'>Qare</span> <span class='ocrx_word' id='word_1_350' title='bbox 470 2224 480 2239; x_wconf 88' lang='lat'><strong>,</strong></span> <span class='ocrx_word' id='word_1_351' title='bbox 503 2197 587 2234; x_wconf 69' lang='lat' dir='ltr'>cum</span> <span class='ocrx_word' id='word_1_352' title='bbox 602 2199 691 2235; x_wconf 92' lang='lat' dir='ltr'>Milo</span> <span class='ocrx_word' id='word_1_353' title='bbox 708 2198 842 2235; x_wconf 89' lang='lat' dir='ltr'>videret</span> <span class='ocrx_word' id='word_1_354' title='bbox 851 2197 985 2246; x_wconf 88' lang='lat' dir='ltr'>judicia</span> <span class='ocrx_word' id='word_1_355' title='bbox 999 2198 1064 2234; x_wconf 80' lang='lat' dir='ltr'>effe</span> 
     </span>
     <span class='ocr_line' id='line_1_43' title="bbox 88 2247 1062 2295; baseline -0.001 -11"><span class='ocrx_word' id='word_1_356' title='bbox 88 2248 218 2285; x_wconf 86' lang='lat' dir='ltr'>sublata</span> <span class='ocrx_word' id='word_1_357' title='bbox 230 2274 239 2288; x_wconf 96' lang='lat'>,</span> <span class='ocrx_word' id='word_1_358' title='bbox 264 2260 308 2283; x_wconf 91' lang='lat' dir='ltr'>ne</span> <span class='ocrx_word' id='word_1_359' title='bbox 320 2248 468 2284; x_wconf 90' lang='lat' dir='ltr'>Clodius</span> <span class='ocrx_word' id='word_1_360' title='bbox 479 2248 599 2284; x_wconf 88' lang='lat' dir='ltr'>omnia</span> <span class='ocrx_word' id='word_1_361' title='bbox 614 2247 648 2284; x_wconf 89' lang='lat' dir='ltr'>vi</span> <span class='ocrx_word' id='word_1_362' title='bbox 662 2248 769 2295; x_wconf 84' lang='lat' dir='ltr'>poffet</span> <span class='ocrx_word' id='word_1_363' title='bbox 781 2247 917 2284; x_wconf 87' lang='lat' dir='ltr'>efficere</span> <span class='ocrx_word' id='word_1_364' title='bbox 930 2274 939 2288; x_wconf 86' lang='lat'>,</span> <span class='ocrx_word' id='word_1_365' title='bbox 960 2261 1062 2283; x_wconf 91' lang='lat' dir='ltr'>cura-</span> 
     </span>
     <span class='ocr_line' id='line_1_44' title="bbox 89 2296 1060 2346; baseline -0.001 -13"><span class='ocrx_word' id='word_1_366' title='bbox 89 2297 142 2334; x_wconf 85' lang='lat' dir='ltr'>vit</span> <span class='ocrx_word' id='word_1_367' title='bbox 152 2322 162 2336; x_wconf 95' lang='lat'>,</span> <span class='ocrx_word' id='word_1_368' title='bbox 186 2297 301 2346; x_wconf 88' lang='lat' dir='ltr'>inquit</span> <span class='ocrx_word' id='word_1_369' title='bbox 319 2296 412 2333; x_wconf 91' lang='lat' dir='ltr'>idem</span> <span class='ocrx_word' id='word_1_370' title='bbox 433 2296 508 2346; x_wconf 90' lang='lat' dir='ltr'>post</span> <span class='ocrx_word' id='word_1_371' title='bbox 527 2296 627 2333; x_wconf 85' lang='lat' dir='ltr'>redit.</span> <span class='ocrx_word' id='word_1_372' title='bbox 649 2297 687 2343; x_wconf 89' lang='lat' dir='ltr'>in</span> <span class='ocrx_word' id='word_1_373' title='bbox 701 2297 829 2333; x_wconf 85' lang='lat' dir='ltr'>senatu.</span> <span class='ocrx_word' id='word_1_374' title='bbox 857 2296 951 2333; x_wconf 84' lang='lat' dir='ltr'>Emit</span> <span class='ocrx_word' id='word_1_375' title='bbox 964 2297 1060 2332; x_wconf 89' lang='lat' dir='ltr'>enim</span> 
     </span>
     <span class='ocr_line' id='line_1_45' title="bbox 90 2345 1059 2395; baseline 0 -13"><span class='ocrx_word' id='word_1_376' title='bbox 90 2346 292 2394; x_wconf 87' lang='lat' dir='ltr'>gladiatores</span> <span class='ocrx_word' id='word_1_377' title='bbox 303 2369 315 2384; x_wconf 81' lang='lat'>‚</span> <span class='ocrx_word' id='word_1_378' title='bbox 338 2356 379 2382; x_wconf 89' lang='lat' dir='ltr'>ut</span> <span class='ocrx_word' id='word_1_379' title='bbox 391 2345 460 2381; x_wconf 86' lang='lat' dir='ltr'>Dio</span> <span class='ocrx_word' id='word_1_380' title='bbox 474 2345 598 2382; x_wconf 84' lang='lat' dir='ltr'>scribit·</span> <span class='ocrx_word' id='word_1_381' title='bbox 626 2345 669 2382; x_wconf 91' lang='lat' dir='ltr'>de</span> <span class='ocrx_word' id='word_1_382' title='bbox 686 2345 812 2395; x_wconf 86' lang='lat' dir='ltr'>quibus</span> <span class='ocrx_word' id='word_1_383' title='bbox 825 2345 953 2382; x_wconf 89' lang='lat' dir='ltr'>Cicero</span> <span class='ocrx_word' id='word_1_384' title='bbox 969 2346 1059 2382; x_wconf 82' lang='lat' dir='ltr'>lib.2.</span> 
     </span>
     <span class='ocr_line' id='line_1_46' title="bbox 90 2394 1059 2444; baseline 0.001 -14"><span class='ocrx_word' id='word_1_385' title='bbox 90 2395 133 2432; x_wconf 85' lang='lat' dir='ltr'>de</span> <span class='ocrx_word' id='word_1_386' title='bbox 145 2394 269 2431; x_wconf 87' lang='lat' dir='ltr'>officiis</span> <span class='ocrx_word' id='word_1_387' title='bbox 285 2408 293 2431; x_wconf 74' lang='grc' dir='ltr'>ε</span> <span class='ocrx_word' id='word_1_388' title='bbox 321 2395 388 2431; x_wconf 87' lang='lat' dir='ltr'>Sed</span> <span class='ocrx_word' id='word_1_389' title='bbox 400 2395 527 2431; x_wconf 87' lang='lat' dir='ltr'>honori</span> <span class='ocrx_word' id='word_1_390' title='bbox 544 2395 681 2431; x_wconf 87' lang='lat' dir='ltr'>summo</span> <span class='ocrx_word' id='word_1_391' title='bbox 695 2408 808 2444; x_wconf 88' lang='lat' dir='ltr'>nuper</span> <span class='ocrx_word' id='word_1_392' title='bbox 815 2395 936 2431; x_wconf 89' lang='lat' dir='ltr'>nostro</span> <span class='ocrx_word' id='word_1_393' title='bbox 950 2396 1059 2431; x_wconf 88' lang='lat' dir='ltr'>Milo-</span> 
     </span>
     <span class='ocr_line' id='line_1_47' title="bbox 90 2444 1056 2495; baseline 0.002 -15"><span class='ocrx_word' id='word_1_394' title='bbox 90 2444 128 2480; x_wconf 89' lang='lat' dir='ltr'>ni</span> <span class='ocrx_word' id='word_1_395' title='bbox 142 2444 229 2484; x_wconf 67' lang='lat' dir='ltr'>fuit.</span> <span class='ocrx_word' id='word_1_396' title='bbox 254 2444 351 2494; x_wconf 89' lang='lat' dir='ltr'>quod</span> <span class='ocrx_word' id='word_1_397' title='bbox 374 2444 623 2495; x_wconf 77' lang='lat' dir='ltr'>gladiatoribus</span> <span class='ocrx_word' id='word_1_398' title='bbox 646 2445 770 2492; x_wconf 86' lang='lat' dir='ltr'>emptis</span> <span class='ocrx_word' id='word_1_399' title='bbox 792 2444 925 2491; x_wconf 88' lang='lat' dir='ltr'>reipub.</span> <span class='ocrx_word' id='word_1_400' title='bbox 949 2444 1056 2483; x_wconf 77' lang='lat' dir='ltr'>causa&gt;</span> 
     </span>
     <span class='ocr_line' id='line_1_48' title="bbox 90 2493 1055 2542; baseline -0.001 -13"><span class='ocrx_word' id='word_1_401' title='bbox 90 2504 167 2542; x_wconf 87' lang='lat' dir='ltr'>quae</span> <span class='ocrx_word' id='word_1_402' title='bbox 179 2493 284 2529; x_wconf 82' lang='lat' dir='ltr'>salute</span> <span class='ocrx_word' id='word_1_403' title='bbox 296 2493 411 2529; x_wconf 88' lang='lat' dir='ltr'>nostra</span> <span class='ocrx_word' id='word_1_404' title='bbox 423 2493 680 2532; x_wconf 80' lang='lat' dir='ltr'>continebatur,</span> <span class='ocrx_word' id='word_1_405' title='bbox 691 2506 814 2529; x_wconf 89' lang='lat' dir='ltr'>ornnes</span> <span class='ocrx_word' id='word_1_406' title='bbox 826 2493 979 2533; x_wconf 77' lang='lat' dir='ltr'>RClodii</span> <span class='ocrx_word' id='word_1_407' title='bbox 995 2507 1055 2529; x_wconf 89' lang='lat' dir='ltr'>co-</span> 
     </span>
     <span class='ocr_line' id='line_1_49' title="bbox 90 2542 1057 2591; baseline 0 -13"><span class='ocrx_word' id='word_1_408' title='bbox 90 2553 189 2578; x_wconf 85' lang='lat' dir='ltr'>natus</span> <span class='ocrx_word' id='word_1_409' title='bbox 197 2542 402 2591; x_wconf 79' lang='lat' dir='ltr'>&#39;furoresque</span> <span class='ocrx_word' id='word_1_410' title='bbox 422 2542 630 2591; x_wconf 78' lang='lat' dir='ltr'>compressit.</span> <span class='ocrx_word' id='word_1_411' title='bbox 654 2546 800 2579; x_wconf 81' lang='lat' dir='ltr'>Senatus</span> <span class='ocrx_word' id='word_1_412' title='bbox 812 2554 929 2579; x_wconf 87' lang='lat' dir='ltr'>autem</span> <span class='ocrx_word' id='word_1_413' title='bbox 942 2542 1057 2578; x_wconf 85' lang='lat' dir='ltr'>multo</span> 
     </span>
     <span class='ocr_line' id='line_1_50' title="bbox 90 2591 1058 2639; baseline 0 -12"><span class='ocrx_word' id='word_1_414' title='bbox 90 2601 168 2627; x_wconf 86' lang='lat' dir='ltr'>ante</span> <span class='ocrx_word' id='word_1_415' title='bbox 178 2615 188 2630; x_wconf 89' lang='lat'>‚</span> <span class='ocrx_word' id='word_1_416' title='bbox 201 2591 308 2639; x_wconf 71' lang='lat' dir='ltr'>quam</span> <span class='ocrx_word' id='word_1_417' title='bbox 320 2591 375 2627; x_wconf 86' lang='lat' dir='ltr'>lex</span> <span class='ocrx_word' id='word_1_418' title='bbox 387 2591 432 2627; x_wconf 92' lang='lat' dir='ltr'>de</span> <span class='ocrx_word' id='word_1_419' title='bbox 443 2591 627 2628; x_wconf 76' lang='lat' dir='ltr'>Ciceronis</span> <span class='ocrx_word' id='word_1_420' title='bbox 639 2591 750 2628; x_wconf 89' lang='lat' dir='ltr'>reditu</span> <span class='ocrx_word' id='word_1_421' title='bbox 765 2591 833 2628; x_wconf 88' lang='lat' dir='ltr'>fuit</span> <span class='ocrx_word' id='word_1_422' title='bbox 848 2592 922 2633; x_wconf 89' lang='lat' dir='ltr'>lata,</span> <span class='ocrx_word' id='word_1_423' title='bbox 935 2592 1058 2639; x_wconf 83' lang='lat' dir='ltr'>gratias</span> 
     </span>
     <span class='ocr_line' id='line_1_51' title="bbox 90 2640 1058 2690; baseline 0 -14"><span class='ocrx_word' id='word_1_424' title='bbox 90 2640 235 2688; x_wconf 81' lang='lat' dir='ltr'>agendas</span> <span class='ocrx_word' id='word_1_425' title='bbox 247 2640 380 2676; x_wconf 89' lang='lat' dir='ltr'>censuit</span> <span class='ocrx_word' id='word_1_426' title='bbox 391 2640 592 2676; x_wconf 86' lang='lat' dir='ltr'>civitatibus</span> <span class='ocrx_word' id='word_1_427' title='bbox 604 2641 644 2677; x_wconf 91' lang='lat' dir='ltr'>iis</span> <span class='ocrx_word' id='word_1_428' title='bbox 657 2665 667 2680; x_wconf 90' lang='lat'>‚</span> <span class='ocrx_word' id='word_1_429' title='bbox 680 2653 756 2690; x_wconf 90' lang='lat' dir='ltr'>quae</span> <span class='ocrx_word' id='word_1_430' title='bbox 770 2642 820 2677; x_wconf 91' lang='lat' dir='ltr'>M.</span> <span class='ocrx_word' id='word_1_431' title='bbox 834 2641 994 2678; x_wconf 88' lang='lat' dir='ltr'>Tullium</span> <span class='ocrx_word' id='word_1_432' title='bbox 1008 2642 1058 2676; x_wconf 86' lang='lat' dir='ltr'>ci—</span> 
     </span>
     <span class='ocr_line' id='line_1_52' title="bbox 90 2689 1058 2738; baseline 0 -13"><span class='ocrx_word' id='word_1_433' title='bbox 90 2701 171 2725; x_wconf 84' lang='lat' dir='ltr'>vem</span> <span class='ocrx_word' id='word_1_434' title='bbox 187 2689 320 2738; x_wconf 75' lang='lat' dir='ltr'>optime</span> <span class='ocrx_word' id='word_1_435' title='bbox 344 2689 387 2725; x_wconf 89' lang='lat' dir='ltr'>de</span> <span class='ocrx_word' id='word_1_436' title='bbox 406 2702 475 2737; x_wconf 89' lang='lat' dir='ltr'>rep.</span> <span class='ocrx_word' id='word_1_437' title='bbox 486 2690 653 2726; x_wconf 89' lang='lat' dir='ltr'>meritum</span> <span class='ocrx_word' id='word_1_438' title='bbox 669 2690 889 2737; x_wconf 76' lang='lat' dir='ltr'>recepissent,</span> <span class='ocrx_word' id='word_1_439' title='bbox 917 2704 979 2738; x_wconf 87' lang='lat' dir='ltr'>pro</span> <span class='ocrx_word' id='word_1_440' title='bbox 994 2690 1058 2726; x_wconf 89' lang='lat' dir='ltr'>do-</span> 
     </span>
     <span class='ocr_line' id='line_1_53' title="bbox 90 2738 1059 2783; baseline 0.001 -9"><span class='ocrx_word' id='word_1_441' title='bbox 90 2749 151 2774; x_wconf 89' lang='lat' dir='ltr'>mo</span> <span class='ocrx_word' id='word_1_442' title='bbox 163 2765 171 2775; x_wconf 76' lang='grc'>,</span> <span class='ocrx_word' id='word_1_443' title='bbox 187 2738 224 2774; x_wconf 90' lang='lat' dir='ltr'>in</span> <span class='ocrx_word' id='word_1_444' title='bbox 239 2739 396 2774; x_wconf 72' lang='lat' dir='ltr'>Pisonem</span> <span class='ocrx_word' id='word_1_445' title='bbox 411 2764 420 2779; x_wconf 92' lang='lat'>‚</span> <span class='ocrx_word' id='word_1_446' title='bbox 433 2739 586 2783; x_wconf 85' lang='lat' dir='ltr'>Parad.4.</span> <span class='ocrx_word' id='word_1_447' title='bbox 599 2742 633 2776; x_wconf 90' lang='lat'>&amp;</span> <span class='ocrx_word' id='word_1_448' title='bbox 645 2740 859 2776; x_wconf 85' lang='lat' dir='ltr'>Plutarchus.</span> <span class='ocrx_word' id='word_1_449' title='bbox 888 2740 985 2776; x_wconf 88' lang='lat' dir='ltr'>Idem</span> <span class='ocrx_word' id='word_1_450' title='bbox 997 2740 1059 2775; x_wconf 92' lang='lat' dir='ltr'>de-</span> 
     </span>
     <span class='ocr_line' id='line_1_54' title="bbox 36 2785 1059 2837; baseline 0.003 -15"><span class='ocrx_word' id='word_1_451' title='bbox 36 2785 49 2792; x_wconf 49' lang='lat'><em>*</em></span> <span class='ocrx_word' id='word_1_452' title='bbox 89 2786 199 2825; x_wconf 66' lang='lat' dir='ltr'>crevit</span> <span class='ocrx_word' id='word_1_453' title='bbox 211 2811 221 2825; x_wconf 92' lang='lat'>‚</span> <span class='ocrx_word' id='word_1_454' title='bbox 245 2798 284 2823; x_wconf 89' lang='lat' dir='ltr'>ut</span> <span class='ocrx_word' id='word_1_455' title='bbox 297 2787 357 2834; x_wconf 89' lang='lat' dir='ltr'>qui</span> <span class='ocrx_word' id='word_1_456' title='bbox 375 2788 573 2837; x_wconf 86' lang='lat' dir='ltr'>provincias</span> <span class='ocrx_word' id='word_1_457' title='bbox 586 2801 669 2824; x_wconf 89' lang='lat' dir='ltr'>cum</span> <span class='ocrx_word' id='word_1_458' title='bbox 681 2787 831 2837; x_wconf 85' lang='lat' dir='ltr'>imperio</span> <span class='ocrx_word' id='word_1_459' title='bbox 845 2788 1059 2830; x_wconf 86' lang='lat' dir='ltr'>obtinerent,</span> 
     </span>
     <span class='ocr_line' id='line_1_55' title="bbox 88 2835 1060 2886; baseline 0.003 -15"><span class='ocrx_word' id='word_1_460' title='bbox 88 2835 149 2885; x_wconf 90' lang='lat' dir='ltr'>qui</span> <span class='ocrx_word' id='word_1_461' title='bbox 161 2835 348 2885; x_wconf 78' lang='lat' dir='ltr'>quaestores</span> <span class='ocrx_word' id='word_1_462' title='bbox 362 2837 541 2886; x_wconf 87' lang='lat' dir='ltr'>legatique</span> <span class='ocrx_word' id='word_1_463' title='bbox 551 2837 816 2876; x_wconf 78' lang='lat' dir='ltr'>effent‚salutem</span> <span class='ocrx_word' id='word_1_464' title='bbox 829 2840 862 2874; x_wconf 91' lang='lat'>&amp;</span> <span class='ocrx_word' id='word_1_465' title='bbox 877 2838 984 2874; x_wconf 82' lang='lat' dir='ltr'>vitam</span> <span class='ocrx_word' id='word_1_466' title='bbox 998 2839 1060 2874; x_wconf 88' lang='lat' dir='ltr'>Ci-</span> 
     </span>
     <span class='ocr_line' id='line_1_56' title="bbox 89 2885 1059 2935; baseline 0.004 -15"><span class='ocrx_word' id='word_1_467' title='bbox 89 2885 225 2921; x_wconf 87' lang='lat' dir='ltr'>ceronis</span> <span class='ocrx_word' id='word_1_468' title='bbox 238 2885 454 2923; x_wconf 86' lang='lat' dir='ltr'>custodirent</span> <span class='ocrx_word' id='word_1_469' title='bbox 465 2910 476 2925; x_wconf 87' lang='lat'>‚</span> <span class='ocrx_word' id='word_1_470' title='bbox 492 2899 554 2935; x_wconf 92' lang='lat' dir='ltr'>pro</span> <span class='ocrx_word' id='word_1_471' title='bbox 565 2887 696 2924; x_wconf 86' lang='lat' dir='ltr'>Sextio.</span> <span class='ocrx_word' id='word_1_472' title='bbox 725 2887 824 2923; x_wconf 89' lang='lat' dir='ltr'>Idem</span> <span class='ocrx_word' id='word_1_473' title='bbox 836 2887 881 2923; x_wconf 90' lang='lat' dir='ltr'>ad</span> <span class='ocrx_word' id='word_1_474' title='bbox 895 2887 1059 2924; x_wconf 75' lang='lat' dir='ltr'>M.Tullii</span> 
     </span>
     <span class='ocr_line' id='line_1_57' title="bbox 88 2932 1059 2977; baseline 0.001 -6"><span class='ocrx_word' id='word_1_475' title='bbox 88 2932 230 2971; x_wconf 77' lang='lat' dir='ltr'>salutem</span> <span class='ocrx_word' id='word_1_476' title='bbox 246 2935 419 2971; x_wconf 86' lang='lat' dir='ltr'>auxilium</span> <span class='ocrx_word' id='word_1_477' title='bbox 432 2935 596 2972; x_wconf 83' lang='lat' dir='ltr'>omnium</span> <span class='ocrx_word' id='word_1_478' title='bbox 608 2936 741 2973; x_wconf 90' lang='lat' dir='ltr'>civium</span> <span class='ocrx_word' id='word_1_479' title='bbox 754 2937 883 2973; x_wconf 64' lang='lat' dir='ltr'>cuncta</span> <span class='ocrx_word' id='word_1_480' title='bbox 897 2949 940 2973; x_wconf 84' lang='lat' dir='ltr'>ex</span> <span class='ocrx_word' id='word_1_481' title='bbox 953 2937 1059 2977; x_wconf 86' lang='lat' dir='ltr'>Italia,</span> 
     </span>
     <span class='ocr_line' id='line_1_58' title="bbox 89 2982 1058 3033; baseline 0.005 -16"><span class='ocrx_word' id='word_1_482' title='bbox 89 2982 148 3030; x_wconf 85' lang='lat' dir='ltr'>qui</span> <span class='ocrx_word' id='word_1_483' title='bbox 164 2995 270 3031; x_wconf 85' lang='lat' dir='ltr'>remp·</span> <span class='ocrx_word' id='word_1_484' title='bbox 283 2983 409 3021; x_wconf 85' lang='lat' dir='ltr'>salvam</span> <span class='ocrx_word' id='word_1_485' title='bbox 421 2985 488 3021; x_wconf 84' lang='lat' dir='ltr'>effe</span> <span class='ocrx_word' id='word_1_486' title='bbox 499 2985 628 3022; x_wconf 87' lang='lat' dir='ltr'>vellent</span> <span class='ocrx_word' id='word_1_487' title='bbox 643 3011 652 3027; x_wconf 90' lang='lat'>‚</span> <span class='ocrx_word' id='word_1_488' title='bbox 674 2985 877 3033; x_wconf 89' lang='lat' dir='ltr'>imploravit</span> <span class='ocrx_word' id='word_1_489' title='bbox 893 3012 902 3027; x_wconf 90' lang='lat'>‚</span> <span class='ocrx_word' id='word_1_490' title='bbox 916 2987 950 3021; x_wconf 91' lang='lat' dir='ltr'>in</span> <span class='ocrx_word' id='word_1_491' title='bbox 968 2986 1058 3022; x_wconf 76' lang='lat' dir='ltr'>Piso-</span> 
     </span>
     <span class='ocr_line' id='line_1_59' title="bbox 89 3032 1058 3074; baseline 0.004 -8"><span class='ocrx_word' id='word_1_492' title='bbox 89 3041 181 3067; x_wconf 82' lang='lat' dir='ltr'>nem.</span> <span class='ocrx_word' id='word_1_493' title='bbox 205 3032 349 3069; x_wconf 59' lang='lat' dir='ltr'>Faffitum</span> <span class='ocrx_word' id='word_1_494' title='bbox 363 3033 459 3070; x_wconf 81' lang='lat' dir='ltr'>enim</span> <span class='ocrx_word' id='word_1_495' title='bbox 473 3036 506 3071; x_wconf 89' lang='lat' dir='ltr'>S.</span> <span class='ocrx_word' id='word_1_496' title='bbox 524 3034 565 3070; x_wconf 84' lang='lat' dir='ltr'>C·</span> <span class='ocrx_word' id='word_1_497' title='bbox 580 3034 649 3071; x_wconf 90' lang='lat' dir='ltr'>fuit</span> <span class='ocrx_word' id='word_1_498' title='bbox 661 3059 671 3074; x_wconf 95' lang='lat'>,</span> <span class='ocrx_word' id='word_1_499' title='bbox 695 3046 735 3070; x_wconf 91' lang='lat' dir='ltr'>ut</span> <span class='ocrx_word' id='word_1_500' title='bbox 747 3034 855 3071; x_wconf 88' lang='lat' dir='ltr'>literis</span> <span class='ocrx_word' id='word_1_501' title='bbox 867 3035 1058 3072; x_wconf 82' lang='lat' dir='ltr'>consulari-</span> 
     </span>
    </p>
   </div>
   <div class='ocr_carea' id='block_1_3' title="bbox 920 162 1059 201">
    <p class='ocr_par' dir='ltr' id='par_1_3' title="bbox 920 162 1059 201">
     <span class='ocr_line' id='line_1_60' title="bbox 920 162 1059 201; baseline 0.014 -2"><span class='ocrx_word' id='word_1_502' title='bbox 920 163 948 199; x_wconf 81' lang='lat' dir='ltr'><em>S</em></span> <span class='ocrx_word' id='word_1_503' title='bbox 1024 162 1059 201; x_wconf 82' lang='lat' dir='ltr'>T</span> 
     </span>
    </p>
   </div>
   <div class='ocr_carea' id='block_1_4' title="bbox 86 3077 1059 3234">
    <p class='ocr_par' dir='ltr' id='par_1_4' title="bbox 86 3077 1059 3234">
     <span class='ocr_line' id='line_1_61' title="bbox 88 3077 1059 3132; baseline 0.004 -16"><span class='ocrx_word' id='word_1_504' title='bbox 88 3077 152 3114; x_wconf 83' lang='lat' dir='ltr'>bus</span> <span class='ocrx_word' id='word_1_505' title='bbox 163 3081 287 3117; x_wconf 62' lang='lat' dir='ltr'>cuneta</span> <span class='ocrx_word' id='word_1_506' title='bbox 298 3093 340 3118; x_wconf 88' lang='lat' dir='ltr'>ex</span> <span class='ocrx_word' id='word_1_507' title='bbox 352 3083 449 3119; x_wconf 89' lang='lat' dir='ltr'>Italia</span> <span class='ocrx_word' id='word_1_508' title='bbox 458 3096 594 3122; x_wconf 81' lang='lat' dir='ltr'>omnes,</span> <span class='ocrx_word' id='word_1_509' title='bbox 606 3085 666 3132; x_wconf 90' lang='lat' dir='ltr'>qui</span> <span class='ocrx_word' id='word_1_510' title='bbox 676 3084 834 3131; x_wconf 88' lang='lat' dir='ltr'>rempub.</span> <span class='ocrx_word' id='word_1_511' title='bbox 845 3085 971 3120; x_wconf 79' lang='lat' dir='ltr'>fiilvam</span> <span class='ocrx_word' id='word_1_512' title='bbox 985 3085 1059 3120; x_wconf 88' lang='lat' dir='ltr'>vel-</span> 
     </span>
     <span class='ocr_line' id='line_1_62' title="bbox 88 3124 1058 3182; baseline 0.007 -20"><span class='ocrx_word' id='word_1_513' title='bbox 88 3124 161 3162; x_wconf 64' lang='lat' dir='ltr'>lent</span> <span class='ocrx_word' id='word_1_514' title='bbox 174 3150 186 3166; x_wconf 74' lang='lat'><em>2</em></span> <span class='ocrx_word' id='word_1_515' title='bbox 198 3136 491 3168; x_wconf 80' lang='lat' dir='ltr'>convocarentur.</span> <span class='ocrx_word' id='word_1_516' title='bbox 513 3145 579 3180; x_wconf 86' lang='lat' dir='ltr'>pro</span> <span class='ocrx_word' id='word_1_517' title='bbox 593 3133 724 3171; x_wconf 84' lang='lat' dir='ltr'>Sextio.</span> <span class='ocrx_word' id='word_1_518' title='bbox 746 3133 822 3182; x_wconf 88' lang='lat' dir='ltr'>post</span> <span class='ocrx_word' id='word_1_519' title='bbox 833 3133 931 3170; x_wconf 87' lang='lat' dir='ltr'>redit.</span> <span class='ocrx_word' id='word_1_520' title='bbox 959 3135 994 3169; x_wconf 92' lang='lat' dir='ltr'>in</span> <span class='ocrx_word' id='word_1_521' title='bbox 1007 3133 1058 3169; x_wconf 85' lang='lat' dir='ltr'>se-</span> 
     </span>
     <span class='ocr_line' id='line_1_63' title="bbox 86 3176 1059 3234; baseline -0.008 -6"><span class='ocrx_word' id='word_1_522' title='bbox 86 3176 237 3217; x_wconf 86' lang='lat' dir='ltr'>natu,&amp;</span> <span class='ocrx_word' id='word_1_523' title='bbox 255 3191 318 3226; x_wconf 74' lang='lat' dir='ltr'>Pro</span> <span class='ocrx_word' id='word_1_524' title='bbox 339 3179 462 3219; x_wconf 81' lang='lat' dir='ltr'>domo·</span> <span class='ocrx_word' id='word_1_525' title='bbox 487 3181 588 3222; x_wconf 85' lang='lat' dir='ltr'>Cum</span> <span class='ocrx_word' id='word_1_526' title='bbox 604 3183 717 3234; x_wconf 82' lang='lat' dir='ltr'>igitur</span> <span class='ocrx_word' id='word_1_527' title='bbox 728 3182 914 3224; x_wconf 82' lang='lat' dir='ltr'>Ciceronis</span> <span class='ocrx_word' id='word_1_528' title='bbox 939 3193 1059 3232; x_wconf 85' lang='lat' dir='ltr'>capitis</span> 
     </span>
    </p>
   </div>
   <div class='ocr_carea' id='block_1_5' title="bbox 570 3246 632 3291">
    <p class='ocr_par' dir='ltr' id='par_1_5' title="bbox 570 3246 632 3291">
     <span class='ocr_line' id='line_1_64' title="bbox 570 3246 632 3291; baseline 0 0"><span class='ocrx_word' id='word_1_529' title='bbox 570 3281 579 3283; x_wconf 51' lang='lat'>&gt;</span> <span class='ocrx_word' id='word_1_530' title='bbox 610 3246 632 3291; x_wconf 61' lang='lat' dir='ltr'><em>f</em></span> 
     </span>
    </p>
   </div>
   <div class='ocr_carea' id='block_1_6' title="bbox 1120 156 2093 433">
    <p class='ocr_par' dir='ltr' id='par_1_6' title="bbox 1120 156 2093 433">
     <span class='ocr_line' id='line_1_65' title="bbox 1139 156 2088 226; baseline 0.012 -25"><span class='ocrx_word' id='word_1_531' title='bbox 1139 164 1176 201; x_wconf 88' lang='lat' dir='ltr'>O</span> <span class='ocrx_word' id='word_1_532' title='bbox 1250 162 1293 201; x_wconf 79' lang='lat' dir='ltr'>R</span> <span class='ocrx_word' id='word_1_533' title='bbox 1370 165 1393 202; x_wconf 85' lang='lat'>1</span> <span class='ocrx_word' id='word_1_534' title='bbox 1471 156 1527 202; x_wconf 69' lang='lat' dir='ltr'>A.</span> <span class='ocrx_word' id='word_1_535' title='bbox 2024 172 2050 226; x_wconf 72' lang='lat'><em>3</em></span> <span class='ocrx_word' id='word_1_536' title='bbox 2065 176 2088 212; x_wconf 67' lang='grc' dir='ltr'>ἓ</span> 
     </span>
     <span class='ocr_line' id='line_1_66' title="bbox 1120 236 2093 290; baseline 0.007 -19"><span class='ocrx_word' id='word_1_537' title='bbox 1120 236 1276 273; x_wconf 79' lang='lat' dir='ltr'>servandi</span> <span class='ocrx_word' id='word_1_538' title='bbox 1298 238 1395 275; x_wconf 83' lang='lat' dir='ltr'>causa</span> <span class='ocrx_word' id='word_1_539' title='bbox 1415 240 1569 275; x_wconf 85' lang='lat' dir='ltr'>Romam</span> <span class='ocrx_word' id='word_1_540' title='bbox 1598 250 1673 275; x_wconf 85' lang='lat' dir='ltr'>uno</span> <span class='ocrx_word' id='word_1_541' title='bbox 1692 246 1852 288; x_wconf 86' lang='lat' dir='ltr'>tempore</span> <span class='ocrx_word' id='word_1_542' title='bbox 1875 237 1968 290; x_wconf 77' lang='lat' dir='ltr'>quasi</span> <span class='ocrx_word' id='word_1_543' title='bbox 1994 238 2093 289; x_wconf 79' lang='lat' dir='ltr'>signo</span> 
     </span>
     <span class='ocr_line' id='line_1_67' title="bbox 1120 284 2090 327; baseline 0.007 -7"><span class='ocrx_word' id='word_1_544' title='bbox 1120 284 1199 321; x_wconf 81' lang='lat' dir='ltr'>dato</span> <span class='ocrx_word' id='word_1_545' title='bbox 1214 286 1309 323; x_wconf 86' lang='lat' dir='ltr'>Italia</span> <span class='ocrx_word' id='word_1_546' title='bbox 1322 298 1394 324; x_wconf 85' lang='lat' dir='ltr'>tota</span> <span class='ocrx_word' id='word_1_547' title='bbox 1415 287 1632 325; x_wconf 74' lang='lat' dir='ltr'>convenisset</span> <span class='ocrx_word' id='word_1_548' title='bbox 1645 312 1656 327; x_wconf 84' lang='lat'><em>,</em></span> <span class='ocrx_word' id='word_1_549' title='bbox 1677 289 1848 326; x_wconf 87' lang='lat' dir='ltr'>Lentulus</span> <span class='ocrx_word' id='word_1_550' title='bbox 1862 289 1982 325; x_wconf 73' lang='lat' dir='ltr'>consti]</span> <span class='ocrx_word' id='word_1_551' title='bbox 1996 290 2090 327; x_wconf 74' lang='lat' dir='ltr'>lena-</span> 
     </span>
     <span class='ocr_line' id='line_1_68' title="bbox 1120 334 2090 386; baseline 0.011 -21"><span class='ocrx_word' id='word_1_552' title='bbox 1120 342 1196 385; x_wconf 84' lang='lat' dir='ltr'>tum</span> <span class='ocrx_word' id='word_1_553' title='bbox 1210 334 1523 383; x_wconf 76' lang='lat' dir='ltr'>frequentissimum</span> <span class='ocrx_word' id='word_1_554' title='bbox 1537 337 1573 374; x_wconf 89' lang='lat' dir='ltr'>in</span> <span class='ocrx_word' id='word_1_555' title='bbox 1585 337 1803 386; x_wconf 87' lang='lat' dir='ltr'>Capitolium</span> <span class='ocrx_word' id='word_1_556' title='bbox 1814 338 2040 380; x_wconf 83' lang='lat' dir='ltr'>convocavit,</span> <span class='ocrx_word' id='word_1_557' title='bbox 2052 341 2090 376; x_wconf 84' lang='lat' dir='ltr'>in</span> 
     </span>
     <span class='ocr_line' id='line_1_69' title="bbox 1120 381 2089 433; baseline 0.01 -19"><span class='ocrx_word' id='word_1_558' title='bbox 1120 381 1277 417; x_wconf 82' lang='lat' dir='ltr'>Pilonem</span> <span class='ocrx_word' id='word_1_559' title='bbox 1291 407 1299 421; x_wconf 85' lang='lat'>‚</span> <span class='ocrx_word' id='word_1_560' title='bbox 1317 388 1350 421; x_wconf 65' lang='grc' dir='ltr'>ὃς</span> <span class='ocrx_word' id='word_1_561' title='bbox 1365 386 1440 433; x_wconf 85' lang='lat' dir='ltr'>post</span> <span class='ocrx_word' id='word_1_562' title='bbox 1453 387 1552 423; x_wconf 90' lang='lat' dir='ltr'>redit.</span> <span class='ocrx_word' id='word_1_563' title='bbox 1578 387 1615 423; x_wconf 91' lang='lat' dir='ltr'>in</span> <span class='ocrx_word' id='word_1_564' title='bbox 1632 388 1761 423; x_wconf 77' lang='lat' dir='ltr'>senatu.</span> <span class='ocrx_word' id='word_1_565' title='bbox 1791 388 1841 423; x_wconf 92' lang='lat' dir='ltr'>Ibi</span> <span class='ocrx_word' id='word_1_566' title='bbox 1855 399 1931 424; x_wconf 86' lang='lat' dir='ltr'>tum</span> <span class='ocrx_word' id='word_1_567' title='bbox 1948 388 1982 423; x_wconf 89' lang='lat' dir='ltr'>in</span> <span class='ocrx_word' id='word_1_568' title='bbox 1997 398 2089 424; x_wconf 87' lang='lat' dir='ltr'>tem-</span> 
     </span>
    </p>
   </div>
   <div class='ocr_carea' id='block_1_7' title="bbox 1119 428 2088 490">
    <p class='ocr_par' dir='ltr' id='par_1_7' title="bbox 1119 428 2088 490">
     <span class='ocr_line' id='line_1_70' title="bbox 1119 428 2088 490; baseline 0.002 -19"><span class='ocrx_word' id='word_1_569' title='bbox 1119 428 1285 483; x_wconf 27' lang='lat' dir='ltr'>PIOJOUViS</span> <span class='ocrx_word' id='word_1_570' title='bbox 1297 443 1368 479; x_wconf 87' lang='lat' dir='ltr'>opt·</span> <span class='ocrx_word' id='word_1_571' title='bbox 1382 447 1474 471; x_wconf 84' lang='lat' dir='ltr'>max.</span> <span class='ocrx_word' id='word_1_572' title='bbox 1489 435 1713 490; x_wconf 68' lang='lat' dir='ltr'>Qlyletellus</span> <span class='ocrx_word' id='word_1_573' title='bbox 1726 439 1847 485; x_wconf 90' lang='lat' dir='ltr'>Nepos</span> <span class='ocrx_word' id='word_1_574' title='bbox 1863 448 1937 472; x_wconf 83' lang='lat' dir='ltr'>cos.</span> <span class='ocrx_word' id='word_1_575' title='bbox 1951 437 2011 485; x_wconf 89' lang='lat' dir='ltr'>qui</span> <span class='ocrx_word' id='word_1_576' title='bbox 2025 437 2088 473; x_wconf 86' lang='lat' dir='ltr'>Ci-</span> 
     </span>
    </p>
   </div>
   <div class='ocr_carea' id='block_1_8' title="bbox 1101 480 2088 532">
    <p class='ocr_par' dir='ltr' id='par_1_8' title="bbox 1101 480 2088 532">
     <span class='ocr_line' id='line_1_71' title="bbox 1101 480 2088 532; baseline 0.011 -21"><span class='ocrx_word' id='word_1_577' title='bbox 1101 487 1238 513; x_wconf 73' lang='lat' dir='ltr'>&#39;Cerom</span> <span class='ocrx_word' id='word_1_578' title='bbox 1260 480 1315 515; x_wconf 87' lang='lat' dir='ltr'>vel</span> <span class='ocrx_word' id='word_1_579' title='bbox 1336 483 1488 519; x_wconf 75' lang='lat' dir='ltr'>maxime</span> <span class='ocrx_word' id='word_1_580' title='bbox 1511 498 1553 522; x_wconf 86' lang='lat' dir='ltr'>ex</span> <span class='ocrx_word' id='word_1_581' title='bbox 1571 498 1706 532; x_wconf 82' lang='lat' dir='ltr'>magnis</span> <span class='ocrx_word' id='word_1_582' title='bbox 1718 486 2007 522; x_wconf 82' lang='lat' dir='ltr'>contentionibus</span> <span class='ocrx_word' id='word_1_583' title='bbox 2020 487 2088 522; x_wconf 84' lang='lat' dir='ltr'>rei-</span> 
     </span>
    </p>
   </div>
   <div class='ocr_carea' id='block_1_9' title="bbox 1113 526 2090 873">
    <p class='ocr_par' dir='ltr' id='par_1_9' title="bbox 1113 526 2090 873">
     <span class='ocr_line' id='line_1_72' title="bbox 1117 526 2088 584; baseline 0.011 -23"><span class='ocrx_word' id='word_1_584' title='bbox 1117 526 1321 574; x_wconf 88' lang='lat' dir='ltr'>pub.fuerat</span> <span class='ocrx_word' id='word_1_585' title='bbox 1335 529 1496 584; x_wconf 80' lang='lat' dir='ltr'>inimicus</span> <span class='ocrx_word' id='word_1_586' title='bbox 1509 557 1518 570; x_wconf 90' lang='lat'>‚</span> <span class='ocrx_word' id='word_1_587' title='bbox 1532 545 1709 581; x_wconf 89' lang='lat' dir='ltr'>permotus</span> <span class='ocrx_word' id='word_1_588' title='bbox 1725 547 1808 571; x_wconf 90' lang='lat' dir='ltr'>cum</span> <span class='ocrx_word' id='word_1_589' title='bbox 1821 536 2088 583; x_wconf 70' lang='lat' dir='ltr'>ati&amp;oi·itate1e-</span> 
     </span>
     <span class='ocr_line' id='line_1_73' title="bbox 1118 579 2090 632; baseline 0.008 -21"><span class='ocrx_word' id='word_1_590' title='bbox 1118 586 1217 612; x_wconf 88' lang='lat' dir='ltr'>natus</span> <span class='ocrx_word' id='word_1_591' title='bbox 1230 602 1239 617; x_wconf 90' lang='lat'>‚</span> <span class='ocrx_word' id='word_1_592' title='bbox 1254 586 1332 613; x_wconf 88' lang='lat' dir='ltr'>tum</span> <span class='ocrx_word' id='word_1_593' title='bbox 1346 579 1378 614; x_wconf 89' lang='lat' dir='ltr'>P.</span> <span class='ocrx_word' id='word_1_594' title='bbox 1393 580 1529 615; x_wconf 86' lang='lat' dir='ltr'>Servilii</span> <span class='ocrx_word' id='word_1_595' title='bbox 1542 583 1737 622; x_wconf 81' lang='lat' dir='ltr'>incredibili</span> <span class='ocrx_word' id='word_1_596' title='bbox 1749 584 1920 632; x_wconf 85' lang='lat' dir='ltr'>gravitate</span> <span class='ocrx_word' id='word_1_597' title='bbox 1935 584 2090 626; x_wconf 84' lang='lat' dir='ltr'>dicendi,</span> 
     </span>
     <span class='ocr_line' id='line_1_74' title="bbox 1115 624 2083 683; baseline 0.01 -24"><span class='ocrx_word' id='word_1_598' title='bbox 1115 624 1232 677; x_wconf 76' lang='lat' dir='ltr'>abiens</span> <span class='ocrx_word' id='word_1_599' title='bbox 1244 638 1327 662; x_wconf 88' lang='lat' dir='ltr'>cum</span> <span class='ocrx_word' id='word_1_600' title='bbox 1341 628 1515 664; x_wconf 79' lang='lat' dir='ltr'>M.Tullio</span> <span class='ocrx_word' id='word_1_601' title='bbox 1528 631 1629 667; x_wconf 87' lang='lat' dir='ltr'>rediit</span> <span class='ocrx_word' id='word_1_602' title='bbox 1641 632 1675 667; x_wconf 91' lang='lat' dir='ltr'>in</span> <span class='ocrx_word' id='word_1_603' title='bbox 1688 633 1836 680; x_wconf 83' lang='lat' dir='ltr'>gratiam</span> <span class='ocrx_word' id='word_1_604' title='bbox 1849 660 1859 675; x_wconf 92' lang='lat'>‚</span> <span class='ocrx_word' id='word_1_605' title='bbox 1872 633 1949 683; x_wconf 88' lang='lat' dir='ltr'>post</span> <span class='ocrx_word' id='word_1_606' title='bbox 1959 632 2030 669; x_wconf 88' lang='lat' dir='ltr'>red.</span> <span class='ocrx_word' id='word_1_607' title='bbox 2045 634 2083 669; x_wconf 88' lang='lat' dir='ltr'>in</span> 
     </span>
     <span class='ocr_line' id='line_1_75' title="bbox 1115 676 2084 728; baseline 0.01 -19"><span class='ocrx_word' id='word_1_608' title='bbox 1115 676 1230 728; x_wconf 68' lang='lat' dir='ltr'>senatu</span> <span class='ocrx_word' id='word_1_609' title='bbox 1245 698 1255 713; x_wconf 82' lang='grc'><strong><em>,</em></strong></span> <span class='ocrx_word' id='word_1_610' title='bbox 1279 689 1343 723; x_wconf 87' lang='lat' dir='ltr'>pro</span> <span class='ocrx_word' id='word_1_611' title='bbox 1357 677 1477 713; x_wconf 88' lang='lat' dir='ltr'>Sextio</span> <span class='ocrx_word' id='word_1_612' title='bbox 1490 701 1500 716; x_wconf 86' lang='lat'>‚</span> <span class='ocrx_word' id='word_1_613' title='bbox 1525 681 1558 714; x_wconf 87' lang='lat'>&amp;</span> <span class='ocrx_word' id='word_1_614' title='bbox 1572 679 1614 714; x_wconf 92' lang='lat' dir='ltr'>de</span> <span class='ocrx_word' id='word_1_615' title='bbox 1626 682 1815 728; x_wconf 90' lang='lat' dir='ltr'>provinciis</span> <span class='ocrx_word' id='word_1_616' title='bbox 1837 694 1915 718; x_wconf 89' lang='lat' dir='ltr'>cos.</span> <span class='ocrx_word' id='word_1_617' title='bbox 1929 683 1986 719; x_wconf 89' lang='lat' dir='ltr'>h-ic</span> <span class='ocrx_word' id='word_1_618' title='bbox 1999 695 2084 719; x_wconf 88' lang='lat' dir='ltr'>cum</span> 
     </span>
     <span class='ocr_line' id='line_1_76' title="bbox 1114 723 2085 771; baseline 0.01 -13"><span class='ocrx_word' id='word_1_619' title='bbox 1114 723 1328 760; x_wconf 75' lang='lat' dir='ltr'>mltlffimam</span> <span class='ocrx_word' id='word_1_620' title='bbox 1342 726 1539 763; x_wconf 87' lang='lat' dir='ltr'>orationem</span> <span class='ocrx_word' id='word_1_621' title='bbox 1558 727 1593 763; x_wconf 82' lang='lat' dir='ltr'>in</span> <span class='ocrx_word' id='word_1_622' title='bbox 1616 732 1733 766; x_wconf 72' lang='lat' dir='ltr'>senatu</span> <span class='ocrx_word' id='word_1_623' title='bbox 1746 731 1912 768; x_wconf 76' lang='lat' dir='ltr'>habuisset</span> <span class='ocrx_word' id='word_1_624' title='bbox 1924 756 1934 771; x_wconf 90' lang='lat'><em>‚</em></span> <span class='ocrx_word' id='word_1_625' title='bbox 1957 731 2085 768; x_wconf 88' lang='lat' dir='ltr'>Cicero</span> 
     </span>
     <span class='ocr_line' id='line_1_77' title="bbox 1114 772 2090 829; baseline 0.011 -22"><span class='ocrx_word' id='word_1_626' title='bbox 1114 772 1155 807; x_wconf 83' lang='lat' dir='ltr'>ad</span> <span class='ocrx_word' id='word_1_627' title='bbox 1168 773 1354 826; x_wconf 22' lang='lat' dir='ltr'>eumumisit</span> <span class='ocrx_word' id='word_1_628' title='bbox 1367 775 1462 823; x_wconf 88' lang='lat' dir='ltr'>epist.</span> <span class='ocrx_word' id='word_1_629' title='bbox 1477 789 1507 819; x_wconf 77' lang='lat'>4.</span> <span class='ocrx_word' id='word_1_630' title='bbox 1521 776 1580 812; x_wconf 86' lang='lat' dir='ltr'>lib.</span> <span class='ocrx_word' id='word_1_631' title='bbox 1600 789 1632 819; x_wconf 88' lang='lat'>5.</span> <span class='ocrx_word' id='word_1_632' title='bbox 1659 779 1776 814; x_wconf 87' lang='lat' dir='ltr'>Famil.</span> <span class='ocrx_word' id='word_1_633' title='bbox 1797 780 1833 815; x_wconf 91' lang='lat' dir='ltr'>in</span> <span class='ocrx_word' id='word_1_634' title='bbox 1853 794 1920 829; x_wconf 86' lang='lat' dir='ltr'>qua</span> <span class='ocrx_word' id='word_1_635' title='bbox 1933 779 2090 818; x_wconf 76' lang='lat' dir='ltr'>studium</span> 
     </span>
     <span class='ocr_line' id='line_1_78' title="bbox 1113 822 2082 873; baseline 0.009 -16"><span class='ocrx_word' id='word_1_636' title='bbox 1113 824 1147 857; x_wconf 88' lang='lat'>&amp;</span> <span class='ocrx_word' id='word_1_637' title='bbox 1159 822 1330 859; x_wconf 88' lang='lat' dir='ltr'>auxilium</span> <span class='ocrx_word' id='word_1_638' title='bbox 1343 823 1416 872; x_wconf 79' lang='lat' dir='ltr'>ejus</span> <span class='ocrx_word' id='word_1_639' title='bbox 1429 825 1669 873; x_wconf 84' lang='lat' dir='ltr'>implorat-Illo</span> <span class='ocrx_word' id='word_1_640' title='bbox 1686 840 1769 863; x_wconf 91' lang='lat' dir='ltr'>vero</span> <span class='ocrx_word' id='word_1_641' title='bbox 1781 827 1848 868; x_wconf 86' lang='lat' dir='ltr'>die,</span> <span class='ocrx_word' id='word_1_642' title='bbox 1859 842 1943 865; x_wconf 86' lang='lat' dir='ltr'>cum</span> <span class='ocrx_word' id='word_1_643' title='bbox 1954 829 2082 867; x_wconf 74' lang='lat' dir='ltr'>ccccx.</span> 
     </span>
    </p>
   </div>
   <div class='ocr_carea' id='block_1_10' title="bbox 1095 871 2091 930">
    <p class='ocr_par' dir='ltr' id='par_1_10' title="bbox 1095 871 2091 930">
     <span class='ocr_line' id='line_1_79' title="bbox 1095 871 2091 930; baseline 0.009 -25"><span class='ocrx_word' id='word_1_644' title='bbox 1095 881 1096 884; x_wconf 72' lang='grc'>’</span> <span class='ocrx_word' id='word_1_645' title='bbox 1113 871 1283 908; x_wconf 77' lang='lat' dir='ltr'>senatores</span> <span class='ocrx_word' id='word_1_646' title='bbox 1297 898 1305 912; x_wconf 93' lang='lat'>,</span> <span class='ocrx_word' id='word_1_647' title='bbox 1329 873 1614 923; x_wconf 82' lang='lat' dir='ltr'>magistratusque</span> <span class='ocrx_word' id='word_1_648' title='bbox 1636 888 1758 912; x_wconf 87' lang='lat' dir='ltr'>omnes</span> <span class='ocrx_word' id='word_1_649' title='bbox 1779 876 1816 911; x_wconf 87' lang='lat' dir='ltr'>in</span> <span class='ocrx_word' id='word_1_650' title='bbox 1829 876 2002 930; x_wconf 86' lang='lat' dir='ltr'>Capitolio</span> <span class='ocrx_word' id='word_1_651' title='bbox 2024 878 2091 921; x_wconf 51' lang='lat' dir='ltr'>ad-¹</span> 
     </span>
    </p>
   </div>
   <div class='ocr_carea' id='block_1_11' title="bbox 1103 919 2092 3185">
    <p class='ocr_par' dir='ltr' id='par_1_11' title="bbox 1103 919 2092 3185">
     <span class='ocr_line' id='line_1_80' title="bbox 1113 919 2090 974; baseline 0.01 -20"><span class='ocrx_word' id='word_1_652' title='bbox 1113 919 1219 956; x_wconf 79' lang='lat' dir='ltr'>effent</span> <span class='ocrx_word' id='word_1_653' title='bbox 1230 946 1239 960; x_wconf 89' lang='lat'>,</span> <span class='ocrx_word' id='word_1_654' title='bbox 1254 921 1512 974; x_wconf 71' lang='lat' dir='ltr'>Cii.Ponipejiis</span> <span class='ocrx_word' id='word_1_655' title='bbox 1524 923 1566 960; x_wconf 93' lang='lat' dir='ltr'>de</span> <span class='ocrx_word' id='word_1_656' title='bbox 1578 925 1702 973; x_wconf 88' lang='lat' dir='ltr'>scripto</span> <span class='ocrx_word' id='word_1_657' title='bbox 1716 926 1882 962; x_wconf 83' lang='lat' dir='ltr'>sententia</span> <span class='ocrx_word' id='word_1_658' title='bbox 1895 926 1986 962; x_wconf 62' lang='lat' dir='ltr'>dina</span> <span class='ocrx_word' id='word_1_659' title='bbox 1999 954 2008 968; x_wconf 91' lang='lat'>‚</span> <span class='ocrx_word' id='word_1_660' title='bbox 2025 927 2090 966; x_wconf 82' lang='lat' dir='ltr'>uni</span> 
     </span>
     <span class='ocr_line' id='line_1_81' title="bbox 1114 969 2088 1021; baseline 0.009 -18"><span class='ocrx_word' id='word_1_661' title='bbox 1114 969 1281 1021; x_wconf 80' lang='lat' dir='ltr'>Ciceroni</span> <span class='ocrx_word' id='word_1_662' title='bbox 1294 972 1410 1019; x_wconf 81' lang='lat' dir='ltr'>patriae</span> <span class='ocrx_word' id='word_1_663' title='bbox 1422 974 1633 1010; x_wconf 80' lang='lat' dir='ltr'>conservatae</span> <span class='ocrx_word' id='word_1_664' title='bbox 1643 973 1884 1011; x_wconf 82' lang='lat' dir='ltr'>testimonium</span> <span class='ocrx_word' id='word_1_665' title='bbox 1898 974 1993 1011; x_wconf 89' lang='lat' dir='ltr'>dedit</span> <span class='ocrx_word' id='word_1_666' title='bbox 2006 989 2088 1012; x_wconf 86' lang='lat' dir='ltr'>:cu-</span> 
     </span>
     <span class='ocr_line' id='line_1_82' title="bbox 1106 1020 2088 1072; baseline 0.007 -19"><span class='ocrx_word' id='word_1_667' title='bbox 1106 1030 1165 1065; x_wconf 73' lang='lat' dir='ltr'>jus</span> <span class='ocrx_word' id='word_1_668' title='bbox 1180 1020 1383 1072; x_wconf 68' lang='lat' dir='ltr'>tententiam</span> <span class='ocrx_word' id='word_1_669' title='bbox 1397 1020 1693 1071; x_wconf 85' lang='lat' dir='ltr'>frequentissimus</span> <span class='ocrx_word' id='word_1_670' title='bbox 1704 1024 1837 1060; x_wconf 64' lang='lat' dir='ltr'>senatus</span> <span class='ocrx_word' id='word_1_671' title='bbox 1850 1048 1860 1062; x_wconf 90' lang='lat'>‚</span> <span class='ocrx_word' id='word_1_672' title='bbox 1873 1037 1946 1060; x_wconf 92' lang='lat' dir='ltr'>uno</span> <span class='ocrx_word' id='word_1_673' title='bbox 1960 1025 2088 1060; x_wconf 88' lang='lat' dir='ltr'>P.Clo-</span> 
     </span>
     <span class='ocr_line' id='line_1_83' title="bbox 1113 1067 2092 1122; baseline 0.007 -21"><span class='ocrx_word' id='word_1_674' title='bbox 1113 1067 1171 1102; x_wconf 94' lang='lat' dir='ltr'>dio</span> <span class='ocrx_word' id='word_1_675' title='bbox 1185 1067 1404 1122; x_wconf 76' lang='lat' dir='ltr'>dissentiente</span> <span class='ocrx_word' id='word_1_676' title='bbox 1419 1096 1427 1112; x_wconf 92' lang='lat'>‚</span> <span class='ocrx_word' id='word_1_677' title='bbox 1452 1073 1611 1111; x_wconf 81' lang='lat' dir='ltr'>secutus,</span> <span class='ocrx_word' id='word_1_678' title='bbox 1639 1075 1688 1109; x_wconf 89' lang='lat' dir='ltr'>M·</span> <span class='ocrx_word' id='word_1_679' title='bbox 1704 1073 1865 1109; x_wconf 92' lang='lat' dir='ltr'>Tullium</span> <span class='ocrx_word' id='word_1_680' title='bbox 1890 1073 1932 1109; x_wconf 89' lang='lat' dir='ltr'>ab</span> <span class='ocrx_word' id='word_1_681' title='bbox 1955 1073 2092 1121; x_wconf 77' lang='lat' dir='ltr'>exsulio¹</span> 
     </span>
     <span class='ocr_line' id='line_1_84' title="bbox 1112 1119 2090 1170; baseline 0.008 -20"><span class='ocrx_word' id='word_1_682' title='bbox 1112 1129 1289 1154; x_wconf 89' lang='lat' dir='ltr'>revocavit</span> <span class='ocrx_word' id='word_1_683' title='bbox 1302 1144 1311 1159; x_wconf 93' lang='lat'>,</span> <span class='ocrx_word' id='word_1_684' title='bbox 1339 1119 1414 1167; x_wconf 91' lang='lat' dir='ltr'>post</span> <span class='ocrx_word' id='word_1_685' title='bbox 1426 1120 1525 1157; x_wconf 88' lang='lat' dir='ltr'>redit.</span> <span class='ocrx_word' id='word_1_686' title='bbox 1553 1122 1589 1157; x_wconf 90' lang='lat' dir='ltr'>in</span> <span class='ocrx_word' id='word_1_687' title='bbox 1602 1122 1719 1159; x_wconf 83' lang='lat' dir='ltr'>senatu</span> <span class='ocrx_word' id='word_1_688' title='bbox 1734 1146 1743 1161; x_wconf 83' lang='lat'><em>‚</em></span> <span class='ocrx_word' id='word_1_689' title='bbox 1768 1135 1830 1170; x_wconf 89' lang='lat' dir='ltr'>pro</span> <span class='ocrx_word' id='word_1_690' title='bbox 1844 1124 1964 1159; x_wconf 86' lang='lat' dir='ltr'>Sextio</span> <span class='ocrx_word' id='word_1_691' title='bbox 1979 1124 2013 1158; x_wconf 73' lang='grc' dir='ltr'>ὃ(</span> <span class='ocrx_word' id='word_1_692' title='bbox 2025 1135 2090 1170; x_wconf 88' lang='lat' dir='ltr'>pro</span> 
     </span>
     <span class='ocr_line' id='line_1_85' title="bbox 1112 1166 2088 1219; baseline 0.006 -19"><span class='ocrx_word' id='word_1_693' title='bbox 1112 1166 1201 1219; x_wconf 86' lang='lat' dir='ltr'>Milo</span> <span class='ocrx_word' id='word_1_694' title='bbox 1208 1168 1311 1204; x_wconf 87' lang='lat' dir='ltr'>ne-de</span> <span class='ocrx_word' id='word_1_695' title='bbox 1323 1168 1392 1204; x_wconf 88' lang='lat' dir='ltr'>hoc</span> <span class='ocrx_word' id='word_1_696' title='bbox 1406 1169 1481 1204; x_wconf 72' lang='lat' dir='ltr'>S-C.</span> <span class='ocrx_word' id='word_1_697' title='bbox 1495 1170 1529 1206; x_wconf 90' lang='lat' dir='ltr'>in</span> <span class='ocrx_word' id='word_1_698' title='bbox 1545 1171 1617 1207; x_wconf 88' lang='lat' dir='ltr'>aede</span> <span class='ocrx_word' id='word_1_699' title='bbox 1626 1172 1724 1219; x_wconf 88' lang='lat' dir='ltr'>Jovis</span> <span class='ocrx_word' id='word_1_700' title='bbox 1735 1174 1891 1208; x_wconf 84' lang='lat' dir='ltr'>Mariana</span> <span class='ocrx_word' id='word_1_701' title='bbox 1901 1171 2088 1209; x_wconf 68' lang='lat' dir='ltr'>fa&amp;0,Cic.</span> 
     </span>
     <span class='ocr_line' id='line_1_86' title="bbox 1109 1215 2087 1267; baseline 0.005 -17"><span class='ocrx_word' id='word_1_702' title='bbox 1109 1215 1166 1251; x_wconf 91' lang='lat' dir='ltr'>lib.</span> <span class='ocrx_word' id='word_1_703' title='bbox 1187 1216 1265 1251; x_wconf 88' lang='lat' dir='ltr'>i.de</span> <span class='ocrx_word' id='word_1_704' title='bbox 1280 1218 1435 1254; x_wconf 84' lang='lat' dir='ltr'>Divinat.</span> <span class='ocrx_word' id='word_1_705' title='bbox 1456 1220 1489 1255; x_wconf 74' lang='grc' dir='ltr'>ὃ(</span> <span class='ocrx_word' id='word_1_706' title='bbox 1503 1220 1661 1256; x_wconf 88' lang='lat' dir='ltr'>Valerius</span> <span class='ocrx_word' id='word_1_707' title='bbox 1677 1221 1735 1256; x_wconf 90' lang='lat' dir='ltr'>lib.</span> <span class='ocrx_word' id='word_1_708' title='bbox 1753 1233 1859 1267; x_wconf 86' lang='lat' dir='ltr'>i.cap.</span> <span class='ocrx_word' id='word_1_709' title='bbox 1880 1233 1909 1265; x_wconf 92' lang='lat'>7.</span> <span class='ocrx_word' id='word_1_710' title='bbox 1932 1220 2087 1256; x_wconf 85' lang='lat' dir='ltr'>Faciebat</span> 
     </span>
     <span class='ocr_line' id='line_1_87' title="bbox 1109 1264 2088 1318; baseline 0.007 -19"><span class='ocrx_word' id='word_1_711' title='bbox 1109 1264 1233 1300; x_wconf 90' lang='lat' dir='ltr'>eodem</span> <span class='ocrx_word' id='word_1_712' title='bbox 1247 1265 1302 1302; x_wconf 89' lang='lat' dir='ltr'>die</span> <span class='ocrx_word' id='word_1_713' title='bbox 1318 1266 1419 1302; x_wconf 83' lang='lat' dir='ltr'>ludos</span> <span class='ocrx_word' id='word_1_714' title='bbox 1430 1267 1466 1304; x_wconf 91' lang='lat' dir='ltr'>in</span> <span class='ocrx_word' id='word_1_715' title='bbox 1479 1268 1615 1305; x_wconf 87' lang='lat' dir='ltr'>theatro</span> <span class='ocrx_word' id='word_1_716' title='bbox 1628 1270 1770 1310; x_wconf 88' lang='lat' dir='ltr'>consul,</span> <span class='ocrx_word' id='word_1_717' title='bbox 1785 1283 1857 1318; x_wconf 91' lang='lat' dir='ltr'>quo</span> <span class='ocrx_word' id='word_1_718' title='bbox 1870 1269 2033 1318; x_wconf 76' lang='lat' dir='ltr'>cumipse</span> <span class='ocrx_word' id='word_1_719' title='bbox 2051 1272 2088 1306; x_wconf 66' lang='grc' dir='ltr'>ὃς</span> 
     </span>
     <span class='ocr_line' id='line_1_88' title="bbox 1109 1315 2089 1367; baseline 0.005 -18"><span class='ocrx_word' id='word_1_720' title='bbox 1109 1315 1278 1367; x_wconf 85' lang='lat' dir='ltr'>senatores</span> <span class='ocrx_word' id='word_1_721' title='bbox 1292 1316 1482 1364; x_wconf 60' lang='lat' dir='ltr'>spectatum</span> <span class='ocrx_word' id='word_1_722' title='bbox 1506 1318 1525 1354; x_wconf 82' lang='lat' dir='ltr'>e</span> <span class='ocrx_word' id='word_1_723' title='bbox 1550 1319 1665 1354; x_wconf 85' lang='lat' dir='ltr'>senatu</span> <span class='ocrx_word' id='word_1_724' title='bbox 1682 1318 1873 1356; x_wconf 78' lang='lat' dir='ltr'>veniffeiit‚</span> <span class='ocrx_word' id='word_1_725' title='bbox 1897 1320 1929 1354; x_wconf 86' lang='lat' dir='ltr'>S.</span> <span class='ocrx_word' id='word_1_726' title='bbox 1943 1318 1983 1354; x_wconf 89' lang='lat' dir='ltr'>C.</span> <span class='ocrx_word' id='word_1_727' title='bbox 1998 1315 2089 1354; x_wconf 82' lang='lat' dir='ltr'>illud</span> 
     </span>
     <span class='ocr_line' id='line_1_89' title="bbox 1109 1363 2086 1416; baseline 0.005 -18"><span class='ocrx_word' id='word_1_728' title='bbox 1109 1363 1151 1398; x_wconf 88' lang='lat' dir='ltr'>de</span> <span class='ocrx_word' id='word_1_729' title='bbox 1167 1363 1348 1400; x_wconf 83' lang='lat' dir='ltr'>Ciceronis</span> <span class='ocrx_word' id='word_1_730' title='bbox 1370 1366 1482 1402; x_wconf 86' lang='lat' dir='ltr'>reditu</span> <span class='ocrx_word' id='word_1_731' title='bbox 1498 1366 1633 1404; x_wconf 65' lang='lat' dir='ltr'>saelum</span> <span class='ocrx_word' id='word_1_732' title='bbox 1644 1367 1921 1416; x_wconf 88' lang='lat' dir='ltr'>frequentissimo</span> <span class='ocrx_word' id='word_1_733' title='bbox 1935 1369 2086 1409; x_wconf 81' lang='lat' dir='ltr'>theatro,</span> 
     </span>
     <span class='ocr_line' id='line_1_90' title="bbox 1110 1412 2088 1465; baseline 0.004 -18"><span class='ocrx_word' id='word_1_734' title='bbox 1110 1412 1304 1449; x_wconf 87' lang='lat' dir='ltr'>incredibili</span> <span class='ocrx_word' id='word_1_735' title='bbox 1317 1415 1470 1451; x_wconf 83' lang='lat' dir='ltr'>clamore</span> <span class='ocrx_word' id='word_1_736' title='bbox 1483 1418 1517 1452; x_wconf 74' lang='grc' dir='ltr'>δε</span> <span class='ocrx_word' id='word_1_737' title='bbox 1531 1416 1649 1465; x_wconf 79' lang='lat' dir='ltr'>plaulu</span> <span class='ocrx_word' id='word_1_738' title='bbox 1662 1417 1932 1465; x_wconf 89' lang='lat' dir='ltr'>comprobatum</span> <span class='ocrx_word' id='word_1_739' title='bbox 1948 1416 2007 1454; x_wconf 88' lang='lat' dir='ltr'>est,</span> <span class='ocrx_word' id='word_1_740' title='bbox 2023 1429 2088 1464; x_wconf 87' lang='lat' dir='ltr'>pro</span> 
     </span>
     <span class='ocr_line' id='line_1_91' title="bbox 1111 1463 2089 1504; baseline 0.002 -6"><span class='ocrx_word' id='word_1_741' title='bbox 1111 1463 1229 1499; x_wconf 88' lang='lat' dir='ltr'>Sextio</span> <span class='ocrx_word' id='word_1_742' title='bbox 1244 1489 1253 1504; x_wconf 93' lang='lat'><strong><em>,</em></strong></span> <span class='ocrx_word' id='word_1_743' title='bbox 1277 1466 1311 1500; x_wconf 86' lang='lat'>&amp;</span> <span class='ocrx_word' id='word_1_744' title='bbox 1325 1463 1384 1501; x_wconf 91' lang='lat' dir='ltr'>lib.</span> <span class='ocrx_word' id='word_1_745' title='bbox 1407 1478 1435 1501; x_wconf 88' lang='lat' dir='ltr'>i.</span> <span class='ocrx_word' id='word_1_746' title='bbox 1459 1465 1501 1501; x_wconf 89' lang='lat' dir='ltr'>de</span> <span class='ocrx_word' id='word_1_747' title='bbox 1514 1466 1669 1502; x_wconf 86' lang='lat' dir='ltr'>Divinat.</span> <span class='ocrx_word' id='word_1_748' title='bbox 1702 1465 1869 1503; x_wconf 74' lang='lat' dir='ltr'>Postridie</span> <span class='ocrx_word' id='word_1_749' title='bbox 1884 1466 1928 1502; x_wconf 89' lang='lat' dir='ltr'>de</span> <span class='ocrx_word' id='word_1_750' title='bbox 1940 1466 2089 1501; x_wconf 89' lang='lat' dir='ltr'>Cicero-</span> 
     </span>
     <span class='ocr_line' id='line_1_92' title="bbox 1111 1512 2087 1564; baseline 0.004 -18"><span class='ocrx_word' id='word_1_751' title='bbox 1111 1513 1163 1547; x_wconf 91' lang='lat' dir='ltr'>nis</span> <span class='ocrx_word' id='word_1_752' title='bbox 1175 1512 1280 1549; x_wconf 79' lang='lat' dir='ltr'>salute</span> <span class='ocrx_word' id='word_1_753' title='bbox 1293 1514 1330 1548; x_wconf 89' lang='grc' dir='ltr'>Ρ.</span> <span class='ocrx_word' id='word_1_754' title='bbox 1344 1513 1486 1550; x_wconf 88' lang='lat' dir='ltr'>Lentuli</span> <span class='ocrx_word' id='word_1_755' title='bbox 1501 1515 1653 1551; x_wconf 87' lang='lat' dir='ltr'>consulis</span> <span class='ocrx_word' id='word_1_756' title='bbox 1669 1542 1677 1556; x_wconf 91' lang='lat'>,</span> <span class='ocrx_word' id='word_1_757' title='bbox 1700 1516 1768 1551; x_wconf 89' lang='lat' dir='ltr'>Cn.</span> <span class='ocrx_word' id='word_1_758' title='bbox 1782 1515 1937 1564; x_wconf 89' lang='lat' dir='ltr'>Pompeii</span> <span class='ocrx_word' id='word_1_759' title='bbox 1950 1526 2087 1551; x_wconf 87' lang='lat' dir='ltr'>cetero-</span> 
     </span>
     <span class='ocr_line' id='line_1_93' title="bbox 1112 1563 2087 1612; baseline 0.005 -16"><span class='ocrx_word' id='word_1_760' title='bbox 1112 1574 1261 1611; x_wconf 88' lang='lat' dir='ltr'>rumque</span> <span class='ocrx_word' id='word_1_761' title='bbox 1284 1563 1483 1612; x_wconf 87' lang='lat' dir='ltr'>principum</span> <span class='ocrx_word' id='word_1_762' title='bbox 1498 1588 1508 1602; x_wconf 88' lang='lat'>,</span> <span class='ocrx_word' id='word_1_763' title='bbox 1530 1564 1568 1600; x_wconf 89' lang='lat' dir='ltr'>in</span> <span class='ocrx_word' id='word_1_764' title='bbox 1581 1565 1633 1601; x_wconf 90' lang='lat' dir='ltr'>his</span> <span class='ocrx_word' id='word_1_765' title='bbox 1647 1567 1680 1600; x_wconf 89' lang='lat' dir='ltr'>P.</span> <span class='ocrx_word' id='word_1_766' title='bbox 1694 1564 1832 1601; x_wconf 88' lang='lat' dir='ltr'>Servilii</span> <span class='ocrx_word' id='word_1_767' title='bbox 1846 1590 1855 1605; x_wconf 92' lang='lat'>,</span> <span class='ocrx_word' id='word_1_768' title='bbox 1879 1567 1914 1601; x_wconf 89' lang='lat'>&amp;</span> <span class='ocrx_word' id='word_1_769' title='bbox 1927 1566 1964 1601; x_wconf 89' lang='lat' dir='ltr'>L.</span> <span class='ocrx_word' id='word_1_770' title='bbox 1978 1563 2087 1601; x_wconf 79' lang='lat' dir='ltr'>Gellii</span> 
     </span>
     <span class='ocr_line' id='line_1_94' title="bbox 1111 1611 2087 1663; baseline 0.005 -18"><span class='ocrx_word' id='word_1_771' title='bbox 1111 1611 1344 1647; x_wconf 82' lang='lat' dir='ltr'>celeberrimae</span> <span class='ocrx_word' id='word_1_772' title='bbox 1358 1614 1392 1649; x_wconf 72' lang='grc' dir='ltr'>ὅ(</span> <span class='ocrx_word' id='word_1_773' title='bbox 1401 1613 1607 1661; x_wconf 84' lang='lat' dir='ltr'>gravisfimae</span> <span class='ocrx_word' id='word_1_774' title='bbox 1619 1615 1808 1650; x_wconf 90' lang='lat' dir='ltr'>conciones</span> <span class='ocrx_word' id='word_1_775' title='bbox 1824 1614 1967 1650; x_wconf 86' lang='lat' dir='ltr'>fuerunt</span> <span class='ocrx_word' id='word_1_776' title='bbox 1977 1638 1987 1653; x_wconf 92' lang='lat'>‚</span> <span class='ocrx_word' id='word_1_777' title='bbox 2009 1612 2087 1663; x_wconf 83' lang='lat' dir='ltr'>post</span> 
     </span>
     <span class='ocr_line' id='line_1_95' title="bbox 1112 1660 2087 1711; baseline 0.002 -16"><span class='ocrx_word' id='word_1_778' title='bbox 1112 1660 1212 1698; x_wconf 82' lang='lat' dir='ltr'>redit.</span> <span class='ocrx_word' id='word_1_779' title='bbox 1226 1661 1267 1696; x_wconf 88' lang='lat' dir='ltr'>ad</span> <span class='ocrx_word' id='word_1_780' title='bbox 1282 1662 1437 1708; x_wconf 86' lang='lat' dir='ltr'>Qirites</span> <span class='ocrx_word' id='word_1_781' title='bbox 1449 1689 1458 1704; x_wconf 89' lang='lat'><em>‚</em></span> <span class='ocrx_word' id='word_1_782' title='bbox 1485 1665 1519 1699; x_wconf 61' lang='grc' dir='ltr'>ὅς</span> <span class='ocrx_word' id='word_1_783' title='bbox 1534 1664 1572 1699; x_wconf 87' lang='lat' dir='ltr'>in</span> <span class='ocrx_word' id='word_1_784' title='bbox 1586 1663 1701 1700; x_wconf 85' lang='lat' dir='ltr'>senatu</span> <span class='ocrx_word' id='word_1_785' title='bbox 1713 1687 1722 1702; x_wconf 90' lang='lat'><strong><em>,</em></strong></span> <span class='ocrx_word' id='word_1_786' title='bbox 1737 1676 1800 1711; x_wconf 91' lang='lat' dir='ltr'>pro</span> <span class='ocrx_word' id='word_1_787' title='bbox 1813 1662 1934 1700; x_wconf 81' lang='lat' dir='ltr'>Sextio</span> <span class='ocrx_word' id='word_1_788' title='bbox 1946 1689 1955 1703; x_wconf 97' lang='lat'><em>,</em></span> <span class='ocrx_word' id='word_1_789' title='bbox 1979 1662 2017 1698; x_wconf 88' lang='lat' dir='ltr'>in</span> <span class='ocrx_word' id='word_1_790' title='bbox 2030 1662 2087 1698; x_wconf 86' lang='lat' dir='ltr'>Pi-</span> 
     </span>
     <span class='ocr_line' id='line_1_96' title="bbox 1112 1710 2088 1761; baseline 0.001 -16"><span class='ocrx_word' id='word_1_791' title='bbox 1112 1710 1240 1746; x_wconf 76' lang='lat' dir='ltr'>sonem.</span> <span class='ocrx_word' id='word_1_792' title='bbox 1271 1711 1476 1761; x_wconf 76' lang='lat' dir='ltr'>Eodemque</span> <span class='ocrx_word' id='word_1_793' title='bbox 1488 1712 1543 1748; x_wconf 91' lang='lat' dir='ltr'>die</span> <span class='ocrx_word' id='word_1_794' title='bbox 1561 1713 1741 1759; x_wconf 82' lang='lat' dir='ltr'>decretum</span> <span class='ocrx_word' id='word_1_795' title='bbox 1754 1713 1791 1748; x_wconf 90' lang='lat' dir='ltr'>in</span> <span class='ocrx_word' id='word_1_796' title='bbox 1805 1713 1913 1748; x_wconf 86' lang='lat' dir='ltr'>Curia</span> <span class='ocrx_word' id='word_1_797' title='bbox 1927 1711 2005 1753; x_wconf 75' lang='lat' dir='ltr'>luit,</span> <span class='ocrx_word' id='word_1_798' title='bbox 2020 1712 2088 1761; x_wconf 74' lang='lat' dir='ltr'>p&#39;o—</span> 
     </span>
     <span class='ocr_line' id='line_1_97' title="bbox 1113 1758 2089 1810; baseline 0.002 -16"><span class='ocrx_word' id='word_1_799' title='bbox 1113 1758 1182 1805; x_wconf 86' lang='lat' dir='ltr'>puli</span> <span class='ocrx_word' id='word_1_800' title='bbox 1196 1758 1298 1808; x_wconf 80' lang='lat' dir='ltr'>ipfius</span> <span class='ocrx_word' id='word_1_801' title='bbox 1314 1762 1420 1796; x_wconf 88' lang='lat' dir='ltr'>Rom.</span> <span class='ocrx_word' id='word_1_802' title='bbox 1432 1763 1467 1798; x_wconf 70' lang='grc' dir='ltr'>δί</span> <span class='ocrx_word' id='word_1_803' title='bbox 1479 1774 1603 1798; x_wconf 90' lang='lat' dir='ltr'>eorum</span> <span class='ocrx_word' id='word_1_804' title='bbox 1617 1788 1626 1803; x_wconf 97' lang='lat'>,</span> <span class='ocrx_word' id='word_1_805' title='bbox 1653 1763 1713 1810; x_wconf 89' lang='lat' dir='ltr'>qui</span> <span class='ocrx_word' id='word_1_806' title='bbox 1725 1775 1768 1799; x_wconf 85' lang='lat' dir='ltr'>ex</span> <span class='ocrx_word' id='word_1_807' title='bbox 1781 1761 1984 1810; x_wconf 85' lang='lat' dir='ltr'>municipiis</span> <span class='ocrx_word' id='word_1_808' title='bbox 1997 1772 2089 1796; x_wconf 90' lang='lat' dir='ltr'>con-</span> 
     </span>
     <span class='ocr_line' id='line_1_98' title="bbox 1113 1810 2088 1862; baseline 0.003 -19"><span class='ocrx_word' id='word_1_809' title='bbox 1113 1820 1280 1844; x_wconf 87' lang='lat' dir='ltr'>venerant</span> <span class='ocrx_word' id='word_1_810' title='bbox 1292 1835 1301 1850; x_wconf 89' lang='lat'>‚</span> <span class='ocrx_word' id='word_1_811' title='bbox 1315 1810 1499 1847; x_wconf 87' lang='lat' dir='ltr'>admonitu</span> <span class='ocrx_word' id='word_1_812' title='bbox 1512 1828 1523 1856; x_wconf 79' lang='lat'>3</span> <span class='ocrx_word' id='word_1_813' title='bbox 1543 1825 1587 1847; x_wconf 94' lang='lat' dir='ltr'>ne</span> <span class='ocrx_word' id='word_1_814' title='bbox 1599 1812 1674 1862; x_wconf 90' lang='lat' dir='ltr'>quis</span> <span class='ocrx_word' id='word_1_815' title='bbox 1687 1812 1730 1847; x_wconf 91' lang='lat' dir='ltr'>de</span> <span class='ocrx_word' id='word_1_816' title='bbox 1741 1812 1833 1847; x_wconf 90' lang='lat' dir='ltr'>coelo</span> <span class='ocrx_word' id='word_1_817' title='bbox 1846 1810 1993 1847; x_wconf 86' lang='lat' dir='ltr'>servaret</span> <span class='ocrx_word' id='word_1_818' title='bbox 2006 1827 2017 1854; x_wconf 75' lang='lat'>3</span> <span class='ocrx_word' id='word_1_819' title='bbox 2040 1821 2088 1846; x_wconf 85' lang='lat' dir='ltr'>ne</span> 
     </span>
     <span class='ocr_line' id='line_1_99' title="bbox 1112 1858 2083 1909; baseline 0.005 -17"><span class='ocrx_word' id='word_1_820' title='bbox 1112 1858 1188 1905; x_wconf 84' lang='lat' dir='ltr'>quis</span> <span class='ocrx_word' id='word_1_821' title='bbox 1213 1871 1352 1895; x_wconf 82' lang='lat' dir='ltr'>moram</span> <span class='ocrx_word' id='word_1_822' title='bbox 1376 1860 1481 1896; x_wconf 86' lang='lat' dir='ltr'>ullam</span> <span class='ocrx_word' id='word_1_823' title='bbox 1504 1858 1650 1898; x_wconf 79' lang='lat' dir='ltr'>afferret·</span> <span class='ocrx_word' id='word_1_824' title='bbox 1678 1860 1703 1896; x_wconf 88' lang='lat' dir='ltr'>si</span> <span class='ocrx_word' id='word_1_825' title='bbox 1725 1861 1802 1909; x_wconf 88' lang='lat' dir='ltr'>quis</span> <span class='ocrx_word' id='word_1_826' title='bbox 1822 1860 1919 1897; x_wconf 88' lang='lat' dir='ltr'>aliter</span> <span class='ocrx_word' id='word_1_827' title='bbox 1940 1859 2083 1897; x_wconf 74' lang='lat' dir='ltr'>fecisset,</span> 
     </span>
     <span class='ocr_line' id='line_1_100' title="bbox 1113 1907 2089 1959; baseline 0.003 -17"><span class='ocrx_word' id='word_1_828' title='bbox 1113 1920 1194 1943; x_wconf 76' lang='lat' dir='ltr'>eum</span> <span class='ocrx_word' id='word_1_829' title='bbox 1220 1907 1321 1956; x_wconf 77' lang='lat' dir='ltr'>plane</span> <span class='ocrx_word' id='word_1_830' title='bbox 1345 1909 1541 1946; x_wconf 85' lang='lat' dir='ltr'>eversorem</span> <span class='ocrx_word' id='word_1_831' title='bbox 1557 1912 1620 1946; x_wconf 90' lang='lat' dir='ltr'>Rei</span> <span class='ocrx_word' id='word_1_832' title='bbox 1627 1925 1654 1957; x_wconf 89' lang='lat' dir='ltr'>p.</span> <span class='ocrx_word' id='word_1_833' title='bbox 1679 1910 1756 1946; x_wconf 90' lang='lat' dir='ltr'>fore</span> <span class='ocrx_word' id='word_1_834' title='bbox 1768 1936 1777 1951; x_wconf 90' lang='lat'>‚</span> <span class='ocrx_word' id='word_1_835' title='bbox 1802 1909 1907 1959; x_wconf 91' lang='lat' dir='ltr'>idque</span> <span class='ocrx_word' id='word_1_836' title='bbox 1929 1910 2089 1945; x_wconf 87' lang='lat' dir='ltr'>senatum</span> 
     </span>
     <span class='ocr_line' id='line_1_101' title="bbox 1112 1957 2088 2006; baseline 0.001 -14"><span class='ocrx_word' id='word_1_837' title='bbox 1112 1957 1308 2004; x_wconf 73' lang='lat' dir='ltr'>gravissime</span> <span class='ocrx_word' id='word_1_838' title='bbox 1318 1958 1472 1994; x_wconf 89' lang='lat' dir='ltr'>laturum</span> <span class='ocrx_word' id='word_1_839' title='bbox 1486 1972 1493 1994; x_wconf 74' lang='grc' dir='ltr'>ε</span> <span class='ocrx_word' id='word_1_840' title='bbox 1508 1962 1542 1995; x_wconf 86' lang='lat'>&amp;</span> <span class='ocrx_word' id='word_1_841' title='bbox 1554 1971 1594 1995; x_wconf 90' lang='lat' dir='ltr'>ut</span> <span class='ocrx_word' id='word_1_842' title='bbox 1607 1959 1719 1996; x_wconf 82' lang='lat' dir='ltr'>statim</span> <span class='ocrx_word' id='word_1_843' title='bbox 1733 1960 1775 1994; x_wconf 89' lang='lat' dir='ltr'>de</span> <span class='ocrx_word' id='word_1_844' title='bbox 1787 1957 1815 2006; x_wconf 91' lang='lat' dir='ltr'>ej</span> <span class='ocrx_word' id='word_1_845' title='bbox 1822 1972 1861 1995; x_wconf 94' lang='lat' dir='ltr'>us</span> <span class='ocrx_word' id='word_1_846' title='bbox 1872 1958 1964 1994; x_wconf 58' lang='lat' dir='ltr'>facto</span> <span class='ocrx_word' id='word_1_847' title='bbox 1977 1957 2088 1994; x_wconf 89' lang='lat' dir='ltr'>refer-</span> 
     </span>
     <span class='ocr_line' id='line_1_102' title="bbox 1114 2006 2086 2054; baseline 0.002 -14"><span class='ocrx_word' id='word_1_848' title='bbox 1114 2016 1219 2046; x_wconf 92' lang='lat' dir='ltr'>retur,</span> <span class='ocrx_word' id='word_1_849' title='bbox 1232 2006 1363 2050; x_wconf 83' lang='lat' dir='ltr'>addidit</span> <span class='ocrx_word' id='word_1_850' title='bbox 1375 2007 1480 2043; x_wconf 88' lang='lat' dir='ltr'>etiam</span> <span class='ocrx_word' id='word_1_851' title='bbox 1494 2009 1630 2043; x_wconf 87' lang='lat' dir='ltr'>senatus</span> <span class='ocrx_word' id='word_1_852' title='bbox 1643 2008 1730 2043; x_wconf 89' lang='lat' dir='ltr'>illud</span> <span class='ocrx_word' id='word_1_853' title='bbox 1745 2021 1752 2043; x_wconf 92' lang='lat'>:</span> <span class='ocrx_word' id='word_1_854' title='bbox 1767 2006 1830 2043; x_wconf 73' lang='lat' dir='ltr'>nisi</span> <span class='ocrx_word' id='word_1_855' title='bbox 1843 2006 1966 2042; x_wconf 77' lang='lat' dir='ltr'>diebus</span> <span class='ocrx_word' id='word_1_856' title='bbox 1979 2019 2086 2054; x_wconf 88' lang='lat' dir='ltr'>quin-</span> 
     </span>
     <span class='ocr_line' id='line_1_103' title="bbox 1112 2054 2087 2104; baseline 0.003 -16"><span class='ocrx_word' id='word_1_857' title='bbox 1112 2066 1180 2101; x_wconf 86' lang='lat' dir='ltr'>que</span> <span class='ocrx_word' id='word_1_858' title='bbox 1190 2077 1201 2091; x_wconf 91' lang='lat'><strong>,</strong></span> <span class='ocrx_word' id='word_1_859' title='bbox 1214 2054 1340 2102; x_wconf 87' lang='lat' dir='ltr'>quibus</span> <span class='ocrx_word' id='word_1_860' title='bbox 1352 2055 1407 2102; x_wconf 86' lang='lat' dir='ltr'>agi</span> <span class='ocrx_word' id='word_1_861' title='bbox 1419 2055 1462 2090; x_wconf 89' lang='lat' dir='ltr'>de</span> <span class='ocrx_word' id='word_1_862' title='bbox 1478 2055 1651 2091; x_wconf 89' lang='lat' dir='ltr'>Cicerone</span> <span class='ocrx_word' id='word_1_863' title='bbox 1663 2055 1826 2104; x_wconf 77' lang='lat' dir='ltr'>potuisset</span> <span class='ocrx_word' id='word_1_864' title='bbox 1838 2081 1847 2095; x_wconf 87' lang='lat'><strong>,</strong></span> <span class='ocrx_word' id='word_1_865' title='bbox 1862 2055 1944 2090; x_wconf 85' lang='lat' dir='ltr'>ess&#39;et</span> <span class='ocrx_word' id='word_1_866' title='bbox 1955 2056 2087 2097; x_wconf 65' lang='lat' dir='ltr'>aetum,</span> 
     </span>
     <span class='ocr_line' id='line_1_104' title="bbox 1111 2101 2087 2151; baseline 0.004 -16"><span class='ocrx_word' id='word_1_867' title='bbox 1111 2101 1239 2137; x_wconf 77' lang='lat' dir='ltr'>rediret</span> <span class='ocrx_word' id='word_1_868' title='bbox 1260 2102 1297 2136; x_wconf 89' lang='lat' dir='ltr'>in</span> <span class='ocrx_word' id='word_1_869' title='bbox 1322 2103 1466 2149; x_wconf 88' lang='lat' dir='ltr'>pati-iam</span> <span class='ocrx_word' id='word_1_870' title='bbox 1492 2104 1661 2151; x_wconf 87' lang='lat' dir='ltr'>dignitate</span> <span class='ocrx_word' id='word_1_871' title='bbox 1673 2105 1772 2139; x_wconf 90' lang='lat' dir='ltr'>omni</span> <span class='ocrx_word' id='word_1_872' title='bbox 1786 2114 1996 2150; x_wconf 83' lang='lat' dir='ltr'>recuperata.</span> <span class='ocrx_word' id='word_1_873' title='bbox 2024 2104 2087 2140; x_wconf 59' lang='lat' dir='ltr'>de-‘</span> 
     </span>
     <span class='ocr_line' id='line_1_105' title="bbox 1110 2148 2090 2202; baseline 0.006 -19"><span class='ocrx_word' id='word_1_874' title='bbox 1110 2148 1222 2201; x_wconf 67' lang='lat' dir='ltr'>creyit</span> <span class='ocrx_word' id='word_1_875' title='bbox 1245 2149 1368 2185; x_wconf 89' lang='lat' dir='ltr'>eodem</span> <span class='ocrx_word' id='word_1_876' title='bbox 1391 2161 1551 2198; x_wconf 89' lang='lat' dir='ltr'>tempore</span> <span class='ocrx_word' id='word_1_877' title='bbox 1568 2152 1701 2188; x_wconf 86' lang='lat' dir='ltr'>senatus</span> <span class='ocrx_word' id='word_1_878' title='bbox 1712 2177 1722 2191; x_wconf 90' lang='lat'>‚</span> <span class='ocrx_word' id='word_1_879' title='bbox 1746 2163 1786 2188; x_wconf 90' lang='lat' dir='ltr'>ut</span> <span class='ocrx_word' id='word_1_880' title='bbox 1798 2153 1837 2188; x_wconf 88' lang='lat' dir='ltr'>iis</span> <span class='ocrx_word' id='word_1_881' title='bbox 1848 2176 1859 2191; x_wconf 85' lang='lat'>‚</span> <span class='ocrx_word' id='word_1_882' title='bbox 1883 2152 1943 2202; x_wconf 87' lang='lat' dir='ltr'>qui</span> <span class='ocrx_word' id='word_1_883' title='bbox 1959 2164 2001 2188; x_wconf 85' lang='lat' dir='ltr'>ex</span> <span class='ocrx_word' id='word_1_884' title='bbox 2014 2163 2090 2189; x_wconf 74' lang='lat' dir='ltr'>tota</span> 
     </span>
     <span class='ocr_line' id='line_1_106' title="bbox 1111 2196 2086 2250; baseline 0.006 -19"><span class='ocrx_word' id='word_1_885' title='bbox 1111 2196 1206 2250; x_wconf 79' lang='lat' dir='ltr'>Italia</span> <span class='ocrx_word' id='word_1_886' title='bbox 1218 2197 1331 2233; x_wconf 87' lang='lat' dir='ltr'>salutis</span> <span class='ocrx_word' id='word_1_887' title='bbox 1342 2200 1507 2236; x_wconf 89' lang='lat' dir='ltr'>M.Tullii</span> <span class='ocrx_word' id='word_1_888' title='bbox 1519 2201 1617 2237; x_wconf 79' lang='lat' dir='ltr'>caula</span> <span class='ocrx_word' id='word_1_889' title='bbox 1628 2212 1883 2240; x_wconf 86' lang='lat' dir='ltr'>convenerant,</span> <span class='ocrx_word' id='word_1_890' title='bbox 1898 2212 2086 2250; x_wconf 83' lang='lat' dir='ltr'>agerentur</span> 
     </span>
     <span class='ocr_line' id='line_1_107' title="bbox 1108 2249 2087 2296; baseline 0.006 -15"><span class='ocrx_word' id='word_1_891' title='bbox 1108 2256 1225 2293; x_wconf 80' lang='lat' dir='ltr'>gratiae</span> <span class='ocrx_word' id='word_1_892' title='bbox 1238 2270 1248 2285; x_wconf 83' lang='lat'>‚</span> <span class='ocrx_word' id='word_1_893' title='bbox 1272 2257 1375 2296; x_wconf 86' lang='lat' dir='ltr'>atque</span> <span class='ocrx_word' id='word_1_894' title='bbox 1391 2259 1430 2285; x_wconf 91' lang='lat' dir='ltr'>ut</span> <span class='ocrx_word' id='word_1_895' title='bbox 1443 2249 1550 2286; x_wconf 88' lang='lat' dir='ltr'>iidem</span> <span class='ocrx_word' id='word_1_896' title='bbox 1573 2250 1614 2286; x_wconf 90' lang='lat' dir='ltr'>ad</span> <span class='ocrx_word' id='word_1_897' title='bbox 1635 2263 1688 2287; x_wconf 89' lang='lat' dir='ltr'>res</span> <span class='ocrx_word' id='word_1_898' title='bbox 1703 2251 1888 2287; x_wconf 89' lang='lat' dir='ltr'>redeuntes</span> <span class='ocrx_word' id='word_1_899' title='bbox 1901 2277 1909 2291; x_wconf 95' lang='lat'>,</span> <span class='ocrx_word' id='word_1_900' title='bbox 1934 2262 1973 2286; x_wconf 90' lang='lat' dir='ltr'>ut</span> <span class='ocrx_word' id='word_1_901' title='bbox 1987 2251 2087 2287; x_wconf 84' lang='lat' dir='ltr'>veni·</span> 
     </span>
     <span class='ocr_line' id='line_1_108' title="bbox 1108 2299 2087 2349; baseline 0.011 -20"><span class='ocrx_word' id='word_1_902' title='bbox 1108 2306 1186 2349; x_wconf 83' lang='lat' dir='ltr'>rent</span> <span class='ocrx_word' id='word_1_903' title='bbox 1197 2319 1208 2334; x_wconf 90' lang='lat'><em>,</em></span> <span class='ocrx_word' id='word_1_904' title='bbox 1232 2308 1443 2349; x_wconf 82' lang='lat' dir='ltr'>rogarentur</span> <span class='ocrx_word' id='word_1_905' title='bbox 1455 2323 1465 2337; x_wconf 92' lang='lat'>‚</span> <span class='ocrx_word' id='word_1_906' title='bbox 1489 2312 1553 2348; x_wconf 91' lang='lat' dir='ltr'>pro</span> <span class='ocrx_word' id='word_1_907' title='bbox 1566 2300 1687 2336; x_wconf 85' lang='lat' dir='ltr'>Sextio</span> <span class='ocrx_word' id='word_1_908' title='bbox 1702 2324 1712 2339; x_wconf 89' lang='lat'>,</span> <span class='ocrx_word' id='word_1_909' title='bbox 1736 2299 1812 2349; x_wconf 87' lang='lat' dir='ltr'>post</span> <span class='ocrx_word' id='word_1_910' title='bbox 1823 2299 1894 2337; x_wconf 90' lang='lat' dir='ltr'>red.</span> <span class='ocrx_word' id='word_1_911' title='bbox 1906 2299 1944 2335; x_wconf 86' lang='lat' dir='ltr'>in</span> <span class='ocrx_word' id='word_1_912' title='bbox 1957 2300 2087 2340; x_wconf 65' lang='lat' dir='ltr'>senatm</span> 
     </span>
     <span class='ocr_line' id='line_1_109' title="bbox 1107 2344 2086 2397; baseline 0.007 -19"><span class='ocrx_word' id='word_1_913' title='bbox 1107 2346 1140 2380; x_wconf 66' lang='grc' dir='ltr'>ὃς</span> <span class='ocrx_word' id='word_1_914' title='bbox 1151 2357 1190 2380; x_wconf 88' lang='lat' dir='ltr'>in</span> <span class='ocrx_word' id='word_1_915' title='bbox 1206 2344 1375 2382; x_wconf 80' lang='lat' dir='ltr'>Pisonem.</span> <span class='ocrx_word' id='word_1_916' title='bbox 1404 2350 1536 2396; x_wconf 85' lang='lat' dir='ltr'>Legem</span> <span class='ocrx_word' id='word_1_917' title='bbox 1559 2348 1685 2393; x_wconf 80' lang='lat' dir='ltr'>deinde</span> <span class='ocrx_word' id='word_1_918' title='bbox 1707 2362 1840 2392; x_wconf 19' lang='lat' dir='ltr'>omnes&gt;</span> <span class='ocrx_word' id='word_1_919' title='bbox 1855 2348 2086 2397; x_wconf 77' lang='lat' dir='ltr'>magistratus,</span> 
     </span>
     <span class='ocr_line' id='line_1_110' title="bbox 1107 2395 2083 2448; baseline 0.008 -20"><span class='ocrx_word' id='word_1_920' title='bbox 1107 2404 1230 2440; x_wconf 85' lang='lat' dir='ltr'>praeter</span> <span class='ocrx_word' id='word_1_921' title='bbox 1241 2395 1396 2443; x_wconf 86' lang='lat' dir='ltr'>Appium</span> <span class='ocrx_word' id='word_1_922' title='bbox 1417 2408 1605 2445; x_wconf 78' lang='lat' dir='ltr'>praetorem</span> <span class='ocrx_word' id='word_1_923' title='bbox 1617 2424 1627 2440; x_wconf 91' lang='lat'>,</span> <span class='ocrx_word' id='word_1_924' title='bbox 1651 2398 1806 2448; x_wconf 90' lang='lat' dir='ltr'>duosque</span> <span class='ocrx_word' id='word_1_925' title='bbox 1818 2399 1979 2435; x_wconf 89' lang='lat' dir='ltr'>tribunos</span> <span class='ocrx_word' id='word_1_926' title='bbox 1992 2399 2083 2447; x_wconf 87' lang='lat' dir='ltr'>pleb.</span> 
     </span>
     <span class='ocr_line' id='line_1_111' title="bbox 1107 2443 2084 2496; baseline 0.004 -17"><span class='ocrx_word' id='word_1_927' title='bbox 1107 2445 1152 2479; x_wconf 93' lang='lat' dir='ltr'>N.</span> <span class='ocrx_word' id='word_1_928' title='bbox 1167 2443 1358 2491; x_wconf 83' lang='lat' dir='ltr'>Qiintium</span> <span class='ocrx_word' id='word_1_929' title='bbox 1370 2447 1405 2481; x_wconf 88' lang='lat'>&amp;</span> <span class='ocrx_word' id='word_1_930' title='bbox 1419 2447 1497 2483; x_wconf 84' lang='lat' dir='ltr'>Sex.</span> <span class='ocrx_word' id='word_1_931' title='bbox 1508 2447 1656 2484; x_wconf 88' lang='lat' dir='ltr'>Atilium</span> <span class='ocrx_word' id='word_1_932' title='bbox 1672 2474 1682 2489; x_wconf 93' lang='lat'>‚</span> <span class='ocrx_word' id='word_1_933' title='bbox 1708 2461 1751 2485; x_wconf 85' lang='lat' dir='ltr'>ex</span> <span class='ocrx_word' id='word_1_934' title='bbox 1768 2449 1800 2483; x_wconf 90' lang='lat' dir='ltr'>S.</span> <span class='ocrx_word' id='word_1_935' title='bbox 1817 2448 1859 2483; x_wconf 92' lang='lat' dir='ltr'>C.</span> <span class='ocrx_word' id='word_1_936' title='bbox 1874 2447 2084 2496; x_wconf 87' lang='lat' dir='ltr'>promulga-</span> 
     </span>
     <span class='ocr_line' id='line_1_112' title="bbox 1105 2493 2081 2545; baseline 0.006 -18"><span class='ocrx_word' id='word_1_937' title='bbox 1105 2503 1188 2528; x_wconf 89' lang='lat' dir='ltr'>runt</span> <span class='ocrx_word' id='word_1_938' title='bbox 1200 2515 1209 2529; x_wconf 85' lang='lat'><em>,</em></span> <span class='ocrx_word' id='word_1_939' title='bbox 1221 2494 1257 2528; x_wconf 91' lang='lat' dir='ltr'>in</span> <span class='ocrx_word' id='word_1_940' title='bbox 1268 2493 1438 2531; x_wconf 85' lang='lat' dir='ltr'>Pisonem·</span> <span class='ocrx_word' id='word_1_941' title='bbox 1465 2495 1561 2532; x_wconf 69' lang='lat' dir='ltr'>Cum</span> <span class='ocrx_word' id='word_1_942' title='bbox 1573 2497 1722 2533; x_wconf 85' lang='lat' dir='ltr'>ferendae</span> <span class='ocrx_word' id='word_1_943' title='bbox 1735 2496 1818 2545; x_wconf 79' lang='lat' dir='ltr'>legis</span> <span class='ocrx_word' id='word_1_944' title='bbox 1831 2495 1903 2533; x_wconf 87' lang='lat' dir='ltr'>dies</span> <span class='ocrx_word' id='word_1_945' title='bbox 1913 2520 1922 2534; x_wconf 87' lang='lat'>‚</span> <span class='ocrx_word' id='word_1_946' title='bbox 1937 2495 1998 2545; x_wconf 87' lang='lat' dir='ltr'>qui</span> <span class='ocrx_word' id='word_1_947' title='bbox 2012 2496 2081 2533; x_wconf 84' lang='lat' dir='ltr'>fuit</span> 
     </span>
     <span class='ocr_line' id='line_1_113' title="bbox 1105 2541 2083 2594; baseline 0.005 -17"><span class='ocrx_word' id='word_1_948' title='bbox 1105 2541 1212 2594; x_wconf 82' lang='lat' dir='ltr'>pridie</span> <span class='ocrx_word' id='word_1_949' title='bbox 1227 2543 1325 2579; x_wconf 88' lang='lat' dir='ltr'>Non.</span> <span class='ocrx_word' id='word_1_950' title='bbox 1351 2544 1473 2581; x_wconf 85' lang='lat' dir='ltr'>Sextil.</span> <span class='ocrx_word' id='word_1_951' title='bbox 1500 2545 1644 2582; x_wconf 80' lang='lat' dir='ltr'>veniffet</span> <span class='ocrx_word' id='word_1_952' title='bbox 1654 2572 1663 2588; x_wconf 92' lang='lat'><strong>,</strong></span> <span class='ocrx_word' id='word_1_953' title='bbox 1693 2547 1727 2583; x_wconf 73' lang='grc' dir='ltr'>δε</span> <span class='ocrx_word' id='word_1_954' title='bbox 1751 2546 1921 2582; x_wconf 87' lang='lat' dir='ltr'>Lentulus</span> <span class='ocrx_word' id='word_1_955' title='bbox 1947 2546 2083 2587; x_wconf 88' lang='lat' dir='ltr'>consul,</span> 
     </span>
     <span class='ocr_line' id='line_1_114' title="bbox 1103 2591 2082 2645; baseline 0.007 -21"><span class='ocrx_word' id='word_1_956' title='bbox 1103 2591 1271 2645; x_wconf 77' lang='lat' dir='ltr'>idemque</span> <span class='ocrx_word' id='word_1_957' title='bbox 1294 2591 1384 2629; x_wconf 85' lang='lat' dir='ltr'>lator</span> <span class='ocrx_word' id='word_1_958' title='bbox 1405 2592 1489 2642; x_wconf 86' lang='lat' dir='ltr'>legis</span> <span class='ocrx_word' id='word_1_959' title='bbox 1514 2595 1657 2631; x_wconf 86' lang='lat' dir='ltr'>comitia</span> <span class='ocrx_word' id='word_1_960' title='bbox 1681 2595 1874 2632; x_wconf 86' lang='lat' dir='ltr'>centuriata</span> <span class='ocrx_word' id='word_1_961' title='bbox 1898 2595 1935 2631; x_wconf 85' lang='lat' dir='ltr'>in</span> <span class='ocrx_word' id='word_1_962' title='bbox 1957 2607 2082 2644; x_wconf 88' lang='lat' dir='ltr'>campo</span> 
     </span>
     <span class='ocr_line' id='line_1_115' title="bbox 1107 2641 2084 2692; baseline 0.004 -16"><span class='ocrx_word' id='word_1_963' title='bbox 1107 2642 1235 2676; x_wconf 86' lang='lat' dir='ltr'>Martio</span> <span class='ocrx_word' id='word_1_964' title='bbox 1261 2641 1402 2678; x_wconf 85' lang='lat' dir='ltr'>haberet</span> <span class='ocrx_word' id='word_1_965' title='bbox 1416 2666 1426 2683; x_wconf 81' lang='lat'>‚</span> <span class='ocrx_word' id='word_1_966' title='bbox 1455 2644 1489 2679; x_wconf 86' lang='lat' dir='ltr'>P.</span> <span class='ocrx_word' id='word_1_967' title='bbox 1507 2643 1655 2680; x_wconf 90' lang='lat' dir='ltr'>Clodius</span> <span class='ocrx_word' id='word_1_968' title='bbox 1666 2644 1779 2692; x_wconf 86' lang='lat' dir='ltr'>legem</span> <span class='ocrx_word' id='word_1_969' title='bbox 1791 2643 1834 2680; x_wconf 90' lang='lat' dir='ltr'>de</span> <span class='ocrx_word' id='word_1_970' title='bbox 1845 2656 1945 2680; x_wconf 90' lang='lat' dir='ltr'>more</span> <span class='ocrx_word' id='word_1_971' title='bbox 1956 2643 2084 2680; x_wconf 83' lang='lat' dir='ltr'>diffua-</span> 
     </span>
     <span class='ocr_line' id='line_1_116' title="bbox 1107 2688 2085 2742; baseline 0.004 -18"><span class='ocrx_word' id='word_1_972' title='bbox 1107 2688 1146 2725; x_wconf 82' lang='lat' dir='ltr'>fit</span> <span class='ocrx_word' id='word_1_973' title='bbox 1158 2713 1168 2728; x_wconf 94' lang='lat'>‚</span> <span class='ocrx_word' id='word_1_974' title='bbox 1193 2689 1290 2738; x_wconf 83' lang='lat' dir='ltr'>quod</span> <span class='ocrx_word' id='word_1_975' title='bbox 1300 2691 1368 2727; x_wconf 88' lang='lat' dir='ltr'>Dio</span> <span class='ocrx_word' id='word_1_976' title='bbox 1378 2691 1469 2728; x_wconf 85' lang='lat' dir='ltr'>libro</span> <span class='ocrx_word' id='word_1_977' title='bbox 1485 2705 1499 2737; x_wconf 85' lang='lat'><em>3</em></span> <span class='ocrx_word' id='word_1_978' title='bbox 1505 2704 1538 2737; x_wconf 81' lang='lat'>9-</span> <span class='ocrx_word' id='word_1_979' title='bbox 1550 2692 1653 2740; x_wconf 71' lang='lat' dir='ltr'>plane</span> <span class='ocrx_word' id='word_1_980' title='bbox 1667 2693 1782 2730; x_wconf 76' lang='lat' dir='ltr'>scribit</span> <span class='ocrx_word' id='word_1_981' title='bbox 1795 2720 1805 2734; x_wconf 90' lang='lat'><em>‚</em></span> <span class='ocrx_word' id='word_1_982' title='bbox 1830 2695 1865 2730; x_wconf 90' lang='lat'>&amp;</span> <span class='ocrx_word' id='word_1_983' title='bbox 1879 2693 2004 2730; x_wconf 89' lang='lat' dir='ltr'>Cicero</span> <span class='ocrx_word' id='word_1_984' title='bbox 2019 2705 2085 2742; x_wconf 86' lang='lat' dir='ltr'>pro</span> 
     </span>
     <span class='ocr_line' id='line_1_117' title="bbox 1106 2738 2083 2792; baseline 0.005 -19"><span class='ocrx_word' id='word_1_985' title='bbox 1106 2738 1216 2774; x_wconf 87' lang='lat' dir='ltr'>domo</span> <span class='ocrx_word' id='word_1_986' title='bbox 1235 2740 1286 2792; x_wconf 29' lang='lat' dir='ltr'>*ita</span> <span class='ocrx_word' id='word_1_987' title='bbox 1312 2738 1482 2789; x_wconf 81' lang='lat' dir='ltr'>significat</span> <span class='ocrx_word' id='word_1_988' title='bbox 1502 2764 1514 2779; x_wconf 78' lang='lat'>‚</span> <span class='ocrx_word' id='word_1_989' title='bbox 1539 2741 1598 2778; x_wconf 81' lang='lat' dir='ltr'>illa</span> <span class='ocrx_word' id='word_1_990' title='bbox 1619 2742 1688 2779; x_wconf 88' lang='lat' dir='ltr'>fuit</span> <span class='ocrx_word' id='word_1_991' title='bbox 1709 2742 1936 2791; x_wconf 87' lang='lat' dir='ltr'>pulchritudo</span> <span class='ocrx_word' id='word_1_992' title='bbox 1962 2740 2083 2791; x_wconf 90' lang='lat' dir='ltr'>populi</span> 
     </span>
     <span class='ocr_line' id='line_1_118' title="bbox 1107 2788 2082 2840; baseline 0.004 -17"><span class='ocrx_word' id='word_1_993' title='bbox 1107 2789 1217 2824; x_wconf 86' lang='lat' dir='ltr'>Rom.</span> <span class='ocrx_word' id='word_1_994' title='bbox 1231 2788 1289 2824; x_wconf 82' lang='lat' dir='ltr'>illa</span> <span class='ocrx_word' id='word_1_995' title='bbox 1300 2788 1415 2826; x_wconf 85' lang='lat' dir='ltr'>forma</span> <span class='ocrx_word' id='word_1_996' title='bbox 1426 2814 1436 2829; x_wconf 84' lang='grc'>,</span> <span class='ocrx_word' id='word_1_997' title='bbox 1449 2803 1555 2840; x_wconf 87' lang='lat' dir='ltr'>quam</span> <span class='ocrx_word' id='word_1_998' title='bbox 1569 2790 1605 2828; x_wconf 90' lang='lat' dir='ltr'>in</span> <span class='ocrx_word' id='word_1_999' title='bbox 1618 2804 1742 2840; x_wconf 80' lang='lat' dir='ltr'>campo</span> <span class='ocrx_word' id='word_1_1000' title='bbox 1756 2790 1870 2828; x_wconf 84' lang='lat' dir='ltr'>vidisti</span> <span class='ocrx_word' id='word_1_1001' title='bbox 1881 2804 1959 2828; x_wconf 90' lang='lat' dir='ltr'>tum</span> <span class='ocrx_word' id='word_1_1002' title='bbox 1973 2818 1982 2831; x_wconf 95' lang='lat'>,</span> <span class='ocrx_word' id='word_1_1003' title='bbox 1997 2803 2082 2827; x_wconf 87' lang='lat' dir='ltr'>cum</span> 
     </span>
     <span class='ocr_line' id='line_1_119' title="bbox 1107 2837 2082 2889; baseline 0.003 -17"><span class='ocrx_word' id='word_1_1004' title='bbox 1107 2837 1214 2873; x_wconf 88' lang='lat' dir='ltr'>etiam</span> <span class='ocrx_word' id='word_1_1005' title='bbox 1239 2838 1304 2873; x_wconf 92' lang='lat' dir='ltr'>tibi</span> <span class='ocrx_word' id='word_1_1006' title='bbox 1328 2850 1450 2875; x_wconf 87' lang='lat' dir='ltr'>contra</span> <span class='ocrx_word' id='word_1_1007' title='bbox 1468 2841 1602 2877; x_wconf 85' lang='lat' dir='ltr'>senatus</span> <span class='ocrx_word' id='word_1_1008' title='bbox 1617 2841 1794 2889; x_wconf 81' lang='lat' dir='ltr'>totiusque</span> <span class='ocrx_word' id='word_1_1009' title='bbox 1808 2841 1913 2877; x_wconf 86' lang='lat' dir='ltr'>Italiae</span> <span class='ocrx_word' id='word_1_1010' title='bbox 1926 2840 2082 2876; x_wconf 63' lang='lat' dir='ltr'>auetori-</span> 
     </span>
     <span class='ocr_line' id='line_1_120' title="bbox 1106 2886 2083 2939; baseline 0.004 -18"><span class='ocrx_word' id='word_1_1011' title='bbox 1106 2896 1213 2922; x_wconf 87' lang='lat' dir='ltr'>tatem</span> <span class='ocrx_word' id='word_1_1012' title='bbox 1224 2888 1258 2923; x_wconf 70' lang='grc' dir='ltr'>ὃ(</span> <span class='ocrx_word' id='word_1_1013' title='bbox 1270 2886 1424 2924; x_wconf 88' lang='lat' dir='ltr'>studium</span> <span class='ocrx_word' id='word_1_1014' title='bbox 1435 2888 1577 2926; x_wconf 84' lang='lat' dir='ltr'>dicendi</span> <span class='ocrx_word' id='word_1_1015' title='bbox 1589 2890 1737 2939; x_wconf 84' lang='lat' dir='ltr'>potestas</span> <span class='ocrx_word' id='word_1_1016' title='bbox 1748 2889 1824 2926; x_wconf 85' lang='lat' dir='ltr'>fuit.</span> <span class='ocrx_word' id='word_1_1017' title='bbox 1851 2892 1885 2927; x_wconf 72' lang='grc' dir='ltr'>δε</span> <span class='ocrx_word' id='word_1_1018' title='bbox 1898 2890 1934 2925; x_wconf 91' lang='lat' dir='ltr'>in</span> <span class='ocrx_word' id='word_1_1019' title='bbox 1947 2889 2083 2925; x_wconf 81' lang='lat' dir='ltr'>Sextia-</span> 
     </span>
     <span class='ocr_line' id='line_1_121' title="bbox 1109 2935 2084 2986; baseline 0.006 -15"><span class='ocrx_word' id='word_1_1020' title='bbox 1109 2948 1174 2971; x_wconf 86' lang='lat' dir='ltr'>na:</span> <span class='ocrx_word' id='word_1_1021' title='bbox 1201 2936 1300 2972; x_wconf 89' lang='lat' dir='ltr'>Cedo</span> <span class='ocrx_word' id='word_1_1022' title='bbox 1318 2949 1414 2973; x_wconf 90' lang='lat' dir='ltr'>nunc</span> <span class='ocrx_word' id='word_1_1023' title='bbox 1437 2935 1591 2986; x_wconf 84' lang='lat' dir='ltr'>ejusdem</span> <span class='ocrx_word' id='word_1_1024' title='bbox 1611 2939 1704 2976; x_wconf 89' lang='lat' dir='ltr'>illius</span> <span class='ocrx_word' id='word_1_1025' title='bbox 1724 2939 1860 2975; x_wconf 86' lang='lat' dir='ltr'>inimici</span> <span class='ocrx_word' id='word_1_1026' title='bbox 1875 2939 1942 2975; x_wconf 88' lang='lat' dir='ltr'>mei</span> <span class='ocrx_word' id='word_1_1027' title='bbox 1956 2939 2000 2974; x_wconf 90' lang='lat' dir='ltr'>de</span> <span class='ocrx_word' id='word_1_1028' title='bbox 2014 2950 2084 2977; x_wconf 71' lang='lat' dir='ltr'>me,</span> 
     </span>
     <span class='ocr_line' id='line_1_122' title="bbox 1108 2984 2082 3038; baseline 0.003 -19"><span class='ocrx_word' id='word_1_1029' title='bbox 1108 2985 1235 3022; x_wconf 87' lang='lat' dir='ltr'>eodem</span> <span class='ocrx_word' id='word_1_1030' title='bbox 1259 2984 1302 3021; x_wconf 87' lang='lat' dir='ltr'>ad</span> <span class='ocrx_word' id='word_1_1031' title='bbox 1324 2997 1452 3023; x_wconf 87' lang='lat' dir='ltr'>verum</span> <span class='ocrx_word' id='word_1_1032' title='bbox 1475 2988 1646 3038; x_wconf 86' lang='lat' dir='ltr'>populum</span> <span class='ocrx_word' id='word_1_1033' title='bbox 1664 2989 1701 3025; x_wconf 91' lang='lat' dir='ltr'>in</span> <span class='ocrx_word' id='word_1_1034' title='bbox 1711 3000 1835 3036; x_wconf 88' lang='lat' dir='ltr'>campo</span> <span class='ocrx_word' id='word_1_1035' title='bbox 1852 2988 1981 3025; x_wconf 87' lang='lat' dir='ltr'>Martio</span> <span class='ocrx_word' id='word_1_1036' title='bbox 1993 2999 2082 3022; x_wconf 86' lang='lat' dir='ltr'>con·</span> 
     </span>
     <span class='ocr_line' id='line_1_123' title="bbox 1108 3034 2084 3085; baseline 0.003 -17"><span class='ocrx_word' id='word_1_1037' title='bbox 1108 3034 1263 3070; x_wconf 85' lang='lat' dir='ltr'>cionem.</span> <span class='ocrx_word' id='word_1_1038' title='bbox 1295 3034 1429 3072; x_wconf 72' lang='lat' dir='ltr'>Verum</span> <span class='ocrx_word' id='word_1_1039' title='bbox 1442 3059 1452 3074; x_wconf 86' lang='lat'>‚</span> <span class='ocrx_word' id='word_1_1040' title='bbox 1476 3037 1561 3074; x_wconf 74' lang='lat' dir='ltr'>cum</span> <span class='ocrx_word' id='word_1_1041' title='bbox 1573 3039 1607 3074; x_wconf 85' lang='lat'>&amp;</span> <span class='ocrx_word' id='word_1_1042' title='bbox 1618 3037 1674 3073; x_wconf 86' lang='lat' dir='ltr'>alii</span> <span class='ocrx_word' id='word_1_1043' title='bbox 1689 3063 1699 3078; x_wconf 88' lang='lat'>‚</span> <span class='ocrx_word' id='word_1_1044' title='bbox 1720 3039 1755 3074; x_wconf 70' lang='grc' dir='ltr'>ἃ.</span> <span class='ocrx_word' id='word_1_1045' title='bbox 1768 3039 1952 3085; x_wconf 75' lang='lat' dir='ltr'>Pompejus</span> <span class='ocrx_word' id='word_1_1046' title='bbox 1964 3037 2001 3071; x_wconf 91' lang='lat' dir='ltr'>in</span> <span class='ocrx_word' id='word_1_1047' title='bbox 2014 3034 2084 3083; x_wconf 81' lang='lat' dir='ltr'>pri-</span> 
     </span>
     <span class='ocr_line' id='line_1_124' title="bbox 1111 3083 2081 3135; baseline 0.001 -17"><span class='ocrx_word' id='word_1_1048' title='bbox 1111 3083 1176 3119; x_wconf 89' lang='lat' dir='ltr'>mis</span> <span class='ocrx_word' id='word_1_1049' title='bbox 1189 3083 1303 3130; x_wconf 84' lang='lat' dir='ltr'>legem</span> <span class='ocrx_word' id='word_1_1050' title='bbox 1317 3084 1484 3126; x_wconf 68' lang='lat' dir='ltr'>luaderet,</span> <span class='ocrx_word' id='word_1_1051' title='bbox 1498 3097 1537 3123; x_wconf 92' lang='lat' dir='ltr'>ut</span> <span class='ocrx_word' id='word_1_1052' title='bbox 1553 3086 1620 3122; x_wconf 85' lang='lat' dir='ltr'>Dio</span> <span class='ocrx_word' id='word_1_1053' title='bbox 1631 3086 1746 3124; x_wconf 87' lang='lat' dir='ltr'>scribit</span> <span class='ocrx_word' id='word_1_1054' title='bbox 1758 3111 1768 3126; x_wconf 85' lang='lat'><em>‚</em></span> <span class='ocrx_word' id='word_1_1055' title='bbox 1783 3088 1922 3123; x_wconf 63' lang='lat' dir='ltr'>summo</span> <span class='ocrx_word' id='word_1_1056' title='bbox 1934 3090 2081 3135; x_wconf 66' lang='lat' dir='ltr'>conlen3</span> 
     </span>
     <span class='ocr_line' id='line_1_125' title="bbox 1110 3131 2082 3185; baseline -0.002 -18"><span class='ocrx_word' id='word_1_1057' title='bbox 1110 3141 1143 3167; x_wconf 73' lang='grc' dir='ltr'>ω</span> <span class='ocrx_word' id='word_1_1058' title='bbox 1160 3131 1329 3168; x_wconf 89' lang='lat' dir='ltr'>omnium</span> <span class='ocrx_word' id='word_1_1059' title='bbox 1341 3136 1579 3172; x_wconf 84' lang='lat' dir='ltr'>centuriarum</span> <span class='ocrx_word' id='word_1_1060' title='bbox 1593 3146 1729 3185; x_wconf 84' lang='lat' dir='ltr'>accepta</span> <span class='ocrx_word' id='word_1_1061' title='bbox 1740 3134 1807 3170; x_wconf 85' lang='lat' dir='ltr'>su·t</span> <span class='ocrx_word' id='word_1_1062' title='bbox 1819 3161 1830 3176; x_wconf 91' lang='lat'>‚</span> <span class='ocrx_word' id='word_1_1063' title='bbox 1853 3135 1934 3170; x_wconf 81' lang='lat' dir='ltr'>cum</span> <span class='ocrx_word' id='word_1_1064' title='bbox 1949 3132 2082 3168; x_wconf 85' lang='lat' dir='ltr'>nemini</span> 
     </span>
    </p>
   </div>
   <div class='ocr_carea' id='block_1_12' title="bbox 1109 3178 2082 3265">
    <p class='ocr_par' dir='ltr' id='par_1_12' title="bbox 1109 3178 2082 3265">
     <span class='ocr_line' id='line_1_126' title="bbox 1109 3178 2082 3263; baseline 0.001 -46"><span class='ocrx_word' id='word_1_1065' title='bbox 1109 3181 1180 3218; x_wconf 83' lang='lat' dir='ltr'>civi</span> <span class='ocrx_word' id='word_1_1066' title='bbox 1204 3181 1276 3220; x_wconf 77' lang='lat' dir='ltr'>ulla</span> <span class='ocrx_word' id='word_1_1067' title='bbox 1296 3195 1369 3232; x_wconf 84' lang='lat' dir='ltr'>quo</span> <span class='ocrx_word' id='word_1_1068' title='bbox 1390 3183 1512 3224; x_wconf 75' lang='lat' dir='ltr'>minus</span> <span class='ocrx_word' id='word_1_1069' title='bbox 1534 3184 1681 3228; x_wconf 57' lang='lat' dir='ltr'>adesseve,</span> <span class='ocrx_word' id='word_1_1070' title='bbox 1696 3182 1790 3235; x_wconf 69' lang='lat' dir='ltr'>Just-a</span> <span class='ocrx_word' id='word_1_1071' title='bbox 1808 3181 1980 3223; x_wconf 78' lang='lat' dir='ltr'>excuian&#39;o</span> <span class='ocrx_word' id='word_1_1072' title='bbox 2000 3178 2082 3263; x_wconf 47' lang='lat' dir='ltr'>efer:</span> 
     </span>
     <span class='ocr_line' id='line_1_127' title="bbox 1981 3240 2064 3265; baseline 0.048 -5"><span class='ocrx_word' id='word_1_1073' title='bbox 1981 3240 2019 3265; x_wconf 74' lang='lat' dir='ltr'>Vl</span> <span class='ocrx_word' id='word_1_1074' title='bbox 2035 3240 2064 3264; x_wconf 71' lang='lat' dir='ltr'>a,</span> 
     </span>
    </p>
   </div>
  </div>
 </body>
</html>
