2316 3395
242 108 327 155 118
661 105 731 151 M.
811 100 1166 149 TULL11

235 193 244 208 ¹
259 198 286 219 at
296 186 487 227 QVelocius
497 196 569 229 puer
586 185 776 217 addidicerat.
789 182 836 213 sed
846 180 928 222 911ὸά
938 187 998 209 erat
1006 186 1091 219 aptus
1100 177 1135 209 ad
1149 177 1186 207 il-

236 230 297 265 lud,
311 240 468 272 totumque
476 238 635 272 cognorat,
646 227 704 258 fuit
713 247 721 259 ,
732 235 763 256 ut
772 224 813 254 est
824 223 901 268 apud
911 222 1063 252 Lucilium
1075 240 1085 255 ,

664 277 772 297 uamvu
790 264 872 294 bonus
892 265 946 305 ipsit

277 315 388 345 Samnis
405 314 433 342 in
450 313 513 343 [udo
524 333 531 346 ‚
551 323 584 341 ac
600 322 631 340 ru
653 309 713 339 ibus
727 321 734 341 3
756 311 769 328 ²
780 308 846 336 civis
859 305 1027 349 firm-asper.

238 356 287 388 sed
297 357 363 396 plus
374 365 469 395 operae
479 355 546 385 foro
556 353 702 383 tribuebat
714 371 722 384 ,
734 352 839 379 amicis
849 368 856 380 ,
876 350 917 378 rei
928 347 1078 376 familiari.
1101 344 1190 375 Vale—

235 400 298 428 rius
315 397 451 438 quotidie
469 395 611 426 cantabat.
636 402 696 422 erat
713 392 797 422 enim
816 390 959 421 scenicus.
991 387 1064 429 quid
1081 386 1192 417 faceret

236 439 341 469 aliud?
363 443 401 468 At
419 440 584 468 Numerius
603 437 706 465 Furius
718 454 725 467 ,
746 431 846 463 noster
865 431 1019 461 familiaris
1031 450 1038 462 .
1059 427 1131 459 cum
1148 428 1191 458 est

235 481 448 512 commodum,
461 488 566 509 cantat.
589 476 630 507 est
640 478 722 506 enim
734 472 956 515 paterfamilias,
966 471 1008 502 est
1019 474 1116 512 Eques
1127 473 1190 500 Ro-

237 532 356 552 manus.
378 532 451 561 puer
465 520 588 553 didicit,
610 518 691 560 quod
702 516 878 547 discendum
887 513 954 545 fuit.
987 513 1099 543 Eadem
1116 514 1191 542 ratio

237 563 281 594 est
291 565 395 593 harum
406 565 513 592 artium
526 565 738 592 maximarum.
751 559 814 588 dies
826 558 857 587 δε
869 556 985 587 11οὸ1615
995 557 1097 585 vii-um
1107 554 1190 584 surn-

238 615 288 635 ma
299 608 404 634 virtute
417 604 449 634 86
460 603 615 644 prudentia
624 601 801 632 videbamus
811 620 819 633 ‚
839 598 1020 639 philosopho
1036 595 1108 642 curn
1119 605 1191 641 ope-

237 657 300 677 iam
311 646 409 678 daret,
421 645 680 686 QTuberonem.
702 646 741 673 At
749 643 812 681 ejus
823 640 1003 684 avunculum
1015 647 1067 667 vix
1079 638 1191 666 intelli-

235 698 317 729 geres
336 708 344 722 ,
368 687 399 717 id
417 697 500 728 agere
517 707 526 721 ,
547 686 618 717 cum
635 694 732 728 ageret
746 693 848 714 tamen
866 702 874 715 ‚
897 683 1080 711 Airicanum.
1115 681 1191 707 Isi-A

236 739 434 759 niseum-tin
442 728 529 759 facile
541 727 582 762 ,si
593 729 752 758 &tantum
764 726 860 756 sumas
869 744 876 757 ,
894 731 1039 763 quantum
1050 730 1124 760 opus
1137 717 1171 765 sit
1182 739 1189 752 ‚

236 772 270 801 &
280 771 386 801 habeas
405 772 456 812 qui
473 771 579 801 docere
590 768 715 799 fideliter
724 765 809 807 poffit
820 786 827 798 ,
849 766 881 795 &
890 765 962 794 scias
972 765 1062 793 etiam
1072 762 1134 801 ipse
1144 761 1191 790 di-

237 813 324 843 scere.
348 812 404 843 Sed
415 812 435 842 fi
445 822 505 842 tota
513 814 572 842 vim
582 811 660 841 nihil
670 810 744 840 velis
755 807 834 838 aliud
846 816 927 848 agere
940 815 944 833 ε
965 805 1025 844 ipsa
1034 804 1167 833 tractatio
1179 822 1187 835 ,

237 854 271 884 &
281 853 404 895 quaestio
413 854 548 895 quotidie
558 863 595 883 ex
607 853 635 883 se
645 854 740 893 gignit
748 848 859 890 aliquid
871 868 878 881 ,
890 846 970 888 quod
981 855 1051 876 cum
1063 843 1191 874 desidio-

236 896 265 926 sa
273 895 472 926 11616613110116
479 895 614 936 vestiges.
641 897 679 923 ita
690 891 721 922 fit
732 913 739 925 ‚
752 902 783 921 ut
792 892 954 931 agitatione
964 897 1064 918 rerum
1076 884 1191 916 11111111-

234 941 298 968 nita
309 940 443 979 cognitio
457 949 462 966 z
473 937 567 968 facilis
578 937 645 966 usus
656 934 825 965 doEtrinam
835 929 995 962 confirmet
1007 940 1012 958 2
1029 928 1189 959 mediocris

235 989 325 1020 opera
341 980 499 1010 tribuatur:
521 979 668 1009 memoria
678 996 686 1009 ‚
708 974 899 1014 studiumque
917 979 1094 1012 permaneat.
1118 970 1192 1000 libet

233 1030 335 1052 autem
347 1022 462 1061 semper
470 1021 580 1051 discere
591 1040 599 1053 ,
620 1016 682 1049 11111
692 1017 785 1047 velim
795 1025 850 1055 ego
862 1015 925 1045 talis
935 1012 1050 1054 optime
1066 1011 1168 1041 ludere
1181 1031 1189 1045 ,

235 1072 286 1093 aut
294 1063 361 1103 pilae
373 1063 470 1093 studio
481 1071 597 1095 tenear,
618 1062 707 1090 etiarn
717 1057 836 1089 fortafl‘e
847 1055 867 1086 si
876 1054 989 1096 affequi
999 1064 1063 1085 non
1072 1051 1189 1094 poffim.

233 1114 263 1135 at
272 1106 342 1138 alii,
354 1107 422 1146 quia
431 1103 564 1144 praeclare
575 1102 688 1133 faciunt
696 1121 704 1134 ‚
717 1097 905 1130 vehementius
915 1117 923 1131 ,
943 1097 1033 1138 quam
1045 1096 1127 1126 causa
1137 1105 1191 1135 po-

236 1145 324 1176 stulat
335 1167 343 1180 ,
356 1146 550 1178 delectantur,
562 1154 595 1175 ut
604 1146 707 1175 Titius
716 1143 786 1182 pila,
798 1141 897 1171 Brulla
907 1139 982 1170 talis.
1005 1141 1102 1179 Qare
1113 1136 1191 1166 1111111

234 1187 279 1218 est
289 1209 295 1221 ‚
307 1188 389 1229 quod
399 1188 556 1228 quisquam
568 1185 810 1228 magnitudinem
820 1184 928 1213 artium
939 1190 977 1210 ex
989 1190 1024 1210 eo
1035 1200 1043 1214 ‚
1055 1178 1135 1220 quod
1148 1179 1191 1224 se—

234 1239 290 1259 nes
300 1231 417 1260 discunt
427 1249 434 1262 ‚
446 1228 640 1269 pertimescat.
665 1229 806 1267 Namque
815 1233 865 1254 aut
875 1224 957 1254 senes
967 1222 1002 1253 ad
1013 1232 1059 1251 eas
1069 1219 1192 1251 3666116-

235 1281 306 1301 runt
318 1283 326 1305 3
347 1279 396 1301 aut
406 1272 497 1312 usque
515 1270 549 1301 ad
560 1268 745 1300 senectutem
764 1277 797 1297 in
814 1265 917 1296 studiis
935 1264 1105 1294 detinentur
1116 1274 1125 1296 3
1145 1270 1193 1291 aut

237 1313 305 1343 sunt
314 1311 476 1343 tardissimi.
500 1314 562 1342 Res
571 1311 695 1352 quidem
706 1310 733 1340 se
744 1319 811 1339 mea
820 1308 964 1338 sententia
974 1304 1011 1335 fic
1021 1305 1123 1337 habet,
1140 1312 1173 1333 ut
1183 1323 1192 1336 ‚

238 1356 320 1385 Nisi
334 1365 423 1395 Qon
432 1354 557 1395 quisque
566 1352 627 1383 cito
637 1353 768 1393 potuerit
778 1371 785 1385 ‚
806 1358 973 1389 numquam
982 1348 1113 1377 omnino
1126 1346 1194 1390 pos-

178 1401 198 1425 2
206 1405 224 1434 4
239 1395 272 1426 sit
281 1396 453 1437 perdiscere.
475 1397 543 1438 Jam
553 1415 561 1429 ‚
570 1395 633 1434 jam
644 1414 653 1427 ,
666 1395 764 1434 inquit
773 1391 893 1423 Catulus
904 1411 912 1424 ,
924 1390 1072 1430 intelligo,
1085 1386 1191 1434 Crafie,

238 1438 312 1479 quid
322 1438 401 1468 dicas
413 1459 422 1472 ,
441 1438 472 1468 δε
482 1438 602 1468 hercule
611 1435 759 1467 assentior.
783 1434 850 1464 satis
860 1432 950 1462 video
961 1431 1016 1461 tibi
1026 1432 1147 1460 homini
1157 1429 1192 1459 ad

236 1479 467 1521 perdiscendum
486 1481 650 1512 acerrimo,
669 1477 705 1508 ad
724 1486 756 1507 ea
773 1473 978 1516 cognoscenda
989 1493 997 1506 ,
1018 1482 1082 1513 quae
1098 1471 1171 1501 dicis
1184 1490 1193 1503 ‚

239 1521 327 1552 fuisse
337 1523 489 1562 temporis.
515 1521 651 1561 Pergisne
662 1539 670 1553 ‚
684 1519 782 1559 11191111
792 1515 906 1547 Craffus
915 1536 923 1549 ,
936 1525 996 1548 me,
1007 1524 1073 1555 quae
1083 1513 1191 1545 dicam,

239 1563 277 1594 de
287 1573 338 1594 me
348 1584 357 1597 ‚
369 1573 432 1593 non
442 1563 518 1593 dere
528 1572 629 1603 putare
639 1561 759 1591 dicere?
780 1558 904 1598 Sedjam
916 1577 924 1591 ‚
941 1555 961 1586 fi
971 1557 1065 1596 placet
1076 1575 1084 1589 ,
1101 1555 1135 1584 ad
1147 1557 1194 1584 in—

240 1605 341 1636 stituta
349 1605 516 1635 redeamus.
539 1604 619 1634 Mihi
629 1602 701 1633 vero
711 1623 719 1636 ,
732 1601 852 1631 Catulus
862 1601 972 1639 inquit,
982 1598 1086 1638 placet.
1110 1599 1193 1627 Tum

239 1645 354 1678 Crassus
365 1667 373 1681 ‚
395 1647 547 1687 Qorsum
558 1647 647 1687 igitur
655 1646 718 1674 haec
728 1642 835 1683 spefitat
846 1662 854 1674 ,
868 1643 984 1681 inquit,
1005 1648 1065 1669 tam
1084 1639 1173 1680 longa
1184 1658 1192 1671 ,

240 1686 275 1719 &
285 1698 345 1719 tam
355 1688 412 1719 alte
423 1690 544 1728 repetita
554 1689 647 1718 oratio
660 1687 724 1715 ?hae
735 1685 799 1715 duae
810 1692 903 1724 partes
913 1703 921 1716 ,
932 1692 997 1722 quae
1010 1682 1086 1710 1111111
1097 1681 1195 1720 super-

240 1731 260 1762 s
257 1739 311 1761 unt
319 1751 328 1764 ‚
339 1729 520 1761 illustrandae
530 1730 674 1760 orationis
685 1748 693 1761 ,
707 1737 738 1757 ac
748 1728 839 1757 totius
849 1725 1028 1764 eloquentiae
1037 1724 1195 1753 cumulari·
1242 1731 1261 1761 q

241 1772 287 1803 ‹1ae
297 1793 305 1806 ,
317 1782 443 1814 quarum
453 1772 540 1801 altera
549 1771 610 1801 dici
619 1769 747 1810 postulat
757 1766 870 1800 ornate,
879 1767 967 1797 altera
975 1766 1052 1805 apte,
1061 1765 1136 1794 hanc
1146 1765 1197 1794 ha—

240 1815 313 1844 bent
322 1816 387 1844 vim
397 1834 405 1848 ‚
419 1823 452 1844 ut
462 1812 495 1842 sit
505 1812 595 1853 quam
607 1810 741 1842 maxime
751 1808 882 1849 jucunda
893 1828 900 1841 ‚
916 1807 1005 1848 quam
1017 1805 1153 1836 maxime
1164 1807 1197 1834 in

241 1856 341 1886 sensus
360 1865 466 1885 eorum
479 1876 487 1889 ,
505 1856 556 1895 qui
570 1854 712 1886 audiunt,
733 1851 839 1881 influat
850 1870 858 1884 ‚
873 1850 905 1880 &
915 1849 1004 1890 quam
1015 1849 1153 1888 plurimis
1164 1845 1198 1877 sit

239 1897 328 1928 rebus
339 1896 490 1929 instru&a.
510 1895 606 1926 Instru
612 1903 749 1925 mentum
760 1902 859 1923 autem
870 1893 926 1921 hoc
935 1890 1053 1920 forense
1063 1910 1071 1923 ‚
1083 1889 1196 1930 litigio-

242 1940 310 1970 sum
321 1960 329 1973 ,
340 1950 403 1969 acre
413 1959 421 1972 ‚
434 1937 561 1968 tractum
570 1947 609 1968 ex
618 1937 701 1977 vulgi
711 1933 910 1975 opinionibus
920 1953 928 1966 ‚
948 1934 1093 1973 exiguum
1105 1930 1171 1961 sane
1186 1951 1194 1963 ,

241 1990 326 2022 atque
337 1981 514 2010 mendicum
525 1978 578 2009 est.
599 1978 675 2008 illud
686 1977 784 2008 rursus
795 1976 905 2015 ipsum,
916 1973 996 2015 quod
1008 1974 1125 2003 tradunt
1136 1971 1195 2006 isti,

241 2026 292 2064 qui
302 2021 481 2064 profitentur
490 2022 518 2052 se
528 2020 648 2051 dicendi
659 2017 826 2060 magistros,
839 2020 850 2044 3
862 2026 926 2046 non
937 2016 1071 2045 multum
1081 2013 1123 2044 est
1133 2024 1197 2043 ma-

242 2067 288 2103 jus
300 2086 308 2098 ,
328 2064 418 2105 quam
429 2063 505 2093 illud
516 2064 633 2103 vulgare
646 2082 654 2094 .
674 2072 705 2091 ac
715 2060 840 2090 sorense-
866 2062 1012 2098 Apparatu
1022 2057 1111 2086 nobis
1122 2065 1197 2095 opus

238 2103 296 2140 est,
308 2107 340 2136 &
350 2107 437 2136 rebus
448 2103 598 2146 exquisitis
610 2102 753 2143 undique,
772 2101 803 2131 &
813 2096 1197 2133 collectis,arceffitis‚c0m-

240 2150 362 2188 portatis
373 2168 381 2181 ,
394 2146 508 2180 11111111,
521 2141 848 2177 Caesarfaciendumest
856 2141 891 2170 ad
903 2150 1017 2170 annum
1031 2150 1037 2183 ς
1056 2147 1087 2169 ut
1098 2149 1154 2179 ego
1164 2141 1197 2167 in

240 2189 381 2220 aed'ilirate
392 2189 521 2218 laboravi
534 2208 541 2221 ,
553 2185 635 2228 quod
645 2184 841 2226 quotidianis,
854 2182 886 2212 &
896 2180 1048 2210 vernaculis
1058 2180 1144 2210 rebus
1156 2180 1198 2209 sa-

241 2231 378 2262 tisfacere
398 2240 447 2260 me
457 2228 539 2270 posle
550 2230 620 2258 huic
630 2228 744 2268 populo
762 2234 827 2255 non
845 2223 994 2264 putabam.
1026 2221 1196 2264 Verborum

241 2273 452 2314 eligendorum
463 2292 470 2305 ‚
491 2272 523 2301 &
533 2269 780 2300 collocandorum
791 2287 799 2301 ,
822 2267 854 2296 &
863 2262 1143 2309 concludendorum
1153 2264 1197 2291 ta-

242 2316 308 2346 61115
321 2314 363 2344 est
372 2314 420 2344 vel
429 2315 503 2343 ratio
514 2333 522 2346 ,
534 2313 582 2341 vel
593 2310 653 2341 fine
662 2313 775 2341 ratione
788 2329 797 2342 ,
810 2308 868 2347 ipsa
877 2307 1058 2335 exercitatio
1081 2306 1196 2333 Rerum

243 2356 286 2387 est
302 2355 371 2386 silva
385 2365 507 2396 magna,
527 2363 616 2394 quam
629 2363 698 2383 cum
711 2352 806 2381 Gi-aeci
824 2351 883 2387 jam
901 2357 966 2376 non
985 2353 1117 2376 tenerent
1128 2363 1136 2377 ‚
1157 2344 1197 2374 ob

243 2408 368 2439 eamque
385 2397 500 2428 causam
509 2398 651 2435 juventus
661 2392 760 2424 nostra
769 2390 930 2422 dedisceret
938 2387 1022 2429 paenc
1034 2386 1175 2417 discendo
1186 2406 1194 2419 ,

244 2442 335 2470 etiam
344 2440 464 2471 Latini,
485 2436 505 2467 fi
515 2437 573 2467 diis
583 2437 697 2477 placet,
718 2436 776 2464 hoc
787 2433 912 2463 biennio
928 2428 1059 2471 magistri
1076 2427 1195 2458 dicendi

244 2481 436 2512 exstiterunt:
457 2489 533 2520 quos
547 2488 602 2520 ego
613 2481 708 2508 cans.
729 2474 828 2506 6611ἂο
838 2483 908 2504 11160
918 2471 1110 2517 sustuleram3
1131 2479 1195 2499 non

242 2523 305 2565 9110
318 2523 327 2561 <
337 2532 369 2552 ut
379 2523 478 2553 nescio
489 2530 565 2562 quos
575 2520 672 2550 dicere
681 2521 706 2558 aj
711 2517 798 2549 ebant
807 2517 816 2556 )
827 2515 892 2545 acui
904 2515 1013 2553 ingema
1022 2511 1194 2542 adolescen-

242 2575 321 2595 tium
333 2564 447 2594 nollem
457 2583 465 2597 ,
484 2562 532 2593 sed
544 2561 648 2592 contra
657 2561 777 2602 ingenia
787 2556 914 2588 obtundi
924 2555 1031 2601 nolui,
1051 2552 1194 2599 corrobo-

241 2607 296 2638 rari
307 2605 541 2646 impudentiam.
563 2606 645 2634 Nam
655 2602 730 2643 apud
742 2603 870 2633 Graecos,
883 2602 901 2626 4
910 2599 961 2639 qui
970 2606 1015 2637 cuj
1022 2595 1139 2626 usmodi
1149 2596 1194 2624 es-

1245 97 1769 148 CicERoNIS.

1237 178 1301 210 sent
1309 198 1317 211 ,
1328 176 1468 209 videbam
1478 186 1579 209 tamen
1588 177 1646 208 effe
1657 198 1665 212 ,
1677 186 1781 219 praeter
1790 178 1866 208 hanc
1875 179 2123 210 exercitationem
2131 178 2192 210 lin-

1193 230 1201 236 ·
1237 230 1302 262 guae
1312 239 1320 253 ‚
1332 219 1502 250 doStrinam
1511 220 1654 261 aliquam,
1669 221 1701 250 δε
1711 223 1724 247 5
1732 221 1950 251 humanitatem
1962 221 2084 263 dignam
2098 221 2192 251 scien-

1238 264 1287 293 tia.
1311 262 1367 292 hos
1375 261 1448 292 verb
1458 272 1555 292 novos
1567 261 1722 304 magistros
1732 263 1810 292 nihil
1820 262 2025 304 intelligebam
2044 261 2125 303 poffe
2136 262 2192 293 do-

1237 314 1313 338 cere,
1325 302 1381 334 nifi
1391 313 1423 334 ut
1431 304 1564 333 auderent
1573 315 1583 331 .·
1596 304 1677 344 quod
1688 306 1777 334 etiarn
1787 314 1857 334 cum
1868 304 1957 334 bonis
1968 304 2054 334 rebus
2064 304 2194 344 conjun-

1240 345 1324 376 aum
1336 366 1344 379 ,
1365 346 1562 386 perseipsum
1572 345 1615 376 est
1624 355 1805 386 magnopere
1815 344 2003 387 fugiendum.
2039 348 2106 376 Hoc
2121 344 2194 376 cum

1238 398 1336 418 unum
1355 387 1516 417 traderetur
1525 408 1533 421 ‚
1557 387 1589 417 &
1599 386 1671 417 cum
1683 387 1878 427 impudentiae
1889 387 1976 417 ludus
1987 386 2073 418 ess'et:
2092 388 2194 427 putavi

1237 428 1295 459 ess'e
1305 429 1414 469 censbru
1425 449 1432 462 ‚
1445 439 1481 458 ne
1492 427 1614 468 longius
1625 428 1656 458 id
1667 429 1791 468 serperet
1802 449 1809 461 ‚
1821 429 1986 468 providere.
2009 438 2193 469 quamquam

1239 481 1303 500 non
1314 472 1377 500 haec
1388 473 1427 500 ita
1437 469 1530 499 statuo
1541 490 1548 502 ,
1561 478 1646 510 atque
1657 469 1795 503 decerno,
1810 479 1841 499 ut
1851 470 2016 510 desperem,
2028 470 2135 500 Latine
2147 479 2192 503 ea,

1238 512 1273 542 de
1283 512 1392 552 quibus
1403 511 1619 550 disputavimus
1630 531 1639 544 ‚
1651 510 1723 541 tradi
1735 522 1766 541 ac
1775 512 1926 551 perpoliri.
1949 514 2058 551 patitur
2067 512 2150 541 enirn
2162 511 2196 541 &

1238 554 1339 594 lingua
1347 552 1446 583 nostra
1456 573 1463 586 ‚
1484 552 1517 582 &
1527 562 1628 582 natura
1637 562 1736 582 rerum
1747 573 1756 585 ,
1776 562 1909 582 veterem
1919 553 2001 582 illam
2014 572 2022 585 .
2043 552 2195 583 excellen-

1238 603 1358 635 temque
1366 594 1555 634 prudentiam
1567 594 1790 627 Graecorum,ad
1800 594 1939 624 nostrum
1949 595 2048 628 usum,
2059 603 2193 624 morem-

1239 646 1295 677 que
1307 635 1468 666 transferri.
1492 636 1541 666 sed
1552 636 1730 666 hominibus
1741 645 1815 675 opus
1825 635 1867 665 est
1877 636 1999 666 eruditis
2011 656 2019 669 ,
2036 637 2088 677 qui
2098 635 2194 666 adhuc

1239 680 1272 708 in
1283 679 1340 708 hoc
1349 677 1475 718 quidem
1484 688 1591 717 genere
1601 676 1693 708 nostri
1703 677 1919 707 nullifuemnt.
1943 676 1986 707 sm
2001 677 2122 719 quando
2139 687 2193 707 ex-

1239 719 1366 750 stiterint
1376 732 1385 754 3
1405 722 1496 749 etiam
1508 721 1619 749 Graecis
1629 728 1716 749 erunt
1725 718 1939 758 anteponendi·
1966 721 2095 750 Ornatur
2104 720 2192 761 igitur
2209 729 2228 754 2
2235 729 2256 761 5

1239 763 1332 791 oratio
1350 771 1457 802 genere
1468 760 1602 801 primum
1615 780 1622 794 ,
1645 761 1677 790 &
1687 759 1767 801 quasi
1776 761 1876 792 colore
1886 760 2018 801 quodam
2029 781 2037 794 ‚
2059 761 2092 790 &
2103 761 2192 791 succo

1238 803 1301 833 suo.
1325 813 1394 832 nam
1408 812 1439 832 ut
1448 804 1543 844 gravis
1556 823 1563 836 ‚
1573 811 1606 832 ut
1615 803 1709 832 suavis
1720 823 1727 835 ,
1740 811 1772 832 ut
1781 802 1895 832 erudita
1904 801 1952 836 sit,
1965 802 2146 836 inliberalis,
2159 811 2192 834 ut

1237 843 1422 874 admirabilis
1435 864 1443 877 ‚
1456 853 1488 874 ut
1497 845 1588 884 polita
1597 864 1605 878 ,
1619 853 1651 874 ut
1661 844 1759 874 sensus
1771 864 1779 878 ,
1791 853 1823 874 111
1833 844 1951 874 dolores
1964 845 2083 877 habeat,
2096 854 2193 885 quan-

1238 895 1302 916 tum
1313 896 1386 926 opus
1402 884 1435 915 sit
1443 906 1451 919 ,
1467 896 1531 915 non
1542 885 1583 915 est
1593 884 1777 926 singulorum
1787 886 1982 916 articulorum
1997 897 2002 915 :
2016 888 2047 916 in
2058 895 2121 916 toto
2131 886 2195 925 spe-

1241 927 1356 958 &antur
1374 928 1436 958 haec
1452 937 1585 967 coipore.
1618 930 1660 957 Ut
1676 927 1764 967 porro
1783 928 1936 967 conspersa
1955 927 1988 958 fit
1999 925 2077 969 quasi
2088 927 2197 957 verbo-

1239 980 1306 999 rum
1317 989 1325 1003 ,
1349 970 1620 1010 sententiarumque
1634 968 1756 1007 flortbuf
1768 990 1776 1003 ,
1797 969 1827 999 id
1839 979 1902 999 non
1913 969 2001 1000 debet
2017 968 2075 999 ess'e
2094 968 2196 999 fusum

1239 1012 1423 1052 aequabiliter
1431 1021 1620 1050 peromnem
1631 1013 1798 1041 orationem
1809 1031 1817 1045 ‚
1839 1011 1887 1041 sed
1900 1013 1938 1041 ita
1948 1010 2125 1041 distinctum
2136 1030 2144 1044 ‚
2165 1019 2199 1041 ut

1240 1052 1294 1083 sint
1314 1052 1392 1094 quafi
1412 1055 1444 1082 in
1455 1062 1560 1083 ornatu
1569 1051 1706 1092 disposita
1714 1053 1851 1093 quaedam
1862 1051 1987 1094 insignia
1998 1073 2006 1086 ‚
2028 1053 2060 1082 &
2070 1054 2197 1083 lumina.

1240 1097 1342 1125 Genus
1353 1094 1571 1135 igiturdicendi
1582 1094 1624 1124 est
1635 1094 1807 1134 eligendum
1819 1114 1827 1127 ‚
1849 1095 1931 1135 quod
1951 1094 2085 1124 maxime
2102 1102 2198 1124 teneat

1239 1146 1291 1166 eos
1302 1157 1310 1170 ‚
1330 1139 1382 1177 qui
1391 1135 1511 1166 audiant
1523 1156 1530 1168 ‚
1550 1135 1673 1176 &quod
1685 1145 1749 1166 11011
1759 1135 1859 1166 solum
1871 1135 1998 1166 (16166161
2007 1156 2014 1170 ,
2035 1135 2083 1166 sed
2104 1137 2195 1165 etiarn

1232 1178 1433 1219 finefiztierate
1443 1177 1578 1206 delectet.
1598 1180 1673 1206 Non
1683 1179 1768 1207 enim
1779 1177 1795 1207 Ξι
1807 1187 1855 1206 me
1863 1178 1927 1216 jam
1937 1176 2097 1217 exspffltari
2108 1185 2194 1217 puto,

1239 1229 1271 1249 ut
1282 1229 1436 1252 moneam,
1450 1228 1482 1248 ut
1491 1220 1615 1248 caveatis
1626 1238 1633 1251 ‚
1647 1228 1684 1247 ne
1695 1219 1784 1248 exilis
1794 1238 1802 1252 ,
1815 1229 1852 1248 ne
1864 1219 1976 1249 inculta
1986 1218 2019 1249 sit
2027 1217 2121 1249 vestra
2130 1227 2196 1249 ora-

1239 1263 1281 1290 tio
1293 1282 1302 1294 ‚
1316 1271 1352 1290 ne
1364 1261 1492 1302 vulgaris
1504 1280 1512 1292 ‚
1525 1270 1563 1289 ne
1574 1259 1707 1290 obsoleta
1720 1271 1725 1289 z
1741 1260 1820 1290 aliud
1831 1260 1974 1301 quiddam
1985 1261 2093 1300 majus,
2106 1260 2138 1290 &
2148 1261 2198 1290 in·

1237 1305 1324 1344 genia
1334 1312 1382 1332 me
1393 1303 1549 1331 hortantur
1558 1300 1651 1331 vestra
1663 1322 1671 1334 ,
1692 1301 1725 1332 &
1735 1311 1844 1332 aetates.
1875 1301 2010 1332 Difficile
2019 1304 2102 1332 enim
2113 1301 2196 1333 dictu

1238 1344 1280 1374 est
1293 1365 1301 1377 ,
1323 1353 1461 1384 quaenam
1471 1343 1554 1373 causa
1565 1341 1598 1373 sit
1609 1363 1618 1377 ,
1638 1353 1741 1373 cui-EA
1754 1363 1763 1377 ‚
1783 1353 1863 1384 QJAE
1881 1344 2016 1374 maxime
2028 1343 2127 1374 sensus
2138 1353 2196 1373 no-

1240 1385 1312 1416 stros
1332 1385 1495 1425 impellunt
1511 1385 1679 1424 voluptate,
1701 1386 1837 1425 &specie
1850 1388 1946 1426 prima
1955 1385 2097 1417 acerrime
2109 1395 2196 1415 com-

1242 1436 1367 1457 movent
1377 1447 1386 1461 ‚
1406 1427 1442 1457 ab
1460 1428 1497 1456 iis
1515 1427 1670 1457 celerrime
1690 1425 1809 1457 fastidio
1819 1427 1951 1468 quodam
1963 1427 1995 1458 &
2005 1427 2132 1458 satietate
2143 1426 2196 1457 ab·

1240 1470 1415 1499 alienemur.
1447 1470 1567 1509 Qanto
1584 1469 1723 1499 colorum
1743 1469 1967 1509 pulchritudine
1977 1489 1986 1503 ,
2008 1469 2040 1499 &
2055 1471 2196 1499 varietate

1241 1511 1395 1541 floridiora
1410 1510 1477 1540 sunt
1493 1512 1526 1540 in
1536 1509 1659 1550 pitsturis
1669 1513 1757 1541 novis
1766 1512 1905 1551 pleraque
1916 1531 1925 1544 ,
1944 1509 2034 1551 quam
2044 1512 2077 1540 in
2088 1511 2197 1540 veteri-

1241 1553 1294 1583 bus
1307 1555 1317 1582 ?
1328 1563 1393 1593 quae
1402 1561 1503 1583 tamen
1513 1554 1603 1581 etiam
1615 1550 1635 1581 fi
1643 1554 1745 1592 primo
1756 1553 1895 1592 adspeciu
1904 1562 1961 1582 nos
1970 1561 2120 1592 ceperunt,
2127 1551 2197 1582 diu-

1241 1597 1299 1625 tius
1317 1604 1382 1624 non
1400 1592 1564 1624 deleEtant:
1586 1592 1657 1623 cum
1676 1593 1771 1624 iidem
1782 1604 1837 1624 nos
1849 1596 1882 1624 in
1892 1594 2016 1635 antiquis
2032 1592 2133 1623 tabulis
2142 1593 2196 1624 illo

1240 1638 1304 1677 ipso
1324 1636 1446 1666 hon-ido
1457 1656 1465 1669 ‚
1485 1635 1680 1676 obsoletoque
1699 1645 1861 1666 teneamur.
1902 1638 2021 1675 Quanto
2040 1635 2198 1665 molliores

1241 1680 1310 1709 sunt
1319 1699 1327 1712 ‚
1350 1678 1382 1708 &
1391 1677 1575 1708 delicatiores
1591 1679 1624 1706 in
1634 1687 1721 1708 cantu
1741 1677 1890 1708 flexiones
1900 1697 1908 1711 ‚
1932 1677 1964 1707 δε
1975 1676 2057 1717 fae'fic
2075 1676 2177 1706 vocula
2186 1695 2196 1711 ,

1263 1720 1333 1750 uam
1344 1728 1428 1750 certae
1440 1739 1448 1752 ‚
1471 1719 1503 1749 &
1514 1719 1640 1755 severae?
1658 1720 1767 1760 quibus
1778 1729 1879 1749 tamen
1889 1729 1953 1749 non
1962 1717 2058 1749 modo
2067 1717 2172 1748 austeri
2185 1737 2194 1751 2

1243 1762 1291 1793 sed
1302 1782 1310 1795 ,
1328 1760 1349 1791 fi
1361 1762 1464 1802 saepius
1474 1759 1561 1794 fiunt,
1575 1761 1738 1791 multitudo
1747 1761 1808 1801 ipsa
1818 1762 1966 1791 reclamat.
1989 1762 2074 1790 Licet
2082 1761 2141 1790 hoc
2150 1761 2199 1790 vi-

1243 1804 1311 1834 derc
1329 1805 1363 1833 in
1381 1804 1504 1843 reliquis
1523 1802 1653 1833 sensibus
1663 1815 1671 1837 ;
1693 1805 1854 1844 unguentis
1872 1805 1976 1832 minus
1986 1802 2038 1832 diu
2049 1811 2106 1832 nos
2116 1801 2199 1831 dele-

1244 1845 1314 1876 &ari
1323 1865 1331 1879 ‚
1342 1846 1460 1876 summa
1470 1845 1502 1874 &
1512 1846 1653 1874 acerrima
1663 1845 1804 1881 suavitate
1814 1844 1954 1878 conditis,
1966 1844 2057 1884 quam
2068 1844 2115 1873 his
2127 1852 2198 1874 mo-

1243 1887 1349 1918 deratis
1362 1897 1367 1916 :
1389 1887 1422 1916 &
1432 1906 1440 1919 ‚
1459 1888 1552 1926 magis
1563 1884 1577 1906 ⁶
1587 1886 1698 1916 laudari
1707 1886 1788 1927 quod
1799 1896 1897 1916 ceram
1907 1905 1915 1919 ‚
1936 1888 2027 1926 quam
2038 1884 2120 1926 quod
2131 1894 2199 1915 cro-

1242 1939 1314 1959 cum
1332 1929 1412 1959 olere
1430 1927 1572 1958 videatur.
1597 1930 1631 1958 in
1641 1929 1705 1968 ipso
1717 1927 1795 1958 13ἃο
1807 1925 1865 1957 effe
1876 1927 2005 1957 modum
2017 1927 2049 1957 &
2059 1926 2199 1957 mollitu-

1244 1971 1324 2001 dinis
1336 1991 1344 2004 ,
1358 1970 1390 2000 &
1399 1970 1545 2000 laevitatis.
1578 1971 1754 2010 Qinetiam
1763 1968 1893 2010 gustatus
1903 1989 1912 2002 ‚
1932 1970 1984 2010 qui
1994 1968 2037 1999 est
2047 1968 2148 1998 sensus
2159 1977 2198 1998 ex

1244 2012 1390 2043 omnibus
1401 2011 1534 2042 maxime
1546 2012 1741 2051 voluptarius,
1752 2014 1863 2052 quique
1872 2016 1887 2039 7
1896 2010 2083 2040 dulcitudine
2094 2017 2199 2049 praeter

1243 2063 1356 2084 ceteros
1376 2054 1476 2084 sensus
1493 2061 1708 2083 commovetur
1718 2073 1727 2087 ‚
1750 2053 1842 2093 quam
1861 2051 1921 2082 cito
1940 2051 1971 2081 id
1981 2071 1990 2084 ,
2010 2051 2091 2092 quod
2110 2050 2196 2080 valde

1244 2096 1330 2126 dulce
1340 2094 1383 2125 est
1391 2115 1399 2128 ,
1412 2096 1598 2134 aspernatur,
1613 2104 1644 2124 ac
1655 2095 1762 2133 respuit
1773 2096 1860 2133 ?quis
1869 2094 1993 2132 potione
2004 2095 2058 2125 uti,
2069 2100 2118 2121 aut
2126 2091 2196 2121 cibo

1245 2137 1326 2167 dulci
1336 2135 1574 2175 diutiuspotest?
1596 2134 1667 2164 curn
1678 2144 1804 2174 utroque
1814 2137 1847 2164 in
1856 2144 1962 2175 genere
1975 2144 2007 2164 ea
2017 2153 2025 2168 ,
2046 2143 2112 2174 quae
2122 2133 2198 2163 levi'-

1245 2187 1288 2208 ter
1298 2178 1416 2208 sensum
1435 2177 1584 2216 voluptate
1601 2185 1744 2206 moveant
1754 2196 1762 2209 ‚
1783 2175 1929 2206 facillime
1947 2175 2063 2216 fugiant
2083 2176 2198 2205 satieta-

1244 2228 1316 2249 tem.
1338 2220 1385 2248 Sic
1395 2218 1581 2247 omnibusin
1591 2217 1678 2247 rebus
1689 2237 1697 2251 ,
1720 2220 1979 2247 VOLUPTArissth
1997 2218 2141 2247 maximis
2151 2215 2196 2247 fa-

1243 2260 1367 2290 stidium
1387 2258 1554 2289 finitimum
1573 2258 1615 2288 est
1625 2278 1634 2292 ,
1652 2268 1714 2299 quo
1725 2260 1783 2288 hoc
1796 2261 1898 2288 minus
1910 2260 1942 2288 111
1953 2260 2087 2288 oratione
2105 2259 2198 2288 mire-

1246 2311 1331 2332 mur:
1351 2303 1384 2330 111
1393 2310 1451 2341 9113
1460 2301 1509 2330 vel
1518 2310 1556 2330 ex
1564 2301 1662 2340 po'e'tis
1672 2320 1680 2333 ,
1702 2300 1749 2330 vel
1760 2300 1925 2330 oratoribus
1943 2298 2098 2340 possumus
2113 2299 2198 2339 judi-

1243 2353 1305 2373 care
1317 2363 1325 2376 ‚
1340 2344 1523 2372 concinnam
1535 2361 1542 2375 ‚
1557 2340 1728 2372 distin&am
1739 2362 1747 2376 ,
1760 2350 1904 2375 ornatam,
1916 2341 2065 2375 festivam,
2078 2340 2138 2371 fine
2149 2342 2197 2371 in-

1244 2382 1425 2415 16111111110116
1437 2404 1444 2417 ,
1465 2380 1480 2404 8
1490 2383 1550 2413 fine
1560 2382 1786 2423 reprehensione
1796 2404 1804 2417 ‚
1817 2382 1877 2413 fine
1887 2386 2021 2414 varietate
2032 2403 2040 2417 >
2060 2384 2198 2424 quamvis

1243 2426 1325 2456 claris
1339 2424 1372 2456 sit
1381 2425 1533 2456 coloribus
1544 2424 1623 2465 picta
1633 2425 1680 2454 vel
1690 2424 1785 2465 poesis
1797 2446 1804 2458 ‚
1818 2426 1866 2455 vel
1877 2427 1983 2459 oratio,
1997 2434 2060 2454 non
2069 2423 2151 2465 posse
2161 2425 2195 2454 in

1242 2467 1439 2498 deIeEtatione
1450 2465 1507 2496 esse
1517 2466 1665 2496 diuturna.
1697 2469 1794 2507 Atque
1805 2477 1841 2497 eo
1851 2466 1939 2496 citius
1951 2469 1983 2496 in
1994 2468 2117 2496 oratoris
2128 2486 2136 2500 ,
2148 2474 2197 2496 aut

1241 2512 1273 2539 in
1283 2510 1378 2549 po'e'tae
1387 2510 1536 2539 cincinnis
1548 2529 1556 2542 ‚
1576 2518 1608 2538 ac
1619 2508 1689 2538 fuco
1700 2507 1864 2538 offenditur
1872 2528 1880 2542 ‚
1901 2507 1983 2549 quod
1994 2508 2093 2538 sensus
2103 2509 2137 2537 in
2146 2509 2197 2537 ni·-

1242 2553 1302 2581 mia
1321 2551 1471 2590 voluptate
1488 2559 1607 2583 natura,
1629 2560 1692 2579 non
1703 2559 1803 2580 mente
1819 2551 1973 2580 satiantur:
1994 2551 2027 2579 in
2037 2550 2149 2589 scriptis
2162 2548 2196 2579 &-

1240 2595 1274 2623 in
1284 2591 1373 2623 (116115
1384 2602 1447 2622 11011
1457 2594 1576 2623 3111111111
1586 2590 1685 2622 solum
1697 2612 1705 2627 ‚
1727 2591 1776 2622 sed
1787 2594 1883 2622 animi
1902 2591 2017 2632 judicio
2029 2593 2121 2621 etiam
2131 2599 2196 2620 ma-

2133 2641 2177 2672 ng
2188 2650 2198 2666 2

243 2689 1668 2706 Μ

284 2744 308 2760 ι,
327 2736 375 2760 :At
383 2730 615 2764 Q.bitlociics‚&c.]
631 2728 673 2755 Est
685 2729 700 2754 'a
711 2726 862 2760 conjectura
872 2723 986 2752 victorii
998 2723 1196 2758 lib.v1.cap.⁴.·.i.

244 2778 274 2797 nt
284 2771 311 2796 3<
322 2768 439 2794 Turnebi
450 2766 570 2792 lib.xxv.
581 2774 636 2800 cap.
651 2773 692 2790 10.
711 2763 772 2790 libri
783 2763 852 2788 enini
865 2762 892 2788 &
905 2760 1014 2795 vulgata
1026 2778 1035 2791 ,
1054 2766 1124 2795 atque
1133 2760 1196 2784 velo-

243 2816 307 2838 σιω,
317 2806 367 2836 ἀντ.
379 2803 430 2830 line
440 2802 495 2829 ullo
506 2800 576 2827 sensu
588 2799 739 2826 commodo.
1123 2830 1128 2835 ‘
1175 2830 1180 2835 ,

280 2851 308 2867 2.
327 2840 458 2872 Civixsatis
467 2837 560 2871 asper]
580 2838 620 2862 Ita
630 2836 720 2862 eratin
732 2833 861 2871 plerisque
873 2832 940 2858 Pall.
952 2839 997 2858 aut
1007 2832 1071 2865 cnjus
1083 2849 1091 2862 ‚
1112 2830 1196 2870 literis

245 2885 331 2904 tamen
342 2874 498 2902 indiscretis.
524 2872 633 2898 edidere
640 2872 697 2902 alii,
708 2871 846 2904 catfissinis
857 2871 934 2902 asper.
954 2869 1020 2894 Lam
1026 2868 1099 2893 uiuus
1110 2869 1196 2892 cuivis.

244 2913 374 2939 Nostrum
385 2910 452 2937 illud
465 2929 472 2942 ,
484 2909 630 2943 conjecerat
641 2907 841 2943 quoqneJulkus
854 2904 974 2940 Liplius3
988 2903 1034 2939 qui
1044 2902 1151 2929 adeatur
1162 2901 1196 2928 li-

245 2949 292 2975 bro
304 2957 331 2974 ν.
344 2945 514 2982 Α11119.16ἕὶ.
526 2954 582 2979 cap.
592 2953 620 2969 2.
1134 2974 1139 2979 ⁸
1157 2973 1162 2978 .

281 2993 308 3020 3.
328 2987 378 3010 Non
389 2984 486 3007 multum
495 2983 530 3005 ef?
538 2979 641 3013 ωαψς]
661 2979 779 3004 Revocai
789 2978 795 3003 i
807 2977 960 3012 scripturam
972 2982 1088 3001 veterem
1100 2972 1197 3001 editio-

244 3029 320 3051 num,
331 3029 359 3046 :ic
370 3017 593 3044 membranarum.
614 3015 771 3041 recentiores
783 3014 852 3039 enini
865 3015 945 3038 multo.
966 3019 1089 3047 tanquam
1101 3010 1119 3037 11
1129 3010 1197 3037 alte-

246 3066 303 3084 rum
315 3057 401 3082 minus
412 3051 577 3105 fcrriposs‘ct.
847 3084 861 3088 Ι.
883 3084 886 3088 .
1150 3083 1154 3087 .

277 3100 304 3125 4,
324 3093 372 3124 §.Q-‘1'
380 3087 603 3123 arastum-istium]
623 3086 785 3113 Gulielmius
797 3083 949 3114 coniiciebat
961 3102 969 3114 ‚
980 3083 1086 3117 cnjufijue
1094 3080 1152 3106 moth
1162 3081 1197 3114 es-

234 3130 296 3164 er.
310 3121 454 3155 Laiiibinus
465 3124 560 3157 edidit,
572 3123 705 3151 cuicuimodi
714 3122 780 3157 ‘lffi'm
791 3133 798 3154 ‚>
809 3119 943 3157 quomodo
953 3120 980 3146 ἃ
993 3120 1013 3146 P
1019 3118 1174 3147 .Manutius.

1277 2729 1302 2754 5.
1322 2723 1499 2746 Humanitatcm
1509 2720 1600 2753 dignam
1610 2718 1738 2752 stimula]
1760 2717 1877 2751 Adjutus
1889 2718 1903 2743 a
1914 2715 1972 2742 mss.
1983 2713 2127 2740 Lambinus
2139 2710 2197 2739 edi-

1239 2756 1279 2783 dit
1289 2758 1436 2781 humanitate
1445 2755 1676 2788 dignamfitentiam.
1696 2753 1738 2780 sed
1749 2754 1786 2780 ita
1797 2753 1863 2780 nulli
1874 2751 2000 2778 Palatini.

1275 2792 1304 2818 6.
1324 2792 1436 2817 Laudari
1445 2791 1504 2825 quod
1512 2800 1588 2816 ceram
1598 2799 1668 2824 quum
1678 2791 1739 2824 quod
1746 2799 1834 2815 crocum
1843 2788 1926 2822 olera]
1948 2788 2012 2812 Haec
2022 2785 2057 2812 est
2069 2783 2196 2825 scriptura

1241 2827 1308 2854 Pali.
1320 2827 1417 2863 septeni
1428 2828 1454 2852 &t
1467 2826 1621 2852 Mciuiniani
1634 2835 1641 2854 ς
1658 2833 1859 2861 propugnatque
1871 2824 1918 2849 lib.
1932 2833 1972 2848 iv.
1983 2831 2037 2857 cap.
2051 2831 2076 2855 5.
2088 2819 2194 2846 Miscel-

1241 2864 1375 2890 laneoruin
1388 2863 1522 2889 izi-mixtis.
1545 2861 1689 2888 Lambinus
1700 2861 1803 2897 reponit
1814 2865 1827 2887 c
1839 2860 1919 2886 Plinii
1930 2858 1999 2884 libro
2010 2866 2059 2884 xvr
2068 2866 2073 2883 ι
2082 2876 2087 2882 .
2098 2865 2154 2892 cap.
2168 2864 2194 2890 5.

1240 2908 1330 2926 terram
1340 2908 1411 2933 quam
1421 2900 1606 2931 crocumsapere.

1275 2944 1302 2970 7.
1320 2934 1495 2968 Dulcimdine]
1517 2933 1624 2960 Habent
1639 2931 1706 2960 istud
1718 2942 1768 2959 non
1780 2931 1885 2958 Nonius
1897 2929 1976 2956 modo
1988 2949 1995 2961 ‚
2014 2927 2056 2955 sed
2067 2929 2093 2954 ὃς
2107 2927 2193 2954 Palat.

1240 2979 1303 2999 tert.
1315 2978 1403 3007 quart.
1415 2970 1481 2997 sext.
1494 2969 1615 3005 septimus
1628 2979 1635 2999 3
1649 2978 1700 2995 uon
1711 2969 1831 2993 dulecdt'ne
1842 2986 1850 2998 ,
1861 2966 1931 3002 quod
1941 2965 2054 2992 inveniri
2067 2963 2193 2990 tamenin

1239 3007 1368 3044 plerisque
1380 3006 1536 3039 membranis
1548 3012 1652 3041 putarat
1665 3004 1820 3030 Lambinus.
2090 3035 2094 3040 Ι

1276 3043 1303 3070 8.
1321 3045 1375 3069 Sine
1385 3042 1574 3076 reprehcnfione.]
1587 3040 1731 3067 Lambinus
1742 3038 1848 3068 intrusit
1857 3039 2007 3074 respiratione
2019 3055 2027 3069 ,
2037 3035 2111 3064 libris
2121 3033 2192 3062 cala-

1240 3089 1282 3108 mo
1293 3079 1407 3108 exaratis
1419 3088 1471 3107 nou
1480 3076 1696 3106 adsentientibus.

2129 3141 2192 3168 ιω
