2360 3400
86 2059 132 2084 20
147 2047 286 2078 Catulus:
307 2057 357 2077 me
375 2055 484 2076 omnes
500 2047 622 2076 intueri.

463 128 796 174 ACADEM.
850 125 1449 191 QAEs’r-toriu‘ii,
1512 126 1666 180 Lm·
1711 137 1779 181 11.

163 205 252 244 tum}
271 206 419 240 &multis
431 209 518 238 annis
526 206 613 247 post,
633 207 732 238 multo
749 209 839 238 etiam
860 207 1072 238 ass'everantius
1087 208 1119 236 in

166 254 248 294 Syria
258 272 267 286 ,
277 250 349 282 ci'im
360 248 432 279 esset
442 259 563 280 mecum
577 250 678 289 paullo
693 250 773 283 ante,
788 250 878 291 quam
888 248 960 280 esset
974 258 1121 279 mortuus.

167 299 179 316 ¹
193 293 248 325 Sed
263 293 326 332 jam
345 290 509 329 confirmata
527 292 631 331 causa,
651 300 698 325 te,
719 292 879 322 hominem
895 290 1120 323 amicissimum,

165 336 228 375 (me
236 343 336 364 autern
347 333 521 373 appellabat)
532 333 564 363 &
573 334 688 374 aliquot
697 336 782 364 annis
793 336 946 363 minorem
958 341 1040 366 natu,
1058 341 1121 361 non

161 375 308 408 dubitabo
328 385 472 405 monere:
495 378 606 407 Tune,
626 375 697 405 cum
718 377 808 405 tantis
827 374 965 419 laudibus
984 373 1120 413 philoso-

163 419 271 459 phiam'
283 416 424 447 extuleris
436 436 444 451 ,
464 416 720 458 Hortensiumque
738 416 875 447 nostrum
895 414 1118 461 dissentientem

162 460 367 493 commoveris
378 479 386 491 2
406 468 470 488 eam
484 459 705 499 philosophiam
722 457 840 499 sequere
850 478 860 492 ‚
879 468 945 498 quae
957 456 1120 503 contundit

162 511 232 535 vera
242 511 312 531 cum
323 499 399 530 falsis
410 520 418 534 ,
438 501 544 541 spoliat
557 511 613 530 nos
624 501 741 540 judicio
752 520 760 534 ‚
780 502 876 540 privat
891 499 1116 539 approbatione,

165 543 311 576 omnibus
330 543 413 572 orbat
432 541 583 573 sensibus?
606 546 643 573 Et
660 544 834 573 Cimmeriis
847 542 970 582 quidem
983 561 991 574 ,
1009 540 1116 580 quibu'-
1136 563 1139 588 ἶ

160 584 315 627 adspefium
328 584 388 623 βίω
399 582 456 614 sive
467 585 538 614 deus
548 585 656 624 aliquis
668 604 676 618 ‚
690 582 748 614 five
761 593 861 614 natura
872 583 1020 613 ademerat
1033 602 1041 614 .
1058 579 1118 611 five

162 631 228 668 ejus
246 628 326 659 loci,
344 636 435 667 quem
455 627 646 659 incolebant,
666 625 754 658 situs,
776 627 860 665 ignes
874 634 974 655 tamen
986 624 1116 656 aderant,

165 674 180 691 2
190 678 319 712 quorum
331 669 393 697 illis
404 677 447 698 uti
457 669 576 698 lumine
586 669 691 698 licebat
725 667 771 697 isti
781 676 880 697 autem
894 687 902 700 ,
921 675 997 706 quos
1008 675 1038 696 tu
1049 675 1117 705 pro-

159 713 211 743 bas
223 733 232 745 ,
253 712 341 741 tantis
360 708 463 740 offufis
482 710 612 740 tenebris
624 730 631 742 ,
654 720 692 739 ne
705 709 864 739 scintillam
879 707 1004 748 quidem
1023 708 1116 754 ullam

160 755 251 785 nobis
273 752 324 782 3ad
335 751 562 792 adspiciendum
573 753 767 792 reliquerunt.
781 760 857 791 quos
869 749 889 779 si
900 750 1067 790 sequamur,
1080 758 1118 778 iis

159 795 292 827 vinculis
303 793 393 824 simus
406 792 535 823 adstritsti
547 813 557 826 ‚
577 801 610 822 ut
630 802 687 823 nos
705 801 902 822 commovere
922 800 1116 831 nequeamus.

154 837 273 879 sublata
282 838 365 867 enim
377 833 537 865 assensione
548 854 559 866 ,
571 843 697 864 ornnem
710 834 742 863 ὃς
754 843 872 863 motum
884 834 1071 876 animorum,
1083 831 1117 862 &

159 880 313 911 notionem
324 887 424 907 rerum
436 875 624 906 sustulerunt.
647 875 729 915 quod
749 885 813 904 non
831 874 926 904 modo
946 873 1025 904 ῑεᾶὲ
1040 876 1115 907 heri,

159 923 209 953 sed
224 922 355 951 omnino
375 916 439 947 fieri
457 927 521 946 non
537 915 644 956 potest.
667 916 792 956 provide
802 917 891 946 etiarn
903 935 913 949 ‚
933 926 970 945 ne
991 918 1043 945 uni
1063 914 1116 945 tibi

158 963 244 994 istam
256 961 432 992 sententiam
445 957 577 988 minime.
587 958 673 988 liceat
681 957 851 987 defendere.
875 968 912 987 an
923 966 954 987 tu
966 976 974 990 ‚
986 957 1058 987 cum
1069 967 1116 986 res

157 1001 371 1036 occultissimas
388 1001 537 1040 aperueris
548 1019 556 1032 ,
576 1000 610 1029 in
621 999 782 1040 lucemque
794 1000 963 1039 protuleris,
980 1001 1115 1038 juratus-

156 1057 210 1088 que
226 1045 336 1075 dixeris
345 1063 355 1077 ,
379 1051 421 1072 EA
441 1051 486 1072 TE
504 1051 729 1071 COMPERISSE:
749 1041 830 1083 quod
846 1042 923 1071 mihi
937 1051 1058 1082 quoque
1078 1041 1116 1070 l‘i—

155 1088 238 1118 cebat
248 1107 256 1121 ‚
276 1087 328 1126 qui
339 1094 379 1115 ex
390 1093 417 1114 te
427 1084 478 1114 illa
489 1093 691 1125 cognoveram
706 1094 711 1112 :
734 1083 854 1125 negabis
863 1081 922 1113 esse
932 1093 995 1113 rem
1008 1083 1114 1116 ullam,

153 1139 220 1171 quae
232 1127 391 1169 cognosci,
402 1125 640 1166 comprehendi,
651 1127 761 1165 percipi
772 1123 878 1165 poffit?
896 1125 966 1155 vide
977 1145 985 1159 ,
1002 1125 1113 1165 quaeso,

155 1174 245 1202 etiam
258 1179 346 1210 atque
365 1170 453 1199 etiam
467 1187 476 1202 ,
497 1177 534 1197 ne
554 1168 671 1197 illarum
691 1177 812 1208 quoque
831 1177 930 1197 rerum
950 1167 1115 1213 pulcherri-

155 1222 276 1244 marum
296 1214 311 1241 a
330 1221 358 1241 te
376 1211 440 1250 ipso
460 1211 614 1239 minuatur
624 1208 792 1239 aritstotitas.
816 1211 890 1247 Quae
900 1207 1112 1242 cumdixisset,

153 1256 209 1286 ille
221 1275 230 1288 ‚
242 1253 335 1285 finem
344 1251 425 1282 fecit.
448 1249 627 1281 Hortensius
637 1260 736 1281 autem
748 1252 942 1281 vehementer
953 1250 1112 1284 admirans,

153 1296 235 1338 quod
246 1295 370 1337 quidem
380 1292 525 1333 perpetuo
535 1293 666 1323 Lucullo
683 1293 826 1333 loquente
835 1292 941 1323 fecerat
951 1313 959 1327 ‚
980 1302 1011 1323 ut
1021 1296 1112 1323 etiam

153 1347 255 1368 manus
276 1338 348 1376 saepe
366 1337 479 1365 tolleret.
502 1345 557 1364 nec
568 1337 692 1364 mirum.
716 1345 786 1365 nam
808 1344 976 1375 numquam
987 1336 1112 1365 arbitror

153 1389 257 1412 contra
266 1378 458 1409 Academiam
468 1376 586 1407 dissum
598 1374 655 1406 esse
670 1375 819 1406 subtilius.
842 1386 892 1406 me
904 1387 1023 1418 quoque
1035 1398 1042 1411 ‚.
1061 1377 1112 1416 jo-

152 1422 260 1452 cansne
273 1441 282 1454 ‚
293 1430 331 1450 an
340 1421 382 1449 ita
390 1419 519 1449 sentiens
528 1438 536 1451 ,
557 1417 634 1456 (non
645 1419 728 1447 enirn
742 1418 809 1447 satis
818 1419 1037 1460 intelligebam)
1049 1429 1110 1450 coe—

151 1466 197 1505 pit
207 1463 336 1495 hortari,
349 1470 381 1490 ut
389 1461 535 1490 sententia
543 1457 721 1489 desisterem.
737 1462 820 1489 Tum
834 1461 912 1490 mihi
923 1462 1046 1490 Catulus
1055 1481 1063 1493 ,
1079 1464 1109 1492 Si

153 1515 182 1536 te
193 1525 202 1539 ,
223 1505 323 1544 inquit
331 1522 342 1535 ‚
357 1501 477 1532 Luculli
488 1502 583 1531 oratio
598 1499 684 1531 flexit
694 1520 702 1534 ,
713 1510 788 1541 cquae
798 1500 840 1531 est
851 1502 950 1532 habita
959 1505 1110 1532 memori—

151 1556 196 1578 ter
205 1566 214 1580 ,
225 1543 355 1576 accurate
366 1564 376 1577 ,
386 1542 509 1583 copiose
522 1553 528 1571 τ
539 1551 632 1576 taceo,
643 1552 740 1583 neque
752 1552 780 1573 te
789 1562 797 1575 ‚
810 1553 872 1583 quo
883 1542 988 1573 minus
1000 1564 1009 1577 ,
1022 1542 1042 1573 fi
1054 1544 1109 1574 tibi

150 1590 191 1618 ita
201 1587 335 1617 videatur
345 1605 355 1619 ,
374 1585 551 1615 sententiam
561 1594 660 1614 mutes
671 1605 680 1617 ,
696 1584 910 1615 deterrendum
925 1595 1008 1625 puto.
1032 1586 1109 1616 illud

149 1629 224 1661 vero
232 1638 299 1660 non
308 1627 475 1658 censuerim
487 1647 495 1660 ,
508 1636 540 1657 ut
547 1628 614 1666 ejus
620 1625 796 1656 austoritate
804 1637 932 1656 moveare
940 1638 951 1655 .·
962 1631 980 1654 4
990 1627 1108 1658 tantum

149 1673 235 1702 enim
246 1680 274 1701 te
285 1679 349 1700 non
360 1671 482 1699 monuit
492 1689 500 1702 ,
512 1670 629 1709 inquit,
640 1668 771 1699 arridens
782 1689 791 1702 ‚
806 1678 839 1699 ut
848 1679 977 1704 cavereS,
989 1680 1026 1700 ne
1037 1672 1107 1711 quis

149 1713 308 1754 improbus
318 1711 457 1742 tribunus
466 1710 543 1752 pleb.
556 1720 686 1751 quorum
699 1710 783 1740 vides
799 1721 908 1752 quanta
925 1714 1011 1752 copia
1029 1713 1109 1743 sem-

148 1765 201 1796 per
210 1754 309 1785 futura
318 1752 352 1784 sit
362 1773 371 1787 ,
388 1755 529 1792 arriperet
539 1762 567 1783 te
579 1772 588 1786 ‚
607 1753 640 1786 &
658 1753 691 1782 in
709 1754 859 1783 concione
871 1762 1036 1794 quaereret,
1055 1753 1109 1795 qui

148 1797 192 1827 ibi
200 1795 348 1828 constares
360 1815 369 1829 ‚
388 1793 461 1825 cum
478 1794 560 1824 idem
571 1804 690 1835 negares
699 1794 860 1835 qurdquam
870 1796 937 1825 certi
950 1795 1023 1837 poffi
1035 1804 1108 1837 repe-

145 1839 220 1873 riri,
239 1837 322 1868 idem
343 1846 371 1867 te
390 1845 598 1866 COMPERISSE
614 1835 746 1866 dixisses.
769 1839 839 1867 Hoc
852 1856 861 1870 ‚
882 1838 1002 1877 quaeso,
1024 1847 1063 1867 ne
1081 1848 1109 1868 te

147 1888 264 1912 terreat.
289 1879 325 1909 de
333 1878 418 1909 causa
429 1887 529 1908 autem
546 1878 605 1918 ipsa
618 1878 725 1908 malim
737 1877 862 1918 quidem
878 1887 905 1908 te
918 1879 955 1909 ab
972 1880 1030 1909 hoc
1049 1879 1109 1910 dis—

146 1922 264 1953 sentire.
294 1920 338 1951 firi
355 1918 471 1951 cesteris
489 1939 498 1953 ‚
525 1929 589 1950 non
608 1929 789 1960 magnopere
810 1920 954 1951 mirabor.
977 1922 1109 1951 memini

147 1966 232 1994 enim
242 1963 428 1994 Antiochum
439 1962 537 2002 ipsum
549 1981 558 1995 ,
575 1959 646 1992 cum
656 1971 754 1991 annos
765 1962 881 1992 multos
890 1963 957 1993 talia
966 1961 1104 1997 sensisset,

147 2005 238 2036 simul
256 2015 288 2035 ac
303 2004 402 2035 visum
417 2002 451 2034 sit
461 2023 470 2038 ‚
489 2004 635 2034 sententia
646 2002 796 2034 destitisse.
821 2006 893 2035 Haec
903 2003 975 2035 cum
986 2004 1107 2035 dixisset

666 2048 750 2076 Tum
761 2056 817 2086 ego
829 2056 894 2076 non
905 2048 1009 2077 minsis
1019 2056 1106 2078 com-

148 2098 250 2120 motus
262 2109 270 2122 ‚
281 2088 371 2130 quam
383 2088 466 2118 soleo
476 2089 509 2118 in
519 2086 609 2118 caufis
619 2087 785 2127 majoribus
798 2107 807 2122 ‚
819 2091 832 2116 5
840 2088 1015 2128 hujusmodi
1025 2088 1105 2130 quasi

133 2133 282 2162 «oratione
293 2131 359 2161 sum
369 2129 510 2160 exorsus:
530 2132 601 2164 Me,
623 2130 745 2164 Catule,
763 2132 859 2160 oratio
870 2131 992 2161 Luculli
1001 2131 1106 2171 deipsa

139 2179 176 2204 ‘re
191 2176 230 2204 ita
244 2174 363 2206 movit,
382 2181 417 2202 ut
427 2170 509 2202 doeh
519 2172 676 2206 hominis,
699 2171 731 2202 ὃς
741 2171 853 2212 copiosi
864 2192 873 2206 ,
893 2173 925 2203 &
938 2175 1049 2213 parati,
1072 2173 1104 2203 δε

148 2215 227 2246 nihil
246 2216 450 2255 praetereuntis
469 2223 575 2244 eorum
585 2233 594 2247 ‚
616 2223 681 2254 quae
689 2223 743 2254 pro
752 2214 805 2244 illa
814 2214 899 2245 causa
908 2214 967 2244 dici
977 2213 1104 2254 possent,

142 2256 323 2288 nontamen
341 2255 355 2276 ⁶
367 2265 398 2286 ut
410 2256 435 2285 ed
449 2254 675 2297 respondercpoffie
684 2254 864 2286 diffiderem.
887 2255 1047 2287 au&oritas
1056 2267 1104 2287 au-

143 2308 205 2330 tem
217 2307 296 2329 tanta
305 2298 393 2339 plane
405 2307 455 2328 me
465 2298 628 2332 movebat,
643 2296 699 2328 nifi
712 2307 744 2328 tu
763 2297 946 2338 opposuisses
960 2308 1023 2329 non
1040 2300 1104 2329 mi-

144 2351 254 2372 norem
273 2349 364 2371 tuam.
387 2340 536 2381 aggrediar
547 2341 655 2381 igitur,
674 2338 695 2369 fi
710 2350 798 2380 pauca
807 2340 877 2371 ante
887 2339 965 2382 quasi
977 2340 1014 2371 de
1022 2340 1104 2372 fama

145 2392 213 2413 mea
221 2383 338 2413 dixero.
361 2385 425 2423 Ego
441 2383 526 2412 enim
544 2381 563 2411 si
580 2391 630 2412 aut
645 2380 823 2417 ostentatione
835 2382 933 2423 aliqua
942 2382 1100 2418 addustus,

142 2433 194 2455 aut
205 2423 299 2460 studio
318 2423 459 2458 certandi,
479 2423 513 2454 ad
528 2425 604 2454 hanc
617 2422 805 2464 potissimum
814 2425 1039 2465 philosophiam
1051 2435 1102 2456 me

142 2467 288 2506 applicavi
300 2477 310 2500 ς
328 2475 390 2496 non
405 2465 498 2496 modo
512 2464 668 2496 stultitiam
683 2475 781 2496 meam
794 2486 802 2499 ,
823 2466 871 2496 sed
883 2468 974 2497 etiam
986 2476 1099 2501 mores,

142 2508 322 2538 &naturam
333 2508 596 2538 condemnandam
607 2516 690 2547 puto.
712 2517 782 2538 nam
794 2528 802 2541 ,
823 2507 843 2537 fi
854 2510 883 2538 in
893 2509 1015 2538 minimis
1025 2508 1103 2538 rebus

137 2550 294 2592 pertinacia
303 2549 506 2591 reprehenditur
515 2569 525 2584 ,
544 2549 688 2579 calumnia
698 2551 786 2580 etiam
795 2550 933 2580 coercetur
943 2562 954 2579 .·
971 2556 986 2580 7
996 2561 1051 2593 ego
1062 2551 1099 2582 de

2032 152 2058 197 9
2068 136 2128 197 85·

1143 213 1147 231 ⁰
1165 212 1252 241 omni
1265 210 1359 247 statu,
1382 211 1568 257 consilioque
1579 218 1671 246 totius
1686 216 1755 247 vitae
1773 224 1822 247 aut
1840 224 1948 248 certare
1966 226 2038 248 cum
2058 219 2127 249 aliis

1143 234 1146 270 l
1166 256 1355 291 pugnaciter,
1376 265 1424 285 aut
1435 254 1568 287 frustrari
1578 257 1648 287 ct'im
1661 259 1736 289 alios
1749 279 1758 293 ‚
1777 268 1844 289 tum
1854 261 1944 290 etiam
1957 269 2006 291 me
2022 261 2122 300 ipsum

1164 294 1279 326 velim?
1301 299 1417 337 ltaque,
1434 297 1490 327 nisi
1500 300 1637 339 ineptum
1649 295 1806 340 8putarem
1819 321 1828 335 ‚
1841 304 1873 331 in
1884 303 1934 332 tali
1945 301 2122 343 disputatio-

1165 343 1203 363 ne
1214 335 1243 365 id
1255 336 1349 367 facere
1358 358 1366 371 ,
1378 339 1458 379 quod
1470 361 1477 372 .
1489 340 1558 370 cum
1572 342 1608 371 de
1616 351 1675 382 rep.
1690 342 1879 383 disceptatur,
1891 343 1956 373 fieri
1966 344 2121 375 interdum

1139 411 1141 425 Ι
1163 375 1256 406 solet:
1275 380 1402 413 jurarem
1415 381 1582 422 perJoyem
1596 404 1605 415 .
1620 383 1750 425 deosque
1759 388 1893 424 penateis
1904 405 1912 419 ‚
1928 395 1977 416 me
1988 386 2124 416 &ardere

1139 430 1141 458 3
1156 415 1251 452 studio
1261 428 1320 448 verz
1332 423 1495 460 reperiendi,
1509 423 1541 453 &
1551 434 1583 454 ea
1593 425 1698 455 sentire
1710 446 1717 458 ,
1730 436 1794 467 quae
1807 427 1949 457 dicerem.
1973 426 2025 468 qui
2034 431 2119 458 enim

1139 465 1140 470 ¹
1162 458 1279 498 possum
1293 472 1355 491 non
1367 473 1473 502 cupere
1484 475 1589 496 verum
1602 468 1737 497 invenire
1750 488 1759 502 ,
1777 468 1848 498 cum
1860 469 2002 509 gaudeam
2015 490 2023 502 ,
2044 468 2064 499 si
2083 470 2120 499 si—

1164 501 1237 530 mile
1249 512 1308 531 veri
1320 506 1391 543 quid
1405 508 1597 536 invenerim?
1614 508 1663 538 sed
1676 529 1685 542 ‚
1703 518 1736 539 ut
1748 511 1802 540 hoc
1815 512 2051 550 pulcherrimum
2063 510 2123 542 esse

1163 542 1293 577 judicem
1304 565 1312 577 ,
1326 555 1394 575 vera
1405 547 1505 576 videre
1520 560 1522 575 ;
1544 547 1580 579 sic
1591 570 1597 581 ‚
1615 558 1665 590 pru
1676 560 1745 580 veru
1753 550 1954 593 probarefaifiz
1965 573 1973 586 ,
1993 554 2119 594 rurptff-

1162 594 1241 612 mum
1257 584 1310 614 eff.
1335 596 1390 616 nec
1408 596 1510 618 tamen
1524 600 1579 630 ego
1597 601 1620 621 is
1637 592 1700 621 sum
1713 612 1721 626 ‚
1742 596 1794 633 qui
1808 595 1886 624 nihil
1899 604 2043 634 umquam
2054 595 2120 625 ralfi

1160 626 1321 665 approbem
1336 647 1344 660 ‚
1363 631 1414 668 qui
1431 639 1596 672 numquam
1608 632 1761 668 assentiar,
1775 637 1826 676 qui
1839 637 1916 665 nibil
1927 646 2049 675 opiner:
2069 638 2121 667 sed

1160 670 1324 707 quati-imus
1343 670 1380 699 de
1399 670 1527 709 sapiente
1541 693 1549 705 .
1571 683 1625 714 ego
1644 675 1716 704 vero
1735 678 1794 715 ipse
1809 678 1840 707 ὃς
1855 687 1979 718 magnus
1993 678 2117 718 quidem

1159 709 1227 738 sum
1247 712 1387 749 opinator
1405 712 1481 749 (non
1495 716 1578 743 enim
1593 716 1659 745 sum
1679 717 1805 757 sapiens)
1827 719 1859 748 Sc
1871 729 1951 749 meas
1961 721 2114 759 cogitatio—

1162 760 1216 780 nes
1227 749 1264 781 sic
1273 753 1371 794 dirigo
1381 773 1388 786 ‚
1402 763 1466 783 non
1477 754 1511 783 ad
1524 756 1605 785 illam
1616 760 1769 796 parvulam
1781 762 1963 799 Cynosuram
1976 781 1984 795 ,

1236 803 1274 821 ua
1285 793 1384 832 fidunt
1400 794 1468 823 duce
1484 796 1620 826 nocrurna
1639 800 1776 829 Psaoemces
1794 812 1822 829 m
1839 803 1897 832 alto
1912 823 1921 836 ,

1135 825 1138 863 l
1159 843 1194 864 ut
1210 836 1251 864 ait
1261 839 1369 866 Aratus
1380 855 1390 869 ,
1409 846 1506 878 eoque
1526 838 1670 871 dii-eitius
1686 841 1853 881 gubernant
1865 865 1876 877 .
1890 845 1972 885 quod
1987 854 2053 876 eam
2073 853 2119 877 te..

1159 885 1251 910 nent,
1270 896 1274 898 -

1200 918 1272 958 Qae
1289 920 1370 960 cursu
1388 919 1515 950 interiore
1526 941 1534 955 ,
1557 920 1637 952 brevi
1655 925 1829 954 convertitur
1846 926 1905 956 orbe
1916 939 1927 954 .-

1158 959 1206 989 sed
1218 961 1253 991 ad
1266 961 1395 991 Helicen
1406 982 1414 995 ,
1435 963 1467 992 &
1477 963 1650 995 clariffimos
1663 969 1899 1006 Septemtriones
1909 990 1918 1003 ,
1940 969 1969 1000 id
1986 971 2028 1001 est
2039 991 2047 1005 ‚
2068 981 2118 1003 1⁶1-

1158 1003 1256 1032 tiones
1267 1004 1318 1033 has
1328 1023 1336 1037 ‚
1349 1005 1452 1034 latiore
1462 1006 1556 1044 specie
1566 1026 1574 1039 ‚
1586 1017 1648 1036 non
1659 1008 1693 1037 ad
1706 1017 1794 1038 tenue
1804 1011 1955 1041 elimatas:
1972 1012 2008 1041 eo
2019 1013 2051 1043 fit
2062 1034 2070 1046 ,
2084 1024 2118 1044 uc

1157 1054 1254 1074 errem
1265 1065 1274 1078 ,
1291 1045 1324 1075 &
1336 1055 1421 1087 vager
1431 1046 1529 1076 latius.
1554 1048 1601 1078 sed
1614 1058 1678 1079 non
1688 1049 1784 1080 deme
1795 1071 1803 1084 ‚
1823 1061 1856 1082 ut
1865 1053 1930 1083 dixi
1942 1072 1950 1086 ,
1966 1053 2014 1084 sed
2026 1055 2062 1085 de
2073 1056 2118 1085 sa*

1156 1087 1258 1126 piente
1269 1089 1423 1128 quaeritur.
1446 1090 1509 1129 visk
1519 1092 1602 1119 enim
1614 1089 1666 1121 ista
1676 1091 1747 1121 cum
1759 1094 1866 1124 acriter
1874 1104 2010 1125 mentem
2024 1116 2031 1128 ‚
2050 1098 2115 1126 sen*

1158 1129 1263 1159 sumve
1279 1130 1478 1169 pepulerunt,
1498 1138 1602 1172 accipio
1613 1152 1620 1165 ‚
1641 1133 1744 1174 hisque
1756 1136 1908 1166 interdum
1921 1139 2014 1167 etiarn
2027 1138 2118 1176 affim-

1157 1171 1213 1200 tior
1222 1190 1230 1204 ‚
1250 1171 1434 1213 necperczpio
1445 1181 1555 1203 tamen.
1580 1175 1658 1204 nihil
1666 1178 1750 1206 enim
1761 1177 1885 1208 arbitror
1894 1177 1976 1218 posse
1986 1183 2114 1220 percipi„

1156 1222 1221 1242 non
1233 1213 1298 1243 sum
1309 1214 1433 1253 sapiens.
1456 1215 1556 1255 itaque
1566 1215 1718 1247 visiscedo
1729 1238 1738 1250 ‚
1756 1228 1853 1260 neque
1870 1219 1989 1259 possum
2002 1220 2116 1252 resiste-

1153 1264 1193 1284 re.
1217 1255 1357 1295 sapientis
1374 1265 1474 1286 autem
1494 1257 1570 1287 hanc
1589 1259 1837 1291 censetArcefilas
1853 1265 1918 1292 vim
1937 1261 1996 1293 esse
2015 1266 2117 1295 maxi-

1155 1305 1239 1326 mam
1253 1317 1261 1330 .
1285 1297 1743 1332 Zenoniass'entiensmavaaa
1765 1312 1809 1332 NE
1829 1312 2007 1335 cnm-run
2029 1316 2035 1335 :
2068 1316 2113 1336 uz

1156 1347 1341 1369 FALLATUR
1356 1359 1365 1372 ‚
1387 1349 1526 1370 VIDERE..
1551 1343 1629 1371 nihil
1649 1342 1690 1373 est
1711 1345 1795 1375 enim
1812 1345 1849 1375 ab
1869 1356 1902 1376 ea
1919 1348 2115 1387 cogitatione.

1154 1389 1245 1420 quarn
1256 1381 1404 1411 habemus
1415 1381 1451 1411 de
1461 1384 1600 1423 gravitate
1609 1383 1749 1424 sapientis
1758 1406 1767 1418 ,
1782 1396 1881 1418 errore
1893 1408 1901 1421 ,
1920 1389 2054 1422 levitate,
2069 1399 2114 1419 te-

1155 1424 1289 1452 meritate
1300 1422 1476 1462 dijuntffius.
1498 1425 1572 1465 quid
1585 1427 1674 1467 igitur
1682 1427 1787 1468 loquar
1797 1429 1834 1459 de
1844 1428 1987 1460 firmitate
1996 1431 2114 1470 sapienu

1156 1465 1214 1492 tis?
1236 1474 1328 1505 quem
1338 1465 1461 1505 quidem
1474 1467 1552 1496 nihil
1562 1470 1679 1507 opinari
1688 1478 1720 1498 tu
1729 1479 1850 1511 quoque
1860 1491 1868 1504 ,
1881 1472 2007 1502 Luculle
2017 1492 2025 1505 ,
2036 1483 2115 1503 con-

1149 1504 1242 1535 cedis.
1265 1506 1348 1546 quod
1367 1509 1512 1547 quoniam
1533 1508 1548 1538 a
1568 1518 1596 1538 tc
1616 1510 1755 1548 probatur
1768 1511 1814 1549 (ut
1824 1513 2001 1553 praepostere
2013 1523 2116 1545 tecum

1153 1556 1256 1587 agam,
1280 1557 1356 1577 mox
1373 1547 1501 1579 referam
1521 1559 1571 1579 me
1589 1552 1626 1581 ad
1643 1551 1797 1591 ordinem)
1815 1555 1878 1584 haec
1890 1554 2026 1593 primum
2038 1566 2115 1586 con—

1152 1587 1246 1618 clusio
1261 1599 1351 1629 quam
1366 1589 1470 1620 habeat
1485 1592 1547 1620 vim
1559 1611 1568 1625 ,
1586 1591 1744 1623 considera.
1766 1595 1803 1624 St
1820 1604 1904 1625 unm
1919 1605 1978 1625 nat
1997 1598 2113 1636 sapiens
2132 1606 2171 1630 21

1152 1628 1324 1660 assentietur
1341 1641 1506 1672 umquam,
1526 1633 1689 1674 aliquando
1707 1637 1798 1666 etiam
1816 1637 1998 1676 opinabitur.
2020 1649 2116 1669 num-

1152 1682 1243 1713 quam
1253 1682 1352 1703 autem
1363 1674 1552 1713 opinabitur:
1572 1676 1652 1705 nulli
1669 1677 1760 1718 igitur
1779 1678 1821 1708 rei
1834 1676 2013 1710 assentietur.
2036 1682 2115 1712 hanc:

1152 1713 1380 1745 conclusionem
1390 1714 1531 1747 Arcesilas
1543 1717 1665 1757 probat:
1683 1717 1882 1751 confirmabat
1898 1723 1982 1751 enim
2003 1721 2037 1753 &
2052 1725 2116 1762 pri-⁴

1155 1766 1242 1786 mum
1255 1777 1263 1790 ‚
1276 1757 1309 1787 &
1320 1757 1497 1788 secundum.
1525 1759 1690 1790 Carneades
1698 1770 1932 1803 nonnumquam
1943 1763 2111 1796 secundum

1151 1798 1228 1828 illud
1240 1798 1465 1836 dabat·affi²ntiri
1476 1800 1629 1842 aliquando
1641 1821 1649 1835 ‚
1671 1805 1686 1827 9
1698 1804 1735 1833 ita
1749 1803 1922 1843 sequebatur
1934 1806 2020 1836 enim
2038 1815 2113 1837 opr-

1154 1849 1239 1870 NAiu
1254 1851 1259 1869 :
1278 1841 1360 1881 quod
1373 1850 1404 1871 tu
1413 1851 1479 1872 non
1489 1846 1536 1872 vis
1546 1862 1554 1875 ,
1568 1843 1602 1873 &
1613 1842 1693 1873 ῐεᾶὶὲ
1704 1864 1713 1876 ,
1729 1853 1762 1874 ut
1770 1846 1849 1875 mihi
1861 1845 1983 1877 videris.
2005 1848 2062 1879 Sed
2073 1849 2114 1878 il-

1150 1881 1202 1911 lud
1211 1883 1289 1921 prim
1296 1882 1347 1912 um
1361 1902 1369 1916 ,
1392 1885 1592 1914 ΒΑΡῙΕΝΤΕΜ
1603 1905 1612 1917 ,
1624 1884 1645 1914 fi
1655 1884 1820 1916 assensurus
1829 1886 1920 1922 esset,
1942 1890 2033 1922 etiam
2045 1892 2114 1931 opi-

1152 1931 1290 1953 naturum
1302 1943 1311 1957 ‚
1330 1924 1438 1954 falsum
1449 1924 1506 1954 esse
1518 1925 1551 1955 ὅ(
1561 1928 1654 1957 Stoici
1671 1926 1777 1958 dicunt
1787 1948 1795 1962 ‚
1815 1929 1848 1959 &
1858 1939 1964 1960 eorum
1978 1930 2113 1972 adstipu-

1149 1965 1225 1995 lator
1234 1966 1415 1996 Antiochus.
1436 1965 1519 2006 poss'e
1530 1969 1614 1998 enim
1625 1978 1696 1998 eum
1707 1968 1777 2000 falsa
1786 1970 1801 2000 a
1810 1972 1891 2001 veris
1901 1991 1910 2005 ‚
1928 1972 1961 2002 &
1970 1982 2035 2013 quae
2046 1983 2113 2006 non

1150 2005 1393 2048 possuntpercipi
1406 2028 1414 2041 ‚
1434 2008 1469 2039 ab
1483 2010 1540 2043 iis,
1558 2019 1624 2050 quae
1634 2009 1763 2050 poffint,
1785 2012 1986 2054 distinguere:
2004 2015 2108 2046 Nobis

1149 2058 1248 2079 autem
1258 2048 1395 2089 primum
1407 2069 1415 2083 ‚
1433 2053 1523 2081 etiam
1546 2049 1565 2080 fi
1584 2052 1656 2092 quid
1675 2055 1788 2094 percipi
1805 2053 1912 2094 poffir,
1933 2065 2033 2086 tamen
2048 2058 2112 2097 ipsa

1151 2091 1314 2130 consuetudo
1334 2091 1496 2129 affintiendi
1510 2113 1517 2126 ,
1538 2093 1691 2134 periculofiz
1708 2094 1756 2132 effi
1776 2096 1910 2131 videtur,
1935 2098 1970 2130 (y
1987 2097 2108 2129 lubrica.

1150 2133 1348 2173 quamobrem
1359 2133 1432 2164 cum
1442 2143 1503 2164 tam
1514 2137 1656 2166 vitiosum
1668 2134 1727 2166 esse
1735 2137 1852 2168 constet
1861 2158 1870 2172 ‚
1879 2138 2010 2170 assentiri
2020 2141 2113 2181 quid-

1149 2184 1239 2215 quam
1256 2184 1306 2205 aut
1325 2174 1431 2206 falsum
1446 2196 1455 2209 ,
1475 2185 1525 2206 aut
1536 2178 1727 2222 incognitum
1743 2189 1749 2207 :
1767 2178 1939 2211 sustinenda
1952 2180 1995 2212 est
2005 2182 2110 2222 potius

1149 2218 1253 2246 omnis
1269 2215 1391 2246 assensio
1402 2237 1409 2250 ‚
1430 2228 1468 2247 ne
1486 2221 1649 2258 praecipitet
1663 2239 1672 2253 ‚
1689 2218 1709 2248 fi
1731 2221 1844 2252 temeri¹
1860 2221 2045 2262 processerit.
2068 2226 2112 2257 ita

1148 2260 1232 2288 enirn
1244 2258 1378 2297 finitima
1385 2260 1455 2299 sunt
1466 2260 1546 2300 falstz
1557 2270 1635 2295 veru,
1649 2264 1778 2303 ¹0eaque
1786 2273 1854 2304 quae
1863 2266 1975 2305 percipi
1984 2264 2110 2306 possunt

1148 2298 1180 2338 (fi
1191 2299 1286 2330 modo
1298 2311 1329 2330 ea
1338 2301 1633 2342 suntquaedamtjam
1643 2306 1726 2334 enim
1739 2304 1937 2347 videbimus)¹
1947 2311 1992 2337 ¹ut
2003 2316 2107 2339 tamen

1148 2344 1180 2372 in
1197 2344 1384 2383 praecipitem
1397 2344 1500 2374 locum
1520 2354 1583 2374 non
1604 2345 1709 2377 debeat
1728 2346 1756 2376 se
1771 2347 1885 2387 sapiens
1895 2350 2116 2380 committere.-

1147 2383 1299 2415 sinautem
1312 2405 1321 2419 ,
1339 2387 1473 2416 omnino
1487 2387 1566 2416 nihil
1579 2385 1657 2421 csse,
1676 2388 1757 2428 quod
1774 2392 1885 2430 percipi
1903 2389 2007 2430 possit,
2025 2390 2106 2422 'ame

1148 2426 1282 2456 sumsero
1294 2446 1302 2460 ‚
1315 2426 1348 2457 &
1358 2447 1367 2461 ‚
1378 2427 1458 2468 quod
1470 2436 1501 2458 tu
1512 2429 1590 2458 mihi
1600 2429 1650 2460 das
1660 2449 1668 2463 ,
1679 2439 1819 2470 accepero
1830 2452 1838 2465 ,
1851 2432 2013 2472 sapientem
2024 2433 2105 2464 nihil

1146 2470 1263 2508 opinari
1277 2467 1434 2499 :effessum
1445 2470 1521 2500 illud
1530 2473 1601 2504 erit,
1612 2471 1773 2511 sapientem
1783 2471 1913 2504 assensus
1923 2476 2044 2504 omneis
2051 2485 2107 2506 co-

1146 2511 1333 2541 hibiturum:
1354 2521 1386 2542 ut
1405 2511 1459 2542 tibi
1479 2512 1647 2542 videndum
1663 2512 1715 2547 sit,
1735 2513 1805 2544 idne
1815 2515 1923 2549 malis,
1941 2525 1978 2546 an
1987 2516 2104 2557 aliquid

1145 2554 1342 2593 opinaturum
1359 2551 1418 2584 esse
1428 2554 1605 2594 sapientem.
1623 2564 1764 2586 neutrum
1776 2576 1786 2590 ,
1806 2558 1927 2598 inquies
1938 2577 1946 2591 ,
1965 2558 2104 2589 illorum.

1971 2609 2106 2632 nitamur

178 2669 187 2686 i
195 2680 202 2688 .
221 2661 323 2694 Scdjam
334 2662 474 2694 confirmata
483 2660 581 2694 causas]
601 2660 645 2686 Est
656 2661 671 2686 a
681 2660 797 2687 Vithrii
807 2659 850 2686 ed.
860 2670 945 2696 neque
955 2660 1026 2688 secus
1036 2661 1094 2688 Pal.

140 2696 191 2724 sec.
202 2705 231 2723 ac
242 2697 269 2722 S.
280 2696 408 2722 Vitiioris.
428 2695 634 2730 vulgatisedjam
642 2698 714 2721 etiam
725 2698 783 2730 conf.

176 2741 204 2758 ι.
223 2733 325 2765 Qorum
334 2733 378 2758 illis
397 2732 553 2765 urilumine]
574 2731 617 2757 sic
628 2731 696 2757 Pali.
714 2732 743 2757 &
762 2730 918 2759 S.Vi=‘.‘toris
930 2752 939 2765 ,
957 2734 985 2760 δε
1001 2733 1065 2760 editi
1080 2734 1107 2771 ὰ.

139 2767 275 2795 ViStorio.
294 2764 354 2795 ¹nam
368 2766 538 2794 Lambiniani
547 2767 694 2803 ceterique,
704 2777 747 2802 quo
756 2774 806 2793 tum
815 2769 870 2794 illis.

179 2813 205 2839 3.
224 2805 266 2830 Ad
273 2803 459 2839 aspicit-namu]
481 2804 545 2831 Nou
556 2804 644 2839 inepte
656 2804 792 2839 exempla(
803 2805 830 2830 S.
842 2803 971 2837 Vittoris,
982 2805 1047 2831 addi
1074 2808 1097 2832 i-

142 2840 258 2866 ciendum.

177 2882 207 2908 4.
214 2877 317 2902 Tantum
326 2879 387 2902 enim
396 2883 419 2902 te
427 2885 473 2902 non
482 2876 595 2910 monuit]
607 2876 619 2902 Ι
622 2882 649 2902 ta
660 2876 791 2903 recentius
802 2875 864 2902 cusi.
877 2886 936 2903 nain
946 2876 1097 2910 Visstorius,

144 2919 204 2937 iiam
215 2912 350 2939 Manutius
360 2921 424 2939 avus
437 2931 445 2943 ‚
463 2920 484 2938 te
494 2912 556 2938 modo
565 2915 661 2938 monuit.
682 2913 696 2938 a
708 2912 803 2948 quibus
822 2911 920 2939 abeunt
938 2913 995 2940 mss.
1006 2913 1098 2940 nostri.

143 2947 240 2982 quippe
250 2948 306 2975 Pal.
316 2957 356 2984 pr.
375 2954 398 2974 ee
407 2957 470 2975 nunc
478 2948 540 2975 mara
549 2952 647 2975 monuit.
667 2948 717 2975 sec.
736 2958 765 2975 ae
779 2947 897 2976 Via-'toris
909 2968 916 2981 ‚
936 2955 958 2974 te
975 2959 1019 2975 non
1038 2950 1099 2976 modo

144 2986 244 3008 monuit.

183 3026 207 3050 5.
230 3019 544 3061 Hujufinoditnfioratione
554 3022 610 3055 sum
620 3021 741 3056 exorsus]
758 3020 874 3047 Restitui
884 3021 995 3048 omnino
1009 3020 1098 3048 locum

142 3053 195 3080 fide
210 3054 267 3080 Pal.
278 3054 394 3082 secundi.
414 3065 472 3083 nam
484 3058 563 3093 prim.
583 3058 688 3091 quadam
704 3060 807 3083 oratione
819 3076 827 3090 ‚
846 3058 917 3093 quod
928 3057 956 3084 ὅτ
966 3057 992 3084 in
1003 3056 1098 3084 Viae-

143 3091 216 3117 tiana
226 3089 352 3117 editione.
375 3091 475 3127 vulgati
484 3092 549 3119 olim
559 3094 681 3127 quandam
689 3096 825 3120 orationem.

180 3127 207 3152 6.
228 3129 258 3153 Ut
266 3129 288 3153 ei
303 3127 436 3161 respondere
446 3128 507 3161 poffi
514 3129 663 3163 diffiderem]
683 3130 727 3156 Sic
736 3129 808 3156 Vitst.
819 3128 861 3156 ed.
872 3129 900 3156 &
912 3129 1018 3156 pall-at
1027 3130 1099 3156 enim

142 3160 212 3190 liber
222 3163 249 3190 S.
261 3161 377 3192 Viam-is
388 3163 472 3191 adhuc
480 3164 587 3201 ignorat
596 3164 665 3193 illud
677 3167 746 3202 pff.
755 3165 895 3203 publicati,
905 3167 1004 3202 mepcffi
1013 3167 1065 3201 siff

1175 2669 1203 2695 7.
1223 2665 1269 2695 Ego
1287 2663 1314 2687 de
1330 2665 1390 2688 omni
1401 2663 1496 2696 status]
1524 2663 1580 2690 Pal.
1593 2662 1709 2697 remago.
1729 2663 1901 2700 quomodo&
1920 2665 1947 2691 iii
1967 2664 2105 2701 publicum

1140 2697 1226 2724 emisit
1241 2700 1334 2725 Petrus
1346 2698 1493 2725 Vi&or'ius.

1176 2734 1204 2761 8.
1224 2738 1342 2760 Putarem
1362 2738 1388 2760 in
1399 2737 1445 2760 tali
1453 2736 1608 2769 disputatione
1617 2735 1644 2760 id
1656 2735 1764 2770 facere]
1785 2736 1829 2762 Sic
1842 2736 1901 2763 Pal.
1914 2736 1964 2764 see.
1975 2737 2004 2764 δε
2015 2738 2043 2765 S.
2054 2738 2105 2766 Vi-

1141 2769 1224 2796 &oris
1238 2790 1246 2802 ,
1267 2780 1352 2806 neque
1363 2770 1450 2802 *aliter
1460 2771 1547 2798 editus
1571 2774 1585 2797 :i
1597 2770 1719 2797 vastatio
1732 2791 1740 2803 ,
1760 2772 1831 2806 quod
1844 2780 1930 2800 tamen
1942 2783 2020 2801 nemo
2030 2773 2105 2810 sequi

1142 2806 1229 2833 voluit
1243 2826 1250 2838 ,
1269 2804 1410 2833 contentus
1420 2806 1469 2834 illo
1482 2826 1490 2839 ,
1506 2815 1617 2840 putarem
1629 2826 1637 2840 ,
1655 2808 1708 2833 cltm
1717 2811 1743 2833 in
1761 2811 1806 2835 tali
1824 2809 1980 2843 desparatione
1995 2810 2022 2837 id
2032 2810 2105 2844 face-

1139 2852 1199 2874 rem,
1210 2843 1262 2873 &a

1176 2887 1204 2914 9.
1226 2882 1266 2904 lta
1278 2878 1449 2913 sequebatur]
1474 2879 1518 2906 Est
1536 2879 1550 2905 :l
1570 2878 1722 2913 conjetstura
1742 2880 1773 2906 P.
1793 2881 1920 2909 Manutii.
1938 2881 2011 2918 prius
2029 2882 2103 2910 enim

1140 2913 1253 2951 impressi
1261 2934 1268 2946 ,
1278 2915 1304 2940 ia'
1312 2915 1485 2948 assequebatur,
1497 2915 1567 2950 quod
1578 2916 1642 2942 item
1654 2916 1680 2942 in
1694 2916 1763 2943 1³:211.
1774 2917 1801 2943 8<
1812 2925 1918 2954 poterat
1927 2920 2059 2952 revocari,
2069 2928 2104 2947 ue

1140 2950 1253 2978 nimium
1266 2950 1419 2977 videremur
1430 2951 1547 2977 tribuere
1558 2951 1787 2979 hai-inlationibus.

1183 2995 1225 3013 io.
1245 2990 1329 3020 anue
1337 2996 1386 3021 qux
1391 2990 1482 3019 percipi
1488 2988 1603 3022 pqffimt]
1625 2987 1728 3022 Adjicit
1739 2989 1897 3023 Lambinus,
1906 2991 1937 3019 iis
1944 2992 2104 3026 quaepoffitnt.

1142 3021 1184 3050 sed
1196 3022 1272 3058 plane
1283 3022 1315 3048 de
1326 3023 1381 3049 suo.
1401 3023 1465 3049 nihil
1477 3032 1569 3049 eorum
1580 3025 1606 3050 in
1617 3023 1679 3050 edd.
1689 3024 1716 3051 in
1728 3024 1786 3051 mss.
1798 3026 1917 3054 vetustis.

1183 3068 1192 3084 i
1203 3068 1224 3084 1.
1245 3062 1273 3083 Ut
1284 3066 1361 3083 tamen
1371 3061 1395 3084 in
1401 3060 1568 3094 precipitem]
1593 3061 1687 3092 Forte,
1697 3067 1725 3086 ut
1733 3064 1818 3087 tamin
1828 3065 1981 3096 p1·aecipitem.
1990 3062 2104 3091 Lambi-

1143 3104 1191 3122 nus
1202 3093 1286 3120 edidit
1298 3113 1306 3125 ‚
1316 3102 1342 3119 ut
1352 3097 1377 3119 in
1388 3101 1512 3128 tampraec.
1532 3095 1662 3122 arbitratu
1672 3095 1727 3123 suo.
1749 3107 1807 3125 nani
1819 3098 1889 3125 Pau.
1901 3097 2031 3126 accedunt
2043 3099 2105 3125 vul-

1144 3137 1207 3165 gato
1220 3149 1228 3161 ,
1239 3130 1284 3157 nisi
1296 3130 1366 3166 quod
1378 3131 1402 3156 in
1414 3131 1501 3166 primo
1512 3132 1593 3159 ctiam
1609 3132 1662 3168 legi
1680 3132 1757 3171 poffit
1769 3153 1778 3170 ‚
1796 3141 1823 3162 ut
1832 3142 1892 3164 tum.
1910 3142 1938 3165 at
1947 3136 1975 3165 S·
1986 3134 2106 3164 Victoris

1148 3166 1318 3201 membranae,
1327 3174 1354 3194 ιιι
1365 3167 1597 3209 canjizpraecaffitenq..
1611 3204 1617 3210 Ι
1630 3204 1635 3209 ¹
1649 3205 1654 3210 .

1548 3205 1657 3234 liiiii
2014 3205 2106 3241 hagie
