<?xml version="1.0" encoding="UTF-8"?>
<!DOCTYPE html PUBLIC "-//W3C//DTD XHTML 1.0 Transitional//EN"
    "http://www.w3.org/TR/xhtml1/DTD/xhtml1-transitional.dtd">
<html xmlns="http://www.w3.org/1999/xhtml" xml:lang="en" lang="en">
 <head>
  <title>
</title>
<meta http-equiv="Content-Type" content="text/html;charset=utf-8" />
  <meta name='ocr-system' content='tesseract 3.04.00' />
  <meta name='ocr-capabilities' content='ocr_page ocr_carea ocr_par ocr_line ocrx_word'/>
</head>
<body>
  <div class='ocr_page' id='page_1' title='image "./mtuliiciceroniso00cice/mtuliiciceroniso00cice_0853.png"; bbox 0 0 2360 3400; ppageno 0'>
   <div class='ocr_carea' id='block_1_1' title="bbox 0 1050 8 1967">
    <p class='ocr_par' dir='ltr' id='par_1_1' title="bbox 0 1050 8 1967">
     <span class='ocr_line' id='line_1_1' title="bbox 0 1050 8 1967; baseline 0 0"><span class='ocrx_word' id='word_1_1' title='bbox 0 1050 8 1967; x_wconf 95' lang='lat' dir='ltr'> </span> 
     </span>
    </p>
   </div>
   <div class='ocr_carea' id='block_1_2' title="bbox 507 152 1913 216">
    <p class='ocr_par' dir='ltr' id='par_1_2' title="bbox 507 152 1913 216">
     <span class='ocr_line' id='line_1_2' title="bbox 507 152 1913 216; baseline 0.005 -19"><span class='ocrx_word' id='word_1_2' title='bbox 507 152 711 198; x_wconf 73' lang='lat' dir='ltr'>Epis-r.</span> <span class='ocrx_word' id='word_1_3' title='bbox 755 168 833 198; x_wconf 83' lang='lat' dir='ltr'>Ar&gt;</span> <span class='ocrx_word' id='word_1_4' title='bbox 870 152 1235 209; x_wconf 51' lang='lat' dir='ltr'>consuas,</span> <span class='ocrx_word' id='word_1_5' title='bbox 1269 168 1346 201; x_wconf 77' lang='lat' dir='ltr'>ET</span> <span class='ocrx_word' id='word_1_6' title='bbox 1380 156 1601 211; x_wconf 75' lang='lat' dir='ltr'>Amos,</span> <span class='ocrx_word' id='word_1_7' title='bbox 1638 155 1762 216; x_wconf 70' lang='lat' dir='ltr'>Lm.</span> <span class='ocrx_word' id='word_1_8' title='bbox 1798 156 1913 206; x_wconf 85' lang='lat' dir='ltr'>XV.</span> 
     </span>
    </p>
   </div>
   <div class='ocr_carea' id='block_1_3' title="bbox 180 231 1182 2686">
    <p class='ocr_par' dir='ltr' id='par_1_3' title="bbox 180 231 1182 819">
     <span class='ocr_line' id='line_1_3' title="bbox 224 231 1181 277; baseline -0.002 -10"><span class='ocrx_word' id='word_1_9' title='bbox 224 235 379 277; x_wconf 77' lang='lat' dir='ltr'>impetum</span> <span class='ocrx_word' id='word_1_10' title='bbox 389 231 447 265; x_wconf 58' lang='lat' dir='ltr'>effi?</span> <span class='ocrx_word' id='word_1_11' title='bbox 455 231 605 265; x_wconf 67' lang='lat' dir='ltr'>fa6tumm</span> <span class='ocrx_word' id='word_1_12' title='bbox 617 244 624 263; x_wconf 72' lang='grc' dir='ltr'>ε</span> <span class='ocrx_word' id='word_1_13' title='bbox 643 234 744 274; x_wconf 88' lang='lat' dir='ltr'>putavi</span> <span class='ocrx_word' id='word_1_14' title='bbox 755 254 763 268; x_wconf 94' lang='lat'>,</span> <span class='ocrx_word' id='word_1_15' title='bbox 783 244 838 274; x_wconf 88' lang='lat' dir='ltr'>pro</span> <span class='ocrx_word' id='word_1_16' title='bbox 850 234 949 266; x_wconf 90' lang='lat' dir='ltr'>nostra</span> <span class='ocrx_word' id='word_1_17' title='bbox 958 234 1181 269; x_wconf 68' lang='lat' dir='ltr'>necessitudine,</span> 
     </span>
     <span class='ocr_line' id='line_1_4' title="bbox 225 275 1182 317; baseline -0.002 -9"><span class='ocrx_word' id='word_1_18' title='bbox 225 286 279 308; x_wconf 89' lang='lat' dir='ltr'>me</span> <span class='ocrx_word' id='word_1_19' title='bbox 301 278 359 308; x_wconf 88' lang='lat' dir='ltr'>hoc</span> <span class='ocrx_word' id='word_1_20' title='bbox 377 275 414 306; x_wconf 85' lang='lat' dir='ltr'>ad</span> <span class='ocrx_word' id='word_1_21' title='bbox 427 275 589 306; x_wconf 80' lang='lat' dir='ltr'>rescribere</span> <span class='ocrx_word' id='word_1_22' title='bbox 600 285 746 316; x_wconf 85' lang='lat' dir='ltr'>oportere.</span> <span class='ocrx_word' id='word_1_23' title='bbox 769 277 892 307; x_wconf 75' lang='lat' dir='ltr'>Publice</span> <span class='ocrx_word' id='word_1_24' title='bbox 901 287 1020 317; x_wconf 85' lang='lat' dir='ltr'>propter</span> <span class='ocrx_word' id='word_1_25' title='bbox 1029 276 1102 307; x_wconf 80' lang='lat' dir='ltr'>duas</span> <span class='ocrx_word' id='word_1_26' title='bbox 1110 286 1182 306; x_wconf 84' lang='lat' dir='ltr'>cau-</span> 
     </span>
     <span class='ocr_line' id='line_1_5' title="bbox 225 315 1181 359; baseline -0.003 -9"><span class='ocrx_word' id='word_1_27' title='bbox 225 319 272 350; x_wconf 81' lang='lat' dir='ltr'>sas</span> <span class='ocrx_word' id='word_1_28' title='bbox 283 319 361 349; x_wconf 82' lang='lat' dir='ltr'>nihil</span> <span class='ocrx_word' id='word_1_29' title='bbox 369 315 465 357; x_wconf 81' lang='lat' dir='ltr'>scripfi</span> <span class='ocrx_word' id='word_1_30' title='bbox 478 327 483 346; x_wconf 92' lang='lat'>:</span> <span class='ocrx_word' id='word_1_31' title='bbox 495 316 579 358; x_wconf 90' lang='lat' dir='ltr'>quod</span> <span class='ocrx_word' id='word_1_32' title='bbox 591 317 732 357; x_wconf 88' lang='lat' dir='ltr'>&amp;ipsum</span> <span class='ocrx_word' id='word_1_33' title='bbox 744 320 988 359; x_wconf 85' lang='lat' dir='ltr'>Commagenum</span> <span class='ocrx_word' id='word_1_34' title='bbox 1002 317 1181 358; x_wconf 67' lang='lat' dir='ltr'>legatidice-</span> 
     </span>
     <span class='ocr_line' id='line_1_6' title="bbox 223 357 1179 401; baseline -0.003 -10"><span class='ocrx_word' id='word_1_35' title='bbox 223 360 296 391; x_wconf 86' lang='lat' dir='ltr'>bant</span> <span class='ocrx_word' id='word_1_36' title='bbox 314 359 349 390; x_wconf 88' lang='lat' dir='ltr'>ad</span> <span class='ocrx_word' id='word_1_37' title='bbox 369 360 505 389; x_wconf 87' lang='lat' dir='ltr'>senatum</span> <span class='ocrx_word' id='word_1_38' title='bbox 526 357 624 389; x_wconf 87' lang='lat' dir='ltr'>statim</span> <span class='ocrx_word' id='word_1_39' title='bbox 645 361 765 390; x_wconf 86' lang='lat' dir='ltr'>nuntias</span> <span class='ocrx_word' id='word_1_40' title='bbox 775 380 784 394; x_wconf 94' lang='lat'>,</span> <span class='ocrx_word' id='word_1_41' title='bbox 802 360 970 401; x_wconf 79' lang='lat' dir='ltr'>litterasque</span> <span class='ocrx_word' id='word_1_42' title='bbox 992 357 1100 390; x_wconf 81' lang='lat' dir='ltr'>mislffe</span> <span class='ocrx_word' id='word_1_43' title='bbox 1113 369 1119 388; x_wconf 78' lang='lat' dir='ltr'><em>z</em></span> <span class='ocrx_word' id='word_1_44' title='bbox 1145 359 1179 389; x_wconf 89' lang='lat'>&amp;</span> 
     </span>
     <span class='ocr_line' id='line_1_7' title="bbox 223 399 1178 442; baseline -0.002 -11"><span class='ocrx_word' id='word_1_45' title='bbox 223 399 434 432; x_wconf 85' lang='lat' dir='ltr'>existimabam</span> <span class='ocrx_word' id='word_1_46' title='bbox 445 419 455 434; x_wconf 86' lang='lat'>,</span> <span class='ocrx_word' id='word_1_47' title='bbox 475 402 522 430; x_wconf 93' lang='lat' dir='ltr'>M.</span> <span class='ocrx_word' id='word_1_48' title='bbox 535 400 677 430; x_wconf 83' lang='lat' dir='ltr'>Bibulum</span> <span class='ocrx_word' id='word_1_49' title='bbox 688 402 913 441; x_wconf 82' lang='lat' dir='ltr'>proconsulem,</span> <span class='ocrx_word' id='word_1_50' title='bbox 924 403 976 442; x_wconf 90' lang='lat' dir='ltr'>qui</span> <span class='ocrx_word' id='word_1_51' title='bbox 988 400 1178 431; x_wconf 88' lang='lat' dir='ltr'>circiteridus</span> 
     </span>
     <span class='ocr_line' id='line_1_8' title="bbox 221 441 1177 483; baseline -0.004 -8"><span class='ocrx_word' id='word_1_52' title='bbox 221 442 363 475; x_wconf 77' lang='lat' dir='ltr'>Sextileis</span> <span class='ocrx_word' id='word_1_53' title='bbox 372 441 407 472; x_wconf 89' lang='lat' dir='ltr'>ab</span> <span class='ocrx_word' id='word_1_54' title='bbox 417 442 534 482; x_wconf 89' lang='lat' dir='ltr'>Epheso</span> <span class='ocrx_word' id='word_1_55' title='bbox 544 445 576 472; x_wconf 93' lang='lat' dir='ltr'>in</span> <span class='ocrx_word' id='word_1_56' title='bbox 583 444 698 482; x_wconf 81' lang='lat' dir='ltr'>Syriam</span> <span class='ocrx_word' id='word_1_57' title='bbox 709 443 836 474; x_wconf 83' lang='lat' dir='ltr'>navibus</span> <span class='ocrx_word' id='word_1_58' title='bbox 845 442 996 483; x_wconf 73' lang='lat' dir='ltr'>profe&amp;us</span> <span class='ocrx_word' id='word_1_59' title='bbox 1006 451 1065 472; x_wconf 79' lang='lat' dir='ltr'>erat</span> <span class='ocrx_word' id='word_1_60' title='bbox 1075 461 1084 475; x_wconf 86' lang='lat'>‚</span> <span class='ocrx_word' id='word_1_61' title='bbox 1094 441 1177 483; x_wconf 75' lang='lat' dir='ltr'>quod</span> 
     </span>
     <span class='ocr_line' id='line_1_9' title="bbox 221 482 1179 525; baseline -0.002 -10"><span class='ocrx_word' id='word_1_62' title='bbox 221 483 370 515; x_wconf 86' lang='lat' dir='ltr'>secundos</span> <span class='ocrx_word' id='word_1_63' title='bbox 386 492 494 514; x_wconf 87' lang='lat' dir='ltr'>ventos</span> <span class='ocrx_word' id='word_1_64' title='bbox 517 483 662 514; x_wconf 82' lang='lat' dir='ltr'>habuisset</span> <span class='ocrx_word' id='word_1_65' title='bbox 672 504 680 518; x_wconf 84' lang='lat'>‚</span> <span class='ocrx_word' id='word_1_66' title='bbox 697 486 761 524; x_wconf 86' lang='lat' dir='ltr'>jam</span> <span class='ocrx_word' id='word_1_67' title='bbox 777 487 811 515; x_wconf 86' lang='lat' dir='ltr'>in</span> <span class='ocrx_word' id='word_1_68' title='bbox 819 482 1007 525; x_wconf 84' lang='lat' dir='ltr'>provinciam</span> <span class='ocrx_word' id='word_1_69' title='bbox 1018 484 1101 514; x_wconf 88' lang='lat' dir='ltr'>suam</span> <span class='ocrx_word' id='word_1_70' title='bbox 1113 493 1179 523; x_wconf 86' lang='lat' dir='ltr'>per-</span> 
     </span>
     <span class='ocr_line' id='line_1_10' title="bbox 221 524 1180 566; baseline -0.001 -10"><span class='ocrx_word' id='word_1_71' title='bbox 221 524 338 556; x_wconf 83' lang='lat' dir='ltr'>veniffe</span> <span class='ocrx_word' id='word_1_72' title='bbox 353 526 457 565; x_wconf 87' lang='lat' dir='ltr'>:cujus</span> <span class='ocrx_word' id='word_1_73' title='bbox 474 526 580 555; x_wconf 84' lang='lat' dir='ltr'>litteris</span> <span class='ocrx_word' id='word_1_74' title='bbox 599 527 704 556; x_wconf 90' lang='lat' dir='ltr'>omnia</span> <span class='ocrx_word' id='word_1_75' title='bbox 711 528 835 557; x_wconf 77' lang='lat' dir='ltr'>certiora</span> <span class='ocrx_word' id='word_1_76' title='bbox 843 526 989 566; x_wconf 84' lang='lat' dir='ltr'>perlatum</span> <span class='ocrx_word' id='word_1_77' title='bbox 1004 526 1040 555; x_wconf 87' lang='lat' dir='ltr'>iri</span> <span class='ocrx_word' id='word_1_78' title='bbox 1049 525 1085 555; x_wconf 90' lang='lat' dir='ltr'>ad</span> <span class='ocrx_word' id='word_1_79' title='bbox 1094 525 1180 555; x_wconf 87' lang='lat' dir='ltr'>sena-</span> 
     </span>
     <span class='ocr_line' id='line_1_11' title="bbox 223 566 1178 608; baseline -0.002 -11"><span class='ocrx_word' id='word_1_80' title='bbox 223 575 289 597; x_wconf 71' lang='lat' dir='ltr'>tum</span> <span class='ocrx_word' id='word_1_81' title='bbox 303 567 455 607; x_wconf 83' lang='lat' dir='ltr'>putabam.</span> <span class='ocrx_word' id='word_1_82' title='bbox 479 568 558 597; x_wconf 88' lang='lat' dir='ltr'>Mihi</span> <span class='ocrx_word' id='word_1_83' title='bbox 573 587 581 602; x_wconf 90' lang='lat'>‚</span> <span class='ocrx_word' id='word_1_84' title='bbox 605 577 638 597; x_wconf 87' lang='lat' dir='ltr'>ut</span> <span class='ocrx_word' id='word_1_85' title='bbox 648 569 680 597; x_wconf 90' lang='lat' dir='ltr'>in</span> <span class='ocrx_word' id='word_1_86' title='bbox 690 568 865 608; x_wconf 88' lang='lat' dir='ltr'>hujusmodi</span> <span class='ocrx_word' id='word_1_87' title='bbox 875 577 906 597; x_wconf 89' lang='lat' dir='ltr'>re</span> <span class='ocrx_word' id='word_1_88' title='bbox 916 588 924 601; x_wconf 88' lang='lat'>,</span> <span class='ocrx_word' id='word_1_89' title='bbox 947 575 1087 607; x_wconf 86' lang='lat' dir='ltr'>tantoque</span> <span class='ocrx_word' id='word_1_90' title='bbox 1097 566 1178 596; x_wconf 89' lang='lat' dir='ltr'>bello</span> 
     </span>
     <span class='ocr_line' id='line_1_12' title="bbox 221 608 1180 650; baseline -0.001 -12"><span class='ocrx_word' id='word_1_91' title='bbox 221 611 370 639; x_wconf 85' lang='lat' dir='ltr'>maximae</span> <span class='ocrx_word' id='word_1_92' title='bbox 389 618 468 640; x_wconf 85' lang='lat' dir='ltr'>curae</span> <span class='ocrx_word' id='word_1_93' title='bbox 489 608 550 642; x_wconf 88' lang='lat' dir='ltr'>est,</span> <span class='ocrx_word' id='word_1_94' title='bbox 570 618 622 643; x_wconf 85' lang='lat' dir='ltr'>ut,</span> <span class='ocrx_word' id='word_1_95' title='bbox 642 619 709 650; x_wconf 85' lang='lat' dir='ltr'>quae</span> <span class='ocrx_word' id='word_1_96' title='bbox 718 612 814 650; x_wconf 87' lang='lat' dir='ltr'>copiis</span> <span class='ocrx_word' id='word_1_97' title='bbox 827 630 836 644; x_wconf 89' lang='lat'>‚</span> <span class='ocrx_word' id='word_1_98' title='bbox 855 609 1003 648; x_wconf 86' lang='lat' dir='ltr'>&amp;opibus</span> <span class='ocrx_word' id='word_1_99' title='bbox 1016 618 1115 639; x_wconf 87' lang='lat' dir='ltr'>tenere</span> <span class='ocrx_word' id='word_1_100' title='bbox 1128 609 1180 637; x_wconf 84' lang='lat' dir='ltr'>vix</span> 
     </span>
     <span class='ocr_line' id='line_1_13' title="bbox 221 649 1179 690; baseline -0.001 -10"><span class='ocrx_word' id='word_1_101' title='bbox 221 649 381 690; x_wconf 83' lang='lat' dir='ltr'>pofl&#39;umus</span> <span class='ocrx_word' id='word_1_102' title='bbox 394 671 402 684; x_wconf 93' lang='lat'>,</span> <span class='ocrx_word' id='word_1_103' title='bbox 423 660 456 680; x_wconf 90' lang='lat' dir='ltr'>ea</span> <span class='ocrx_word' id='word_1_104' title='bbox 465 651 694 681; x_wconf 83' lang='lat' dir='ltr'>mansuetudine</span> <span class='ocrx_word' id='word_1_105' title='bbox 704 671 713 685; x_wconf 95' lang='lat'>,</span> <span class='ocrx_word' id='word_1_106' title='bbox 741 652 973 682; x_wconf 80' lang='lat' dir='ltr'>&amp;continentia</span> <span class='ocrx_word' id='word_1_107' title='bbox 985 649 1087 680; x_wconf 88' lang='lat' dir='ltr'>nostra</span> <span class='ocrx_word' id='word_1_108' title='bbox 1098 669 1107 684; x_wconf 96' lang='lat'>,</span> <span class='ocrx_word' id='word_1_109' title='bbox 1131 650 1179 679; x_wconf 88' lang='lat' dir='ltr'>so—</span> 
     </span>
     <span class='ocr_line' id='line_1_14' title="bbox 219 690 1178 726; baseline -0.001 -4"><span class='ocrx_word' id='word_1_110' title='bbox 219 694 341 723; x_wconf 86' lang='lat' dir='ltr'>ciorum</span> <span class='ocrx_word' id='word_1_111' title='bbox 355 690 495 723; x_wconf 86' lang='lat' dir='ltr'>fidelitate</span> <span class='ocrx_word' id='word_1_112' title='bbox 508 702 672 723; x_wconf 81' lang='lat' dir='ltr'>teneamus.</span> <span class='ocrx_word' id='word_1_113' title='bbox 695 695 746 723; x_wconf 85' lang='lat' dir='ltr'>Tu</span> <span class='ocrx_word' id='word_1_114' title='bbox 757 693 849 723; x_wconf 83' lang='lat' dir='ltr'>vel-im</span> <span class='ocrx_word' id='word_1_115' title='bbox 863 713 872 726; x_wconf 87' lang='lat'>‚</span> <span class='ocrx_word' id='word_1_116' title='bbox 885 701 917 722; x_wconf 81' lang='lat' dir='ltr'>ut</span> <span class='ocrx_word' id='word_1_117' title='bbox 926 690 1076 723; x_wconf 85' lang='lat' dir='ltr'>consuesti</span> <span class='ocrx_word' id='word_1_118' title='bbox 1087 711 1096 726; x_wconf 90' lang='lat'>,</span> <span class='ocrx_word' id='word_1_119' title='bbox 1120 699 1178 721; x_wconf 83' lang='lat' dir='ltr'>nos</span> 
     </span>
     <span class='ocr_line' id='line_1_15' title="bbox 221 734 704 774; baseline -0.004 -9"><span class='ocrx_word' id='word_1_120' title='bbox 221 734 369 765; x_wconf 82' lang='lat' dir='ltr'>absenteis</span> <span class='ocrx_word' id='word_1_121' title='bbox 377 734 495 774; x_wconf 82' lang='lat' dir='ltr'>diligas,</span> <span class='ocrx_word' id='word_1_122' title='bbox 508 734 540 764; x_wconf 92' lang='lat'>&amp;</span> <span class='ocrx_word' id='word_1_123' title='bbox 551 734 704 764; x_wconf 82' lang='lat' dir='ltr'>defendas.</span> 
     </span>
     <span class='ocr_line' id='line_1_16' title="bbox 180 775 1037 819; baseline -0.002 -14"><span class='ocrx_word' id='word_1_124' title='bbox 180 775 210 819; x_wconf 58' lang='lat'>&#39;4</span> <span class='ocrx_word' id='word_1_125' title='bbox 363 776 1037 808; x_wconf 79' lang='lat' dir='ltr'>M.T.C.1MP.M.CATON1,S.D.</span> 
     </span>
    </p>

    <p class='ocr_par' dir='ltr' id='par_1_4' title="bbox 281 815 1178 856">
     <span class='ocr_line' id='line_1_17' title="bbox 281 815 1178 856; baseline -0.003 -8"><span class='ocrx_word' id='word_1_126' title='bbox 281 818 397 848; x_wconf 77' lang='lat' dir='ltr'>UMMA</span> <span class='ocrx_word' id='word_1_127' title='bbox 415 826 464 848; x_wconf 91' lang='lat' dir='ltr'>tua</span> <span class='ocrx_word' id='word_1_128' title='bbox 480 815 638 847; x_wconf 68' lang='lat' dir='ltr'>au&amp;oritas</span> <span class='ocrx_word' id='word_1_129' title='bbox 658 816 732 846; x_wconf 84' lang='lat' dir='ltr'>fecit</span> <span class='ocrx_word' id='word_1_130' title='bbox 743 836 752 849; x_wconf 91' lang='lat'>‚</span> <span class='ocrx_word' id='word_1_131' title='bbox 777 826 942 856; x_wconf 88' lang='lat' dir='ltr'>meumque</span> <span class='ocrx_word' id='word_1_132' title='bbox 953 824 1129 856; x_wconf 83' lang='lat' dir='ltr'>perpetuum</span> <span class='ocrx_word' id='word_1_133' title='bbox 1141 815 1178 845; x_wconf 88' lang='lat' dir='ltr'>de</span> 
     </span>
    </p>

    <p class='ocr_par' dir='ltr' id='par_1_5' title="bbox 203 855 1177 2686">
     <span class='ocr_line' id='line_1_18' title="bbox 283 855 1177 899; baseline -0.003 -10"><span class='ocrx_word' id='word_1_134' title='bbox 283 868 332 889; x_wconf 89' lang='lat' dir='ltr'>tua</span> <span class='ocrx_word' id='word_1_135' title='bbox 350 857 488 899; x_wconf 76' lang='lat' dir='ltr'>singulari</span> <span class='ocrx_word' id='word_1_136' title='bbox 504 857 772 897; x_wconf 76' lang='lat' dir='ltr'>virtutejudicium</span> <span class='ocrx_word' id='word_1_137' title='bbox 784 876 793 891; x_wconf 92' lang='lat'>,</span> <span class='ocrx_word' id='word_1_138' title='bbox 810 866 842 886; x_wconf 87' lang='lat' dir='ltr'>ut</span> <span class='ocrx_word' id='word_1_139' title='bbox 854 859 955 897; x_wconf 82' lang='lat' dir='ltr'>magni</span> <span class='ocrx_word' id='word_1_140' title='bbox 967 855 1177 887; x_wconf 79' lang='lat' dir='ltr'>meaintereffe</span> 
     </span>
     <span class='ocr_line' id='line_1_19' title="bbox 222 896 1176 941; baseline -0.002 -11"><span class='ocrx_word' id='word_1_141' title='bbox 222 909 357 941; x_wconf 84' lang='lat' dir='ltr'>putarem</span> <span class='ocrx_word' id='word_1_142' title='bbox 369 920 378 934; x_wconf 96' lang='lat'>,</span> <span class='ocrx_word' id='word_1_143' title='bbox 391 901 424 930; x_wconf 91' lang='lat'>&amp;</span> <span class='ocrx_word' id='word_1_144' title='bbox 433 908 478 929; x_wconf 80' lang='lat' dir='ltr'>res</span> <span class='ocrx_word' id='word_1_145' title='bbox 490 908 535 928; x_wconf 87' lang='lat' dir='ltr'>eas</span> <span class='ocrx_word' id='word_1_146' title='bbox 546 917 554 933; x_wconf 84' lang='lat'><em>‚</em></span> <span class='ocrx_word' id='word_1_147' title='bbox 565 908 637 939; x_wconf 89' lang='lat' dir='ltr'>quas</span> <span class='ocrx_word' id='word_1_148' title='bbox 646 897 791 939; x_wconf 71' lang='lat' dir='ltr'>gessissem</span> <span class='ocrx_word' id='word_1_149' title='bbox 801 917 810 931; x_wconf 90' lang='lat'>‚</span> <span class='ocrx_word' id='word_1_150' title='bbox 822 898 878 928; x_wconf 84' lang='lat' dir='ltr'>tibi</span> <span class='ocrx_word' id='word_1_151' title='bbox 893 907 979 928; x_wconf 86' lang='lat' dir='ltr'>notas</span> <span class='ocrx_word' id='word_1_152' title='bbox 990 896 1058 932; x_wconf 76' lang='lat' dir='ltr'>effe,</span> <span class='ocrx_word' id='word_1_153' title='bbox 1070 899 1104 928; x_wconf 64' lang='grc' dir='ltr'>δε</span> <span class='ocrx_word' id='word_1_154' title='bbox 1112 908 1176 928; x_wconf 83' lang='lat' dir='ltr'>non</span> 
     </span>
     <span class='ocr_line' id='line_1_20' title="bbox 217 939 1174 983; baseline -0.001 -11"><span class='ocrx_word' id='word_1_155' title='bbox 217 942 350 983; x_wconf 87' lang='lat' dir='ltr'>ignorari</span> <span class='ocrx_word' id='word_1_156' title='bbox 375 941 390 970; x_wconf 74' lang='lat' dir='ltr'>a</span> <span class='ocrx_word' id='word_1_157' title='bbox 409 950 457 974; x_wconf 92' lang='lat' dir='ltr'>te,</span> <span class='ocrx_word' id='word_1_158' title='bbox 475 949 532 980; x_wconf 84' lang='lat' dir='ltr'>qua</span> <span class='ocrx_word' id='word_1_159' title='bbox 542 941 696 980; x_wconf 78' lang='lat' dir='ltr'>aequitate,</span> <span class='ocrx_word' id='word_1_160' title='bbox 715 939 749 970; x_wconf 94' lang='lat'>&amp;</span> <span class='ocrx_word' id='word_1_161' title='bbox 765 941 953 971; x_wconf 85' lang='lat' dir='ltr'>continentia</span> <span class='ocrx_word' id='word_1_162' title='bbox 963 949 1057 970; x_wconf 89' lang='lat' dir='ltr'>tuerer</span> <span class='ocrx_word' id='word_1_163' title='bbox 1066 940 1174 974; x_wconf 76' lang='lat' dir='ltr'>fiicios,</span> 
     </span>
     <span class='ocr_line' id='line_1_21' title="bbox 216 980 1175 1024; baseline -0.001 -11"><span class='ocrx_word' id='word_1_164' title='bbox 216 983 466 1024; x_wconf 86' lang='lat' dir='ltr'>provinciamque</span> <span class='ocrx_word' id='word_1_165' title='bbox 490 980 739 1011; x_wconf 77' lang='lat' dir='ltr'>administrarem.</span> <span class='ocrx_word' id='word_1_166' title='bbox 764 983 821 1011; x_wconf 84' lang='lat' dir='ltr'>His</span> <span class='ocrx_word' id='word_1_167' title='bbox 841 983 925 1011; x_wconf 88' lang='lat' dir='ltr'>enim</span> <span class='ocrx_word' id='word_1_168' title='bbox 948 981 963 1012; x_wconf 77' lang='lat' dir='ltr'>a</span> <span class='ocrx_word' id='word_1_169' title='bbox 985 990 1013 1011; x_wconf 92' lang='lat' dir='ltr'>te</span> <span class='ocrx_word' id='word_1_170' title='bbox 1031 983 1175 1024; x_wconf 83' lang='lat' dir='ltr'>cognitis,</span> 
     </span>
     <span class='ocr_line' id='line_1_22' title="bbox 215 1020 1173 1064; baseline -0.001 -9"><span class='ocrx_word' id='word_1_171' title='bbox 215 1024 384 1057; x_wconf 75' lang='lat' dir='ltr'>arbitrabar,</span> <span class='ocrx_word' id='word_1_172' title='bbox 393 1020 512 1053; x_wconf 73' lang='lat' dir='ltr'>facilius</span> <span class='ocrx_word' id='word_1_173' title='bbox 521 1033 570 1052; x_wconf 91' lang='lat' dir='ltr'>me</span> <span class='ocrx_word' id='word_1_174' title='bbox 581 1022 646 1057; x_wconf 88' lang='lat' dir='ltr'>tibi,</span> <span class='ocrx_word' id='word_1_175' title='bbox 656 1033 722 1064; x_wconf 87' lang='lat' dir='ltr'>quae</span> <span class='ocrx_word' id='word_1_176' title='bbox 732 1023 855 1057; x_wconf 89' lang='lat' dir='ltr'>vellem,</span> <span class='ocrx_word' id='word_1_177' title='bbox 869 1023 1075 1063; x_wconf 79' lang='lat' dir='ltr'>probaturum.</span> <span class='ocrx_word' id='word_1_178' title='bbox 1095 1024 1173 1054; x_wconf 74' lang='lat' dir='ltr'>Cum</span> 
     </span>
     <span class='ocr_line' id='line_1_23' title="bbox 216 1063 1172 1106; baseline 0 -10"><span class='ocrx_word' id='word_1_179' title='bbox 216 1067 251 1096; x_wconf 87' lang='lat' dir='ltr'>in</span> <span class='ocrx_word' id='word_1_180' title='bbox 274 1066 461 1106; x_wconf 82' lang='lat' dir='ltr'>provinciam</span> <span class='ocrx_word' id='word_1_181' title='bbox 470 1064 566 1104; x_wconf 80' lang='lat' dir='ltr'>pridie</span> <span class='ocrx_word' id='word_1_182' title='bbox 576 1065 640 1094; x_wconf 88' lang='lat' dir='ltr'>Kal.</span> <span class='ocrx_word' id='word_1_183' title='bbox 650 1067 730 1095; x_wconf 68' lang='lat' dir='ltr'>Seite.</span> <span class='ocrx_word' id='word_1_184' title='bbox 741 1063 888 1095; x_wconf 79' lang='lat' dir='ltr'>venissem</span> <span class='ocrx_word' id='word_1_185' title='bbox 900 1085 908 1099; x_wconf 91' lang='lat'>,</span> <span class='ocrx_word' id='word_1_186' title='bbox 929 1065 962 1096; x_wconf 87' lang='lat'>&amp;</span> <span class='ocrx_word' id='word_1_187' title='bbox 972 1074 1092 1106; x_wconf 84' lang='lat' dir='ltr'>propter</span> <span class='ocrx_word' id='word_1_188' title='bbox 1101 1067 1172 1096; x_wconf 89' lang='lat' dir='ltr'>anni</span> 
     </span>
     <span class='ocr_line' id='line_1_24' title="bbox 215 1105 1172 1148; baseline 0 -10"><span class='ocrx_word' id='word_1_189' title='bbox 215 1115 335 1148; x_wconf 89' lang='lat' dir='ltr'>tempus</span> <span class='ocrx_word' id='word_1_190' title='bbox 351 1105 387 1136; x_wconf 88' lang='lat' dir='ltr'>ad</span> <span class='ocrx_word' id='word_1_191' title='bbox 409 1108 574 1137; x_wconf 88' lang='lat' dir='ltr'>exercitum</span> <span class='ocrx_word' id='word_1_192' title='bbox 594 1107 673 1136; x_wconf 90' lang='lat' dir='ltr'>mihi</span> <span class='ocrx_word' id='word_1_193' title='bbox 692 1105 854 1137; x_wconf 79' lang='lat' dir='ltr'>confestim</span> <span class='ocrx_word' id='word_1_194' title='bbox 872 1105 930 1137; x_wconf 80' lang='lat' dir='ltr'>effe</span> <span class='ocrx_word' id='word_1_195' title='bbox 938 1107 1075 1138; x_wconf 89' lang='lat' dir='ltr'>eundum</span> <span class='ocrx_word' id='word_1_196' title='bbox 1087 1108 1172 1138; x_wconf 84' lang='lat' dir='ltr'>vide-</span> 
     </span>
     <span class='ocr_line' id='line_1_25' title="bbox 213 1147 1170 1189; baseline 0 -10"><span class='ocrx_word' id='word_1_197' title='bbox 213 1158 279 1180; x_wconf 82' lang='lat' dir='ltr'>rem</span> <span class='ocrx_word' id='word_1_198' title='bbox 292 1168 300 1182; x_wconf 91' lang='lat'>,</span> <span class='ocrx_word' id='word_1_199' title='bbox 312 1147 440 1178; x_wconf 87' lang='lat' dir='ltr'>biduum</span> <span class='ocrx_word' id='word_1_200' title='bbox 451 1147 606 1178; x_wconf 87' lang='lat' dir='ltr'>Laodiceae</span> <span class='ocrx_word' id='word_1_201' title='bbox 615 1147 630 1177; x_wconf 89' lang='lat' dir='ltr'>f</span> <span class='ocrx_word' id='word_1_202' title='bbox 632 1150 661 1178; x_wconf 87' lang='lat' dir='ltr'>ui</span> <span class='ocrx_word' id='word_1_203' title='bbox 675 1159 680 1177; x_wconf 90' lang='lat'>:</span> <span class='ocrx_word' id='word_1_204' title='bbox 695 1148 805 1178; x_wconf 84' lang='lat' dir='ltr'>deinde</span> <span class='ocrx_word' id='word_1_205' title='bbox 816 1151 954 1188; x_wconf 78' lang='lat' dir='ltr'>Apameae</span> <span class='ocrx_word' id='word_1_206' title='bbox 964 1149 1170 1189; x_wconf 86' lang='lat' dir='ltr'>quatriduum:</span> 
     </span>
     <span class='ocr_line' id='line_1_26' title="bbox 212 1189 1171 1233; baseline 0.002 -13"><span class='ocrx_word' id='word_1_207' title='bbox 212 1189 349 1221; x_wconf 87' lang='lat' dir='ltr'>triduum</span> <span class='ocrx_word' id='word_1_208' title='bbox 366 1189 515 1230; x_wconf 85' lang='lat' dir='ltr'>Synnadis</span> <span class='ocrx_word' id='word_1_209' title='bbox 536 1200 541 1219; x_wconf 89' lang='lat'>:</span> <span class='ocrx_word' id='word_1_210' title='bbox 564 1189 693 1220; x_wconf 88' lang='lat' dir='ltr'>totidem</span> <span class='ocrx_word' id='word_1_211' title='bbox 713 1190 776 1219; x_wconf 89' lang='lat' dir='ltr'>dies</span> <span class='ocrx_word' id='word_1_212' title='bbox 796 1191 968 1221; x_wconf 84' lang='lat' dir='ltr'>Philomeli.</span> <span class='ocrx_word' id='word_1_213' title='bbox 999 1191 1116 1233; x_wconf 81' lang='lat' dir='ltr'>Qiibus</span> <span class='ocrx_word' id='word_1_214' title='bbox 1138 1193 1171 1222; x_wconf 86' lang='lat' dir='ltr'>in</span> 
     </span>
     <span class='ocr_line' id='line_1_27' title="bbox 211 1230 1172 1273; baseline 0 -10"><span class='ocrx_word' id='word_1_215' title='bbox 211 1232 333 1273; x_wconf 85' lang='lat' dir='ltr'>oppidis</span> <span class='ocrx_word' id='word_1_216' title='bbox 350 1230 423 1262; x_wconf 74' lang='lat' dir='ltr'>cum</span> <span class='ocrx_word' id='word_1_217' title='bbox 442 1234 543 1272; x_wconf 84' lang='lat' dir='ltr'>magni</span> <span class='ocrx_word' id='word_1_218' title='bbox 563 1241 732 1262; x_wconf 87' lang='lat' dir='ltr'>conventus</span> <span class='ocrx_word' id='word_1_219' title='bbox 754 1230 895 1266; x_wconf 83' lang='lat' dir='ltr'>fuissent,</span> <span class='ocrx_word' id='word_1_220' title='bbox 917 1233 1026 1262; x_wconf 84' lang='lat' dir='ltr'>multas</span> <span class='ocrx_word' id='word_1_221' title='bbox 1036 1234 1172 1263; x_wconf 83' lang='lat' dir='ltr'>civitates</span> 
     </span>
     <span class='ocr_line' id='line_1_28' title="bbox 210 1271 1172 1315; baseline 0 -10"><span class='ocrx_word' id='word_1_222' title='bbox 210 1272 405 1305; x_wconf 79' lang='lat' dir='ltr'>acerbissimis</span> <span class='ocrx_word' id='word_1_223' title='bbox 423 1273 540 1304; x_wconf 84' lang='lat' dir='ltr'>tributis</span> <span class='ocrx_word' id='word_1_224' title='bbox 559 1293 568 1306; x_wconf 89' lang='lat'>‚</span> <span class='ocrx_word' id='word_1_225' title='bbox 590 1273 621 1303; x_wconf 91' lang='lat'>&amp;</span> <span class='ocrx_word' id='word_1_226' title='bbox 638 1271 816 1315; x_wconf 83' lang='lat' dir='ltr'>graviffimis</span> <span class='ocrx_word' id='word_1_227' title='bbox 835 1275 949 1308; x_wconf 84' lang='lat' dir='ltr'>usuris,</span> <span class='ocrx_word' id='word_1_228' title='bbox 972 1275 1005 1304; x_wconf 74' lang='grc' dir='ltr'>δε</span> <span class='ocrx_word' id='word_1_229' title='bbox 1022 1274 1096 1305; x_wconf 84' lang='lat' dir='ltr'>falso</span> <span class='ocrx_word' id='word_1_230' title='bbox 1116 1285 1172 1305; x_wconf 86' lang='lat' dir='ltr'>aere</span> 
     </span>
     <span class='ocr_line' id='line_1_29' title="bbox 211 1315 1170 1356; baseline 0 -10"><span class='ocrx_word' id='word_1_231' title='bbox 211 1316 313 1347; x_wconf 84' lang='lat' dir='ltr'>alieno</span> <span class='ocrx_word' id='word_1_232' title='bbox 331 1315 467 1345; x_wconf 86' lang='lat' dir='ltr'>liberavi.</span> <span class='ocrx_word' id='word_1_233' title='bbox 489 1318 627 1356; x_wconf 86' lang='lat' dir='ltr'>Cumque</span> <span class='ocrx_word' id='word_1_234' title='bbox 647 1325 716 1345; x_wconf 83' lang='lat' dir='ltr'>ante</span> <span class='ocrx_word' id='word_1_235' title='bbox 731 1315 896 1345; x_wconf 85' lang='lat' dir='ltr'>adventum</span> <span class='ocrx_word' id='word_1_236' title='bbox 907 1325 1013 1346; x_wconf 87' lang='lat' dir='ltr'>meum</span> <span class='ocrx_word' id='word_1_237' title='bbox 1023 1316 1170 1347; x_wconf 85' lang='lat' dir='ltr'>seditione</span> 
     </span>
     <span class='ocr_line' id='line_1_30' title="bbox 212 1355 1169 1399; baseline 0 -11"><span class='ocrx_word' id='word_1_238' title='bbox 212 1357 342 1399; x_wconf 87' lang='lat' dir='ltr'>quadam</span> <span class='ocrx_word' id='word_1_239' title='bbox 362 1359 508 1387; x_wconf 87' lang='lat' dir='ltr'>exercitus</span> <span class='ocrx_word' id='word_1_240' title='bbox 524 1355 595 1386; x_wconf 79' lang='lat' dir='ltr'>effet</span> <span class='ocrx_word' id='word_1_241' title='bbox 613 1355 780 1396; x_wconf 77' lang='lat' dir='ltr'>dissipatus:</span> <span class='ocrx_word' id='word_1_242' title='bbox 800 1359 934 1398; x_wconf 86' lang='lat' dir='ltr'>quinque</span> <span class='ocrx_word' id='word_1_243' title='bbox 954 1359 1091 1388; x_wconf 82' lang='lat' dir='ltr'>cohortes</span> <span class='ocrx_word' id='word_1_244' title='bbox 1110 1357 1169 1388; x_wconf 84' lang='lat' dir='ltr'>fine</span> 
     </span>
     <span class='ocr_line' id='line_1_31' title="bbox 212 1397 1169 1441; baseline 0.001 -12"><span class='ocrx_word' id='word_1_245' title='bbox 212 1400 323 1441; x_wconf 86' lang='lat' dir='ltr'>legato,</span> <span class='ocrx_word' id='word_1_246' title='bbox 336 1397 396 1428; x_wconf 85' lang='lat' dir='ltr'>sine</span> <span class='ocrx_word' id='word_1_247' title='bbox 405 1398 528 1428; x_wconf 89' lang='lat' dir='ltr'>tribuno</span> <span class='ocrx_word' id='word_1_248' title='bbox 539 1398 687 1431; x_wconf 63' lang='lat' dir='ltr'>militnm,</span> <span class='ocrx_word' id='word_1_249' title='bbox 699 1398 830 1438; x_wconf 86' lang='lat' dir='ltr'>denique</span> <span class='ocrx_word' id='word_1_250' title='bbox 843 1401 934 1429; x_wconf 79' lang='lat' dir='ltr'>etiam</span> <span class='ocrx_word' id='word_1_251' title='bbox 946 1398 1007 1430; x_wconf 89' lang='lat' dir='ltr'>fine</span> <span class='ocrx_word' id='word_1_252' title='bbox 1016 1402 1169 1430; x_wconf 79' lang='lat' dir='ltr'>centurio-</span> 
     </span>
     <span class='ocr_line' id='line_1_32' title="bbox 213 1438 1169 1482; baseline -0.001 -10"><span class='ocrx_word' id='word_1_253' title='bbox 213 1451 253 1472; x_wconf 90' lang='lat' dir='ltr'>ne</span> <span class='ocrx_word' id='word_1_254' title='bbox 261 1441 326 1471; x_wconf 88' lang='lat' dir='ltr'>ullo</span> <span class='ocrx_word' id='word_1_255' title='bbox 335 1439 412 1479; x_wconf 84' lang='lat' dir='ltr'>apud</span> <span class='ocrx_word' id='word_1_256' title='bbox 422 1439 629 1470; x_wconf 88' lang='lat' dir='ltr'>Philomelum</span> <span class='ocrx_word' id='word_1_257' title='bbox 641 1438 843 1470; x_wconf 84' lang='lat' dir='ltr'>consediss&#39;ent</span> <span class='ocrx_word' id='word_1_258' title='bbox 855 1451 860 1469; x_wconf 89' lang='grc'>;</span> <span class='ocrx_word' id='word_1_259' title='bbox 878 1441 1013 1482; x_wconf 85' lang='lat' dir='ltr'>reliquus</span> <span class='ocrx_word' id='word_1_260' title='bbox 1021 1443 1169 1471; x_wconf 81' lang='lat' dir='ltr'>exercitus</span> 
     </span>
     <span class='ocr_line' id='line_1_33' title="bbox 212 1481 1169 1523; baseline 0 -10"><span class='ocrx_word' id='word_1_261' title='bbox 212 1481 286 1513; x_wconf 83' lang='lat' dir='ltr'>effet</span> <span class='ocrx_word' id='word_1_262' title='bbox 294 1483 326 1512; x_wconf 85' lang='lat' dir='ltr'>in</span> <span class='ocrx_word' id='word_1_263' title='bbox 337 1481 503 1521; x_wconf 86' lang='lat' dir='ltr'>Lycaonia:</span> <span class='ocrx_word' id='word_1_264' title='bbox 515 1483 558 1511; x_wconf 91' lang='grc' dir='ltr'>Μ.</span> <span class='ocrx_word' id='word_1_265' title='bbox 569 1481 691 1521; x_wconf 84' lang='lat' dir='ltr'>Annejo</span> <span class='ocrx_word' id='word_1_266' title='bbox 701 1481 797 1522; x_wconf 86' lang='lat' dir='ltr'>legato</span> <span class='ocrx_word' id='word_1_267' title='bbox 808 1484 965 1522; x_wconf 87' lang='lat' dir='ltr'>imperavi,</span> <span class='ocrx_word' id='word_1_268' title='bbox 977 1492 1010 1513; x_wconf 84' lang='lat' dir='ltr'>ut</span> <span class='ocrx_word' id='word_1_269' title='bbox 1019 1493 1066 1513; x_wconf 86' lang='lat' dir='ltr'>eas</span> <span class='ocrx_word' id='word_1_270' title='bbox 1077 1485 1169 1523; x_wconf 87' lang='lat' dir='ltr'>quin-</span> 
     </span>
     <span class='ocr_line' id='line_1_34' title="bbox 213 1523 1168 1566; baseline 0.001 -12"><span class='ocrx_word' id='word_1_271' title='bbox 213 1534 272 1566; x_wconf 87' lang='lat' dir='ltr'>que</span> <span class='ocrx_word' id='word_1_272' title='bbox 288 1524 440 1554; x_wconf 87' lang='lat' dir='ltr'>cohorteis</span> <span class='ocrx_word' id='word_1_273' title='bbox 458 1523 492 1553; x_wconf 90' lang='lat' dir='ltr'>ad</span> <span class='ocrx_word' id='word_1_274' title='bbox 508 1524 658 1563; x_wconf 86' lang='lat' dir='ltr'>reliquum</span> <span class='ocrx_word' id='word_1_275' title='bbox 670 1525 836 1553; x_wconf 85' lang='lat' dir='ltr'>exercitum</span> <span class='ocrx_word' id='word_1_276' title='bbox 846 1524 985 1558; x_wconf 87' lang='lat' dir='ltr'>duceret,</span> <span class='ocrx_word' id='word_1_277' title='bbox 1004 1524 1168 1566; x_wconf 68' lang='lat' dir='ltr'>coacloque</span> 
     </span>
     <span class='ocr_line' id='line_1_35' title="bbox 213 1563 1166 1606; baseline -0.001 -9"><span class='ocrx_word' id='word_1_278' title='bbox 213 1568 247 1598; x_wconf 83' lang='lat' dir='ltr'>in</span> <span class='ocrx_word' id='word_1_279' title='bbox 259 1575 357 1596; x_wconf 89' lang='lat' dir='ltr'>unum</span> <span class='ocrx_word' id='word_1_280' title='bbox 367 1565 471 1603; x_wconf 81' lang='lat' dir='ltr'>locum</span> <span class='ocrx_word' id='word_1_281' title='bbox 481 1567 624 1598; x_wconf 82' lang='lat' dir='ltr'>exercitu,</span> <span class='ocrx_word' id='word_1_282' title='bbox 634 1563 725 1595; x_wconf 82' lang='lat' dir='ltr'>castra</span> <span class='ocrx_word' id='word_1_283' title='bbox 733 1566 765 1594; x_wconf 89' lang='lat' dir='ltr'>in</span> <span class='ocrx_word' id='word_1_284' title='bbox 775 1567 929 1605; x_wconf 87' lang='lat' dir='ltr'>Lycaonia</span> <span class='ocrx_word' id='word_1_285' title='bbox 937 1566 1013 1606; x_wconf 84' lang='lat' dir='ltr'>apud</span> <span class='ocrx_word' id='word_1_286' title='bbox 1025 1568 1166 1596; x_wconf 86' lang='lat' dir='ltr'>Iconium</span> 
     </span>
     <span class='ocr_line' id='line_1_36' title="bbox 210 1604 1167 1650; baseline -0.001 -11"><span class='ocrx_word' id='word_1_287' title='bbox 210 1608 330 1639; x_wconf 80' lang='lat' dir='ltr'>faceret.</span> <span class='ocrx_word' id='word_1_288' title='bbox 353 1606 444 1648; x_wconf 85' lang='lat' dir='ltr'>Qod</span> <span class='ocrx_word' id='word_1_289' title='bbox 461 1604 533 1636; x_wconf 76' lang='lat' dir='ltr'>cum</span> <span class='ocrx_word' id='word_1_290' title='bbox 552 1606 588 1636; x_wconf 92' lang='lat' dir='ltr'>ab</span> <span class='ocrx_word' id='word_1_291' title='bbox 611 1607 668 1635; x_wconf 88' lang='lat' dir='ltr'>illo</span> <span class='ocrx_word' id='word_1_292' title='bbox 680 1606 841 1648; x_wconf 81' lang='lat' dir='ltr'>diligenter</span> <span class='ocrx_word' id='word_1_293' title='bbox 849 1605 1049 1638; x_wconf 65' lang='lat' dir='ltr'>efletaftum:</span> <span class='ocrx_word' id='word_1_294' title='bbox 1067 1618 1123 1650; x_wconf 84' lang='lat' dir='ltr'>ego</span> <span class='ocrx_word' id='word_1_295' title='bbox 1134 1611 1167 1638; x_wconf 87' lang='lat' dir='ltr'>in</span> 
     </span>
     <span class='ocr_line' id='line_1_37' title="bbox 210 1647 1169 1690; baseline -0.001 -9"><span class='ocrx_word' id='word_1_296' title='bbox 210 1649 302 1682; x_wconf 87' lang='lat' dir='ltr'>castra</span> <span class='ocrx_word' id='word_1_297' title='bbox 319 1649 355 1680; x_wconf 91' lang='lat' dir='ltr'>ad</span> <span class='ocrx_word' id='word_1_298' title='bbox 377 1659 440 1679; x_wconf 85' lang='lat' dir='ltr'>vu.</span> <span class='ocrx_word' id='word_1_299' title='bbox 461 1649 527 1678; x_wconf 93' lang='lat' dir='ltr'>Kal.</span> <span class='ocrx_word' id='word_1_300' title='bbox 537 1648 687 1688; x_wconf 86' lang='lat' dir='ltr'>Septemb.</span> <span class='ocrx_word' id='word_1_301' title='bbox 699 1649 772 1679; x_wconf 84' lang='lat' dir='ltr'>veni</span> <span class='ocrx_word' id='word_1_302' title='bbox 784 1659 789 1677; x_wconf 90' lang='lat'>:</span> <span class='ocrx_word' id='word_1_303' title='bbox 802 1647 875 1679; x_wconf 76' lang='lat' dir='ltr'>cum</span> <span class='ocrx_word' id='word_1_304' title='bbox 885 1649 998 1680; x_wconf 67' lang='lat' dir='ltr'>interea</span> <span class='ocrx_word' id='word_1_305' title='bbox 1009 1650 1169 1690; x_wconf 83' lang='lat' dir='ltr'>superiori-</span> 
     </span>
     <span class='ocr_line' id='line_1_38' title="bbox 210 1690 1168 1723; baseline 0 0"><span class='ocrx_word' id='word_1_306' title='bbox 210 1692 268 1723; x_wconf 90' lang='lat' dir='ltr'>bus</span> <span class='ocrx_word' id='word_1_307' title='bbox 279 1691 385 1722; x_wconf 88' lang='lat' dir='ltr'>diebus</span> <span class='ocrx_word' id='word_1_308' title='bbox 393 1700 432 1721; x_wconf 89' lang='lat' dir='ltr'>ex</span> <span class='ocrx_word' id='word_1_309' title='bbox 441 1690 694 1721; x_wconf 86' lang='lat' dir='ltr'>senatusconsulto</span> <span class='ocrx_word' id='word_1_310' title='bbox 703 1710 712 1723; x_wconf 83' lang='lat'>‚</span> <span class='ocrx_word' id='word_1_311' title='bbox 724 1690 757 1720; x_wconf 68' lang='grc' dir='ltr'>δε</span> <span class='ocrx_word' id='word_1_312' title='bbox 769 1700 963 1721; x_wconf 86' lang='lat' dir='ltr'>evocatorum</span> <span class='ocrx_word' id='word_1_313' title='bbox 975 1690 1093 1723; x_wconf 83' lang='lat' dir='ltr'>firmam</span> <span class='ocrx_word' id='word_1_314' title='bbox 1105 1702 1168 1723; x_wconf 86' lang='lat' dir='ltr'>ma-</span> 
     </span>
     <span class='ocr_line' id='line_1_39' title="bbox 212 1731 1169 1774; baseline 0.001 -11"><span class='ocrx_word' id='word_1_315' title='bbox 212 1743 308 1767; x_wconf 86' lang='lat' dir='ltr'>num,</span> <span class='ocrx_word' id='word_1_316' title='bbox 328 1733 361 1763; x_wconf 89' lang='lat'>&amp;</span> <span class='ocrx_word' id='word_1_317' title='bbox 372 1734 537 1774; x_wconf 85' lang='lat' dir='ltr'>equitatum</span> <span class='ocrx_word' id='word_1_318' title='bbox 547 1732 616 1762; x_wconf 71' lang='lat' dir='ltr'>sane</span> <span class='ocrx_word' id='word_1_319' title='bbox 626 1731 774 1762; x_wconf 83' lang='lat' dir='ltr'>idoneum</span> <span class='ocrx_word' id='word_1_320' title='bbox 787 1753 796 1766; x_wconf 92' lang='lat'>,</span> <span class='ocrx_word' id='word_1_321' title='bbox 821 1733 1046 1773; x_wconf 87' lang='lat' dir='ltr'>&amp;populorum</span> <span class='ocrx_word' id='word_1_322' title='bbox 1056 1734 1169 1765; x_wconf 88' lang='lat' dir='ltr'>libero-</span> 
     </span>
     <span class='ocr_line' id='line_1_40' title="bbox 212 1774 1168 1816; baseline 0.002 -11"><span class='ocrx_word' id='word_1_323' title='bbox 212 1785 283 1807; x_wconf 87' lang='lat' dir='ltr'>rum</span> <span class='ocrx_word' id='word_1_324' title='bbox 298 1794 307 1808; x_wconf 86' lang='lat'>‚</span> <span class='ocrx_word' id='word_1_325' title='bbox 334 1784 499 1815; x_wconf 89' lang='lat' dir='ltr'>regumque</span> <span class='ocrx_word' id='word_1_326' title='bbox 525 1774 676 1804; x_wconf 84' lang='lat' dir='ltr'>sociorum</span> <span class='ocrx_word' id='word_1_327' title='bbox 699 1774 811 1804; x_wconf 86' lang='lat' dir='ltr'>auxilia</span> <span class='ocrx_word' id='word_1_328' title='bbox 829 1775 999 1805; x_wconf 87' lang='lat' dir='ltr'>voluntaria</span> <span class='ocrx_word' id='word_1_329' title='bbox 1014 1785 1168 1816; x_wconf 84' lang='lat' dir='ltr'>compara-</span> 
     </span>
     <span class='ocr_line' id='line_1_41' title="bbox 213 1814 1167 1849; baseline 0.001 -2"><span class='ocrx_word' id='word_1_330' title='bbox 213 1815 333 1847; x_wconf 82' lang='lat' dir='ltr'>viss&#39;em.</span> <span class='ocrx_word' id='word_1_331' title='bbox 357 1818 484 1846; x_wconf 86' lang='lat' dir='ltr'>Interim</span> <span class='ocrx_word' id='word_1_332' title='bbox 501 1814 573 1845; x_wconf 75' lang='lat' dir='ltr'>cum</span> <span class='ocrx_word' id='word_1_333' title='bbox 585 1834 594 1849; x_wconf 94' lang='lat'>,</span> <span class='ocrx_word' id='word_1_334' title='bbox 617 1817 749 1846; x_wconf 84' lang='lat' dir='ltr'>exercitu</span> <span class='ocrx_word' id='word_1_335' title='bbox 759 1815 899 1849; x_wconf 83' lang='lat' dir='ltr'>lustrato,</span> <span class='ocrx_word' id='word_1_336' title='bbox 921 1819 978 1847; x_wconf 83' lang='lat' dir='ltr'>&#39;iter</span> <span class='ocrx_word' id='word_1_337' title='bbox 986 1818 1020 1847; x_wconf 89' lang='lat' dir='ltr'>in</span> <span class='ocrx_word' id='word_1_338' title='bbox 1030 1818 1167 1848; x_wconf 85' lang='lat' dir='ltr'>Ciliciam</span> 
     </span>
     <span class='ocr_line' id='line_1_42' title="bbox 213 1855 1168 1900; baseline 0.002 -12"><span class='ocrx_word' id='word_1_339' title='bbox 213 1858 308 1888; x_wconf 84' lang='lat' dir='ltr'>facere</span> <span class='ocrx_word' id='word_1_340' title='bbox 325 1855 496 1897; x_wconf 84' lang='lat' dir='ltr'>coepiffem:</span> <span class='ocrx_word' id='word_1_341' title='bbox 518 1857 585 1887; x_wconf 89' lang='lat' dir='ltr'>Kal.</span> <span class='ocrx_word' id='word_1_342' title='bbox 596 1857 749 1896; x_wconf 87' lang='lat' dir='ltr'>Septemb.</span> <span class='ocrx_word' id='word_1_343' title='bbox 761 1857 949 1898; x_wconf 77' lang='lat' dir='ltr'>legatiarege</span> <span class='ocrx_word' id='word_1_344' title='bbox 959 1861 1168 1900; x_wconf 88' lang='lat' dir='ltr'>Commageno</span> 
     </span>
     <span class='ocr_line' id='line_1_43' title="bbox 216 1898 1167 1939; baseline 0.001 -9"><span class='ocrx_word' id='word_1_345' title='bbox 216 1899 253 1930; x_wconf 86' lang='lat' dir='ltr'>ad</span> <span class='ocrx_word' id='word_1_346' title='bbox 263 1909 313 1930; x_wconf 91' lang='lat' dir='ltr'>me</span> <span class='ocrx_word' id='word_1_347' title='bbox 324 1898 401 1929; x_wconf 76' lang='lat' dir='ltr'>misti</span> <span class='ocrx_word' id='word_1_348' title='bbox 413 1919 422 1933; x_wconf 93' lang='lat'>,</span> <span class='ocrx_word' id='word_1_349' title='bbox 440 1898 691 1939; x_wconf 75' lang='lat' dir='ltr'>pertumultuose,</span> <span class='ocrx_word' id='word_1_350' title='bbox 703 1908 801 1939; x_wconf 88' lang='lat' dir='ltr'>neque</span> <span class='ocrx_word' id='word_1_351' title='bbox 811 1907 913 1929; x_wconf 89' lang='lat' dir='ltr'>tamen</span> <span class='ocrx_word' id='word_1_352' title='bbox 923 1909 987 1930; x_wconf 89' lang='lat' dir='ltr'>non</span> <span class='ocrx_word' id='word_1_353' title='bbox 996 1901 1064 1931; x_wconf 75' lang='lat' dir='ltr'>vere</span> <span class='ocrx_word' id='word_1_354' title='bbox 1075 1920 1083 1935; x_wconf 90' lang='lat'>,</span> <span class='ocrx_word' id='word_1_355' title='bbox 1099 1903 1167 1931; x_wconf 84' lang='lat' dir='ltr'>Par-</span> 
     </span>
     <span class='ocr_line' id='line_1_44' title="bbox 213 1938 1164 1981; baseline 0 -9"><span class='ocrx_word' id='word_1_356' title='bbox 213 1943 283 1973; x_wconf 85' lang='lat' dir='ltr'>thos</span> <span class='ocrx_word' id='word_1_357' title='bbox 293 1943 325 1971; x_wconf 92' lang='lat' dir='ltr'>in</span> <span class='ocrx_word' id='word_1_358' title='bbox 335 1942 450 1980; x_wconf 87' lang='lat' dir='ltr'>Syriam</span> <span class='ocrx_word' id='word_1_359' title='bbox 459 1938 586 1971; x_wconf 81' lang='lat' dir='ltr'>tranfiss&#39;e</span> <span class='ocrx_word' id='word_1_360' title='bbox 596 1942 818 1972; x_wconf 87' lang='lat' dir='ltr'>nuntiaverunt.</span> <span class='ocrx_word' id='word_1_361' title='bbox 843 1943 913 1981; x_wconf 81' lang='lat' dir='ltr'>Qo</span> <span class='ocrx_word' id='word_1_362' title='bbox 925 1942 1030 1972; x_wconf 87' lang='lat' dir='ltr'>audito</span> <span class='ocrx_word' id='word_1_363' title='bbox 1040 1961 1049 1976; x_wconf 86' lang='lat'>,</span> <span class='ocrx_word' id='word_1_364' title='bbox 1070 1943 1164 1972; x_wconf 84' lang='lat' dir='ltr'>vehe-</span> 
     </span>
     <span class='ocr_line' id='line_1_45' title="bbox 212 1981 1168 2024; baseline 0 -10"><span class='ocrx_word' id='word_1_365' title='bbox 212 1993 332 2014; x_wconf 87' lang='lat' dir='ltr'>menter</span> <span class='ocrx_word' id='word_1_366' title='bbox 341 1983 405 2013; x_wconf 83' lang='lat' dir='ltr'>sum</span> <span class='ocrx_word' id='word_1_367' title='bbox 413 1991 588 2012; x_wconf 87' lang='lat' dir='ltr'>commotus</span> <span class='ocrx_word' id='word_1_368' title='bbox 597 1981 668 2012; x_wconf 76' lang='lat' dir='ltr'>cum</span> <span class='ocrx_word' id='word_1_369' title='bbox 680 1981 717 2012; x_wconf 89' lang='lat' dir='ltr'>de</span> <span class='ocrx_word' id='word_1_370' title='bbox 727 1984 808 2022; x_wconf 90' lang='lat' dir='ltr'>Syria</span> <span class='ocrx_word' id='word_1_371' title='bbox 819 2002 828 2015; x_wconf 91' lang='lat'>,</span> <span class='ocrx_word' id='word_1_372' title='bbox 839 1990 904 2012; x_wconf 90' lang='lat' dir='ltr'>tum</span> <span class='ocrx_word' id='word_1_373' title='bbox 913 1982 952 2013; x_wconf 90' lang='lat' dir='ltr'>de</span> <span class='ocrx_word' id='word_1_374' title='bbox 967 1993 1033 2014; x_wconf 88' lang='lat' dir='ltr'>mea</span> <span class='ocrx_word' id='word_1_375' title='bbox 1042 1985 1168 2024; x_wconf 80' lang='lat' dir='ltr'>provin-</span> 
     </span>
     <span class='ocr_line' id='line_1_46' title="bbox 210 2021 1166 2065; baseline 0 -10"><span class='ocrx_word' id='word_1_376' title='bbox 210 2027 276 2059; x_wconf 84' lang='lat' dir='ltr'>cia,</span> <span class='ocrx_word' id='word_1_377' title='bbox 295 2025 335 2055; x_wconf 84' lang='lat' dir='ltr'>de</span> <span class='ocrx_word' id='word_1_378' title='bbox 353 2025 468 2065; x_wconf 86' lang='lat' dir='ltr'>reliqua</span> <span class='ocrx_word' id='word_1_379' title='bbox 485 2023 616 2064; x_wconf 84' lang='lat' dir='ltr'>denique</span> <span class='ocrx_word' id='word_1_380' title='bbox 632 2021 706 2054; x_wconf 83' lang='lat' dir='ltr'>Afia.</span> <span class='ocrx_word' id='word_1_381' title='bbox 730 2027 831 2065; x_wconf 87' lang='lat' dir='ltr'>Itaque</span> <span class='ocrx_word' id='word_1_382' title='bbox 842 2026 1007 2056; x_wconf 83' lang='lat' dir='ltr'>exercitum</span> <span class='ocrx_word' id='word_1_383' title='bbox 1019 2027 1097 2055; x_wconf 89' lang='lat' dir='ltr'>mihi</span> <span class='ocrx_word' id='word_1_384' title='bbox 1109 2025 1166 2055; x_wconf 92' lang='lat' dir='ltr'>du-</span> 
     </span>
     <span class='ocr_line' id='line_1_47' title="bbox 210 2065 1165 2108; baseline 0 -11"><span class='ocrx_word' id='word_1_385' title='bbox 210 2066 341 2098; x_wconf 83' lang='lat' dir='ltr'>cendum</span> <span class='ocrx_word' id='word_1_386' title='bbox 360 2076 412 2107; x_wconf 85' lang='lat' dir='ltr'>per</span> <span class='ocrx_word' id='word_1_387' title='bbox 430 2065 621 2106; x_wconf 71' lang='lat' dir='ltr'>cappadociae</span> <span class='ocrx_word' id='word_1_388' title='bbox 639 2067 796 2106; x_wconf 80' lang='lat' dir='ltr'>regionem</span> <span class='ocrx_word' id='word_1_389' title='bbox 815 2076 882 2096; x_wconf 85' lang='lat' dir='ltr'>eam</span> <span class='ocrx_word' id='word_1_390' title='bbox 903 2087 912 2100; x_wconf 90' lang='lat'>,</span> <span class='ocrx_word' id='word_1_391' title='bbox 941 2077 1009 2108; x_wconf 77' lang='lat' dir='ltr'>quae</span> <span class='ocrx_word' id='word_1_392' title='bbox 1027 2067 1165 2098; x_wconf 89' lang='lat' dir='ltr'>Ciliciam</span> 
     </span>
     <span class='ocr_line' id='line_1_48' title="bbox 210 2106 1162 2149; baseline 0.001 -11"><span class='ocrx_word' id='word_1_393' title='bbox 210 2111 385 2149; x_wconf 85' lang='lat' dir='ltr'>attingeret,</span> <span class='ocrx_word' id='word_1_394' title='bbox 408 2109 518 2148; x_wconf 87' lang='lat' dir='ltr'>putavi.</span> <span class='ocrx_word' id='word_1_395' title='bbox 553 2109 634 2137; x_wconf 84' lang='lat' dir='ltr'>Nam</span> <span class='ocrx_word' id='word_1_396' title='bbox 653 2106 673 2137; x_wconf 91' lang='lat' dir='ltr'>fi</span> <span class='ocrx_word' id='word_1_397' title='bbox 692 2117 743 2138; x_wconf 91' lang='lat' dir='ltr'>me</span> <span class='ocrx_word' id='word_1_398' title='bbox 760 2109 794 2138; x_wconf 91' lang='lat' dir='ltr'>in</span> <span class='ocrx_word' id='word_1_399' title='bbox 812 2108 950 2139; x_wconf 86' lang='lat' dir='ltr'>Ciliciam</span> <span class='ocrx_word' id='word_1_400' title='bbox 969 2107 1162 2143; x_wconf 77' lang='lat' dir='ltr'>demisiss‘em,</span> 
     </span>
     <span class='ocr_line' id='line_1_49' title="bbox 209 2149 1162 2190; baseline 0.001 -10"><span class='ocrx_word' id='word_1_401' title='bbox 209 2150 349 2181; x_wconf 86' lang='lat' dir='ltr'>Ciliciam</span> <span class='ocrx_word' id='word_1_402' title='bbox 368 2150 493 2190; x_wconf 91' lang='lat' dir='ltr'>quidem</span> <span class='ocrx_word' id='word_1_403' title='bbox 515 2149 609 2189; x_wconf 88' lang='lat' dir='ltr'>ipsam</span> <span class='ocrx_word' id='word_1_404' title='bbox 626 2158 746 2190; x_wconf 88' lang='lat' dir='ltr'>propter</span> <span class='ocrx_word' id='word_1_405' title='bbox 763 2152 879 2180; x_wconf 89' lang='lat' dir='ltr'>montis</span> <span class='ocrx_word' id='word_1_406' title='bbox 900 2152 1010 2181; x_wconf 88' lang='lat' dir='ltr'>Amani</span> <span class='ocrx_word' id='word_1_407' title='bbox 1028 2159 1162 2181; x_wconf 86' lang='lat' dir='ltr'>naturam</span> 
     </span>
     <span class='ocr_line' id='line_1_50' title="bbox 208 2190 1163 2230; baseline 0.001 -8"><span class='ocrx_word' id='word_1_408' title='bbox 208 2191 299 2222; x_wconf 70' lang='lat' dir='ltr'>facile</span> <span class='ocrx_word' id='word_1_409' title='bbox 316 2190 493 2222; x_wconf 82' lang='lat' dir='ltr'>tenuissem:</span> <span class='ocrx_word' id='word_1_410' title='bbox 516 2191 609 2230; x_wconf 91' lang='lat' dir='ltr'>(Duo</span> <span class='ocrx_word' id='word_1_411' title='bbox 628 2191 695 2221; x_wconf 86' lang='lat' dir='ltr'>sunt</span> <span class='ocrx_word' id='word_1_412' title='bbox 712 2192 802 2221; x_wconf 89' lang='lat' dir='ltr'>enim·</span> <span class='ocrx_word' id='word_1_413' title='bbox 819 2191 916 2222; x_wconf 89' lang='lat' dir='ltr'>aditus</span> <span class='ocrx_word' id='word_1_414' title='bbox 932 2194 964 2222; x_wconf 91' lang='lat' dir='ltr'>in</span> <span class='ocrx_word' id='word_1_415' title='bbox 976 2193 1115 2225; x_wconf 84' lang='lat' dir='ltr'>Ciliciam</span> <span class='ocrx_word' id='word_1_416' title='bbox 1126 2202 1163 2223; x_wconf 80' lang='lat' dir='ltr'>ex</span> 
     </span>
     <span class='ocr_line' id='line_1_51' title="bbox 208 2231 1163 2276; baseline -0.001 -11"><span class='ocrx_word' id='word_1_417' title='bbox 208 2235 309 2274; x_wconf 85' lang='lat' dir='ltr'>Syria:</span> <span class='ocrx_word' id='word_1_418' title='bbox 331 2243 462 2273; x_wconf 88' lang='lat' dir='ltr'>quorum</span> <span class='ocrx_word' id='word_1_419' title='bbox 483 2242 607 2273; x_wconf 86' lang='lat' dir='ltr'>uterque</span> <span class='ocrx_word' id='word_1_420' title='bbox 626 2238 724 2272; x_wconf 87' lang='lat' dir='ltr'>parvis</span> <span class='ocrx_word' id='word_1_421' title='bbox 740 2231 880 2274; x_wconf 86' lang='lat' dir='ltr'>praefidiis</span> <span class='ocrx_word' id='word_1_422' title='bbox 890 2243 1008 2274; x_wconf 88' lang='lat' dir='ltr'>propter</span> <span class='ocrx_word' id='word_1_423' title='bbox 1018 2233 1163 2276; x_wconf 86' lang='lat' dir='ltr'>angustias</span> 
     </span>
     <span class='ocr_line' id='line_1_52' title="bbox 209 2273 1162 2316; baseline 0 -10"><span class='ocrx_word' id='word_1_424' title='bbox 209 2275 372 2306; x_wconf 86' lang='lat' dir='ltr'>intercludi</span> <span class='ocrx_word' id='word_1_425' title='bbox 390 2274 486 2315; x_wconf 82' lang='lat' dir='ltr'>potest</span> <span class='ocrx_word' id='word_1_426' title='bbox 496 2295 505 2308; x_wconf 93' lang='lat'>,</span> <span class='ocrx_word' id='word_1_427' title='bbox 528 2285 584 2305; x_wconf 90' lang='lat' dir='ltr'>nec</span> <span class='ocrx_word' id='word_1_428' title='bbox 594 2273 638 2304; x_wconf 88' lang='lat' dir='ltr'>est</span> <span class='ocrx_word' id='word_1_429' title='bbox 646 2274 811 2315; x_wconf 84' lang='lat' dir='ltr'>quidquam</span> <span class='ocrx_word' id='word_1_430' title='bbox 820 2276 925 2306; x_wconf 89' lang='lat' dir='ltr'>Cilicia</span> <span class='ocrx_word' id='word_1_431' title='bbox 932 2285 1036 2307; x_wconf 87' lang='lat' dir='ltr'>contra</span> <span class='ocrx_word' id='word_1_432' title='bbox 1047 2278 1162 2316; x_wconf 88' lang='lat' dir='ltr'>Syriam</span> 
     </span>
     <span class='ocr_line' id='line_1_53' title="bbox 208 2316 1161 2358; baseline 0 -11"><span class='ocrx_word' id='word_1_433' title='bbox 208 2318 360 2347; x_wconf 82' lang='lat' dir='ltr'>munitius</span> <span class='ocrx_word' id='word_1_434' title='bbox 372 2318 382 2357; x_wconf 92' lang='lat'><em>)</em></span> <span class='ocrx_word' id='word_1_435' title='bbox 403 2316 452 2347; x_wconf 88' lang='lat' dir='ltr'>sed</span> <span class='ocrx_word' id='word_1_436' title='bbox 463 2327 512 2346; x_wconf 91' lang='lat' dir='ltr'>me</span> <span class='ocrx_word' id='word_1_437' title='bbox 521 2316 703 2356; x_wconf 82' lang='lat' dir='ltr'>Cappadocia</span> <span class='ocrx_word' id='word_1_438' title='bbox 712 2316 853 2347; x_wconf 89' lang='lat' dir='ltr'>movebat</span> <span class='ocrx_word' id='word_1_439' title='bbox 865 2328 870 2346; x_wconf 89' lang='grc'>;</span> <span class='ocrx_word' id='word_1_440' title='bbox 882 2328 949 2358; x_wconf 85' lang='lat' dir='ltr'>quae</span> <span class='ocrx_word' id='word_1_441' title='bbox 957 2327 1036 2358; x_wconf 84' lang='lat' dir='ltr'>patet</span> <span class='ocrx_word' id='word_1_442' title='bbox 1045 2319 1060 2348; x_wconf 79' lang='lat' dir='ltr'>a</span> <span class='ocrx_word' id='word_1_443' title='bbox 1068 2320 1161 2358; x_wconf 88' lang='lat' dir='ltr'>Syria,</span> 
     </span>
     <span class='ocr_line' id='line_1_54' title="bbox 208 2357 1161 2400; baseline 0.001 -11"><span class='ocrx_word' id='word_1_444' title='bbox 208 2359 350 2400; x_wconf 69' lang='lat' dir='ltr'>regesque</span> <span class='ocrx_word' id='word_1_445' title='bbox 369 2359 457 2389; x_wconf 89' lang='lat' dir='ltr'>habet</span> <span class='ocrx_word' id='word_1_446' title='bbox 475 2357 642 2391; x_wconf 81' lang='lat' dir='ltr'>finitimos,</span> <span class='ocrx_word' id='word_1_447' title='bbox 666 2359 719 2398; x_wconf 85' lang='lat' dir='ltr'>qui</span> <span class='ocrx_word' id='word_1_448' title='bbox 742 2357 856 2389; x_wconf 82' lang='lat' dir='ltr'>etiamsi</span> <span class='ocrx_word' id='word_1_449' title='bbox 875 2360 944 2389; x_wconf 89' lang='lat' dir='ltr'>sunt</span> <span class='ocrx_word' id='word_1_450' title='bbox 958 2361 1048 2390; x_wconf 89' lang='lat' dir='ltr'>amici</span> <span class='ocrx_word' id='word_1_451' title='bbox 1057 2360 1161 2394; x_wconf 86' lang='lat' dir='ltr'>nobis,</span> 
     </span>
     <span class='ocr_line' id='line_1_55' title="bbox 209 2399 1161 2442; baseline 0.001 -12"><span class='ocrx_word' id='word_1_452' title='bbox 209 2408 312 2430; x_wconf 87' lang='lat' dir='ltr'>tamen</span> <span class='ocrx_word' id='word_1_453' title='bbox 332 2400 430 2440; x_wconf 75' lang='lat' dir='ltr'>aperte</span> <span class='ocrx_word' id='word_1_454' title='bbox 451 2401 565 2431; x_wconf 85' lang='lat' dir='ltr'>Parthis</span> <span class='ocrx_word' id='word_1_455' title='bbox 584 2401 705 2430; x_wconf 84' lang='lat' dir='ltr'>inimici</span> <span class='ocrx_word' id='word_1_456' title='bbox 726 2399 784 2430; x_wconf 83' lang='lat' dir='ltr'>effe</span> <span class='ocrx_word' id='word_1_457' title='bbox 801 2410 866 2431; x_wconf 82' lang='lat' dir='ltr'>non</span> <span class='ocrx_word' id='word_1_458' title='bbox 875 2400 994 2432; x_wconf 84' lang='lat' dir='ltr'>audent.</span> <span class='ocrx_word' id='word_1_459' title='bbox 1018 2404 1118 2442; x_wconf 83' lang='lat' dir='ltr'>Itaque</span> <span class='ocrx_word' id='word_1_460' title='bbox 1128 2403 1161 2431; x_wconf 90' lang='lat' dir='ltr'>in</span> 
     </span>
     <span class='ocr_line' id='line_1_56' title="bbox 209 2441 1161 2483; baseline 0.002 -11"><span class='ocrx_word' id='word_1_461' title='bbox 209 2444 250 2472; x_wconf 91' lang='lat' dir='ltr'>Ca</span> <span class='ocrx_word' id='word_1_462' title='bbox 270 2441 391 2481; x_wconf 87' lang='lat' dir='ltr'>padocia</span> <span class='ocrx_word' id='word_1_463' title='bbox 397 2450 530 2475; x_wconf 74' lang='lat' dir='ltr'>extrema</span> <span class='ocrx_word' id='word_1_464' title='bbox 539 2451 604 2472; x_wconf 91' lang='lat' dir='ltr'>non</span> <span class='ocrx_word' id='word_1_465' title='bbox 613 2441 703 2483; x_wconf 75' lang='lat' dir='ltr'>longe</span> <span class='ocrx_word' id='word_1_466' title='bbox 715 2441 730 2472; x_wconf 77' lang='lat' dir='ltr'>a</span> <span class='ocrx_word' id='word_1_467' title='bbox 741 2444 842 2473; x_wconf 83' lang='lat' dir='ltr'>Tauro</span> <span class='ocrx_word' id='word_1_468' title='bbox 853 2443 929 2483; x_wconf 87' lang='lat' dir='ltr'>apud</span> <span class='ocrx_word' id='word_1_469' title='bbox 941 2443 1088 2483; x_wconf 89' lang='lat' dir='ltr'>oppidum</span> <span class='ocrx_word' id='word_1_470' title='bbox 1101 2446 1161 2483; x_wconf 89' lang='lat' dir='ltr'>Cy-</span> 
     </span>
     <span class='ocr_line' id='line_1_57' title="bbox 209 2451 1160 2525; baseline 0 -11"><span class='ocrx_word' id='word_1_471' title='bbox 209 2451 299 2514; x_wconf 50' lang='lat' dir='ltr'>billl&#39;ra</span> <span class='ocrx_word' id='word_1_472' title='bbox 314 2483 403 2514; x_wconf 79' lang='lat' dir='ltr'>castra</span> <span class='ocrx_word' id='word_1_473' title='bbox 419 2483 496 2517; x_wconf 85' lang='lat' dir='ltr'>feci,</span> <span class='ocrx_word' id='word_1_474' title='bbox 517 2492 550 2513; x_wconf 90' lang='lat' dir='ltr'>ut</span> <span class='ocrx_word' id='word_1_475' title='bbox 568 2484 601 2514; x_wconf 88' lang='lat'>&amp;</span> <span class='ocrx_word' id='word_1_476' title='bbox 611 2483 749 2514; x_wconf 86' lang='lat' dir='ltr'>Ciliciam</span> <span class='ocrx_word' id='word_1_477' title='bbox 758 2492 857 2514; x_wconf 88' lang='lat' dir='ltr'>tuerer</span> <span class='ocrx_word' id='word_1_478' title='bbox 867 2504 876 2518; x_wconf 85' lang='lat'>‚</span> <span class='ocrx_word' id='word_1_479' title='bbox 897 2485 929 2514; x_wconf 73' lang='grc' dir='ltr'>ὃ(</span> <span class='ocrx_word' id='word_1_480' title='bbox 943 2485 1160 2525; x_wconf 83' lang='lat' dir='ltr'>Cappadociam</span> 
     </span>
     <span class='ocr_line' id='line_1_58' title="bbox 208 2524 1159 2567; baseline 0.002 -12"><span class='ocrx_word' id='word_1_481' title='bbox 208 2535 314 2555; x_wconf 89' lang='lat' dir='ltr'>tenens</span> <span class='ocrx_word' id='word_1_482' title='bbox 325 2545 334 2558; x_wconf 90' lang='lat'>,</span> <span class='ocrx_word' id='word_1_483' title='bbox 355 2535 434 2555; x_wconf 84' lang='lat' dir='ltr'>nova</span> <span class='ocrx_word' id='word_1_484' title='bbox 443 2524 646 2555; x_wconf 87' lang='lat' dir='ltr'>finitimorum</span> <span class='ocrx_word' id='word_1_485' title='bbox 656 2524 778 2555; x_wconf 85' lang='lat' dir='ltr'>confilia</span> <span class='ocrx_word' id='word_1_486' title='bbox 786 2525 978 2567; x_wconf 86' lang='lat' dir='ltr'>impedirem.</span> <span class='ocrx_word' id='word_1_487' title='bbox 1001 2526 1118 2558; x_wconf 74' lang='lat' dir='ltr'>Interea</span> <span class='ocrx_word' id='word_1_488' title='bbox 1127 2529 1159 2557; x_wconf 89' lang='lat' dir='ltr'>in</span> 
     </span>
     <span class='ocr_line' id='line_1_59' title="bbox 203 2566 1160 2607; baseline 0.001 -10"><span class='ocrx_word' id='word_1_489' title='bbox 203 2568 263 2597; x_wconf 91' lang='lat' dir='ltr'>hoc</span> <span class='ocrx_word' id='word_1_490' title='bbox 273 2576 355 2597; x_wconf 90' lang='lat' dir='ltr'>tanto</span> <span class='ocrx_word' id='word_1_491' title='bbox 366 2575 452 2597; x_wconf 90' lang='lat' dir='ltr'>motu</span> <span class='ocrx_word' id='word_1_492' title='bbox 461 2587 471 2601; x_wconf 90' lang='lat'>,</span> <span class='ocrx_word' id='word_1_493' title='bbox 480 2576 617 2607; x_wconf 89' lang='lat' dir='ltr'>tantaque</span> <span class='ocrx_word' id='word_1_494' title='bbox 626 2566 850 2607; x_wconf 68' lang='lat' dir='ltr'>exspeSleatione</span> <span class='ocrx_word' id='word_1_495' title='bbox 862 2570 991 2598; x_wconf 84' lang='lat' dir='ltr'>maximi</span> <span class='ocrx_word' id='word_1_496' title='bbox 999 2569 1073 2599; x_wconf 91' lang='lat' dir='ltr'>belli</span> <span class='ocrx_word' id='word_1_497' title='bbox 1085 2589 1094 2602; x_wconf 91' lang='lat'>,</span> <span class='ocrx_word' id='word_1_498' title='bbox 1106 2578 1160 2599; x_wconf 86' lang='lat' dir='ltr'>rex</span> 
     </span>
     <span class='ocr_line' id='line_1_60' title="bbox 206 2605 1158 2650; baseline 0.003 -12"><span class='ocrx_word' id='word_1_499' title='bbox 206 2609 368 2648; x_wconf 83' lang='lat' dir='ltr'>Dejotarus</span> <span class='ocrx_word' id='word_1_500' title='bbox 381 2629 390 2642; x_wconf 91' lang='lat'>‚</span> <span class='ocrx_word' id='word_1_501' title='bbox 410 2610 458 2638; x_wconf 92' lang='lat' dir='ltr'>cui</span> <span class='ocrx_word' id='word_1_502' title='bbox 476 2618 540 2638; x_wconf 91' lang='lat' dir='ltr'>non</span> <span class='ocrx_word' id='word_1_503' title='bbox 557 2605 619 2639; x_wconf 86' lang='lat' dir='ltr'>fine</span> <span class='ocrx_word' id='word_1_504' title='bbox 632 2609 716 2639; x_wconf 86' lang='lat' dir='ltr'>causa</span> <span class='ocrx_word' id='word_1_505' title='bbox 724 2608 892 2648; x_wconf 77' lang='lat' dir='ltr'>plurimum</span> <span class='ocrx_word' id='word_1_506' title='bbox 906 2610 1022 2650; x_wconf 85' lang='lat' dir='ltr'>semper</span> <span class='ocrx_word' id='word_1_507' title='bbox 1031 2611 1065 2640; x_wconf 89' lang='lat'>&amp;</span> <span class='ocrx_word' id='word_1_508' title='bbox 1076 2620 1158 2644; x_wconf 88' lang='lat' dir='ltr'>meo,</span> 
     </span>
     <span class='ocr_line' id='line_1_61' title="bbox 204 2649 1159 2686; baseline 0.002 -6"><span class='ocrx_word' id='word_1_509' title='bbox 204 2650 239 2681; x_wconf 71' lang='grc' dir='ltr'>ὃς</span> <span class='ocrx_word' id='word_1_510' title='bbox 250 2659 315 2684; x_wconf 86' lang='lat' dir='ltr'>tuo,</span> <span class='ocrx_word' id='word_1_511' title='bbox 327 2651 360 2680; x_wconf 71' lang='grc' dir='ltr'>δε</span> <span class='ocrx_word' id='word_1_512' title='bbox 371 2651 487 2680; x_wconf 82' lang='lat' dir='ltr'>senatus</span> <span class='ocrx_word' id='word_1_513' title='bbox 498 2650 504 2686; x_wconf 79' lang='lat' dir='ltr'>i</span> <span class='ocrx_word' id='word_1_514' title='bbox 509 2649 610 2680; x_wconf 85' lang='lat' dir='ltr'>udicio</span> <span class='ocrx_word' id='word_1_515' title='bbox 620 2649 767 2680; x_wconf 86' lang='lat' dir='ltr'>tributum</span> <span class='ocrx_word' id='word_1_516' title='bbox 778 2649 829 2684; x_wconf 90' lang='lat' dir='ltr'>est,</span> <span class='ocrx_word' id='word_1_517' title='bbox 842 2653 888 2680; x_wconf 89' lang='lat' dir='ltr'>vir</span> <span class='ocrx_word' id='word_1_518' title='bbox 896 2651 968 2681; x_wconf 76' lang='lat' dir='ltr'>cum</span> <span class='ocrx_word' id='word_1_519' title='bbox 979 2652 1159 2682; x_wconf 88' lang='lat' dir='ltr'>benivolen—</span> 
     </span>
    </p>
   </div>
   <div class='ocr_carea' id='block_1_4' title="bbox 1187 878 1199 1561">
    <p class='ocr_par' dir='ltr' id='par_1_6' title="bbox 1187 878 1199 1561">
     <span class='ocr_line' id='line_1_62' title="bbox 1187 878 1199 1561; baseline 0 0"><span class='ocrx_word' id='word_1_520' title='bbox 1187 878 1199 1561; x_wconf 95' lang='lat' dir='ltr'> </span> 
     </span>
    </p>
   </div>
   <div class='ocr_carea' id='block_1_5' title="bbox 2079 159 2170 218">
    <p class='ocr_par' dir='ltr' id='par_1_7' title="bbox 2079 159 2170 218">
     <span class='ocr_line' id='line_1_63' title="bbox 2079 159 2170 218; baseline 0.011 -14"><span class='ocrx_word' id='word_1_521' title='bbox 2079 159 2170 218; x_wconf 83' lang='lat'>761</span> 
     </span>
    </p>
   </div>
   <div class='ocr_carea' id='block_1_6' title="bbox 1201 234 2177 2694">
    <p class='ocr_par' dir='ltr' id='par_1_8' title="bbox 1201 234 2177 2694">
     <span class='ocr_line' id='line_1_64' title="bbox 1223 234 2176 279; baseline 0.001 -13"><span class='ocrx_word' id='word_1_522' title='bbox 1223 235 1431 276; x_wconf 85' lang='lat' dir='ltr'>magnitudine</span> <span class='ocrx_word' id='word_1_523' title='bbox 1441 236 1474 266; x_wconf 91' lang='lat'>&amp;</span> <span class='ocrx_word' id='word_1_524' title='bbox 1482 237 1578 266; x_wconf 88' lang='lat' dir='ltr'>animi</span> <span class='ocrx_word' id='word_1_525' title='bbox 1593 256 1601 270; x_wconf 88' lang='lat'><em>.</em></span> <span class='ocrx_word' id='word_1_526' title='bbox 1627 235 1660 266; x_wconf 89' lang='lat'>&amp;</span> <span class='ocrx_word' id='word_1_527' title='bbox 1668 235 1803 271; x_wconf 83' lang='lat' dir='ltr'>consilii,</span> <span class='ocrx_word' id='word_1_528' title='bbox 1813 237 1924 279; x_wconf 80' lang='lat' dir='ltr'>legatos</span> <span class='ocrx_word' id='word_1_529' title='bbox 1933 234 1968 267; x_wconf 83' lang='lat' dir='ltr'>ad</span> <span class='ocrx_word' id='word_1_530' title='bbox 1977 246 2027 268; x_wconf 84' lang='lat' dir='ltr'>me</span> <span class='ocrx_word' id='word_1_531' title='bbox 2036 235 2116 268; x_wconf 86' lang='lat' dir='ltr'>misit</span> <span class='ocrx_word' id='word_1_532' title='bbox 2128 257 2136 270; x_wconf 74' lang='grc'><strong>,</strong></span> <span class='ocrx_word' id='word_1_533' title='bbox 2148 238 2176 267; x_wconf 90' lang='lat' dir='ltr'>se</span> 
     </span>
     <span class='ocr_line' id='line_1_65' title="bbox 1222 277 2174 318; baseline 0 -11"><span class='ocrx_word' id='word_1_534' title='bbox 1222 287 1294 307; x_wconf 88' lang='lat' dir='ltr'>cum</span> <span class='ocrx_word' id='word_1_535' title='bbox 1313 278 1458 308; x_wconf 87' lang='lat' dir='ltr'>omnibus</span> <span class='ocrx_word' id='word_1_536' title='bbox 1477 279 1538 308; x_wconf 81' lang='lat' dir='ltr'>suis</span> <span class='ocrx_word' id='word_1_537' title='bbox 1561 279 1658 318; x_wconf 89' lang='lat' dir='ltr'>copiis</span> <span class='ocrx_word' id='word_1_538' title='bbox 1675 280 1709 309; x_wconf 89' lang='lat' dir='ltr'>in</span> <span class='ocrx_word' id='word_1_539' title='bbox 1727 288 1794 309; x_wconf 87' lang='lat' dir='ltr'>mea</span> <span class='ocrx_word' id='word_1_540' title='bbox 1815 278 1904 310; x_wconf 86' lang='lat' dir='ltr'>castra</span> <span class='ocrx_word' id='word_1_541' title='bbox 1924 277 1982 309; x_wconf 85' lang='lat' dir='ltr'>effe</span> <span class='ocrx_word' id='word_1_542' title='bbox 1998 279 2174 310; x_wconf 87' lang='lat' dir='ltr'>vent&#39;urum.</span> 
     </span>
     <span class='ocr_line' id='line_1_66' title="bbox 1223 318 2176 362; baseline 0.003 -14"><span class='ocrx_word' id='word_1_543' title='bbox 1223 320 1315 358; x_wconf 84' lang='lat' dir='ltr'>Cujus</span> <span class='ocrx_word' id='word_1_544' title='bbox 1324 329 1380 360; x_wconf 87' lang='lat' dir='ltr'>ego</span> <span class='ocrx_word' id='word_1_545' title='bbox 1392 319 1490 350; x_wconf 89' lang='lat' dir='ltr'>studio</span> <span class='ocrx_word' id='word_1_546' title='bbox 1502 340 1511 353; x_wconf 89' lang='lat'>,</span> <span class='ocrx_word' id='word_1_547' title='bbox 1530 318 1692 361; x_wconf 87' lang='lat' dir='ltr'>officioque</span> <span class='ocrx_word' id='word_1_548' title='bbox 1700 330 1875 351; x_wconf 90' lang='lat' dir='ltr'>commotus</span> <span class='ocrx_word' id='word_1_549' title='bbox 1884 341 1893 355; x_wconf 94' lang='lat'>‚</span> <span class='ocrx_word' id='word_1_550' title='bbox 1912 322 1959 362; x_wconf 86' lang='lat' dir='ltr'>egi</span> <span class='ocrx_word' id='word_1_551' title='bbox 1968 323 1996 350; x_wconf 83' lang='lat' dir='ltr'>ei</span> <span class='ocrx_word' id='word_1_552' title='bbox 2004 331 2056 361; x_wconf 90' lang='lat' dir='ltr'>per</span> <span class='ocrx_word' id='word_1_553' title='bbox 2065 321 2176 351; x_wconf 81' lang='lat' dir='ltr'>litteras</span> 
     </span>
     <span class='ocr_line' id='line_1_67' title="bbox 1220 360 2176 402; baseline 0.002 -12"><span class='ocrx_word' id='word_1_554' title='bbox 1220 362 1325 400; x_wconf 83' lang='lat' dir='ltr'>gratias</span> <span class='ocrx_word' id='word_1_555' title='bbox 1343 371 1348 390; x_wconf 90' lang='lat'>:</span> <span class='ocrx_word' id='word_1_556' title='bbox 1360 361 1450 402; x_wconf 92' lang='lat' dir='ltr'>idque</span> <span class='ocrx_word' id='word_1_557' title='bbox 1461 370 1493 391; x_wconf 91' lang='lat' dir='ltr'>ut</span> <span class='ocrx_word' id='word_1_558' title='bbox 1503 370 1676 396; x_wconf 85' lang='lat' dir='ltr'>maturaret,</span> <span class='ocrx_word' id='word_1_559' title='bbox 1696 363 1827 392; x_wconf 87' lang='lat' dir='ltr'>hortatus</span> <span class='ocrx_word' id='word_1_560' title='bbox 1838 362 1913 392; x_wconf 89' lang='lat' dir='ltr'>sum.</span> <span class='ocrx_word' id='word_1_561' title='bbox 1937 361 2017 392; x_wconf 81' lang='lat' dir='ltr'>Cum</span> <span class='ocrx_word' id='word_1_562' title='bbox 2027 371 2127 393; x_wconf 89' lang='lat' dir='ltr'>autem</span> <span class='ocrx_word' id='word_1_563' title='bbox 2138 360 2176 392; x_wconf 82' lang='lat' dir='ltr'>ad</span> 
     </span>
     <span class='ocr_line' id='line_1_68' title="bbox 1220 401 2177 444; baseline 0.003 -13"><span class='ocrx_word' id='word_1_564' title='bbox 1220 401 1357 440; x_wconf 89' lang='lat' dir='ltr'>Cybistra</span> <span class='ocrx_word' id='word_1_565' title='bbox 1378 412 1498 442; x_wconf 86' lang='lat' dir='ltr'>propter</span> <span class='ocrx_word' id='word_1_566' title='bbox 1519 404 1668 434; x_wconf 83' lang='lat' dir='ltr'>rationem</span> <span class='ocrx_word' id='word_1_567' title='bbox 1677 403 1748 433; x_wconf 89' lang='lat' dir='ltr'>belli</span> <span class='ocrx_word' id='word_1_568' title='bbox 1758 405 1891 444; x_wconf 88' lang='lat' dir='ltr'>quinque</span> <span class='ocrx_word' id='word_1_569' title='bbox 1900 403 1964 434; x_wconf 87' lang='lat' dir='ltr'>dies</span> <span class='ocrx_word' id='word_1_570' title='bbox 1971 401 2065 434; x_wconf 74' lang='lat' dir='ltr'>essem</span> <span class='ocrx_word' id='word_1_571' title='bbox 2075 413 2177 434; x_wconf 80' lang='lat' dir='ltr'>mora-</span> 
     </span>
     <span class='ocr_line' id='line_1_69' title="bbox 1220 443 2176 485; baseline 0.004 -14"><span class='ocrx_word' id='word_1_572' title='bbox 1220 451 1267 472; x_wconf 84' lang='lat' dir='ltr'>tus</span> <span class='ocrx_word' id='word_1_573' title='bbox 1291 453 1297 471; x_wconf 89' lang='lat'>:</span> <span class='ocrx_word' id='word_1_574' title='bbox 1316 453 1417 484; x_wconf 90' lang='lat' dir='ltr'>regem</span> <span class='ocrx_word' id='word_1_575' title='bbox 1438 443 1674 474; x_wconf 85' lang='lat' dir='ltr'>Ariobarzanem</span> <span class='ocrx_word' id='word_1_576' title='bbox 1684 465 1692 478; x_wconf 84' lang='lat'>,</span> <span class='ocrx_word' id='word_1_577' title='bbox 1713 446 1798 485; x_wconf 88' lang='lat' dir='ltr'>cujus</span> <span class='ocrx_word' id='word_1_578' title='bbox 1818 446 1943 476; x_wconf 86' lang='lat' dir='ltr'>salutern</span> <span class='ocrx_word' id='word_1_579' title='bbox 1966 446 1982 476; x_wconf 73' lang='lat' dir='ltr'>a</span> <span class='ocrx_word' id='word_1_580' title='bbox 1998 446 2097 476; x_wconf 86' lang='lat' dir='ltr'>senatu</span> <span class='ocrx_word' id='word_1_581' title='bbox 2110 465 2119 479; x_wconf 91' lang='lat'>,</span> <span class='ocrx_word' id='word_1_582' title='bbox 2145 454 2176 475; x_wconf 84' lang='lat' dir='ltr'>te</span> 
     </span>
     <span class='ocr_line' id='line_1_70' title="bbox 1218 483 2175 526; baseline 0.004 -13"><span class='ocrx_word' id='word_1_583' title='bbox 1218 483 1339 514; x_wconf 65' lang='lat' dir='ltr'>austore</span> <span class='ocrx_word' id='word_1_584' title='bbox 1349 504 1357 518; x_wconf 87' lang='lat'>,</span> <span class='ocrx_word' id='word_1_585' title='bbox 1368 485 1611 515; x_wconf 87' lang='lat' dir='ltr'>commendatam</span> <span class='ocrx_word' id='word_1_586' title='bbox 1621 486 1777 520; x_wconf 83' lang='lat' dir='ltr'>habebam,</span> <span class='ocrx_word' id='word_1_587' title='bbox 1789 486 1982 526; x_wconf 70' lang='lat' dir='ltr'>praesentibus</span> <span class='ocrx_word' id='word_1_588' title='bbox 1993 484 2107 517; x_wconf 83' lang='lat' dir='ltr'>insidiis</span> <span class='ocrx_word' id='word_1_589' title='bbox 2117 496 2175 517; x_wconf 84' lang='lat' dir='ltr'>nec</span> 
     </span>
     <span class='ocr_line' id='line_1_71' title="bbox 1219 526 2174 568; baseline 0.005 -14"><span class='ocrx_word' id='word_1_590' title='bbox 1219 527 1396 564; x_wconf 87' lang='lat' dir='ltr'>opinantem</span> <span class='ocrx_word' id='word_1_591' title='bbox 1414 526 1536 556; x_wconf 84' lang='lat' dir='ltr'>liberavi</span> <span class='ocrx_word' id='word_1_592' title='bbox 1550 537 1555 555; x_wconf 91' lang='lat'>:</span> <span class='ocrx_word' id='word_1_593' title='bbox 1575 537 1674 568; x_wconf 87' lang='lat' dir='ltr'>neque</span> <span class='ocrx_word' id='word_1_594' title='bbox 1692 527 1790 557; x_wconf 79' lang='lat' dir='ltr'>solum</span> <span class='ocrx_word' id='word_1_595' title='bbox 1805 530 1832 558; x_wconf 88' lang='lat' dir='ltr'>ei</span> <span class='ocrx_word' id='word_1_596' title='bbox 1842 529 1925 558; x_wconf 84' lang='lat' dir='ltr'>saluti</span> <span class='ocrx_word' id='word_1_597' title='bbox 1938 527 1984 558; x_wconf 81' lang='lat' dir='ltr'>fui</span> <span class='ocrx_word' id='word_1_598' title='bbox 1998 539 2003 558; x_wconf 90' lang='lat'><strong>:</strong></span> <span class='ocrx_word' id='word_1_599' title='bbox 2021 528 2070 559; x_wconf 89' lang='lat' dir='ltr'>sed</span> <span class='ocrx_word' id='word_1_600' title='bbox 2081 529 2174 559; x_wconf 84' lang='lat' dir='ltr'>etiam</span> 
     </span>
     <span class='ocr_line' id='line_1_72' title="bbox 1218 567 2175 610; baseline 0.004 -15"><span class='ocrx_word' id='word_1_601' title='bbox 1218 568 1317 596; x_wconf 87' lang='lat' dir='ltr'>curavi</span> <span class='ocrx_word' id='word_1_602' title='bbox 1329 587 1337 600; x_wconf 94' lang='lat'>,</span> <span class='ocrx_word' id='word_1_603' title='bbox 1358 576 1391 597; x_wconf 90' lang='lat' dir='ltr'>ut</span> <span class='ocrx_word' id='word_1_604' title='bbox 1412 577 1484 597; x_wconf 89' lang='lat' dir='ltr'>cum</span> <span class='ocrx_word' id='word_1_605' title='bbox 1505 567 1683 599; x_wconf 61' lang='lat' dir='ltr'>austeritate</span> <span class='ocrx_word' id='word_1_606' title='bbox 1701 578 1841 610; x_wconf 84' lang='lat' dir='ltr'>regnaret.</span> <span class='ocrx_word' id='word_1_607' title='bbox 1875 571 2005 601; x_wconf 86' lang='lat' dir='ltr'>Metram</span> <span class='ocrx_word' id='word_1_608' title='bbox 2018 590 2026 604; x_wconf 93' lang='lat'>,</span> <span class='ocrx_word' id='word_1_609' title='bbox 2046 569 2079 600; x_wconf 79' lang='grc' dir='ltr'>δε</span> <span class='ocrx_word' id='word_1_610' title='bbox 2090 580 2175 603; x_wconf 87' lang='lat' dir='ltr'>eum,</span> 
     </span>
     <span class='ocr_line' id='line_1_73' title="bbox 1219 608 2177 649; baseline 0.006 -13"><span class='ocrx_word' id='word_1_611' title='bbox 1219 617 1310 648; x_wconf 91' lang='lat' dir='ltr'>quem</span> <span class='ocrx_word' id='word_1_612' title='bbox 1321 618 1351 638; x_wconf 91' lang='lat' dir='ltr'>tu</span> <span class='ocrx_word' id='word_1_613' title='bbox 1368 608 1526 649; x_wconf 81' lang='lat' dir='ltr'>diligenter</span> <span class='ocrx_word' id='word_1_614' title='bbox 1535 610 1613 639; x_wconf 88' lang='lat' dir='ltr'>mihi</span> <span class='ocrx_word' id='word_1_615' title='bbox 1623 611 1849 641; x_wconf 74' lang='lat' dir='ltr'>commendatas</span> <span class='ocrx_word' id='word_1_616' title='bbox 1862 631 1870 644; x_wconf 91' lang='lat'>,</span> <span class='ocrx_word' id='word_1_617' title='bbox 1890 612 2071 642; x_wconf 87' lang='lat' dir='ltr'>Athenaeum</span> <span class='ocrx_word' id='word_1_618' title='bbox 2083 631 2091 645; x_wconf 82' lang='lat'>,</span> <span class='ocrx_word' id='word_1_619' title='bbox 2113 614 2177 642; x_wconf 80' lang='lat' dir='ltr'>im-</span> 
     </span>
     <span class='ocr_line' id='line_1_74' title="bbox 1219 650 2177 693; baseline 0.005 -15"><span class='ocrx_word' id='word_1_620' title='bbox 1219 651 1401 689; x_wconf 79' lang='lat' dir='ltr'>portunitate</span> <span class='ocrx_word' id='word_1_621' title='bbox 1422 650 1596 680; x_wconf 88' lang='lat' dir='ltr'>Athenaidis</span> <span class='ocrx_word' id='word_1_622' title='bbox 1605 650 1711 682; x_wconf 81' lang='lat' dir='ltr'>exsilio</span> <span class='ocrx_word' id='word_1_623' title='bbox 1721 653 1864 683; x_wconf 86' lang='lat' dir='ltr'>multatos</span> <span class='ocrx_word' id='word_1_624' title='bbox 1874 673 1882 687; x_wconf 88' lang='lat'>‚</span> <span class='ocrx_word' id='word_1_625' title='bbox 1895 654 2029 684; x_wconf 78' lang='lat' dir='ltr'>maxima</span> <span class='ocrx_word' id='word_1_626' title='bbox 2042 653 2120 693; x_wconf 87' lang='lat' dir='ltr'>apud</span> <span class='ocrx_word' id='word_1_627' title='bbox 2129 662 2177 683; x_wconf 87' lang='lat' dir='ltr'>re-</span> 
     </span>
     <span class='ocr_line' id='line_1_75' title="bbox 1220 690 2176 736; baseline 0.004 -16"><span class='ocrx_word' id='word_1_628' title='bbox 1220 700 1289 731; x_wconf 84' lang='lat' dir='ltr'>gem</span> <span class='ocrx_word' id='word_1_629' title='bbox 1309 690 1484 721; x_wconf 61' lang='lat' dir='ltr'>auctoritate</span> <span class='ocrx_word' id='word_1_630' title='bbox 1496 711 1504 725; x_wconf 94' lang='lat'>,</span> <span class='ocrx_word' id='word_1_631' title='bbox 1529 694 1675 732; x_wconf 83' lang='lat' dir='ltr'>gratiaque</span> <span class='ocrx_word' id='word_1_632' title='bbox 1692 693 1843 724; x_wconf 84' lang='lat' dir='ltr'>constitui.</span> <span class='ocrx_word' id='word_1_633' title='bbox 1874 697 2011 736; x_wconf 89' lang='lat' dir='ltr'>Cumque</span> <span class='ocrx_word' id='word_1_634' title='bbox 2028 703 2176 735; x_wconf 81' lang='lat' dir='ltr'>magnum</span> 
     </span>
     <span class='ocr_line' id='line_1_76' title="bbox 1221 732 2174 772; baseline 0.004 -10"><span class='ocrx_word' id='word_1_635' title='bbox 1221 732 1336 762; x_wconf 80' lang='lat' dir='ltr'>beilum</span> <span class='ocrx_word' id='word_1_636' title='bbox 1354 734 1386 762; x_wconf 91' lang='lat' dir='ltr'>in</span> <span class='ocrx_word' id='word_1_637' title='bbox 1407 732 1591 772; x_wconf 78' lang='lat' dir='ltr'>Cappadocia</span> <span class='ocrx_word' id='word_1_638' title='bbox 1607 736 1827 769; x_wconf 81' lang='lat' dir='ltr'>concitaretur,</span> <span class='ocrx_word' id='word_1_639' title='bbox 1846 734 1866 765; x_wconf 88' lang='lat' dir='ltr'>si</span> <span class='ocrx_word' id='word_1_640' title='bbox 1890 737 2022 767; x_wconf 84' lang='lat' dir='ltr'>sacerdos</span> <span class='ocrx_word' id='word_1_641' title='bbox 2032 738 2122 766; x_wconf 84' lang='lat' dir='ltr'>armis</span> <span class='ocrx_word' id='word_1_642' title='bbox 2132 736 2174 770; x_wconf 84' lang='lat' dir='ltr'>se,</span> 
     </span>
     <span class='ocr_line' id='line_1_77' title="bbox 1221 773 2176 819; baseline 0.006 -16"><span class='ocrx_word' id='word_1_643' title='bbox 1221 774 1302 814; x_wconf 86' lang='lat' dir='ltr'>quod</span> <span class='ocrx_word' id='word_1_644' title='bbox 1312 773 1443 804; x_wconf 61' lang='lat' dir='ltr'>faEmrus</span> <span class='ocrx_word' id='word_1_645' title='bbox 1453 774 1629 814; x_wconf 84' lang='lat' dir='ltr'>putabatur,</span> <span class='ocrx_word' id='word_1_646' title='bbox 1641 774 1822 809; x_wconf 75' lang='lat' dir='ltr'>defenderet,</span> <span class='ocrx_word' id='word_1_647' title='bbox 1835 777 2006 808; x_wconf 78' lang='lat' dir='ltr'>adolescens</span> <span class='ocrx_word' id='word_1_648' title='bbox 2016 779 2049 809; x_wconf 75' lang='grc' dir='ltr'>δε</span> <span class='ocrx_word' id='word_1_649' title='bbox 2059 780 2176 819; x_wconf 77' lang='lat' dir='ltr'>equita·</span> 
     </span>
     <span class='ocr_line' id='line_1_78' title="bbox 1219 815 2174 860; baseline 0.005 -15"><span class='ocrx_word' id='word_1_650' title='bbox 1219 825 1260 848; x_wconf 82' lang='lat' dir='ltr'>tu,</span> <span class='ocrx_word' id='word_1_651' title='bbox 1276 815 1449 856; x_wconf 79' lang='lat' dir='ltr'>&amp;peditatu</span> <span class='ocrx_word' id='word_1_652' title='bbox 1460 836 1468 850; x_wconf 92' lang='lat'><em>‚</em></span> <span class='ocrx_word' id='word_1_653' title='bbox 1478 819 1492 835; x_wconf 84' lang='lat'><em>2</em></span> <span class='ocrx_word' id='word_1_654' title='bbox 1504 816 1536 846; x_wconf 71' lang='lat' dir='ltr'>&lt;Sc</span> <span class='ocrx_word' id='word_1_655' title='bbox 1547 817 1672 855; x_wconf 78' lang='lat' dir='ltr'>pecunia</span> <span class='ocrx_word' id='word_1_656' title='bbox 1681 826 1805 856; x_wconf 73' lang='lat' dir='ltr'>paratus,</span> <span class='ocrx_word' id='word_1_657' title='bbox 1818 818 1849 847; x_wconf 83' lang='lat'>&amp;</span> <span class='ocrx_word' id='word_1_658' title='bbox 1861 827 1937 851; x_wconf 85' lang='lat' dir='ltr'>toto,</span> <span class='ocrx_word' id='word_1_659' title='bbox 1952 822 1990 848; x_wconf 85' lang='lat' dir='ltr'>iis</span> <span class='ocrx_word' id='word_1_660' title='bbox 2003 821 2055 860; x_wconf 86' lang='lat' dir='ltr'>qui</span> <span class='ocrx_word' id='word_1_661' title='bbox 2066 821 2174 850; x_wconf 86' lang='lat' dir='ltr'>novari</span> 
     </span>
     <span class='ocr_line' id='line_1_79' title="bbox 1216 857 2174 899; baseline 0.004 -12"><span class='ocrx_word' id='word_1_662' title='bbox 1216 857 1329 897; x_wconf 84' lang='lat' dir='ltr'>aliquid</span> <span class='ocrx_word' id='word_1_663' title='bbox 1348 857 1506 888; x_wconf 76' lang='lat' dir='ltr'>volebant:</span> <span class='ocrx_word' id='word_1_664' title='bbox 1526 857 1636 898; x_wconf 80' lang='lat' dir='ltr'>perfeci</span> <span class='ocrx_word' id='word_1_665' title='bbox 1649 877 1656 891; x_wconf 90' lang='lat'>,</span> <span class='ocrx_word' id='word_1_666' title='bbox 1678 868 1710 888; x_wconf 85' lang='lat' dir='ltr'>ut</span> <span class='ocrx_word' id='word_1_667' title='bbox 1722 858 1737 888; x_wconf 82' lang='grc' dir='ltr'>ὲ</span> <span class='ocrx_word' id='word_1_668' title='bbox 1749 859 2174 899; x_wconf 80' lang='lat' dir='ltr'>regnoillediscederetzrex-</span> 
     </span>
     <span class='ocr_line' id='line_1_80' title="bbox 1218 898 2171 940; baseline 0.005 -12"><span class='ocrx_word' id='word_1_669' title='bbox 1218 909 1277 940; x_wconf 93' lang='lat' dir='ltr'>que</span> <span class='ocrx_word' id='word_1_670' title='bbox 1296 899 1357 929; x_wconf 85' lang='lat' dir='ltr'>sine</span> <span class='ocrx_word' id='word_1_671' title='bbox 1378 899 1510 929; x_wconf 84' lang='lat' dir='ltr'>tumultu</span> <span class='ocrx_word' id='word_1_672' title='bbox 1522 919 1530 932; x_wconf 88' lang='lat'>,</span> <span class='ocrx_word' id='word_1_673' title='bbox 1552 909 1584 929; x_wconf 88' lang='lat' dir='ltr'>ac</span> <span class='ocrx_word' id='word_1_674' title='bbox 1600 898 1661 929; x_wconf 88' lang='lat' dir='ltr'>sine</span> <span class='ocrx_word' id='word_1_675' title='bbox 1670 901 1778 933; x_wconf 83' lang='lat' dir='ltr'>armis,</span> <span class='ocrx_word' id='word_1_676' title='bbox 1800 902 1904 930; x_wconf 79' lang='lat' dir='ltr'>omnia</span> <span class='ocrx_word' id='word_1_677' title='bbox 1913 901 2085 933; x_wconf 70' lang='lat' dir='ltr'>aucloritate</span> <span class='ocrx_word' id='word_1_678' title='bbox 2096 903 2171 933; x_wconf 78' lang='lat' dir='ltr'>aulae</span> 
     </span>
     <span class='ocr_line' id='line_1_81' title="bbox 1217 941 2173 983; baseline 0.004 -13"><span class='ocrx_word' id='word_1_679' title='bbox 1217 942 1407 971; x_wconf 78' lang='lat' dir='ltr'>communita</span> <span class='ocrx_word' id='word_1_680' title='bbox 1427 962 1435 974; x_wconf 88' lang='lat'>,</span> <span class='ocrx_word' id='word_1_681' title='bbox 1464 950 1589 982; x_wconf 75' lang='lat' dir='ltr'>regnum</span> <span class='ocrx_word' id='word_1_682' title='bbox 1608 951 1679 972; x_wconf 86' lang='lat' dir='ltr'>cum</span> <span class='ocrx_word' id='word_1_683' title='bbox 1699 941 1842 983; x_wconf 76' lang='lat' dir='ltr'>dignitate</span> <span class='ocrx_word' id='word_1_684' title='bbox 1862 942 2022 973; x_wconf 84' lang='lat' dir='ltr'>obtineret.</span> <span class='ocrx_word' id='word_1_685' title='bbox 2056 944 2173 974; x_wconf 63' lang='lat' dir='ltr'>Interea</span> 
     </span>
     <span class='ocr_line' id='line_1_82' title="bbox 1215 983 2174 1025; baseline 0.003 -13"><span class='ocrx_word' id='word_1_686' title='bbox 1215 985 1348 1023; x_wconf 80' lang='lat' dir='ltr'>cognovi</span> <span class='ocrx_word' id='word_1_687' title='bbox 1361 983 1529 1013; x_wconf 82' lang='lat' dir='ltr'>multorum</span> <span class='ocrx_word' id='word_1_688' title='bbox 1541 983 1647 1012; x_wconf 84' lang='lat' dir='ltr'>litteris</span> <span class='ocrx_word' id='word_1_689' title='bbox 1657 1003 1664 1016; x_wconf 90' lang='lat'>,</span> <span class='ocrx_word' id='word_1_690' title='bbox 1676 992 1762 1024; x_wconf 78' lang='lat' dir='ltr'>atque</span> <span class='ocrx_word' id='word_1_691' title='bbox 1773 985 1889 1014; x_wconf 82' lang='lat' dir='ltr'>nuntiis</span> <span class='ocrx_word' id='word_1_692' title='bbox 1901 1004 1910 1017; x_wconf 92' lang='lat'>,</span> <span class='ocrx_word' id='word_1_693' title='bbox 1923 994 2041 1025; x_wconf 77' lang='lat' dir='ltr'>magnas</span> <span class='ocrx_word' id='word_1_694' title='bbox 2050 986 2174 1015; x_wconf 85' lang='lat' dir='ltr'>Partho·</span> 
     </span>
     <span class='ocr_line' id='line_1_83' title="bbox 1214 1024 2169 1065; baseline 0.002 -11"><span class='ocrx_word' id='word_1_695' title='bbox 1214 1034 1283 1054; x_wconf 85' lang='lat' dir='ltr'>rum</span> <span class='ocrx_word' id='word_1_696' title='bbox 1293 1027 1403 1064; x_wconf 84' lang='lat' dir='ltr'>copias,</span> <span class='ocrx_word' id='word_1_697' title='bbox 1416 1025 1449 1054; x_wconf 76' lang='grc' dir='ltr'>δε</span> <span class='ocrx_word' id='word_1_698' title='bbox 1459 1024 1590 1054; x_wconf 85' lang='lat' dir='ltr'>Arabum</span> <span class='ocrx_word' id='word_1_699' title='bbox 1601 1025 1636 1055; x_wconf 81' lang='lat' dir='ltr'>ad</span> <span class='ocrx_word' id='word_1_700' title='bbox 1646 1025 1793 1065; x_wconf 81' lang='lat' dir='ltr'>oppidum</span> <span class='ocrx_word' id='word_1_701' title='bbox 1803 1026 2003 1056; x_wconf 75' lang='lat' dir='ltr'>Antiocheam</span> <span class='ocrx_word' id='word_1_702' title='bbox 2012 1025 2111 1056; x_wconf 80' lang='lat' dir='ltr'>accessi</span> <span class='ocrx_word' id='word_1_703' title='bbox 2118 1025 2169 1061; x_wconf 78' lang='lat' dir='ltr'>ss&#39;e,</span> 
     </span>
     <span class='ocr_line' id='line_1_84' title="bbox 1218 1066 2171 1108; baseline 0.002 -12"><span class='ocrx_word' id='word_1_704' title='bbox 1218 1076 1422 1107; x_wconf 86' lang='lat' dir='ltr'>magnumque</span> <span class='ocrx_word' id='word_1_705' title='bbox 1431 1076 1538 1096; x_wconf 85' lang='lat' dir='ltr'>eorum</span> <span class='ocrx_word' id='word_1_706' title='bbox 1552 1069 1716 1107; x_wconf 74' lang='lat' dir='ltr'>equitatum</span> <span class='ocrx_word' id='word_1_707' title='bbox 1729 1087 1737 1101; x_wconf 95' lang='lat'>,</span> <span class='ocrx_word' id='word_1_708' title='bbox 1757 1069 1810 1108; x_wconf 87' lang='lat' dir='ltr'>qui</span> <span class='ocrx_word' id='word_1_709' title='bbox 1823 1068 1856 1097; x_wconf 88' lang='lat' dir='ltr'>in</span> <span class='ocrx_word' id='word_1_710' title='bbox 1870 1068 2008 1098; x_wconf 78' lang='lat' dir='ltr'>Ciliciam</span> <span class='ocrx_word' id='word_1_711' title='bbox 2018 1066 2171 1102; x_wconf 73' lang='lat' dir='ltr'>transisset,</span> 
     </span>
     <span class='ocr_line' id='line_1_85' title="bbox 1214 1108 2171 1150; baseline 0.002 -12"><span class='ocrx_word' id='word_1_712' title='bbox 1214 1108 1251 1139; x_wconf 84' lang='lat' dir='ltr'>ab</span> <span class='ocrx_word' id='word_1_713' title='bbox 1270 1111 1408 1149; x_wconf 88' lang='lat' dir='ltr'>equitum</span> <span class='ocrx_word' id='word_1_714' title='bbox 1428 1118 1567 1138; x_wconf 89' lang='lat' dir='ltr'>meorum</span> <span class='ocrx_word' id='word_1_715' title='bbox 1586 1112 1712 1143; x_wconf 87' lang='lat' dir='ltr'>turmis,</span> <span class='ocrx_word' id='word_1_716' title='bbox 1731 1109 1921 1140; x_wconf 84' lang='lat' dir='ltr'>&amp;acoliorte</span> <span class='ocrx_word' id='word_1_717' title='bbox 1929 1111 2081 1150; x_wconf 82' lang='lat' dir='ltr'>praetoria,</span> <span class='ocrx_word' id='word_1_718' title='bbox 2104 1119 2171 1150; x_wconf 79' lang='lat' dir='ltr'>quae</span> 
     </span>
     <span class='ocr_line' id='line_1_86' title="bbox 1213 1148 2173 1193; baseline 0.001 -13"><span class='ocrx_word' id='word_1_719' title='bbox 1213 1159 1274 1181; x_wconf 87' lang='lat' dir='ltr'>erat</span> <span class='ocrx_word' id='word_1_720' title='bbox 1295 1151 1474 1190; x_wconf 78' lang='lat' dir='ltr'>Epiphaneae</span> <span class='ocrx_word' id='word_1_721' title='bbox 1483 1148 1699 1190; x_wconf 78' lang='lat' dir='ltr'>praefidiicausa</span> <span class='ocrx_word' id='word_1_722' title='bbox 1710 1171 1718 1185; x_wconf 84' lang='grc'>,</span> <span class='ocrx_word' id='word_1_723' title='bbox 1739 1150 1897 1181; x_wconf 86' lang='lat' dir='ltr'>occidione</span> <span class='ocrx_word' id='word_1_724' title='bbox 1906 1151 2050 1182; x_wconf 90' lang='lat' dir='ltr'>occisum.</span> <span class='ocrx_word' id='word_1_725' title='bbox 2073 1154 2173 1193; x_wconf 84' lang='lat' dir='ltr'>Qare</span> 
     </span>
     <span class='ocr_line' id='line_1_87' title="bbox 1212 1191 2172 1233; baseline 0.001 -11"><span class='ocrx_word' id='word_1_726' title='bbox 1212 1191 1284 1223; x_wconf 76' lang='lat' dir='ltr'>cum</span> <span class='ocrx_word' id='word_1_727' title='bbox 1298 1192 1431 1222; x_wconf 90' lang='lat' dir='ltr'>viderem</span> <span class='ocrx_word' id='word_1_728' title='bbox 1442 1191 1458 1222; x_wconf 78' lang='lat' dir='ltr'>a</span> <span class='ocrx_word' id='word_1_729' title='bbox 1469 1191 1652 1231; x_wconf 84' lang='lat' dir='ltr'>Cappadocia</span> <span class='ocrx_word' id='word_1_730' title='bbox 1661 1194 1834 1224; x_wconf 80' lang='lat' dir='ltr'>Parthorum</span> <span class='ocrx_word' id='word_1_731' title='bbox 1845 1195 1944 1233; x_wconf 85' lang='lat' dir='ltr'>copias</span> <span class='ocrx_word' id='word_1_732' title='bbox 1953 1193 2065 1224; x_wconf 81' lang='lat' dir='ltr'>aversas</span> <span class='ocrx_word' id='word_1_733' title='bbox 2079 1213 2088 1227; x_wconf 88' lang='lat'>‚</span> <span class='ocrx_word' id='word_1_734' title='bbox 2106 1203 2172 1224; x_wconf 83' lang='lat' dir='ltr'>non</span> 
     </span>
     <span class='ocr_line' id='line_1_88' title="bbox 1213 1232 2170 1275; baseline 0 -11"><span class='ocrx_word' id='word_1_735' title='bbox 1213 1233 1307 1275; x_wconf 74' lang='lat' dir='ltr'>longe</span> <span class='ocrx_word' id='word_1_736' title='bbox 1326 1233 1342 1263; x_wconf 71' lang='lat' dir='ltr'>a</span> <span class='ocrx_word' id='word_1_737' title='bbox 1361 1232 1473 1263; x_wconf 87' lang='lat' dir='ltr'>finibus</span> <span class='ocrx_word' id='word_1_738' title='bbox 1485 1232 1543 1263; x_wconf 82' lang='lat' dir='ltr'>effe</span> <span class='ocrx_word' id='word_1_739' title='bbox 1553 1235 1667 1264; x_wconf 82' lang='lat' dir='ltr'>Ciliciae</span> <span class='ocrx_word' id='word_1_740' title='bbox 1681 1235 1786 1275; x_wconf 63' lang='lat' dir='ltr'>:quam</span> <span class='ocrx_word' id='word_1_741' title='bbox 1796 1237 1884 1274; x_wconf 89' lang='lat' dir='ltr'>potui</span> <span class='ocrx_word' id='word_1_742' title='bbox 1894 1236 2040 1265; x_wconf 84' lang='lat' dir='ltr'>maximis</span> <span class='ocrx_word' id='word_1_743' title='bbox 2051 1236 2170 1264; x_wconf 87' lang='lat' dir='ltr'>itineri-</span> 
     </span>
     <span class='ocr_line' id='line_1_89' title="bbox 1211 1274 2169 1318; baseline 0.001 -13"><span class='ocrx_word' id='word_1_744' title='bbox 1211 1275 1267 1306; x_wconf 91' lang='lat' dir='ltr'>bus</span> <span class='ocrx_word' id='word_1_745' title='bbox 1276 1275 1312 1305; x_wconf 85' lang='lat' dir='ltr'>ad</span> <span class='ocrx_word' id='word_1_746' title='bbox 1321 1279 1473 1306; x_wconf 89' lang='lat' dir='ltr'>Amanum</span> <span class='ocrx_word' id='word_1_747' title='bbox 1485 1277 1649 1306; x_wconf 79' lang='lat' dir='ltr'>exercitum</span> <span class='ocrx_word' id='word_1_748' title='bbox 1666 1275 1750 1306; x_wconf 83' lang='lat' dir='ltr'>duxi.</span> <span class='ocrx_word' id='word_1_749' title='bbox 1775 1274 1845 1318; x_wconf 77' lang='lat' dir='ltr'>Qio</span> <span class='ocrx_word' id='word_1_750' title='bbox 1857 1285 1889 1306; x_wconf 87' lang='lat' dir='ltr'>ut</span> <span class='ocrx_word' id='word_1_751' title='bbox 1900 1279 1972 1307; x_wconf 90' lang='lat' dir='ltr'>veni</span> <span class='ocrx_word' id='word_1_752' title='bbox 1984 1297 1992 1310; x_wconf 86' lang='lat'>,</span> <span class='ocrx_word' id='word_1_753' title='bbox 2005 1275 2122 1306; x_wconf 85' lang='lat' dir='ltr'>hostem</span> <span class='ocrx_word' id='word_1_754' title='bbox 2130 1275 2169 1306; x_wconf 88' lang='lat' dir='ltr'>ab</span> 
     </span>
     <span class='ocr_line' id='line_1_90' title="bbox 1214 1316 2169 1359; baseline 0 -12"><span class='ocrx_word' id='word_1_755' title='bbox 1214 1316 1380 1348; x_wconf 80' lang='lat' dir='ltr'>Antiochea</span> <span class='ocrx_word' id='word_1_756' title='bbox 1397 1316 1536 1348; x_wconf 83' lang='lat' dir='ltr'>receffiffe</span> <span class='ocrx_word' id='word_1_757' title='bbox 1555 1337 1564 1351; x_wconf 88' lang='lat'>,</span> <span class='ocrx_word' id='word_1_758' title='bbox 1592 1317 1737 1348; x_wconf 86' lang='lat' dir='ltr'>Bibulum</span> <span class='ocrx_word' id='word_1_759' title='bbox 1754 1319 1930 1349; x_wconf 84' lang='lat' dir='ltr'>Antiocheae</span> <span class='ocrx_word' id='word_1_760' title='bbox 1949 1317 2007 1348; x_wconf 84' lang='lat' dir='ltr'>effe</span> <span class='ocrx_word' id='word_1_761' title='bbox 2024 1319 2169 1359; x_wconf 86' lang='lat' dir='ltr'>cognovi:</span> 
     </span>
     <span class='ocr_line' id='line_1_91' title="bbox 1212 1358 2168 1400; baseline 0.002 -12"><span class='ocrx_word' id='word_1_762' title='bbox 1212 1360 1452 1400; x_wconf 78' lang='lat' dir='ltr'>Dejotarumque</span> <span class='ocrx_word' id='word_1_763' title='bbox 1468 1358 1630 1390; x_wconf 79' lang='lat' dir='ltr'>confestim</span> <span class='ocrx_word' id='word_1_764' title='bbox 1646 1360 1708 1400; x_wconf 82' lang='lat' dir='ltr'>jam</span> <span class='ocrx_word' id='word_1_765' title='bbox 1728 1360 1764 1390; x_wconf 83' lang='lat' dir='ltr'>ad</span> <span class='ocrx_word' id='word_1_766' title='bbox 1774 1370 1825 1390; x_wconf 88' lang='lat' dir='ltr'>me</span> <span class='ocrx_word' id='word_1_767' title='bbox 1834 1363 2008 1397; x_wconf 84' lang='lat' dir='ltr'>venientem</span> <span class='ocrx_word' id='word_1_768' title='bbox 2021 1369 2091 1390; x_wconf 83' lang='lat' dir='ltr'>cum</span> <span class='ocrx_word' id='word_1_769' title='bbox 2103 1369 2168 1389; x_wconf 87' lang='lat' dir='ltr'>ma-</span> 
     </span>
     <span class='ocr_line' id='line_1_92' title="bbox 1211 1400 2168 1442; baseline -0.001 -11"><span class='ocrx_word' id='word_1_770' title='bbox 1211 1410 1283 1441; x_wconf 86' lang='lat' dir='ltr'>gno,</span> <span class='ocrx_word' id='word_1_771' title='bbox 1295 1401 1328 1431; x_wconf 87' lang='lat'>&amp;</span> <span class='ocrx_word' id='word_1_772' title='bbox 1338 1400 1428 1431; x_wconf 83' lang='lat' dir='ltr'>firmo</span> <span class='ocrx_word' id='word_1_773' title='bbox 1439 1402 1570 1442; x_wconf 81' lang='lat' dir='ltr'>equitatu</span> <span class='ocrx_word' id='word_1_774' title='bbox 1581 1421 1591 1436; x_wconf 89' lang='lat'>,</span> <span class='ocrx_word' id='word_1_775' title='bbox 1612 1401 1646 1431; x_wconf 90' lang='lat'>&amp;</span> <span class='ocrx_word' id='word_1_776' title='bbox 1655 1402 1788 1442; x_wconf 82' lang='lat' dir='ltr'>peditatu</span> <span class='ocrx_word' id='word_1_777' title='bbox 1800 1423 1809 1435; x_wconf 88' lang='lat'>,</span> <span class='ocrx_word' id='word_1_778' title='bbox 1828 1402 1861 1432; x_wconf 78' lang='grc' dir='ltr'>δε</span> <span class='ocrx_word' id='word_1_779' title='bbox 1869 1412 1940 1432; x_wconf 87' lang='lat' dir='ltr'>cum</span> <span class='ocrx_word' id='word_1_780' title='bbox 1951 1411 2001 1432; x_wconf 83' lang='lat' dir='ltr'>cm</span> <span class='ocrx_word' id='word_1_781' title='bbox 2007 1401 2095 1431; x_wconf 81' lang='lat' dir='ltr'>nibus</span> <span class='ocrx_word' id='word_1_782' title='bbox 2106 1401 2168 1431; x_wconf 81' lang='lat' dir='ltr'>suis</span> 
     </span>
     <span class='ocr_line' id='line_1_93' title="bbox 1209 1440 2170 1483; baseline -0.001 -10"><span class='ocrx_word' id='word_1_783' title='bbox 1209 1444 1316 1483; x_wconf 89' lang='lat' dir='ltr'>copiis,</span> <span class='ocrx_word' id='word_1_784' title='bbox 1329 1453 1490 1473; x_wconf 85' lang='lat' dir='ltr'>certiorem</span> <span class='ocrx_word' id='word_1_785' title='bbox 1499 1441 1559 1472; x_wconf 73' lang='lat' dir='ltr'>feci</span> <span class='ocrx_word' id='word_1_786' title='bbox 1568 1463 1577 1477; x_wconf 90' lang='lat'>,</span> <span class='ocrx_word' id='word_1_787' title='bbox 1597 1453 1662 1473; x_wconf 87' lang='lat' dir='ltr'>non</span> <span class='ocrx_word' id='word_1_788' title='bbox 1672 1443 1767 1474; x_wconf 80' lang='lat' dir='ltr'>videri</span> <span class='ocrx_word' id='word_1_789' title='bbox 1778 1442 1837 1473; x_wconf 77' lang='lat' dir='ltr'>effe</span> <span class='ocrx_word' id='word_1_790' title='bbox 1846 1445 1962 1474; x_wconf 85' lang='lat' dir='ltr'>causam</span> <span class='ocrx_word' id='word_1_791' title='bbox 1973 1463 1982 1477; x_wconf 92' lang='lat'>‚</span> <span class='ocrx_word' id='word_1_792' title='bbox 2002 1440 2170 1473; x_wconf 76' lang='lat' dir='ltr'>curabess&#39;et</span> 
     </span>
     <span class='ocr_line' id='line_1_94' title="bbox 1211 1482 2168 1526; baseline -0.001 -12"><span class='ocrx_word' id='word_1_793' title='bbox 1211 1484 1226 1514; x_wconf 75' lang='lat' dir='ltr'>a</span> <span class='ocrx_word' id='word_1_794' title='bbox 1236 1494 1330 1525; x_wconf 87' lang='lat' dir='ltr'>regno</span> <span class='ocrx_word' id='word_1_795' title='bbox 1342 1495 1347 1515; x_wconf 94' lang='lat'>:</span> <span class='ocrx_word' id='word_1_796' title='bbox 1360 1495 1466 1525; x_wconf 80' lang='lat' dir='ltr'>meque</span> <span class='ocrx_word' id='word_1_797' title='bbox 1477 1485 1513 1514; x_wconf 86' lang='lat' dir='ltr'>ad</span> <span class='ocrx_word' id='word_1_798' title='bbox 1523 1494 1605 1517; x_wconf 80' lang='lat' dir='ltr'>eum,</span> <span class='ocrx_word' id='word_1_799' title='bbox 1616 1483 1637 1513; x_wconf 79' lang='lat' dir='ltr'>si</span> <span class='ocrx_word' id='word_1_800' title='bbox 1646 1485 1719 1526; x_wconf 76' lang='lat' dir='ltr'>quid</span> <span class='ocrx_word' id='word_1_801' title='bbox 1729 1487 1804 1516; x_wconf 86' lang='lat' dir='ltr'>novi</span> <span class='ocrx_word' id='word_1_802' title='bbox 1814 1484 1892 1515; x_wconf 74' lang='lat' dir='ltr'>forte</span> <span class='ocrx_word' id='word_1_803' title='bbox 1903 1482 2168 1517; x_wconf 79' lang='lat' dir='ltr'>accidiffet,statim</span> 
     </span>
     <span class='ocr_line' id='line_1_95' title="bbox 1212 1524 2165 1566; baseline -0.002 -10"><span class='ocrx_word' id='word_1_804' title='bbox 1212 1527 1338 1561; x_wconf 81' lang='lat' dir='ltr'>litteras,</span> <span class='ocrx_word' id='word_1_805' title='bbox 1360 1527 1541 1566; x_wconf 82' lang='lat' dir='ltr'>nuntiosque</span> <span class='ocrx_word' id='word_1_806' title='bbox 1563 1524 1724 1557; x_wconf 76' lang='lat' dir='ltr'>missurum</span> <span class='ocrx_word' id='word_1_807' title='bbox 1742 1525 1809 1557; x_wconf 81' lang='lat' dir='ltr'>effe.</span> <span class='ocrx_word' id='word_1_808' title='bbox 1849 1529 1986 1566; x_wconf 89' lang='lat' dir='ltr'>Cumque</span> <span class='ocrx_word' id='word_1_809' title='bbox 2003 1535 2041 1555; x_wconf 90' lang='lat' dir='ltr'>eo</span> <span class='ocrx_word' id='word_1_810' title='bbox 2059 1526 2165 1555; x_wconf 77' lang='lat' dir='ltr'>animo</span> 
     </span>
     <span class='ocr_line' id='line_1_96' title="bbox 1209 1566 2166 1608; baseline -0.001 -11"><span class='ocrx_word' id='word_1_811' title='bbox 1209 1567 1356 1598; x_wconf 71' lang='lat' dir='ltr'>venissem</span> <span class='ocrx_word' id='word_1_812' title='bbox 1368 1587 1377 1601; x_wconf 86' lang='lat'>,</span> <span class='ocrx_word' id='word_1_813' title='bbox 1399 1578 1431 1598; x_wconf 89' lang='lat' dir='ltr'>ut</span> <span class='ocrx_word' id='word_1_814' title='bbox 1441 1569 1558 1608; x_wconf 87' lang='lat' dir='ltr'>utrique</span> <span class='ocrx_word' id='word_1_815' title='bbox 1569 1570 1732 1607; x_wconf 80' lang='lat' dir='ltr'>provinciae</span> <span class='ocrx_word' id='word_1_816' title='bbox 1747 1589 1755 1601; x_wconf 89' lang='lat'>,</span> <span class='ocrx_word' id='word_1_817' title='bbox 1768 1567 1788 1597; x_wconf 85' lang='lat' dir='ltr'>fi</span> <span class='ocrx_word' id='word_1_818' title='bbox 1798 1569 1838 1598; x_wconf 87' lang='lat' dir='ltr'>ita</span> <span class='ocrx_word' id='word_1_819' title='bbox 1848 1576 1966 1608; x_wconf 82' lang='lat' dir='ltr'>tempus</span> <span class='ocrx_word' id='word_1_820' title='bbox 1976 1566 2083 1601; x_wconf 82' lang='lat' dir='ltr'>ferret,</span> <span class='ocrx_word' id='word_1_821' title='bbox 2095 1567 2166 1597; x_wconf 80' lang='lat' dir='ltr'>sub-</span> 
     </span>
     <span class='ocr_line' id='line_1_97' title="bbox 1208 1608 2169 1649; baseline -0.002 -9"><span class='ocrx_word' id='word_1_822' title='bbox 1208 1611 1346 1640; x_wconf 80' lang='lat' dir='ltr'>venirem</span> <span class='ocrx_word' id='word_1_823' title='bbox 1360 1613 1372 1637; x_wconf 87' lang='lat'>3</span> <span class='ocrx_word' id='word_1_824' title='bbox 1384 1618 1448 1638; x_wconf 91' lang='lat' dir='ltr'>tum</span> <span class='ocrx_word' id='word_1_825' title='bbox 1460 1608 1491 1639; x_wconf 89' lang='lat' dir='ltr'>id</span> <span class='ocrx_word' id='word_1_826' title='bbox 1505 1628 1514 1642; x_wconf 91' lang='lat'>,</span> <span class='ocrx_word' id='word_1_827' title='bbox 1537 1609 1619 1649; x_wconf 90' lang='lat' dir='ltr'>quod</span> <span class='ocrx_word' id='word_1_828' title='bbox 1626 1610 1690 1649; x_wconf 82' lang='lat' dir='ltr'>jam</span> <span class='ocrx_word' id='word_1_829' title='bbox 1701 1610 1769 1640; x_wconf 70' lang='lat' dir='ltr'>ante</span> <span class='ocrx_word' id='word_1_830' title='bbox 1780 1608 1954 1643; x_wconf 83' lang='lat' dir='ltr'>statueram,</span> <span class='ocrx_word' id='word_1_831' title='bbox 1971 1610 2169 1639; x_wconf 83' lang='lat' dir='ltr'>vehementer</span> 
     </span>
     <span class='ocr_line' id='line_1_98' title="bbox 1208 1648 2169 1692; baseline -0.002 -11"><span class='ocrx_word' id='word_1_832' title='bbox 1208 1650 1345 1682; x_wconf 80' lang='lat' dir='ltr'>interesse</span> <span class='ocrx_word' id='word_1_833' title='bbox 1353 1651 1507 1691; x_wconf 84' lang='lat' dir='ltr'>utriusque</span> <span class='ocrx_word' id='word_1_834' title='bbox 1516 1653 1681 1690; x_wconf 80' lang='lat' dir='ltr'>provinciae</span> <span class='ocrx_word' id='word_1_835' title='bbox 1693 1671 1702 1685; x_wconf 96' lang='lat'>,</span> <span class='ocrx_word' id='word_1_836' title='bbox 1714 1661 1820 1692; x_wconf 48' lang='lat' dir='ltr'>spacare</span> <span class='ocrx_word' id='word_1_837' title='bbox 1831 1654 1986 1683; x_wconf 84' lang='lat' dir='ltr'>Amanum</span> <span class='ocrx_word' id='word_1_838' title='bbox 1998 1670 2006 1684; x_wconf 72' lang='lat'>2</span> <span class='ocrx_word' id='word_1_839' title='bbox 2020 1650 2053 1681; x_wconf 68' lang='grc' dir='ltr'>δε</span> <span class='ocrx_word' id='word_1_840' title='bbox 2063 1648 2169 1691; x_wconf 77' lang='lat' dir='ltr'>perpe-</span> 
     </span>
     <span class='ocr_line' id='line_1_99' title="bbox 1208 1692 2167 1735; baseline -0.003 -11"><span class='ocrx_word' id='word_1_841' title='bbox 1208 1703 1296 1724; x_wconf 89' lang='lat' dir='ltr'>tuum</span> <span class='ocrx_word' id='word_1_842' title='bbox 1311 1692 1428 1724; x_wconf 88' lang='lat' dir='ltr'>hostem</span> <span class='ocrx_word' id='word_1_843' title='bbox 1439 1702 1478 1723; x_wconf 84' lang='lat' dir='ltr'>ex</span> <span class='ocrx_word' id='word_1_844' title='bbox 1487 1702 1524 1722; x_wconf 90' lang='lat' dir='ltr'>eo</span> <span class='ocrx_word' id='word_1_845' title='bbox 1535 1701 1641 1723; x_wconf 84' lang='lat' dir='ltr'>monte</span> <span class='ocrx_word' id='word_1_846' title='bbox 1649 1693 1754 1723; x_wconf 81' lang='lat' dir='ltr'>tollere</span> <span class='ocrx_word' id='word_1_847' title='bbox 1764 1713 1772 1727; x_wconf 85' lang='lat'>,</span> <span class='ocrx_word' id='word_1_848' title='bbox 1785 1704 1868 1735; x_wconf 81' lang='lat' dir='ltr'>agere</span> <span class='ocrx_word' id='word_1_849' title='bbox 1876 1694 2002 1733; x_wconf 81' lang='lat' dir='ltr'>perrexi.</span> <span class='ocrx_word' id='word_1_850' title='bbox 2027 1695 2167 1731; x_wconf 80' lang='lat' dir='ltr'>Cumque</span> 
     </span>
     <span class='ocr_line' id='line_1_100' title="bbox 1209 1733 2167 1774; baseline -0.004 -8"><span class='ocrx_word' id='word_1_851' title='bbox 1209 1745 1260 1766; x_wconf 90' lang='lat' dir='ltr'>me</span> <span class='ocrx_word' id='word_1_852' title='bbox 1277 1735 1427 1766; x_wconf 70' lang='lat' dir='ltr'>distedere</span> <span class='ocrx_word' id='word_1_853' title='bbox 1446 1734 1483 1765; x_wconf 91' lang='lat' dir='ltr'>ab</span> <span class='ocrx_word' id='word_1_854' title='bbox 1493 1744 1529 1764; x_wconf 88' lang='lat' dir='ltr'>eo</span> <span class='ocrx_word' id='word_1_855' title='bbox 1538 1744 1644 1765; x_wconf 88' lang='lat' dir='ltr'>monte</span> <span class='ocrx_word' id='word_1_856' title='bbox 1653 1733 1832 1765; x_wconf 79' lang='lat' dir='ltr'>simulafl&#39;em</span> <span class='ocrx_word' id='word_1_857' title='bbox 1842 1755 1850 1769; x_wconf 83' lang='lat'>,</span> <span class='ocrx_word' id='word_1_858' title='bbox 1870 1736 1903 1765; x_wconf 74' lang='grc' dir='ltr'>δε</span> <span class='ocrx_word' id='word_1_859' title='bbox 1917 1735 1987 1765; x_wconf 82' lang='lat' dir='ltr'>alias</span> <span class='ocrx_word' id='word_1_860' title='bbox 1997 1736 2103 1774; x_wconf 80' lang='lat' dir='ltr'>parteis</span> <span class='ocrx_word' id='word_1_861' title='bbox 2113 1735 2167 1763; x_wconf 86' lang='lat' dir='ltr'>Ci-</span> 
     </span>
     <span class='ocr_line' id='line_1_101' title="bbox 1209 1774 2171 1818; baseline -0.003 -10"><span class='ocrx_word' id='word_1_862' title='bbox 1209 1777 1286 1808; x_wconf 81' lang='lat' dir='ltr'>liciae</span> <span class='ocrx_word' id='word_1_863' title='bbox 1308 1786 1424 1818; x_wconf 84' lang='lat' dir='ltr'>petere,</span> <span class='ocrx_word' id='word_1_864' title='bbox 1443 1775 1631 1817; x_wconf 80' lang='lat' dir='ltr'>abefi&#39;emque</span> <span class='ocrx_word' id='word_1_865' title='bbox 1649 1777 1685 1807; x_wconf 81' lang='lat' dir='ltr'>ab</span> <span class='ocrx_word' id='word_1_866' title='bbox 1704 1780 1824 1807; x_wconf 83' lang='lat' dir='ltr'>Amano</span> <span class='ocrx_word' id='word_1_867' title='bbox 1840 1778 1897 1807; x_wconf 85' lang='lat' dir='ltr'>iter</span> <span class='ocrx_word' id='word_1_868' title='bbox 1916 1778 2006 1806; x_wconf 88' lang='lat' dir='ltr'>unius</span> <span class='ocrx_word' id='word_1_869' title='bbox 2023 1775 2104 1809; x_wconf 87' lang='lat' dir='ltr'>diei,</span> <span class='ocrx_word' id='word_1_870' title='bbox 2135 1774 2171 1806; x_wconf 73' lang='grc' dir='ltr'>δε</span> 
     </span>
     <span class='ocr_line' id='line_1_102' title="bbox 1209 1816 2170 1859; baseline -0.003 -10"><span class='ocrx_word' id='word_1_871' title='bbox 1209 1818 1300 1850; x_wconf 81' lang='lat' dir='ltr'>castra</span> <span class='ocrx_word' id='word_1_872' title='bbox 1316 1818 1394 1858; x_wconf 89' lang='lat' dir='ltr'>apud</span> <span class='ocrx_word' id='word_1_873' title='bbox 1417 1819 1621 1858; x_wconf 85' lang='lat' dir='ltr'>Epiphaneam</span> <span class='ocrx_word' id='word_1_874' title='bbox 1640 1817 1773 1849; x_wconf 76' lang='lat' dir='ltr'>feciss&#39;em</span> <span class='ocrx_word' id='word_1_875' title='bbox 1788 1818 1835 1848; x_wconf 80' lang='lat' dir='ltr'>:ad</span> <span class='ocrx_word' id='word_1_876' title='bbox 1846 1827 1985 1859; x_wconf 84' lang='lat' dir='ltr'>quartum</span> <span class='ocrx_word' id='word_1_877' title='bbox 1997 1817 2064 1847; x_wconf 84' lang='lat' dir='ltr'>idus</span> <span class='ocrx_word' id='word_1_878' title='bbox 2073 1816 2170 1848; x_wconf 52' lang='lat' dir='ltr'>oero-</span> 
     </span>
     <span class='ocr_line' id='line_1_103' title="bbox 1209 1858 2168 1899; baseline -0.001 -9"><span class='ocrx_word' id='word_1_879' title='bbox 1209 1861 1306 1893; x_wconf 82' lang='lat' dir='ltr'>breis,</span> <span class='ocrx_word' id='word_1_880' title='bbox 1326 1859 1399 1890; x_wconf 78' lang='lat' dir='ltr'>cum</span> <span class='ocrx_word' id='word_1_881' title='bbox 1424 1860 1692 1899; x_wconf 85' lang='lat' dir='ltr'>advesperasceret,</span> <span class='ocrx_word' id='word_1_882' title='bbox 1715 1860 1857 1899; x_wconf 83' lang='lat' dir='ltr'>expedito</span> <span class='ocrx_word' id='word_1_883' title='bbox 1875 1861 2008 1889; x_wconf 82' lang='lat' dir='ltr'>exercitu</span> <span class='ocrx_word' id='word_1_884' title='bbox 2020 1861 2058 1889; x_wconf 90' lang='lat' dir='ltr'>ita</span> <span class='ocrx_word' id='word_1_885' title='bbox 2071 1858 2168 1888; x_wconf 66' lang='lat' dir='ltr'>nostu</span> 
     </span>
     <span class='ocr_line' id='line_1_104' title="bbox 1209 1900 2169 1935; baseline -0.001 -4"><span class='ocrx_word' id='word_1_886' title='bbox 1209 1903 1264 1932; x_wconf 85' lang='lat' dir='ltr'>iter</span> <span class='ocrx_word' id='word_1_887' title='bbox 1272 1901 1351 1935; x_wconf 86' lang='lat' dir='ltr'>feci,</span> <span class='ocrx_word' id='word_1_888' title='bbox 1372 1910 1406 1931; x_wconf 90' lang='lat' dir='ltr'>ut</span> <span class='ocrx_word' id='word_1_889' title='bbox 1415 1901 1450 1931; x_wconf 86' lang='lat' dir='ltr'>ad</span> <span class='ocrx_word' id='word_1_890' title='bbox 1463 1903 1585 1931; x_wconf 87' lang='lat' dir='ltr'>tertium</span> <span class='ocrx_word' id='word_1_891' title='bbox 1596 1900 1665 1930; x_wconf 88' lang='lat' dir='ltr'>idus</span> <span class='ocrx_word' id='word_1_892' title='bbox 1675 1900 1833 1931; x_wconf 69' lang='lat' dir='ltr'>O&amp;obreis</span> <span class='ocrx_word' id='word_1_893' title='bbox 1842 1921 1850 1935; x_wconf 85' lang='lat'>,</span> <span class='ocrx_word' id='word_1_894' title='bbox 1869 1900 1940 1931; x_wconf 76' lang='lat' dir='ltr'>cum</span> <span class='ocrx_word' id='word_1_895' title='bbox 1953 1901 2105 1931; x_wconf 85' lang='lat' dir='ltr'>luciscere&#39;t</span> <span class='ocrx_word' id='word_1_896' title='bbox 2115 1920 2124 1934; x_wconf 92' lang='lat'>,</span> <span class='ocrx_word' id='word_1_897' title='bbox 2135 1902 2169 1930; x_wconf 83' lang='lat' dir='ltr'>in.</span> 
     </span>
     <span class='ocr_line' id='line_1_105' title="bbox 1209 1941 2166 1983; baseline -0.002 -10"><span class='ocrx_word' id='word_1_898' title='bbox 1209 1946 1363 1973; x_wconf 88' lang='lat' dir='ltr'>Amanum</span> <span class='ocrx_word' id='word_1_899' title='bbox 1379 1941 1568 1973; x_wconf 85' lang='lat' dir='ltr'>ascenderem</span> <span class='ocrx_word' id='word_1_900' title='bbox 1579 1961 1588 1975; x_wconf 91' lang='lat'>,</span> <span class='ocrx_word' id='word_1_901' title='bbox 1600 1942 1824 1983; x_wconf 80' lang='lat' dir='ltr'>distributisque</span> <span class='ocrx_word' id='word_1_902' title='bbox 1833 1942 2020 1976; x_wconf 85' lang='lat' dir='ltr'>cohortibus,</span> <span class='ocrx_word' id='word_1_903' title='bbox 2034 1942 2068 1973; x_wconf 73' lang='grc' dir='ltr'>ὃς</span> <span class='ocrx_word' id='word_1_904' title='bbox 2077 1943 2166 1972; x_wconf 85' lang='lat' dir='ltr'>auxi-</span> 
     </span>
     <span class='ocr_line' id='line_1_106' title="bbox 1209 1982 2166 2025; baseline -0.001 -11"><span class='ocrx_word' id='word_1_905' title='bbox 1209 1985 1260 2015; x_wconf 86' lang='lat' dir='ltr'>liis</span> <span class='ocrx_word' id='word_1_906' title='bbox 1273 2004 1283 2018; x_wconf 89' lang='lat'>,</span> <span class='ocrx_word' id='word_1_907' title='bbox 1301 1983 1372 2014; x_wconf 77' lang='lat' dir='ltr'>cum</span> <span class='ocrx_word' id='word_1_908' title='bbox 1390 1984 1460 2014; x_wconf 83' lang='lat' dir='ltr'>aliis</span> <span class='ocrx_word' id='word_1_909' title='bbox 1471 1986 1508 2024; x_wconf 81' lang='lat' dir='ltr'>Q.</span> <span class='ocrx_word' id='word_1_910' title='bbox 1519 1982 1607 2013; x_wconf 87' lang='lat' dir='ltr'>frater</span> <span class='ocrx_word' id='word_1_911' title='bbox 1620 2003 1629 2017; x_wconf 87' lang='lat'>,</span> <span class='ocrx_word' id='word_1_912' title='bbox 1650 1984 1779 2025; x_wconf 88' lang='lat' dir='ltr'>legatus,</span> <span class='ocrx_word' id='word_1_913' title='bbox 1800 1994 1923 2015; x_wconf 90' lang='lat' dir='ltr'>mecum</span> <span class='ocrx_word' id='word_1_914' title='bbox 1932 1983 2020 2014; x_wconf 90' lang='lat' dir='ltr'>simul</span> <span class='ocrx_word' id='word_1_915' title='bbox 2032 1995 2037 2013; x_wconf 88' lang='grc'>;</span> <span class='ocrx_word' id='word_1_916' title='bbox 2051 1984 2116 2013; x_wconf 89' lang='lat' dir='ltr'>aliis</span> <span class='ocrx_word' id='word_1_917' title='bbox 2130 1985 2166 2014; x_wconf 84' lang='lat' dir='ltr'>C.</span> 
     </span>
     <span class='ocr_line' id='line_1_107' title="bbox 1211 2025 2168 2067; baseline -0.003 -10"><span class='ocrx_word' id='word_1_918' title='bbox 1211 2028 1382 2060; x_wconf 86' lang='lat' dir='ltr'>Pomtinus,</span> <span class='ocrx_word' id='word_1_919' title='bbox 1398 2026 1522 2067; x_wconf 86' lang='lat' dir='ltr'>legatus:</span> <span class='ocrx_word' id='word_1_920' title='bbox 1537 2025 1662 2066; x_wconf 87' lang='lat' dir='ltr'>reliquis</span> <span class='ocrx_word' id='word_1_921' title='bbox 1671 2027 1789 2056; x_wconf 84' lang='lat' dir='ltr'>Marcus</span> <span class='ocrx_word' id='word_1_922' title='bbox 1800 2027 1948 2066; x_wconf 85' lang='lat' dir='ltr'>Annejus‚</span> <span class='ocrx_word' id='word_1_923' title='bbox 1960 2026 1993 2056; x_wconf 91' lang='lat'>&amp;</span> <span class='ocrx_word' id='word_1_924' title='bbox 2009 2027 2047 2056; x_wconf 81' lang='lat' dir='ltr'>L.</span> <span class='ocrx_word' id='word_1_925' title='bbox 2059 2025 2168 2055; x_wconf 84' lang='lat' dir='ltr'>Tulle-</span> 
     </span>
     <span class='ocr_line' id='line_1_108' title="bbox 1204 2065 2167 2109; baseline -0.002 -11"><span class='ocrx_word' id='word_1_926' title='bbox 1204 2068 1355 2109; x_wconf 79' lang='lat' dir='ltr'>jus,legati</span> <span class='ocrx_word' id='word_1_927' title='bbox 1365 2066 1528 2107; x_wconf 82' lang='lat' dir='ltr'>praeessent:</span> <span class='ocrx_word' id='word_1_928' title='bbox 1539 2067 1694 2107; x_wconf 86' lang='lat' dir='ltr'>plerosque</span> <span class='ocrx_word' id='word_1_929' title='bbox 1705 2069 1946 2107; x_wconf 86' lang='lat' dir='ltr'>nec-opinanteis</span> <span class='ocrx_word' id='word_1_930' title='bbox 1955 2065 2167 2108; x_wconf 87' lang='lat' dir='ltr'>oppreffimus,</span> 
     </span>
     <span class='ocr_line' id='line_1_109' title="bbox 1204 2108 2163 2150; baseline 0.001 -13"><span class='ocrx_word' id='word_1_931' title='bbox 1204 2113 1222 2137; x_wconf 74' lang='lat'>4</span> <span class='ocrx_word' id='word_1_932' title='bbox 1231 2111 1283 2150; x_wconf 89' lang='lat' dir='ltr'>qui</span> <span class='ocrx_word' id='word_1_933' title='bbox 1292 2109 1390 2143; x_wconf 85' lang='lat' dir='ltr'>occisi,</span> <span class='ocrx_word' id='word_1_934' title='bbox 1401 2110 1537 2149; x_wconf 89' lang='lat' dir='ltr'>captique</span> <span class='ocrx_word' id='word_1_935' title='bbox 1548 2109 1616 2138; x_wconf 90' lang='lat' dir='ltr'>sunt</span> <span class='ocrx_word' id='word_1_936' title='bbox 1627 2120 1636 2143; x_wconf 72' lang='lat'><em>3</em></span> <span class='ocrx_word' id='word_1_937' title='bbox 1647 2108 1797 2139; x_wconf 87' lang='lat' dir='ltr'>interclusi</span> <span class='ocrx_word' id='word_1_938' title='bbox 1806 2108 1887 2150; x_wconf 71' lang='lat' dir='ltr'>fuga.</span> <span class='ocrx_word' id='word_1_939' title='bbox 1911 2112 2038 2140; x_wconf 89' lang='lat' dir='ltr'>Eranam</span> <span class='ocrx_word' id='word_1_940' title='bbox 2048 2117 2163 2144; x_wconf 86' lang='lat' dir='ltr'>autern,</span> 
     </span>
     <span class='ocr_line' id='line_1_110' title="bbox 1204 2149 2160 2192; baseline -0.002 -10"><span class='ocrx_word' id='word_1_941' title='bbox 1204 2162 1270 2192; x_wconf 87' lang='lat' dir='ltr'>quae</span> <span class='ocrx_word' id='word_1_942' title='bbox 1278 2151 1337 2181; x_wconf 82' lang='lat' dir='ltr'>fuit</span> <span class='ocrx_word' id='word_1_943' title='bbox 1345 2161 1411 2181; x_wconf 89' lang='lat' dir='ltr'>non</span> <span class='ocrx_word' id='word_1_944' title='bbox 1420 2152 1479 2181; x_wconf 93' lang='lat' dir='ltr'>vici</span> <span class='ocrx_word' id='word_1_945' title='bbox 1491 2150 1581 2180; x_wconf 87' lang='lat' dir='ltr'>instar</span> <span class='ocrx_word' id='word_1_946' title='bbox 1588 2169 1597 2183; x_wconf 91' lang='lat'>,</span> <span class='ocrx_word' id='word_1_947' title='bbox 1611 2149 1661 2180; x_wconf 91' lang='lat' dir='ltr'>sed</span> <span class='ocrx_word' id='word_1_948' title='bbox 1672 2151 1756 2181; x_wconf 89' lang='lat' dir='ltr'>urbis</span> <span class='ocrx_word' id='word_1_949' title='bbox 1765 2171 1774 2186; x_wconf 89' lang='lat'>‚</span> <span class='ocrx_word' id='word_1_950' title='bbox 1785 2150 1868 2192; x_wconf 77' lang='lat' dir='ltr'>quod</span> <span class='ocrx_word' id='word_1_951' title='bbox 1879 2159 1938 2182; x_wconf 87' lang='lat' dir='ltr'>erat</span> <span class='ocrx_word' id='word_1_952' title='bbox 1946 2152 2058 2181; x_wconf 86' lang='lat' dir='ltr'>Amani</span> <span class='ocrx_word' id='word_1_953' title='bbox 2065 2160 2160 2191; x_wconf 82' lang='lat' dir='ltr'>caput:</span> 
     </span>
     <span class='ocr_line' id='line_1_111' title="bbox 1204 2192 2158 2234; baseline -0.002 -10"><span class='ocrx_word' id='word_1_954' title='bbox 1204 2195 1338 2234; x_wconf 86' lang='lat' dir='ltr'>itemque</span> <span class='ocrx_word' id='word_1_955' title='bbox 1347 2196 1488 2234; x_wconf 87' lang='lat' dir='ltr'>Sepyram</span> <span class='ocrx_word' id='word_1_956' title='bbox 1499 2211 1508 2226; x_wconf 88' lang='lat'>,</span> <span class='ocrx_word' id='word_1_957' title='bbox 1520 2192 1553 2222; x_wconf 88' lang='lat'>&amp;</span> <span class='ocrx_word' id='word_1_958' title='bbox 1563 2194 1747 2223; x_wconf 89' lang='lat' dir='ltr'>Commorin</span> <span class='ocrx_word' id='word_1_959' title='bbox 1754 2195 1869 2227; x_wconf 83' lang='lat' dir='ltr'>acriter,</span> <span class='ocrx_word' id='word_1_960' title='bbox 1880 2193 1913 2223; x_wconf 68' lang='grc' dir='ltr'>ὃς</span> <span class='ocrx_word' id='word_1_961' title='bbox 1924 2192 1977 2223; x_wconf 88' lang='lat' dir='ltr'>diu</span> <span class='ocrx_word' id='word_1_962' title='bbox 1987 2200 2158 2232; x_wconf 67' lang='lat' dir='ltr'>repugnan-</span> 
     </span>
     <span class='ocr_line' id='line_1_112' title="bbox 1205 2233 2163 2273; baseline 0 -8"><span class='ocrx_word' id='word_1_963' title='bbox 1205 2235 1284 2266; x_wconf 87' lang='lat' dir='ltr'>tibus</span> <span class='ocrx_word' id='word_1_964' title='bbox 1297 2254 1305 2268; x_wconf 86' lang='lat'>,</span> <span class='ocrx_word' id='word_1_965' title='bbox 1316 2237 1461 2265; x_wconf 87' lang='lat' dir='ltr'>Pomtino</span> <span class='ocrx_word' id='word_1_966' title='bbox 1471 2233 1555 2264; x_wconf 89' lang='lat' dir='ltr'>illam</span> <span class='ocrx_word' id='word_1_967' title='bbox 1566 2243 1680 2273; x_wconf 89' lang='lat' dir='ltr'>partem</span> <span class='ocrx_word' id='word_1_968' title='bbox 1692 2237 1805 2265; x_wconf 89' lang='lat' dir='ltr'>Amani</span> <span class='ocrx_word' id='word_1_969' title='bbox 1816 2244 1947 2268; x_wconf 85' lang='lat' dir='ltr'>tenente,</span> <span class='ocrx_word' id='word_1_970' title='bbox 1961 2244 2000 2264; x_wconf 86' lang='lat' dir='ltr'>ex</span> <span class='ocrx_word' id='word_1_971' title='bbox 2010 2235 2163 2265; x_wconf 76' lang='lat' dir='ltr'>anteluca-</span> 
     </span>
     <span class='ocr_line' id='line_1_113' title="bbox 1203 2275 2161 2317; baseline -0.002 -10"><span class='ocrx_word' id='word_1_972' title='bbox 1203 2286 1246 2307; x_wconf 90' lang='lat' dir='ltr'>no</span> <span class='ocrx_word' id='word_1_973' title='bbox 1256 2286 1402 2316; x_wconf 85' lang='lat' dir='ltr'>tempore,</span> <span class='ocrx_word' id='word_1_974' title='bbox 1415 2276 1508 2316; x_wconf 90' lang='lat' dir='ltr'>usque</span> <span class='ocrx_word' id='word_1_975' title='bbox 1520 2275 1555 2305; x_wconf 90' lang='lat' dir='ltr'>ad</span> <span class='ocrx_word' id='word_1_976' title='bbox 1570 2277 1677 2306; x_wconf 81' lang='lat' dir='ltr'>horam</span> <span class='ocrx_word' id='word_1_977' title='bbox 1688 2276 1749 2306; x_wconf 91' lang='lat' dir='ltr'>diei</span> <span class='ocrx_word' id='word_1_978' title='bbox 1758 2276 1919 2309; x_wconf 86' lang='lat' dir='ltr'>decimam,</span> <span class='ocrx_word' id='word_1_979' title='bbox 1933 2285 2042 2317; x_wconf 85' lang='lat' dir='ltr'>magna</span> <span class='ocrx_word' id='word_1_980' title='bbox 2052 2277 2161 2306; x_wconf 82' lang='lat' dir='ltr'>multi-</span> 
     </span>
     <span class='ocr_line' id='line_1_114' title="bbox 1202 2317 2162 2358; baseline -0.002 -9"><span class='ocrx_word' id='word_1_981' title='bbox 1202 2318 1307 2349; x_wconf 88' lang='lat' dir='ltr'>tudine</span> <span class='ocrx_word' id='word_1_982' title='bbox 1328 2317 1460 2348; x_wconf 91' lang='lat' dir='ltr'>hostium</span> <span class='ocrx_word' id='word_1_983' title='bbox 1484 2317 1579 2347; x_wconf 87' lang='lat' dir='ltr'>occisa</span> <span class='ocrx_word' id='word_1_984' title='bbox 1589 2337 1598 2350; x_wconf 88' lang='lat'>,</span> <span class='ocrx_word' id='word_1_985' title='bbox 1617 2319 1757 2358; x_wconf 86' lang='lat' dir='ltr'>cepimus</span> <span class='ocrx_word' id='word_1_986' title='bbox 1781 2328 1787 2347; x_wconf 89' lang='lat'><strong>:</strong></span> <span class='ocrx_word' id='word_1_987' title='bbox 1810 2317 1984 2358; x_wconf 84' lang='lat' dir='ltr'>castellaque</span> <span class='ocrx_word' id='word_1_988' title='bbox 2004 2318 2054 2347; x_wconf 74' lang='lat' dir='ltr'>sex</span> <span class='ocrx_word' id='word_1_989' title='bbox 2070 2327 2162 2357; x_wconf 81' lang='lat' dir='ltr'>capta:</span> 
     </span>
     <span class='ocr_line' id='line_1_115' title="bbox 1204 2358 2162 2401; baseline 0 -11"><span class='ocrx_word' id='word_1_990' title='bbox 1204 2360 1358 2401; x_wconf 89' lang='lat' dir='ltr'>complura</span> <span class='ocrx_word' id='word_1_991' title='bbox 1368 2358 1572 2390; x_wconf 86' lang='lat' dir='ltr'>incendimus.</span> <span class='ocrx_word' id='word_1_992' title='bbox 1597 2360 1655 2388; x_wconf 90' lang='lat' dir='ltr'>His</span> <span class='ocrx_word' id='word_1_993' title='bbox 1665 2359 1750 2389; x_wconf 87' lang='lat' dir='ltr'>rebus</span> <span class='ocrx_word' id='word_1_994' title='bbox 1761 2361 1802 2390; x_wconf 87' lang='lat' dir='ltr'>ita</span> <span class='ocrx_word' id='word_1_995' title='bbox 1815 2359 1904 2400; x_wconf 86' lang='lat' dir='ltr'>gestis</span> <span class='ocrx_word' id='word_1_996' title='bbox 1915 2379 1923 2393; x_wconf 90' lang='lat'>,</span> <span class='ocrx_word' id='word_1_997' title='bbox 1938 2358 2027 2389; x_wconf 72' lang='lat' dir='ltr'>castra.</span> <span class='ocrx_word' id='word_1_998' title='bbox 2040 2361 2072 2388; x_wconf 88' lang='lat' dir='ltr'>in</span> <span class='ocrx_word' id='word_1_999' title='bbox 2083 2359 2162 2390; x_wconf 66' lang='lat' dir='ltr'>radi-</span> 
     </span>
     <span class='ocr_line' id='line_1_116' title="bbox 1202 2400 2160 2441; baseline -0.001 -9"><span class='ocrx_word' id='word_1_1000' title='bbox 1202 2402 1287 2432; x_wconf 88' lang='lat' dir='ltr'>cibus</span> <span class='ocrx_word' id='word_1_1001' title='bbox 1303 2403 1415 2431; x_wconf 88' lang='lat' dir='ltr'>Amani</span> <span class='ocrx_word' id='word_1_1002' title='bbox 1433 2400 1595 2431; x_wconf 77' lang='lat' dir='ltr'>habuimus</span> <span class='ocrx_word' id='word_1_1003' title='bbox 1615 2401 1689 2440; x_wconf 65' lang='lat' dir='ltr'>apud</span> <span class='ocrx_word' id='word_1_1004' title='bbox 1700 2404 1771 2431; x_wconf 84' lang='lat' dir='ltr'>Aras</span> <span class='ocrx_word' id='word_1_1005' title='bbox 1785 2401 1947 2432; x_wconf 86' lang='lat' dir='ltr'>Alexandri</span> <span class='ocrx_word' id='word_1_1006' title='bbox 1958 2400 2160 2441; x_wconf 82' lang='lat' dir='ltr'>quatriduum:</span> 
     </span>
     <span class='ocr_line' id='line_1_117' title="bbox 1204 2441 2160 2484; baseline -0.004 -9"><span class='ocrx_word' id='word_1_1007' title='bbox 1204 2444 1237 2475; x_wconf 67' lang='grc' dir='ltr'>ὃ(</span> <span class='ocrx_word' id='word_1_1008' title='bbox 1256 2446 1290 2474; x_wconf 90' lang='lat' dir='ltr'>in</span> <span class='ocrx_word' id='word_1_1009' title='bbox 1308 2443 1444 2484; x_wconf 86' lang='lat' dir='ltr'>reliquiis</span> <span class='ocrx_word' id='word_1_1010' title='bbox 1461 2444 1572 2472; x_wconf 83' lang='lat' dir='ltr'>Amani</span> <span class='ocrx_word' id='word_1_1011' title='bbox 1584 2441 1720 2472; x_wconf 68' lang='lat' dir='ltr'>delendis</span> <span class='ocrx_word' id='word_1_1012' title='bbox 1734 2463 1742 2476; x_wconf 87' lang='lat'>‚</span> <span class='ocrx_word' id='word_1_1013' title='bbox 1766 2445 1898 2484; x_wconf 79' lang='lat' dir='ltr'>agrisque</span> <span class='ocrx_word' id='word_1_1014' title='bbox 1908 2441 2072 2476; x_wconf 73' lang='lat' dir='ltr'>vastandis,</span> <span class='ocrx_word' id='word_1_1015' title='bbox 2092 2453 2160 2483; x_wconf 66' lang='lat' dir='ltr'>qux</span> 
     </span>
     <span class='ocr_line' id='line_1_118' title="bbox 1202 2484 2161 2526; baseline -0.002 -10"><span class='ocrx_word' id='word_1_1016' title='bbox 1202 2496 1267 2526; x_wconf 88' lang='lat' dir='ltr'>pars</span> <span class='ocrx_word' id='word_1_1017' title='bbox 1288 2486 1352 2525; x_wconf 88' lang='lat' dir='ltr'>ejus</span> <span class='ocrx_word' id='word_1_1018' title='bbox 1372 2486 1489 2515; x_wconf 90' lang='lat' dir='ltr'>montis</span> <span class='ocrx_word' id='word_1_1019' title='bbox 1509 2493 1583 2513; x_wconf 77' lang='lat' dir='ltr'>meae</span> <span class='ocrx_word' id='word_1_1020' title='bbox 1602 2485 1766 2523; x_wconf 79' lang='lat' dir='ltr'>provinciae</span> <span class='ocrx_word' id='word_1_1021' title='bbox 1786 2484 1830 2515; x_wconf 84' lang='lat' dir='ltr'>est</span> <span class='ocrx_word' id='word_1_1022' title='bbox 1845 2505 1852 2517; x_wconf 91' lang='lat'>,</span> <span class='ocrx_word' id='word_1_1023' title='bbox 1873 2484 1903 2513; x_wconf 87' lang='lat' dir='ltr'>id</span> <span class='ocrx_word' id='word_1_1024' title='bbox 1923 2493 2041 2523; x_wconf 83' lang='lat' dir='ltr'>tempus</span> <span class='ocrx_word' id='word_1_1025' title='bbox 2064 2493 2161 2514; x_wconf 79' lang='lat' dir='ltr'>omne</span> 
     </span>
     <span class='ocr_line' id='line_1_119' title="bbox 1201 2524 2163 2565; baseline -0.002 -7"><span class='ocrx_word' id='word_1_1026' title='bbox 1201 2526 1434 2558; x_wconf 86' lang='lat' dir='ltr'>consumsimus.</span> <span class='ocrx_word' id='word_1_1027' title='bbox 1459 2524 1615 2556; x_wconf 65' lang='lat' dir='ltr'>Confec&#39;tis</span> <span class='ocrx_word' id='word_1_1028' title='bbox 1627 2527 1671 2555; x_wconf 84' lang='lat' dir='ltr'>his</span> <span class='ocrx_word' id='word_1_1029' title='bbox 1685 2526 1771 2556; x_wconf 83' lang='lat' dir='ltr'>rebus</span> <span class='ocrx_word' id='word_1_1030' title='bbox 1784 2546 1791 2559; x_wconf 92' lang='lat'>‚</span> <span class='ocrx_word' id='word_1_1031' title='bbox 1815 2526 1847 2554; x_wconf 66' lang='lat' dir='ltr'>ad</span> <span class='ocrx_word' id='word_1_1032' title='bbox 1858 2525 2006 2565; x_wconf 84' lang='lat' dir='ltr'>oppidum</span> <span class='ocrx_word' id='word_1_1033' title='bbox 2017 2525 2163 2556; x_wconf 81' lang='lat' dir='ltr'>Eleuthe-</span> 
     </span>
     <span class='ocr_line' id='line_1_120' title="bbox 1205 2566 2160 2607; baseline -0.002 -7"><span class='ocrx_word' id='word_1_1034' title='bbox 1205 2570 1366 2600; x_wconf 84' lang='lat' dir='ltr'>rocilicum</span> <span class='ocrx_word' id='word_1_1035' title='bbox 1380 2566 1586 2599; x_wconf 83' lang='lat' dir='ltr'>Pindenissiim</span> <span class='ocrx_word' id='word_1_1036' title='bbox 1597 2569 1765 2598; x_wconf 74' lang='lat' dir='ltr'>exercitum</span> <span class='ocrx_word' id='word_1_1037' title='bbox 1778 2568 1888 2596; x_wconf 77' lang='lat' dir='ltr'>adduxi</span> <span class='ocrx_word' id='word_1_1038' title='bbox 1900 2566 1997 2607; x_wconf 87' lang='lat' dir='ltr'>:quod</span> <span class='ocrx_word' id='word_1_1039' title='bbox 2006 2577 2076 2597; x_wconf 81' lang='lat' dir='ltr'>cun-i</span> <span class='ocrx_word' id='word_1_1040' title='bbox 2088 2566 2160 2599; x_wconf 81' lang='lat' dir='ltr'>effet</span> 
     </span>
     <span class='ocr_line' id='line_1_121' title="bbox 1203 2608 2160 2650; baseline -0.002 -9"><span class='ocrx_word' id='word_1_1041' title='bbox 1203 2609 1344 2642; x_wconf 81' lang='lat' dir='ltr'>altissimo</span> <span class='ocrx_word' id='word_1_1042' title='bbox 1357 2631 1366 2644; x_wconf 87' lang='lat'>,</span> <span class='ocrx_word' id='word_1_1043' title='bbox 1389 2611 1422 2640; x_wconf 90' lang='lat'>&amp;</span> <span class='ocrx_word' id='word_1_1044' title='bbox 1433 2608 1636 2641; x_wconf 85' lang='lat' dir='ltr'>munitiflimo</span> <span class='ocrx_word' id='word_1_1045' title='bbox 1646 2610 1714 2639; x_wconf 78' lang='lat' dir='ltr'>loco</span> <span class='ocrx_word' id='word_1_1046' title='bbox 1725 2628 1733 2642; x_wconf 86' lang='lat'>,</span> <span class='ocrx_word' id='word_1_1047' title='bbox 1744 2608 1779 2639; x_wconf 82' lang='lat' dir='ltr'>ab</span> <span class='ocrx_word' id='word_1_1048' title='bbox 1790 2609 1883 2648; x_wconf 87' lang='lat' dir='ltr'>iisque</span> <span class='ocrx_word' id='word_1_1049' title='bbox 1893 2608 2075 2638; x_wconf 85' lang='lat' dir='ltr'>incoleretur</span> <span class='ocrx_word' id='word_1_1050' title='bbox 2085 2629 2094 2642; x_wconf 92' lang='lat'>,</span> <span class='ocrx_word' id='word_1_1051' title='bbox 2105 2610 2160 2650; x_wconf 78' lang='lat' dir='ltr'>qui</span> 
     </span>
     <span class='ocr_line' id='line_1_122' title="bbox 1205 2648 2159 2694; baseline -0.001 -12"><span class='ocrx_word' id='word_1_1052' title='bbox 1205 2663 1243 2682; x_wconf 92' lang='lat' dir='ltr'>ne</span> <span class='ocrx_word' id='word_1_1053' title='bbox 1261 2652 1378 2694; x_wconf 85' lang='lat' dir='ltr'>regibus</span> <span class='ocrx_word' id='word_1_1054' title='bbox 1397 2652 1521 2692; x_wconf 75' lang='lat' dir='ltr'>quidem</span> <span class='ocrx_word' id='word_1_1055' title='bbox 1532 2660 1675 2691; x_wconf 88' lang='lat' dir='ltr'>umquam</span> <span class='ocrx_word' id='word_1_1056' title='bbox 1686 2648 1846 2690; x_wconf 66' lang='lat' dir='ltr'>paruiil‘ent</span> <span class='ocrx_word' id='word_1_1057' title='bbox 1859 2661 1863 2678; x_wconf 91' lang='lat'>:</span> <span class='ocrx_word' id='word_1_1058' title='bbox 1882 2649 1954 2680; x_wconf 75' lang='lat' dir='ltr'>cum</span> <span class='ocrx_word' id='word_1_1059' title='bbox 1966 2649 1998 2679; x_wconf 67' lang='grc' dir='ltr'>ὃς</span> <span class='ocrx_word' id='word_1_1060' title='bbox 2010 2649 2159 2691; x_wconf 82' lang='lat' dir='ltr'>fugitivos</span> 
     </span>
    </p>
   </div>
   <div class='ocr_carea' id='block_1_7' title="bbox 202 2690 2161 2734">
    <p class='ocr_par' dir='ltr' id='par_1_9' title="bbox 202 2690 2161 2734">
     <span class='ocr_line' id='line_1_123' title="bbox 202 2690 2161 2734; baseline 0.001 -11"><span class='ocrx_word' id='word_1_1061' title='bbox 202 2695 243 2724; x_wconf 87' lang='lat' dir='ltr'>tia</span> <span class='ocrx_word' id='word_1_1062' title='bbox 264 2712 273 2726; x_wconf 91' lang='lat'>,</span> <span class='ocrx_word' id='word_1_1063' title='bbox 300 2692 333 2723; x_wconf 93' lang='lat'>&amp;</span> <span class='ocrx_word' id='word_1_1064' title='bbox 351 2691 410 2722; x_wconf 87' lang='lat' dir='ltr'>fide</span> <span class='ocrx_word' id='word_1_1065' title='bbox 434 2701 500 2733; x_wconf 84' lang='lat' dir='ltr'>erga</span> <span class='ocrx_word' id='word_1_1066' title='bbox 517 2691 666 2732; x_wconf 87' lang='lat' dir='ltr'>populum</span> <span class='ocrx_word' id='word_1_1067' title='bbox 684 2693 723 2721; x_wconf 90' lang='lat' dir='ltr'>R.</span> <span class='ocrx_word' id='word_1_1068' title='bbox 743 2690 898 2733; x_wconf 81' lang='lat' dir='ltr'>singulari,</span> <span class='ocrx_word' id='word_1_1069' title='bbox 925 2696 935 2712; x_wconf 90' lang='lat'><strong>¹</strong></span> <span class='ocrx_word' id='word_1_1070' title='bbox 948 2702 1012 2724; x_wconf 89' lang='lat' dir='ltr'>tum</span> <span class='ocrx_word' id='word_1_1071' title='bbox 1022 2693 1158 2734; x_wconf 86' lang='lat' dir='ltr'>praesenti</span> <span class='ocrx_word' id='word_1_1072' title='bbox 1201 2696 1367 2734; x_wconf 81' lang='lat' dir='ltr'>reciperent</span> <span class='ocrx_word' id='word_1_1073' title='bbox 1385 2713 1394 2727; x_wconf 92' lang='lat'>,</span> <span class='ocrx_word' id='word_1_1074' title='bbox 1415 2693 1449 2724; x_wconf 71' lang='grc' dir='ltr'>δε</span> <span class='ocrx_word' id='word_1_1075' title='bbox 1465 2695 1641 2724; x_wconf 84' lang='lat' dir='ltr'>Parthorum</span> <span class='ocrx_word' id='word_1_1076' title='bbox 1660 2693 1823 2722; x_wconf 77' lang='lat' dir='ltr'>adventum</span> <span class='ocrx_word' id='word_1_1077' title='bbox 1841 2691 1987 2723; x_wconf 79' lang='lat' dir='ltr'>acerrime</span> <span class='ocrx_word' id='word_1_1078' title='bbox 2004 2691 2161 2733; x_wconf 65' lang='lat' dir='ltr'>exspeEla·</span> 
     </span>
    </p>
   </div>
   <div class='ocr_carea' id='block_1_8' title="bbox 240 2794 1184 2830">
    <p class='ocr_par' dir='ltr' id='par_1_10' title="bbox 240 2794 1184 2830">
     <span class='ocr_line' id='line_1_124' title="bbox 240 2794 1184 2830; baseline 0 -9"><span class='ocrx_word' id='word_1_1079' title='bbox 240 2804 265 2822; x_wconf 87' lang='grc'>1.</span> <span class='ocrx_word' id='word_1_1080' title='bbox 278 2795 451 2829; x_wconf 69' lang='lat' dir='ltr'>Tumpraesemi</span> <span class='ocrx_word' id='word_1_1081' title='bbox 459 2794 646 2828; x_wconf 65' lang='lat' dir='ltr'>magnitudine]</span> <span class='ocrx_word' id='word_1_1082' title='bbox 668 2794 791 2826; x_wconf 78' lang='lat' dir='ltr'>Palatini,</span> <span class='ocrx_word' id='word_1_1083' title='bbox 808 2795 997 2830; x_wconf 71' lang='lat' dir='ltr'>Hittorpianus</span> <span class='ocrx_word' id='word_1_1084' title='bbox 1009 2814 1018 2826; x_wconf 89' lang='lat'>,</span> <span class='ocrx_word' id='word_1_1085' title='bbox 1040 2802 1089 2820; x_wconf 78' lang='lat' dir='ltr'>tum</span> <span class='ocrx_word' id='word_1_1086' title='bbox 1098 2803 1160 2827; x_wconf 75' lang='lat' dir='ltr'>prae-</span> <span class='ocrx_word' id='word_1_1087' title='bbox 1181 2802 1184 2814; x_wconf 62' lang='lat' dir='ltr'>l</span> 
     </span>
    </p>
   </div>
   <div class='ocr_carea' id='block_1_9' title="bbox 2068 2743 2156 2764">
    <p class='ocr_par' dir='ltr' id='par_1_11' title="bbox 2068 2743 2156 2764">
     <span class='ocr_line' id='line_1_125' title="bbox 2068 2743 2156 2764; baseline 0 0"><span class='ocrx_word' id='word_1_1088' title='bbox 2068 2743 2135 2764; x_wconf 75' lang='lat' dir='ltr'>rent</span> <span class='ocrx_word' id='word_1_1089' title='bbox 2146 2744 2156 2764; x_wconf 82' lang='lat'>2</span> 
     </span>
    </p>
   </div>
   <div class='ocr_carea' id='block_1_10' title="bbox 1682 2781 1784 2785">
    <p class='ocr_par' dir='ltr' id='par_1_12' title="bbox 1682 2781 1784 2785">
     <span class='ocr_line' id='line_1_126' title="bbox 1682 2781 1784 2785; baseline 0 0"><span class='ocrx_word' id='word_1_1090' title='bbox 1682 2781 1784 2785; x_wconf 95' lang='lat' dir='ltr'> </span> 
     </span>
    </p>
   </div>
   <div class='ocr_carea' id='block_1_11' title="bbox 1376 2781 1518 2788">
    <p class='ocr_par' dir='ltr' id='par_1_13' title="bbox 1376 2781 1518 2788">
     <span class='ocr_line' id='line_1_127' title="bbox 1376 2781 1518 2788; baseline 0 0"><span class='ocrx_word' id='word_1_1091' title='bbox 1376 2781 1518 2788; x_wconf 95' lang='lat' dir='ltr'> </span> 
     </span>
    </p>
   </div>
   <div class='ocr_carea' id='block_1_12' title="bbox 1235 2793 2156 2831">
    <p class='ocr_par' dir='ltr' id='par_1_14' title="bbox 1235 2793 2156 2831">
     <span class='ocr_line' id='line_1_128' title="bbox 1235 2793 2156 2831; baseline -0.002 -9"><span class='ocrx_word' id='word_1_1092' title='bbox 1235 2805 1261 2831; x_wconf 91' lang='lat'>3.</span> <span class='ocrx_word' id='word_1_1093' title='bbox 1281 2801 1338 2821; x_wconf 70' lang='lat' dir='ltr'>‘Tum</span> <span class='ocrx_word' id='word_1_1094' title='bbox 1346 2796 1382 2827; x_wconf 77' lang='lat' dir='ltr'>id,</span> <span class='ocrx_word' id='word_1_1095' title='bbox 1392 2796 1506 2829; x_wconf 66' lang='lat' dir='ltr'>quodjam</span> <span class='ocrx_word' id='word_1_1096' title='bbox 1516 2794 1733 2827; x_wconf 49' lang='lat' dir='ltr'>‘infestamur-am]</span> <span class='ocrx_word' id='word_1_1097' title='bbox 1757 2794 1820 2820; x_wconf 72' lang='lat' dir='ltr'>Haec</span> <span class='ocrx_word' id='word_1_1098' title='bbox 1832 2794 1913 2820; x_wconf 53' lang='lat' dir='ltr'>lei-,lio</span> <span class='ocrx_word' id='word_1_1099' title='bbox 1922 2803 1956 2820; x_wconf 87' lang='lat' dir='ltr'>ex</span> <span class='ocrx_word' id='word_1_1100' title='bbox 1968 2794 2095 2820; x_wconf 63' lang='lat' dir='ltr'>Medica—o</span> <span class='ocrx_word' id='word_1_1101' title='bbox 2105 2793 2156 2825; x_wconf 76' lang='lat' dir='ltr'>cst,</span> 
     </span>
    </p>
   </div>
   <div class='ocr_carea' id='block_1_13' title="bbox 196 2829 2156 2874">
    <p class='ocr_par' dir='ltr' id='par_1_15' title="bbox 196 2829 2156 2874">
     <span class='ocr_line' id='line_1_129' title="bbox 196 2829 2156 2874; baseline -0.002 -18"><span class='ocrx_word' id='word_1_1102' title='bbox 196 2830 276 2863; x_wconf 72' lang='lat' dir='ltr'>fitutia</span> <span class='ocrx_word' id='word_1_1103' title='bbox 284 2839 362 2864; x_wconf 73' lang='lat' dir='ltr'>magn.</span> <span class='ocrx_word' id='word_1_1104' title='bbox 381 2831 445 2858; x_wconf 80' lang='lat' dir='ltr'>ficut</span> <span class='ocrx_word' id='word_1_1105' title='bbox 456 2832 483 2857; x_wconf 68' lang='lat' dir='ltr'>Sc</span> <span class='ocrx_word' id='word_1_1106' title='bbox 495 2829 648 2857; x_wconf 75' lang='lat' dir='ltr'>Medicaeus.</span> <span class='ocrx_word' id='word_1_1107' title='bbox 668 2830 748 2856; x_wconf 86' lang='lat' dir='ltr'>Unde</span> <span class='ocrx_word' id='word_1_1108' title='bbox 758 2829 831 2857; x_wconf 52' lang='lat' dir='ltr'>redte</span> <span class='ocrx_word' id='word_1_1109' title='bbox 843 2830 910 2857; x_wconf 81' lang='lat' dir='ltr'>lianc</span> <span class='ocrx_word' id='word_1_1110' title='bbox 919 2830 1061 2857; x_wconf 55' lang='lat' dir='ltr'>lediionem</span> <span class='ocrx_word' id='word_1_1111' title='bbox 1072 2831 1159 2857; x_wconf 87' lang='lat' dir='ltr'>extri·</span> <span class='ocrx_word' id='word_1_1112' title='bbox 1179 2845 1182 2874; x_wconf 63' lang='grc' dir='ltr'>Ι</span> <span class='ocrx_word' id='word_1_1113' title='bbox 1197 2832 1231 2858; x_wconf 82' lang='lat' dir='ltr'>ab</span> <span class='ocrx_word' id='word_1_1114' title='bbox 1243 2832 1367 2872; x_wconf 80' lang='lat' dir='ltr'>Egnatio,</span> <span class='ocrx_word' id='word_1_1115' title='bbox 1377 2831 1409 2872; x_wconf 66' lang='lat' dir='ltr'>ad</span> <span class='ocrx_word' id='word_1_1116' title='bbox 1420 2832 1529 2866; x_wconf 82' lang='lat' dir='ltr'>primani</span> <span class='ocrx_word' id='word_1_1117' title='bbox 1542 2829 1734 2866; x_wconf 70' lang='lat' dir='ltr'>itnprcilionein</span> <span class='ocrx_word' id='word_1_1118' title='bbox 1745 2836 1861 2861; x_wconf 73' lang='lat' dir='ltr'>enotata,</span> <span class='ocrx_word' id='word_1_1119' title='bbox 1871 2830 1899 2856; x_wconf 70' lang='grc' dir='ltr'>δε</span> <span class='ocrx_word' id='word_1_1120' title='bbox 1910 2829 1943 2856; x_wconf 78' lang='lat' dir='ltr'>ab</span> <span class='ocrx_word' id='word_1_1121' title='bbox 1953 2830 2075 2856; x_wconf 53' lang='lat' dir='ltr'>vislerio</span> <span class='ocrx_word' id='word_1_1122' title='bbox 2086 2839 2156 2865; x_wconf 84' lang='lat' dir='ltr'>quo-</span> 
     </span>
    </p>
   </div>
   <div class='ocr_carea' id='block_1_14' title="bbox 200 2866 1161 3223">
    <p class='ocr_par' dir='ltr' id='par_1_16' title="bbox 204 2866 1160 2936">
     <span class='ocr_line' id='line_1_130' title="bbox 204 2866 1160 2903; baseline 0.002 -12"><span class='ocrx_word' id='word_1_1123' title='bbox 204 2866 272 2892; x_wconf 71' lang='lat' dir='ltr'>cavit</span> <span class='ocrx_word' id='word_1_1124' title='bbox 287 2866 434 2900; x_wconf 59' lang='lat' dir='ltr'>victorius,</span> <span class='ocrx_word' id='word_1_1125' title='bbox 445 2876 502 2903; x_wconf 80' lang='lat' dir='ltr'>quae</span> <span class='ocrx_word' id='word_1_1126' title='bbox 513 2866 604 2892; x_wconf 80' lang='lat' dir='ltr'>visitur</span> <span class='ocrx_word' id='word_1_1127' title='bbox 615 2876 720 2902; x_wconf 77' lang='lat' dir='ltr'>quoque</span> <span class='ocrx_word' id='word_1_1128' title='bbox 730 2867 756 2892; x_wconf 93' lang='lat' dir='ltr'>in</span> <span class='ocrx_word' id='word_1_1129' title='bbox 766 2866 886 2892; x_wconf 75' lang='lat' dir='ltr'>Vaticani</span> <span class='ocrx_word' id='word_1_1130' title='bbox 898 2867 1048 2901; x_wconf 82' lang='lat' dir='ltr'>excerptis:</span> <span class='ocrx_word' id='word_1_1131' title='bbox 1063 2867 1160 2893; x_wconf 79' lang='lat' dir='ltr'>Manu·-</span> 
     </span>
     <span class='ocr_line' id='line_1_131' title="bbox 205 2901 1014 2936; baseline 0.002 -10"><span class='ocrx_word' id='word_1_1132' title='bbox 205 2901 257 2927; x_wconf 80' lang='lat' dir='ltr'>tius</span> <span class='ocrx_word' id='word_1_1133' title='bbox 268 2909 353 2929; x_wconf 83' lang='lat' dir='ltr'>tamen</span> <span class='ocrx_word' id='word_1_1134' title='bbox 365 2913 371 2929; x_wconf 91' lang='grc'>;</span> <span class='ocrx_word' id='word_1_1135' title='bbox 392 2902 581 2936; x_wconf 51' lang='grc' dir='ltr'>τιινημνςίὺηήιί,</span> <span class='ocrx_word' id='word_1_1136' title='bbox 594 2903 752 2933; x_wconf 68' lang='lat' dir='ltr'>magnitudine</span> <span class='ocrx_word' id='word_1_1137' title='bbox 761 2902 789 2932; x_wconf 66' lang='lat'>(31¹</span> <span class='ocrx_word' id='word_1_1138' title='bbox 798 2906 873 2929; x_wconf 83' lang='lat' dir='ltr'>animi</span> <span class='ocrx_word' id='word_1_1139' title='bbox 883 2904 911 2933; x_wconf 58' lang='grc' dir='ltr'>(ἔγ</span> <span class='ocrx_word' id='word_1_1140' title='bbox 922 2904 1014 2935; x_wconf 79' lang='lat' dir='ltr'>confilii.</span> 
     </span>
    </p>

    <p class='ocr_par' dir='ltr' id='par_1_17' title="bbox 200 2938 1161 3223">
     <span class='ocr_line' id='line_1_132' title="bbox 242 2938 1158 2973; baseline 0.003 -12"><span class='ocrx_word' id='word_1_1141' title='bbox 242 2944 270 2962; x_wconf 85' lang='lat'>2.</span> <span class='ocrx_word' id='word_1_1142' title='bbox 288 2938 393 2964; x_wconf 71' lang='lat' dir='ltr'>Pecunia</span> <span class='ocrx_word' id='word_1_1143' title='bbox 398 2939 540 2970; x_wconf 66' lang='lat' dir='ltr'>pai-amr&amp;</span> <span class='ocrx_word' id='word_1_1144' title='bbox 549 2945 592 2964; x_wconf 78' lang='lat' dir='ltr'>toto</span> <span class='ocrx_word' id='word_1_1145' title='bbox 604 2957 612 2970; x_wconf 93' lang='lat'>,</span> <span class='ocrx_word' id='word_1_1146' title='bbox 626 2940 654 2965; x_wconf 71' lang='lat' dir='ltr'>iia</span> <span class='ocrx_word' id='word_1_1147' title='bbox 665 2941 707 2973; x_wconf 82' lang='lat' dir='ltr'>qui</span> <span class='ocrx_word' id='word_1_1148' title='bbox 723 2941 810 2964; x_wconf 62' lang='lat' dir='ltr'>novari</span> <span class='ocrx_word' id='word_1_1149' title='bbox 819 2940 914 2973; x_wconf 73' lang='lat' dir='ltr'>aliquid</span> <span class='ocrx_word' id='word_1_1150' title='bbox 919 2938 1056 2972; x_wconf 57' lang='lat' dir='ltr'>valebant]</span> <span class='ocrx_word' id='word_1_1151' title='bbox 1077 2938 1158 2964; x_wconf 79' lang='lat' dir='ltr'>Reti-</span> 
     </span>
     <span class='ocr_line' id='line_1_133' title="bbox 204 2971 1159 3010; baseline 0.003 -13"><span class='ocrx_word' id='word_1_1152' title='bbox 204 2971 250 2998; x_wconf 87' lang='lat' dir='ltr'>nui</span> <span class='ocrx_word' id='word_1_1153' title='bbox 261 2971 416 3009; x_wconf 67' lang='lat' dir='ltr'>LeCHOiiem</span> <span class='ocrx_word' id='word_1_1154' title='bbox 428 2975 607 3001; x_wconf 79' lang='lat' dir='ltr'>Manutianam</span> <span class='ocrx_word' id='word_1_1155' title='bbox 621 2994 629 3007; x_wconf 92' lang='lat'>‚</span> <span class='ocrx_word' id='word_1_1156' title='bbox 649 2983 726 3010; x_wconf 87' lang='lat' dir='ltr'>quani</span> <span class='ocrx_word' id='word_1_1157' title='bbox 737 2975 764 3000; x_wconf 85' lang='lat'>&amp;</span> <span class='ocrx_word' id='word_1_1158' title='bbox 776 2973 912 3002; x_wconf 65' lang='lat' dir='ltr'>Vi&amp;orius</span> <span class='ocrx_word' id='word_1_1159' title='bbox 932 2975 955 3000; x_wconf 91' lang='lat' dir='ltr'>in</span> <span class='ocrx_word' id='word_1_1160' title='bbox 976 2975 1026 3000; x_wconf 79' lang='lat' dir='ltr'>inis</span> <span class='ocrx_word' id='word_1_1161' title='bbox 1046 2975 1159 3006; x_wconf 84' lang='lat' dir='ltr'>invenit,</span> 
     </span>
     <span class='ocr_line' id='line_1_134' title="bbox 204 3007 1157 3047; baseline 0.002 -14"><span class='ocrx_word' id='word_1_1162' title='bbox 204 3007 337 3047; x_wconf 67' lang='lat' dir='ltr'>testorque</span> <span class='ocrx_word' id='word_1_1163' title='bbox 347 3018 402 3034; x_wconf 81' lang='lat' dir='ltr'>eam</span> <span class='ocrx_word' id='word_1_1164' title='bbox 413 3009 514 3036; x_wconf 71' lang='lat' dir='ltr'>exstare</span> <span class='ocrx_word' id='word_1_1165' title='bbox 523 3010 551 3037; x_wconf 84' lang='lat' dir='ltr'>in</span> <span class='ocrx_word' id='word_1_1166' title='bbox 561 3011 616 3037; x_wconf 81' lang='lat' dir='ltr'>Pal.</span> <span class='ocrx_word' id='word_1_1167' title='bbox 628 3011 726 3046; x_wconf 85' lang='lat' dir='ltr'>primo,</span> <span class='ocrx_word' id='word_1_1168' title='bbox 737 3018 844 3046; x_wconf 79' lang='lat' dir='ltr'>quarto,</span> <span class='ocrx_word' id='word_1_1169' title='bbox 856 3012 961 3046; x_wconf 80' lang='lat' dir='ltr'>quintu,</span> <span class='ocrx_word' id='word_1_1170' title='bbox 971 3010 999 3035; x_wconf 75' lang='grc' dir='ltr'>ὃ(</span> <span class='ocrx_word' id='word_1_1171' title='bbox 1010 3009 1157 3036; x_wconf 81' lang='lat' dir='ltr'>editionum</span> 
     </span>
     <span class='ocr_line' id='line_1_135' title="bbox 205 3043 1161 3080; baseline 0.003 -12"><span class='ocrx_word' id='word_1_1172' title='bbox 205 3043 339 3079; x_wconf 72' lang='lat' dir='ltr'>primaria.</span> <span class='ocrx_word' id='word_1_1173' title='bbox 358 3044 492 3072; x_wconf 56' lang='lat' dir='ltr'>Victorius</span> <span class='ocrx_word' id='word_1_1174' title='bbox 503 3053 591 3076; x_wconf 80' lang='lat' dir='ltr'>tamen</span> <span class='ocrx_word' id='word_1_1175' title='bbox 602 3056 636 3073; x_wconf 83' lang='lat' dir='ltr'>ex</span> <span class='ocrx_word' id='word_1_1176' title='bbox 647 3046 798 3079; x_wconf 62' lang='lat' dir='ltr'>conjet‘tura</span> <span class='ocrx_word' id='word_1_1177' title='bbox 810 3066 817 3079; x_wconf 90' lang='lat'>‚</span> <span class='ocrx_word' id='word_1_1178' title='bbox 827 3048 856 3077; x_wconf 50' lang='grc' dir='ltr'>ὠν</span> <span class='ocrx_word' id='word_1_1179' title='bbox 866 3050 954 3072; x_wconf 84' lang='lat' dir='ltr'>omnino</span> <span class='ocrx_word' id='word_1_1180' title='bbox 963 3047 992 3072; x_wconf 78' lang='lat' dir='ltr'>iis</span> <span class='ocrx_word' id='word_1_1181' title='bbox 1006 3066 1013 3078; x_wconf 86' lang='lat'>‚</span> <span class='ocrx_word' id='word_1_1182' title='bbox 1023 3050 1064 3080; x_wconf 80' lang='lat' dir='ltr'>qni</span> <span class='ocrx_word' id='word_1_1183' title='bbox 1074 3048 1161 3071; x_wconf 63' lang='lat' dir='ltr'>novari</span> 
     </span>
     <span class='ocr_line' id='line_1_136' title="bbox 204 3080 1156 3118; baseline 0.002 -13"><span class='ocrx_word' id='word_1_1184' title='bbox 204 3080 299 3112; x_wconf 78' lang='lat' dir='ltr'>aliquid</span> <span class='ocrx_word' id='word_1_1185' title='bbox 309 3081 359 3104; x_wconf 75' lang='lat' dir='ltr'>vol.</span> <span class='ocrx_word' id='word_1_1186' title='bbox 379 3089 456 3115; x_wconf 85' lang='lat' dir='ltr'>quani</span> <span class='ocrx_word' id='word_1_1187' title='bbox 486 3090 519 3106; x_wconf 76' lang='lat' dir='ltr'>rte</span> <span class='ocrx_word' id='word_1_1188' title='bbox 529 3081 553 3108; x_wconf 87' lang='lat' dir='ltr'>se</span> <span class='ocrx_word' id='word_1_1189' title='bbox 572 3081 663 3109; x_wconf 82' lang='lat' dir='ltr'>ferunt</span> <span class='ocrx_word' id='word_1_1190' title='bbox 682 3090 807 3118; x_wconf 79' lang='lat' dir='ltr'>excerpta</span> <span class='ocrx_word' id='word_1_1191' title='bbox 817 3083 947 3109; x_wconf 82' lang='lat' dir='ltr'>Vaticani.</span> <span class='ocrx_word' id='word_1_1192' title='bbox 970 3083 1053 3109; x_wconf 75' lang='lat' dir='ltr'>l&#39;alat.</span> <span class='ocrx_word' id='word_1_1193' title='bbox 1069 3081 1156 3108; x_wconf 67' lang='lat' dir='ltr'>{extus</span> 
     </span>
     <span class='ocr_line' id='line_1_137' title="bbox 204 3115 1158 3154; baseline 0.003 -14"><span class='ocrx_word' id='word_1_1194' title='bbox 204 3115 231 3140; x_wconf 73' lang='lat'>8&lt;</span> <span class='ocrx_word' id='word_1_1195' title='bbox 247 3116 432 3153; x_wconf 60' lang='lat' dir='ltr'>Historpianus</span> <span class='ocrx_word' id='word_1_1196' title='bbox 444 3135 452 3146; x_wconf 94' lang='lat'>,</span> <span class='ocrx_word' id='word_1_1197' title='bbox 473 3130 478 3136; x_wconf 90' lang='lat'>·</span> <span class='ocrx_word' id='word_1_1198' title='bbox 498 3123 547 3142; x_wconf 68' lang='lat' dir='ltr'>tuto</span> <span class='ocrx_word' id='word_1_1199' title='bbox 556 3118 601 3143; x_wconf 68' lang='lat' dir='ltr'>his.</span> <span class='ocrx_word' id='word_1_1200' title='bbox 623 3118 723 3144; x_wconf 79' lang='lat' dir='ltr'>l’eckio</span> <span class='ocrx_word' id='word_1_1201' title='bbox 733 3126 857 3154; x_wconf 78' lang='lat' dir='ltr'>excerpta</span> <span class='ocrx_word' id='word_1_1202' title='bbox 868 3139 876 3150; x_wconf 86' lang='lat'>‚</span> <span class='ocrx_word' id='word_1_1203' title='bbox 895 3120 921 3145; x_wconf 66' lang='grc' dir='ltr'>ὃς</span> <span class='ocrx_word' id='word_1_1204' title='bbox 934 3119 998 3145; x_wconf 86' lang='lat' dir='ltr'>alius</span> <span class='ocrx_word' id='word_1_1205' title='bbox 1010 3117 1158 3145; x_wconf 81' lang='lat' dir='ltr'>Gulielmio</span> 
     </span>
     <span class='ocr_line' id='line_1_138' title="bbox 204 3150 1158 3189; baseline 0.005 -13"><span class='ocrx_word' id='word_1_1206' title='bbox 204 3150 347 3186; x_wconf 60' lang='lat' dir='ltr'>inspefitus,</span> <span class='ocrx_word' id='word_1_1207' title='bbox 357 3152 386 3182; x_wconf 60' lang='lat' dir='ltr'>dv</span> <span class='ocrx_word' id='word_1_1208' title='bbox 395 3158 438 3176; x_wconf 80' lang='lat' dir='ltr'><em>toto</em></span> <span class='ocrx_word' id='word_1_1209' title='bbox 446 3152 477 3177; x_wconf 76' lang='lat' dir='ltr'>is.</span> <span class='ocrx_word' id='word_1_1210' title='bbox 498 3151 564 3187; x_wconf 73' lang='lat' dir='ltr'>legit</span> <span class='ocrx_word' id='word_1_1211' title='bbox 573 3152 646 3185; x_wconf 82' lang='lat' dir='ltr'>inde,</span> <span class='ocrx_word' id='word_1_1212' title='bbox 656 3155 779 3186; x_wconf 74' lang='lat' dir='ltr'>ultroneis,</span> <span class='ocrx_word' id='word_1_1213' title='bbox 794 3155 847 3189; x_wconf 83' lang='lat' dir='ltr'>vel,</span> <span class='ocrx_word' id='word_1_1214' title='bbox 857 3157 887 3188; x_wconf 64' lang='grc' dir='ltr'>ὠ·</span> <span class='ocrx_word' id='word_1_1215' title='bbox 895 3156 952 3182; x_wconf 66' lang='lat' dir='ltr'>verb</span> <span class='ocrx_word' id='word_1_1216' title='bbox 962 3156 1007 3182; x_wconf 72' lang='lat' dir='ltr'>bis.</span> <span class='ocrx_word' id='word_1_1217' title='bbox 1026 3155 1158 3183; x_wconf 72' lang='lat' dir='ltr'>Puteanus</span> 
     </span>
     <span class='ocr_line' id='line_1_139' title="bbox 200 3186 843 3223; baseline 0.005 -9"><span class='ocrx_word' id='word_1_1218' title='bbox 200 3186 356 3221; x_wconf 74' lang='lat' dir='ltr'>conabatur,</span> <span class='ocrx_word' id='word_1_1219' title='bbox 363 3190 588 3222; x_wconf 75' lang='lat' dir='ltr'>pecuniaparmus,</span> <span class='ocrx_word' id='word_1_1220' title='bbox 599 3195 690 3216; x_wconf 80' lang='lat' dir='ltr'>extorta</span> <span class='ocrx_word' id='word_1_1221' title='bbox 697 3190 740 3223; x_wconf 71' lang='lat' dir='ltr'>Iis,</span> <span class='ocrx_word' id='word_1_1222' title='bbox 749 3191 800 3222; x_wconf 58' lang='lat' dir='ltr'>&amp;aa</span> <span class='ocrx_word' id='word_1_1223' title='bbox 837 3207 843 3212; x_wconf 85' lang='lat'>-</span> 
     </span>
    </p>
   </div>
   <div class='ocr_carea' id='block_1_15' title="bbox 1178 2875 1182 2988">
    <p class='ocr_par' dir='ltr' id='par_1_18' title="bbox 1178 2875 1182 2988">
     <span class='ocr_line' id='line_1_140' title="bbox 1178 2875 1182 2988; baseline 0 412"><span class='ocrx_word' id='word_1_1224' title='bbox 1178 2875 1182 2988; x_wconf 95' lang='lat' dir='ltr'> </span> 
     </span>
    </p>
   </div>
   <div class='ocr_carea' id='block_1_16' title="bbox 1178 2989 1181 3092">
    <p class='ocr_par' dir='ltr' id='par_1_19' title="bbox 1178 2989 1181 3092">
     <span class='ocr_line' id='line_1_141' title="bbox 1178 2989 1181 3092; baseline 0 308"><span class='ocrx_word' id='word_1_1225' title='bbox 1178 2989 1181 3092; x_wconf 95' lang='lat' dir='ltr'> </span> 
     </span>
    </p>
   </div>
   <div class='ocr_carea' id='block_1_17' title="bbox 1175 3107 1180 3212">
    <p class='ocr_par' dir='ltr' id='par_1_20' title="bbox 1175 3107 1180 3212">
     <span class='ocr_line' id='line_1_142' title="bbox 1175 3107 1180 3212; baseline 0 188"><span class='ocrx_word' id='word_1_1226' title='bbox 1175 3107 1180 3212; x_wconf 95' lang='lat' dir='ltr'> </span> 
     </span>
    </p>
   </div>
   <div class='ocr_carea' id='block_1_18' title="bbox 1198 2865 2156 2937">
    <p class='ocr_par' dir='ltr' id='par_1_21' title="bbox 1198 2865 2156 2937">
     <span class='ocr_line' id='line_1_143' title="bbox 1198 2865 2156 2904; baseline -0.002 -10"><span class='ocrx_word' id='word_1_1227' title='bbox 1198 2877 1249 2904; x_wconf 84' lang='lat' dir='ltr'>que</span> <span class='ocrx_word' id='word_1_1228' title='bbox 1261 2869 1382 2903; x_wconf 73' lang='lat' dir='ltr'>uiurpata</span> <span class='ocrx_word' id='word_1_1229' title='bbox 1400 2877 1425 2892; x_wconf 88' lang='lat' dir='ltr'>in</span> <span class='ocrx_word' id='word_1_1230' title='bbox 1438 2867 1573 2892; x_wconf 77' lang='lat' dir='ltr'>editione:</span> <span class='ocrx_word' id='word_1_1231' title='bbox 1596 2865 1725 2901; x_wconf 74' lang='lat' dir='ltr'>conspicio</span> <span class='ocrx_word' id='word_1_1232' title='bbox 1739 2866 1794 2900; x_wconf 81' lang='lat' dir='ltr'>jam</span> <span class='ocrx_word' id='word_1_1233' title='bbox 1815 2875 1871 2893; x_wconf 84' lang='lat' dir='ltr'>cani</span> <span class='ocrx_word' id='word_1_1234' title='bbox 1892 2875 1997 2902; x_wconf 88' lang='lat' dir='ltr'>quoque</span> <span class='ocrx_word' id='word_1_1235' title='bbox 2016 2867 2041 2892; x_wconf 87' lang='lat' dir='ltr'>in</span> <span class='ocrx_word' id='word_1_1236' title='bbox 2054 2866 2156 2893; x_wconf 83' lang='lat' dir='ltr'>Palati-</span> 
     </span>
     <span class='ocr_line' id='line_1_144' title="bbox 1198 2901 2156 2937; baseline -0.004 -7"><span class='ocrx_word' id='word_1_1237' title='bbox 1198 2904 1238 2930; x_wconf 88' lang='lat' dir='ltr'>nis</span> <span class='ocrx_word' id='word_1_1238' title='bbox 1251 2923 1258 2935; x_wconf 93' lang='lat'>,</span> <span class='ocrx_word' id='word_1_1239' title='bbox 1280 2903 1397 2929; x_wconf 68' lang='lat' dir='ltr'>Vaticani</span> <span class='ocrx_word' id='word_1_1240' title='bbox 1409 2903 1550 2937; x_wconf 65' lang='lat' dir='ltr'>excerptis.</span> <span class='ocrx_word' id='word_1_1241' title='bbox 1572 2901 1694 2937; x_wconf 84' lang='lat' dir='ltr'>Hittorp.</span> <span class='ocrx_word' id='word_1_1242' title='bbox 1708 2901 1788 2937; x_wconf 72' lang='lat' dir='ltr'>vulgo</span> <span class='ocrx_word' id='word_1_1243' title='bbox 1805 2912 1811 2928; x_wconf 71' lang='lat'>5</span> <span class='ocrx_word' id='word_1_1244' title='bbox 1833 2909 1911 2927; x_wconf 74' lang='lat' dir='ltr'>tamen</span> <span class='ocrx_word' id='word_1_1245' title='bbox 1921 2901 2017 2936; x_wconf 73' lang='lat' dir='ltr'>id‚qus</span> <span class='ocrx_word' id='word_1_1246' title='bbox 2026 2903 2080 2936; x_wconf 82' lang='lat' dir='ltr'>jam</span> <span class='ocrx_word' id='word_1_1247' title='bbox 2099 2909 2156 2928; x_wconf 76' lang='lat' dir='ltr'>ame</span> 
     </span>
    </p>
   </div>
   <div class='ocr_carea' id='block_1_19' title="bbox 1194 2937 2156 3036">
    <p class='ocr_par' dir='ltr' id='par_1_22' title="bbox 1194 2937 2156 3036">
     <span class='ocr_line' id='line_1_145' title="bbox 1196 2937 2156 2974; baseline -0.002 -10"><span class='ocrx_word' id='word_1_1248' title='bbox 1196 2942 1367 2972; x_wconf 78' lang='lat' dir='ltr'>constitueram.</span> <span class='ocrx_word' id='word_1_1249' title='bbox 1396 2938 1489 2964; x_wconf 76' lang='lat' dir='ltr'>Paullo</span> <span class='ocrx_word' id='word_1_1250' title='bbox 1507 2937 1562 2974; x_wconf 73' lang='lat' dir='ltr'>post</span> <span class='ocrx_word' id='word_1_1251' title='bbox 1583 2937 1770 2974; x_wconf 79' lang='lat' dir='ltr'>Hittorpiaiius</span> <span class='ocrx_word' id='word_1_1252' title='bbox 1789 2937 1873 2964; x_wconf 83' lang='lat' dir='ltr'>codex</span> <span class='ocrx_word' id='word_1_1253' title='bbox 1893 2937 1961 2973; x_wconf 76' lang='lat' dir='ltr'>legit</span> <span class='ocrx_word' id='word_1_1254' title='bbox 1979 2948 1985 2964; x_wconf 76' lang='lat' dir='ltr'>t</span> <span class='ocrx_word' id='word_1_1255' title='bbox 2015 2938 2156 2971; x_wconf 43' lang='lat' dir='ltr'>abussi-mque</span> 
     </span>
     <span class='ocr_line' id='line_1_146' title="bbox 1194 2972 2153 3010; baseline -0.002 -9"><span class='ocrx_word' id='word_1_1256' title='bbox 1194 2978 1287 3001; x_wconf 83' lang='lat' dir='ltr'>Amano</span> <span class='ocrx_word' id='word_1_1257' title='bbox 1303 2978 1350 3001; x_wconf 74' lang='lat' dir='ltr'>iter</span> <span class='ocrx_word' id='word_1_1258' title='bbox 1367 2977 1440 3000; x_wconf 70' lang='lat' dir='ltr'>unius</span> <span class='ocrx_word' id='word_1_1259' title='bbox 1457 2975 1509 3000; x_wconf 67' lang='lat' dir='ltr'>diei.</span> <span class='ocrx_word' id='word_1_1260' title='bbox 1531 2980 1658 3009; x_wconf 74' lang='lat' dir='ltr'>putatque</span> <span class='ocrx_word' id='word_1_1261' title='bbox 1668 2973 1830 3000; x_wconf 78' lang='lat' dir='ltr'>Gulielmius</span> <span class='ocrx_word' id='word_1_1262' title='bbox 1849 2972 1993 3010; x_wconf 82' lang='lat' dir='ltr'>legendum</span> <span class='ocrx_word' id='word_1_1263' title='bbox 2012 2975 2153 3008; x_wconf 61' lang='lat' dir='ltr'>abiffimque</span> 
     </span>
     <span class='ocr_line' id='line_1_147' title="bbox 1195 3013 1296 3036; baseline -0.01 0"><span class='ocrx_word' id='word_1_1264' title='bbox 1195 3013 1296 3036; x_wconf 84' lang='lat' dir='ltr'>Amano.</span> 
     </span>
    </p>
   </div>
   <div class='ocr_carea' id='block_1_20' title="bbox 1231 3045 2154 3080">
    <p class='ocr_par' dir='ltr' id='par_1_23' title="bbox 1231 3045 2154 3080">
     <span class='ocr_line' id='line_1_148' title="bbox 1231 3045 2154 3080; baseline -0.001 -8"><span class='ocrx_word' id='word_1_1265' title='bbox 1231 3053 1259 3078; x_wconf 84' lang='lat'>4.</span> <span class='ocrx_word' id='word_1_1266' title='bbox 1279 3047 1328 3078; x_wconf 52' lang='grc' dir='ltr'>φεῖ</span> <span class='ocrx_word' id='word_1_1267' title='bbox 1337 3048 1401 3079; x_wconf 80' lang='lat' dir='ltr'>occist</span> <span class='ocrx_word' id='word_1_1268' title='bbox 1408 3046 1576 3080; x_wconf 70' lang='lat' dir='ltr'>captiquefimr</span> <span class='ocrx_word' id='word_1_1269' title='bbox 1588 3065 1597 3077; x_wconf 83' lang='lat'>‚</span> <span class='ocrx_word' id='word_1_1270' title='bbox 1615 3047 1808 3079; x_wconf 53' lang='lat' dir='ltr'>interclufij‘igga.</span> <span class='ocrx_word' id='word_1_1271' title='bbox 1828 3049 1949 3077; x_wconf 79' lang='lat' dir='ltr'>Eranam,</span> <span class='ocrx_word' id='word_1_1272' title='bbox 1959 3045 2026 3079; x_wconf 58' lang='lat' dir='ltr'>dre]</span> <span class='ocrx_word' id='word_1_1273' title='bbox 2048 3046 2079 3072; x_wconf 89' lang='lat' dir='ltr'>In</span> <span class='ocrx_word' id='word_1_1274' title='bbox 2091 3045 2154 3071; x_wconf 63' lang='lat' dir='ltr'>Me!-</span> 
     </span>
    </p>
   </div>
   <div class='ocr_carea' id='block_1_21' title="bbox 1195 3081 2153 3117">
    <p class='ocr_par' dir='ltr' id='par_1_24' title="bbox 1195 3081 2153 3117">
     <span class='ocr_line' id='line_1_149' title="bbox 1195 3081 2153 3117; baseline -0.001 -9"><span class='ocrx_word' id='word_1_1275' title='bbox 1195 3081 1277 3108; x_wconf 77' lang='lat' dir='ltr'>dicaeo</span> <span class='ocrx_word' id='word_1_1276' title='bbox 1287 3083 1546 3114; x_wconf 74' lang='lat' dir='ltr'>e1·;it,intcrcl1fisugae</span> <span class='ocrx_word' id='word_1_1277' title='bbox 1558 3090 1644 3107; x_wconf 79' lang='lat' dir='ltr'>ranam</span> <span class='ocrx_word' id='word_1_1278' title='bbox 1655 3100 1663 3113; x_wconf 91' lang='lat'>,</span> <span class='ocrx_word' id='word_1_1279' title='bbox 1682 3091 1716 3108; x_wconf 85' lang='lat' dir='ltr'>ex</span> <span class='ocrx_word' id='word_1_1280' title='bbox 1727 3091 1777 3117; x_wconf 88' lang='lat' dir='ltr'>qua</span> <span class='ocrx_word' id='word_1_1281' title='bbox 1790 3081 1863 3108; x_wconf 58' lang='lat' dir='ltr'>reae</span> <span class='ocrx_word' id='word_1_1282' title='bbox 1874 3081 1938 3108; x_wconf 88' lang='lat' dir='ltr'>hanc</span> <span class='ocrx_word' id='word_1_1283' title='bbox 1948 3081 2089 3108; x_wconf 73' lang='lat' dir='ltr'>lectionem</span> <span class='ocrx_word' id='word_1_1284' title='bbox 2102 3089 2153 3107; x_wconf 71' lang='lat' dir='ltr'>ex-</span> 
     </span>
    </p>
   </div>
   <div class='ocr_carea' id='block_1_22' title="bbox 1196 3116 2152 3191">
    <p class='ocr_par' dir='ltr' id='par_1_25' title="bbox 1196 3116 2152 3191">
     <span class='ocr_line' id='line_1_150' title="bbox 1196 3116 2152 3151; baseline -0.003 -7"><span class='ocrx_word' id='word_1_1285' title='bbox 1196 3118 1304 3144; x_wconf 77' lang='lat' dir='ltr'>tricavit</span> <span class='ocrx_word' id='word_1_1286' title='bbox 1313 3117 1517 3144; x_wconf 70' lang='lat' dir='ltr'>accuratissimus</span> <span class='ocrx_word' id='word_1_1287' title='bbox 1528 3117 1673 3144; x_wconf 66' lang='lat' dir='ltr'>ViStorius.</span> <span class='ocrx_word' id='word_1_1288' title='bbox 1685 3118 1755 3144; x_wconf 84' lang='lat' dir='ltr'>Nam</span> <span class='ocrx_word' id='word_1_1289' title='bbox 1768 3127 1820 3144; x_wconf 74' lang='lat' dir='ltr'>vox</span> <span class='ocrx_word' id='word_1_1290' title='bbox 1832 3119 1917 3151; x_wconf 77' lang='lat' dir='ltr'>reliqui</span> <span class='ocrx_word' id='word_1_1291' title='bbox 1924 3117 1956 3143; x_wconf 84' lang='lat' dir='ltr'>ab</span> <span class='ocrx_word' id='word_1_1292' title='bbox 1966 3116 2089 3144; x_wconf 80' lang='lat' dir='ltr'>omnibus</span> <span class='ocrx_word' id='word_1_1293' title='bbox 2102 3126 2152 3141; x_wconf 88' lang='lat' dir='ltr'>no-</span> 
     </span>
     <span class='ocr_line' id='line_1_151' title="bbox 1196 3152 2152 3191; baseline -0.005 -11"><span class='ocrx_word' id='word_1_1294' title='bbox 1196 3154 1254 3180; x_wconf 84' lang='lat' dir='ltr'>stris</span> <span class='ocrx_word' id='word_1_1295' title='bbox 1265 3157 1338 3189; x_wconf 70' lang='lat' dir='ltr'>acque</span> <span class='ocrx_word' id='word_1_1296' title='bbox 1349 3153 1427 3180; x_wconf 79' lang='lat' dir='ltr'>abest.</span> <span class='ocrx_word' id='word_1_1297' title='bbox 1448 3153 1553 3180; x_wconf 79' lang='lat' dir='ltr'>Primus</span> <span class='ocrx_word' id='word_1_1298' title='bbox 1566 3153 1700 3180; x_wconf 79' lang='lat' dir='ltr'>Palatinus</span> <span class='ocrx_word' id='word_1_1299' title='bbox 1718 3155 1743 3181; x_wconf 68' lang='grc' dir='ltr'>ὃς</span> <span class='ocrx_word' id='word_1_1300' title='bbox 1758 3153 1842 3191; x_wconf 75' lang='lat' dir='ltr'>prisca</span> <span class='ocrx_word' id='word_1_1301' title='bbox 1860 3152 1960 3181; x_wconf 80' lang='lat' dir='ltr'>editio:</span> <span class='ocrx_word' id='word_1_1302' title='bbox 1982 3152 2152 3185; x_wconf 68' lang='lat' dir='ltr'>Inter-clustfii-</span> 
     </span>
    </p>
   </div>
   <div class='ocr_carea' id='block_1_23' title="bbox 1547 3224 2148 3257">
    <p class='ocr_par' dir='ltr' id='par_1_26' title="bbox 1547 3224 2148 3257">
     <span class='ocr_line' id='line_1_152' title="bbox 1547 3224 2148 3257; baseline -0.01 -4"><span class='ocrx_word' id='word_1_1303' title='bbox 1547 3224 1686 3254; x_wconf 75' lang='lat' dir='ltr'>Ddddd</span> <span class='ocrx_word' id='word_1_1304' title='bbox 2041 3224 2148 3257; x_wconf 59' lang='lat' dir='ltr'>rinsti-</span> 
     </span>
    </p>
   </div>
   <div class='ocr_carea' id='block_1_24' title="bbox 1188 3193 1481 3224">
    <p class='ocr_par' dir='ltr' id='par_1_27' title="bbox 1188 3193 1481 3224">
     <span class='ocr_line' id='line_1_153' title="bbox 1188 3193 1481 3224; baseline 0.003 -7"><span class='ocrx_word' id='word_1_1305' title='bbox 1188 3193 1288 3224; x_wconf 74' lang='lat' dir='ltr'>gi&#39;erant</span> <span class='ocrx_word' id='word_1_1306' title='bbox 1297 3193 1381 3218; x_wconf 73' lang='lat' dir='ltr'>amani</span> <span class='ocrx_word' id='word_1_1307' title='bbox 1394 3196 1481 3218; x_wconf 71' lang='lat' dir='ltr'>autent.</span> 
     </span>
    </p>
   </div>
  </div>
 </body>
</html>
