2360 3400
502 73 841 122 Tuscut..

910 76 1479 139 QAESTIONUM
1562 81 1721 128 [ΑΒ.
1777 82 1836 130 V.

2027 100 2150 150 1007

181 157 284 194 artur,
297 165 330 189 ut
341 155 456 190 omnia,
468 165 534 197 quae
543 154 604 187 fine
614 165 648 186 ea
656 154 723 190 sint,
735 154 826 199 longe
840 175 850 190 ,
866 154 898 186 &
908 155 987 187 retro
997 154 1140 195 ponenda
1189 159 1351 197 praesertim
1361 181 1371 195 ,
1392 161 1527 192 maxima
1538 171 1545 191 :
1556 163 1587 181 ¹0
1598 161 1724 193 abduxit
1743 162 1855 206 legatos
1866 161 1901 194 ad
1911 171 2016 195 cenam
2026 164 2061 194 in
2071 167 2151 195 Aca-

182 202 308 232 censeat.
354 198 482 240 Reliqui
502 198 609 229 habere
626 198 654 228 se
666 198 807 230 videntur
818 196 972 239 angustius
991 207 997 227 τ
1023 206 1143 228 enatant
1187 199 1339 233 demiam:
1360 205 1399 233 iis
1416 205 1554 244 apposuit
1570 212 1707 240 tantum,
1726 205 1809 248 quod
1828 206 1895 236 satis
1914 204 1985 237 esset
1993 206 2081 237 nullo
2098 216 2153 247 ap-

178 248 308 281 amen-z
330 242 475 282 Epicurus
491 259 500 274 ,
531 242 760 281 Hieronymus,
786 240 819 271 δε
837 239 858 270 s1
874 242 926 281 qui
946 240 1035 273 sunt,
1056 242 1068 258 ¹
1088 240 1140 280 qui

176 284 321 323 disertum
340 284 433 314 illurn
455 282 638 317 Carneadem
657 291 763 314 curent
781 281 952 324 defendere.
983 285 1079 312 nemo
1099 280 1141 312 est

175 327 260 364 enim
272 346 282 360 ,
300 327 355 367 qui
371 335 479 356 eorum
499 325 651 357 bonorum
669 324 811 356 animum
834 322 984 365 puteteffe
989 323 1138 363 judicem,

171 377 304 409 eumque
320 366 565 402 condocefaciat.
586 377 619 398 ut
635 377 688 406 ea,
707 366 862 409 quaerbona
879 366 995 402 malave
1010 365 1136 396 Videan-

172 419 242 444 tur,
261 407 353 451 possit
370 419 578 441 contemnere.
602 413 617 430 ²
636 412 718 442 Nam
730 409 796 451 quae
808 409 863 439 tibi
872 409 995 449 Epicuri
1004 407 1135 442 videtur,

173 451 282 484 eadem
293 454 349 483 erit
364 454 549 493 Hieronymi
560 472 570 486 ,
582 452 614 483 δε
625 452 783 483 Carneadis
792 451 875 482 causa
885 470 895 484 ,
914 450 947 481 &
957 449 1055 480 hercle
1066 459 1137 480 om-

168 496 264 528 nium
286 495 487 535 reliquorum.
510 496 578 536 quis
597 496 681 525 enim
700 503 807 534 parum
825 491 978 524 estcontra
987 500 1133 526 mortem,

173 545 224 568 aut
242 536 381 567 dolorem
400 540 540 577 paratus?
563 536 718 568 ordiamur
737 536 774 566 ab
792 545 829 566 eo
844 555 853 568 ‚
874 534 895 565 fi
907 535 1022 576 placet,
1041 543 1134 575 quem

173 579 305 610 mollem
318 599 327 612 ,
338 589 431 620 quem
442 580 647 620 voluptarium
657 578 799 609 dicimus.
822 577 905 619 Qd
917 578 927 604 ?
946 579 971 607 is
981 576 1038 607 tibi
1047 586 1135 607 mor-

172 630 278 653 temne
297 621 438 655 videtur‚
456 631 495 652 an
506 622 645 652 dolorem
656 623 784 653 timere?
802 623 853 661 qui
864 629 934 650 eutn
946 618 1029 650 diem
1043 639 1052 652 ,
1070 628 1132 660 quo

171 669 314 698 moritur,
327 663 446 694 beatum
455 664 581 705 appellat
591 684 600 698 ,
612 663 815 703 maximisque
825 661 984 693 doloribus
994 659 1130 695 affeetu&

171 715 227 736 eos
251 706 331 746 ipsos
341 707 540 736 inventorum
551 706 676 737 suorum
687 706 837 736 memoria
847 724 857 739 ,
880 704 913 734 &
924 703 1132 734 recordatione

169 747 310 779 confutat
320 758 326 777 :
338 758 396 778 nec
406 749 468 779 haec
478 746 517 778 fic
526 750 587 789 agit
596 769 605 782 ,
626 757 659 778 ut
668 757 706 777 ex
717 756 853 787 tempore
865 744 943 786 quafi
953 744 1072 775 effutire
1085 746 1133 775 vi-

167 790 284 822 deatur.
310 793 323 818 3
334 789 370 820 de
380 798 479 820 morte
488 792 573 820 enim
582 789 635 820 ista
644 790 747 822 sentit,
758 798 802 822 ut,
813 787 956 819 dissoluto
967 789 1130 820 animante,

168 832 294 865 sensum
303 830 489 862 exstimStum
499 840 600 871 putet:
613 831 697 872 quod
707 840 809 861 autem
819 830 905 861 sensu
918 838 1011 860 careat
1024 849 1033 862 ‚
1053 828 1132 859 nihil

167 874 208 906 ad
230 883 289 905 nos
305 873 336 904 id
349 873 466 913 judicet
486 874 649 912 pertinere.
672 875 752 902 Item
771 872 808 902 de
830 871 938 902 dolore
947 880 1022 902 certa
1030 871 1130 905 habet,

165 926 236 957 quae
246 915 404 955 sequatur?
418 917 575 954 4quorum
587 913 831 954 magnitudinem
843 913 986 944 brevitate
995 913 1131 955 consola,

164 966 235 991 tur,
253 956 508 997 longinquitatem
527 956 660 986 lenitate.
692 955 766 997 quid
778 955 922 988 tandem?
943 954 991 985 isti
1009 955 1128 998 grandi-

166 999 255 1040 loqui
271 1007 376 1030 contra
392 999 457 1028 haec
470 997 532 1028 duo
543 1017 552 1032 ‚
574 1002 588 1026 5
600 1008 665 1039 quae
676 998 814 1028 maxime
824 1007 938 1038 angunt
949 1017 957 1032 ,
977 996 1090 1028 melius
1102 997 1130 1028 se

165 1041 280 1072 habent
289 1060 298 1074 ,
321 1039 410 1082 quam
433 1041 578 1080 Epicurus
593 1044 606 1069 ἓ
627 1050 665 1070 an
675 1039 710 1070 ad
721 1049 816 1070 cetera
828 1060 837 1074 ‚
860 1050 927 1080 quae
937 1041 1015 1071 mala
1023 1050 1130 1080 putan-

166 1092 238 1117 tur,
257 1092 324 1113 non
343 1082 376 1113 &
396 1084 561 1123 Epicurus,
583 1082 618 1113 &
637 1083 746 1123 reliqui
763 1082 937 1122 philosophi
956 1082 1023 1113 satis
1036 1083 1129 1123 parati

164 1125 306 1157 videntur
317 1132 328 1158 ?
349 1126 417 1165 quis
427 1135 491 1154 non
502 1133 702 1164 paupertatem
712 1124 904 1155 extimescit?
921 1134 1019 1165 neque
1029 1134 1129 1155 tamen

100 1167 150 1213 '32
163 1167 323 1209 quisquam
345 1167 610 1206 philosophorum.
634 1168 696 1197 Hic
716 1165 789 1197 vert>
813 1167 874 1206 ipse
885 1167 975 1207 quam
985 1176 1078 1206 parvo
1087 1165 1129 1196 est

159 1218 328 1242 contentus
343 1213 353 1239 ?
371 1219 465 1239 nemo
482 1208 520 1239 de
529 1210 612 1239 tenui
632 1208 715 1239 viEtu
726 1209 811 1249 plura
823 1208 911 1239 dixit.
934 1211 1049 1239 etenim
1065 1219 1131 1250 quae

160 1262 211 1284 >res
224 1253 360 1292 pecuniae
369 1251 568 1291 cupiditatem
578 1249 709 1282 afferunt
719 1271 728 1285 ,
740 1260 772 1282 ut
782 1253 897 1284 amori,
911 1260 943 1281 ut
953 1251 1127 1285 ambitioni,

164 1303 210 1333 ut·
218 1293 403 1335 quotidianis
425 1293 576 1324 sumtibus
595 1295 690 1334 copiae
713 1292 967 1333 supperanraesrm
978 1295 1079 1333 procul
1091 1294 1128 1325 ab

159 1338 203 1368 iis
227 1335 374 1366 omnibus
383 1335 471 1365 rebus
480 1334 552 1366 abfit
564 1356 574 1368 .
593 1345 647 1366 cur
653 1338 812 1375 pecuniam
824 1345 1004 1377 magnopere
1013 1335 1128 1367 defide-

162 1387 211 1410 1et
226 1397 237 1412 ‚
267 1378 316 1408 vel
334 1376 436 1417 potius
453 1386 536 1407 curet
552 1379 686 1406 omnino
710 1380 721 1406 ?
751 1387 789 1407 an
810 1380 932 1416 Scythes
950 1377 1125 1409 Anacharsis

161 1422 265 1462 ,potuit
271 1428 327 1459 pro
336 1419 437 1448 nihilo
447 1420 607 1458 pecuniam
618 1418 726 1448 ducere
737 1429 743 1447 :
772 1416 790 1438 ⁶
799 1418 940 1449 nostrates
950 1420 1125 1460 philosophi

163 1461 261 1493 facere
280 1470 346 1490 non
362 1469 505 1499 poterunt
532 1462 544 1489 ἓ
584 1459 672 1490 Illius
692 1459 818 1499 epistola
834 1459 928 1490 fertur
945 1462 993 1490 his
1013 1462 1123 1496 verbis,

156 1501 342 1542 *Anacharfis
358 1502 492 1531 Hannoni
505 1501 641 1541 fhlutem.
663 1506 678 1529 7
696 1502 779 1532 Mihi
797 1500 921 1531 amiam·
930 1501 974 1531 eft'
986 1522 995 1535 ,
1012 1504 1123 1544 Scythi-

160 1554 228 1574 cum
239 1551 346 1584 regmen
352 1554 367 1572 ε
384 1543 603 1574 calciamentum
614 1563 623 1577 ,
641 1543 765 1583 filorum
775 1544 898 1573 callum:
909 1543 1015 1577 cubile,
1036 1552 1120 1579 terra,

165 1582 182 1606 3
188 1586 415 1628 pulpamentum,
417 1586 512 1625 fames
521 1597 532 1614 .·
541 1585 634 1620 [αὲἶε’,
647 1585 732 1625 calbo,
743 1596 823 1615 carne
830 1585 930 1625 vescor.
943 1586 1043 1626 Qare
1050 1594 1084 1616 ut
1091 1587 1130 1616 ad

159 1629 294 1671 quietum
310 1638 355 1658 me
371 1629 437 1658 licet
454 1629 560 1658 venias.
584 1629 711 1658 Munera
727 1635 825 1657 autem
842 1627 895 1664 ista
907 1648 916 1663 ,
936 1633 950 1656 9
972 1626 1076 1670 quibus
1099 1640 1125 1658 es

154 1669 314 1700 desedimus
332 1690 341 1704 ‚
367 1669 414 1699 vel
429 1668 543 1699 civibus
562 1677 616 1700 ταις
638 1690 647 1703 ,
671 1670 716 1700 vel
736 1669 793 1700 diis
814 1670 1022 1700 immortalibus
1040 1673 1122 1701 dona.

154 1715 277 1743 Omnes
286 1711 349 1743 fere
361 1712 538 1753 philosophi
549 1714 692 1742 omnium
703 1712 944 1752 disciplinarum,
956 1711 1012 1742 nifi
1022 1723 1098 1753 quos
1109 1713 1125 1744 a

155 1753 239 1786 reeta
256 1756 372 1785 ratione
391 1763 495 1785 natura
505 1754 613 1784 vitiosa
622 1752 785 1784 detorsisset
794 1774 803 1787 ,
826 1753 935 1784 eodem
947 1754 1006 1784 hoc
1015 1756 1124 1785 animo

154 1795 218 1827 effe
234 1805 413 1837 potuerunt.
435 1799 567 1827 Socrates
581 1815 588 1829 ,
610 1797 642 1826 in
662 1805 774 1836 pompa
791 1794 862 1825 cum
874 1805 980 1837 magna
989 1797 1034 1826 vis
1044 1798 1122 1831 auri,

153 1840 329 1880 argentique
341 1838 482 1872 ferretur,
497 1832 600 1879 Qum
610 1838 705 1867 multa
714 1848 765 1867 non
772 1836 889 1878 defidero
901 1839 913 1866 ,¹
934 1839 1044 1878 inquit.
1057 1839 1123 1867 Xe-

155 1890 293 1911 nocrates
303 1900 312 1914 ,
330 1879 405 1912 cum
419 1880 507 1923 legati
515 1881 553 1911 ab
561 1879 735 1910 Alexandro
745 1881 963 1920 quinquaginta
975 1881 1002 1909 ei
1013 1880 1123 1910 talenta

146 1921 319 1954 -attulifi'ent
337 1942 348 1958 ,
366 1932 435 1964 quae
453 1931 512 1954 erat
531 1924 660 1963 pecunia
682 1921 871 1962 temporibus
888 1921 971 1957 illis,
993 1923 1123 1953 Athenis

1185 251 1294 281 paratu.
1319 243 1398 276 Cum
1416 245 1559 286 postridie
1578 256 1715 288 rogarent
1734 257 1803 278 eum
1815 267 1824 281 ‚
1843 248 2151 288 cuinumerarijube-

1185 293 1230 315 ret
1242 295 1248 314 ε
1259 285 1367 327 Qid?
1390 298 1439 317 vos
1449 286 1569 324 hesterna
1578 307 1586 322 ,
1598 290 1698 330 inquit
1708 310 1717 323 ,
1730 289 1827 320 cenula
1836 300 1887 321 non
1897 289 2065 328 inteuexista's
2075 310 2084 325 ,
2104 299 2150 322 me

1180 329 1300 367 pecunia
1318 339 1371 358 non
1389 335 1485 370 egere?
1510 334 1536 350 ¹¹
1548 331 1631 373 quod
1655 330 1726 363 cum
1745 331 1882 363 tristioris
1901 330 2022 363 vidiffet
2040 353 2049 367 ‚
2068 342 2148 364 xxx-

1184 370 1282 399 minas
1291 373 1454 411 accepit,ne
1464 372 1611 412 aspernari
1623 374 1699 414 regis
1710 373 1919 405 liberalitatem
1929 374 2091 406 videretur.
2106 378 2147 406 At

1182 409 1256 440 vero
1275 414 1431 454 Diogenes
1443 414 1565 444 liberius
1578 433 1587 448 ‚
1610 423 1644 445 ut
1653 416 1786 456 Cynicus
1799 437 1808 449 ,
1831 416 2005 448 Alexandro
2015 419 2145 458 roganti,

1180 460 1213 482 ut
1231 451 1362 488 diceret,
1378 459 1406 475 ¹²
1416 454 1436 485 si
1446 454 1512 496 quis
1522 466 1596 496 opus
1605 455 1694 491 esset,
1713 460 1742 486 ¹3
1754 460 1841 487 Nunc
1850 458 1963 500 quidem
1973 459 2144 500 paullulum,

1179 495 1297 534 inquit,
1320 493 1339 525 Ῐτ
1352 497 1419 535 sble.
1439 496 1580 529 offecerat
1589 499 1890 541 videlicetapricanti.
1914 503 1952 531 Et
1962 502 2010 531 hic
2019 501 2146 542 quidem

1179 535 1328 576 disputare
1339 539 1461 572 solebat,
1471 549 1584 580 quanto
1595 551 1695 583 regem
1707 543 1858 573 Persarum
1872 544 1932 573 vita
1945 563 1953 576 ,
1964 541 2147 584 fortunaque

1178 577 1336 618 superaret.
1352 579 1409 621 fibi
1429 582 1502 610 mlnl
1518 582 1599 620 deesse
1616 594 1626 611 .·
1645 584 1687 613 illi
1706 584 1782 613 nihil
1794 584 1865 625 satia
1873 594 2013 627 umquam
2024 585 2095 624 fore.
2114 584 2145 624 [ἓ

1175 620 1233 659 ejus
1253 620 1414 661 voluptates
1430 634 1483 652 non
1500 623 1647 664 desiderare
1661 645 1670 660 ,
1688 625 1793 666 quibus·
1811 636 1969 668 numquam
1980 626 2089 666 satiari
2097 628 2143 657 ille

1175 660 1260 703 POffit
1271 673 1283 689 .·
1296 663 1365 702 suas
1375 674 1438 692 eum
1447 665 1575 707 consequi
1586 668 1658 696 nullo
1670 667 1746 697 modo
1755 667 1833 710 peffe.
1857 668 1950 699 Vides
1962 689 1970 702 ,
1981 669 2072 699 credo
2082 688 2091 702 2
2110 678 2142 699 ut
2161 669 2173 701 Ξ
2187 669 2197 701 ,ἱ

1179 705 1327 743 Epicurus
1341 706 1540 746 cupiditatum
1553 717 1658 749 genera
1669 708 1829 745 diviserit,
1843 720 1906 741 non
1917 712 2012 741 nimis
2023 709 2142 741 sortasse

1175 746 1322 777 subtiliter
1334 768 1342 781 ,
1355 748 1468 779 utiliter
1481 757 1598 780 tamen:
1613 753 1720 790 partim
1730 750 1788 782 esse
1797 753 1958 783 natur-aleis
1969 773 1978 786 ,
1998 753 2032 783 δε
2041 753 2145 784 neces-

1174 789 1229 818 rias
1244 791 1367 828 :partim
1378 791 1539 822 naturaleis
1549 792 1582 822 &
1594 801 1659 822 non
1670 792 1840 824 necessarias
1853 806 1857 823 :
1868 797 1976 835 partim
1987 804 2140 826 neutrum,

1176 829 1348 862 necessarias
1357 832 1453 863 saciari
1462 831 1544 873 poss'e
1558 833 1644 874 paene
1655 835 1754 865 nihilo
1768 846 1773 863 τ
1785 835 1905 867 divitias
1914 838 1996 867 enim
2014 846 2137 871 naturae,

1171 872 1329 913 parabileis
1340 872 1409 905 effe.
1423 875 1595 906 Secundum
1607 885 1706 906 autern
1716 887 1811 918 genus
1822 878 2032 918 cupiditatum,
2046 882 2075 905 ¹4
2085 889 2142 910 nec

1173 915 1208 945 ad
1217 916 1399 956 potiendum
1411 915 1537 948 difficile
1547 916 1605 948 esse
1616 919 1715 949 censet
1732 939 1740 953 ,
1761 930 1816 950 nec
1830 920 1903 950 vero
1915 921 1949 950 ad
1961 921 2137 951 carendum.

1173 959 1302 992 Tertias,
1316 957 1398 999 quod
1408 957 1501 990 efl'ent
1513 961 1601 1000 plane
1615 962 1730 994 inanes,
1743 971 1841 1002 neque
1852 960 2056 993 necessitatem
2069 973 2137 993 ττιοΞ

1173 999 1214 1030 do
1226 1020 1235 1034 ,
1248 1000 1296 1030 sed
1308 1011 1346 1030 ne
1359 1009 1496 1032 naturam
1508 1002 1634 1043 quidem
1644 1005 1824 1044 attingerent
1837 1023 1844 1037 ,
1864 1003 2002 1034 funditus
2012 1008 2137 1044 ejicien-

1172 1041 1223 1072 das
1231 1044 1356 1082 putavit.
1368 1045 1438 1074 Hoc
1448 1044 1516 1074 loco
1526 1045 1622 1074 multa
1631 1045 1667 1075 ab
1679 1047 1835 1085 Epicureis
1845 1046 2117 1087 disputantur-‚were
2125 1064 2140 1069 =

1172 1094 1231 1125 que
1251 1086 1419 1125 voluptates
1438 1084 1610 1127 singulatim
1628 1095 1829 1118 extenuantur
1845 1098 1850 1117 :
1882 1098 2008 1130 quatum
2028 1099 2136 1129 genera

1173 1136 1237 1156 non
1259 1136 1480 1159 contemnunt:
1500 1138 1638 1170 quaerunt
1655 1138 1757 1160 tamen
1778 1132 1909 1170 copiam.
1934 1140 2005 1161 nam
2024 1131 2057 1162 ὃς
2077 1131 2135 1162 ob-

1170 1169 1284 1199 scoenas
1298 1170 1466 1210 voluptates
1478 1192 1486 1204 ,
1497 1172 1534 1201 de
1544 1170 1654 1212 quibus
1665 1172 1762 1203 multa
1769 1171 1804 1201 ab
1814 1172 1877 1201 iilis
1892 1172 2016 1203 habetur
2025 1175 2133 1207 oratio,

1171 1210 1273 1241 faciles
1285 1233 1295 1246 ‚
1319 1222 1505 1244 communes
1515 1233 1523 1247 ‚
1546 1215 1579 1244 in
1599 1212 1702 1244 medio
1713 1211 1776 1244 sitas
1790 1212 1848 1244 effe
1859 1214 1964 1245 dicunt
1975 1226 1980 1243 2
1993 1215 2098 1256 easque
2111 1213 2132 1245 fi

1170 1262 1273 1284 natura
1294 1256 1424 1295 requirat
1436 1274 1444 1288 ,
1469 1265 1534 1285 non
1553 1265 1660 1297 genere
1675 1275 1683 1289 ,
1707 1257 1856 1295 autloco,
1868 1265 1918 1286 aut
1928 1256 2035 1287 ordine
2051 1277 2059 1290 ,
2080 1258 2129 1288 sed

1167 1294 1266 1326 forma
1277 1316 1285 1329 ‚
1299 1305 1382 1326 aetate
1391 1316 1400 1331 ,
1421 1295 1514 1338 figura
1525 1297 1692 1328 metiendas
1702 1307 1810 1338 putant
1821 1309 1826 1327 :
1837 1298 1874 1328 ab
1884 1298 1977 1339 iisque
1986 1297 2135 1329 abstinere

1168 1338 1302 1368 minime
1324 1337 1383 1368 ess'e
1400 1338 1544 1373 difficile,
1565 1338 1586 1369 fi
1604 1339 1800 1370 autvalitudo
1812 1360 1820 1374 ,
1843 1349 1893 1371 aut
1904 1339 2063 1374 officium,
2082 1350 2134 1372 aut

1167 1379 1249 1410 fama
1266 1379 1414 1420 postulet:
1436 1383 1628 1423 omninoque
1658 1391 1732 1412 enus
1743 1383 1800 1412 hoc
1810 1383 2000 1423 voluptatum
2015 1383 2134 1424 optabi»

1165 1421 1194 1451 le
1213 1421 1269 1452 effe
1281 1442 1289 1456 ,
1310 1420 1331 1452 fi
1350 1432 1413 1453 non
1433 1391 1672 1464 obfitzprodeli'e
1681 1434 1857 1465 numquam.
1883 1428 2064 1466 Totumque
2075 1426 2133 1456 hoc

1166 1463 1203 1493 de
1223 1464 1377 1503 voluptate
1387 1462 1425 1495 fic
1436 1465 1487 1495 ille
1500 1467 1641 1505 praecepit
1651 1486 1659 1500 ,
1679 1475 1713 1496 ut
1721 1467 1908 1506 voluptatem
1920 1467 2013 1507 ipsam
2026 1476 2077 1507 per
2091 1466 2131 1501 se,

1166 1506 1235 1545 quia
1252 1506 1391 1545 voluptas
1414 1506 1448 1537 fit
1469 1526 1476 1540 ,
1507 1507 1627 1547 semper
1645 1508 1808 1547 optandam
1832 1528 1842 1541 ,
1872 1508 2135 1548 expetendamque

1165 1555 1267 1586 putet:
1293 1547 1458 1588 eademque
1478 1550 1593 1578 ratione
1604 1548 1745 1578 dolorem
1768 1548 1809 1579 ob
1819 1549 1851 1579 id
1861 1550 1962 1590 ipsum
1975 1569 1983 1583 ,
1994 1552 2066 1591 quia
2078 1551 2135 1580 do-

1165 1588 1212 1618 lor
1235 1587 1288 1622 fit,
1311 1589 1429 1628 semper
1446 1588 1504 1619 effe
1513 1589 1708 1631 fugiendum.
1731 1592 1831 1630 itaque
1844 1591 1897 1621 hac
1908 1589 2032 1621 usurum
2043 1600 2132 1621 com-

1164 1630 1340 1670 pensatione
1364 1631 1529 1671 sapientem
1545 1652 1554 1665 ,
1575 1640 1607 1661 ut
1622 1632 1810 1671 voluptatem
1822 1630 1935 1673 fugiat,
1957 1630 2020 1663 fiea
2030 1634 2133 1673 majo—

1165 1682 1229 1703 rem
1249 1672 1390 1703 dolorem
1409 1672 1552 1704 effe&ura
1561 1671 1611 1704 fit:
1627 1673 1661 1704 ὃς
1675 1673 1815 1704 dolorem
1830 1674 1968 1714 suscipiat
1981 1675 2131 1714 majorem

1164 1713 1351 1745 efficientem
1372 1715 1560 1756 voluptatem
1580 1726 1586 1745 ;
1611 1718 1778 1757 omniaque
1792 1716 1928 1756 jucunda
1945 1725 2130 1757 quamquam

1165 1756 1252 1787 sensu
1287 1758 1423 1797 corporis
1448 1757 1624 1797 judicentur
1640 1777 1650 1792 ,
1677 1757 1714 1788 ad
1732 1760 1872 1789 animum
1894 1756 1998 1788 referri
2018 1767 2130 1790 tamen.

1165 1799 1314 1839 roirca
1326 1808 1435 1839 corpus
1445 1799 1571 1840 gaudere
1582 1809 1640 1830 tam
1652 1799 1718 1833 diu,
1728 1799 1805 1829 dum
1813 1799 1992 1839 praesentem
2007 1800 2132 1832 sentiret

1164 1841 1352 1878 voluptatem
1363 1859 1372 1874 ,
1392 1842 1532 1871 animum
1549 1841 1582 1871 δε
1590 1841 1767 1881 praesentem
1779 1843 1930 1881 percipere
1940 1843 2048 1882 paritet
2055 1853 2128 1875 cum

1160 1890 1287 1920 corpore
1298 1900 1307 1915 ,
1329 1881 1362 1911 δε
1377 1882 1545 1922 prospicere
1563 1891 1742 1913 venientem
1755 1902 1764 1916 ‚
1784 1892 1839 1912 nec
1854 1885 2033 1923 praeteritam
2052 1893 2128 1925 prae-

1161 1921 1301 1954 terfluere
1320 1921 1425 1954 linere.
1452 1921 1480 1944 ¹⁶
1492 1926 1532 1955 ita
1545 1933 1701 1966 perpetuas
1711 1944 1720 1959 ,
1742 1924 1776 1955 &
1789 1933 1949 1956 contextas
1959 1926 2128 1967 voluptates

2090 1979 2126 2002 ΧΠ.

189 2065 213 2084 ι.
233 2058 281 2091 Qi
290 2058 400 2091 disertum
409 2058 473 2084 illum
483 2058 630 2084 Cameadem
640 2064 722 2083 curent
731 2057 875 2091 deftndere]
898 2057 981 2084 Poene
993 2058 1079 2095 recepi
1091 2058 1118 2086 in
1161 2065 1216 2086 vet.
1227 2058 1287 2086 cod.
1299 2060 1352 2087 alio
1366 2061 1453 2095 quibus·
1462 2061 1578 2086 delicatus
1587 2070 1623 2092 es,
1633 2059 1704 2097 quod
1715 2060 1809 2096 probat
1819 2061 1944 2089 Lambin.
1956 2062 1998 2089 vel
2011 2081 2019 2094 ,
2037 2065 2126 2097 quibus-

147 2098 256 2120 sextum
277 2093 424 2121 lec‘tionem
435 2093 505 2120 Pall.
525 2101 591 2120 tert.
609 2100 699 2129 quart.
710 2093 798 2129 quint.
809 2092 888 2120 Fabr.
908 2094 1022 2128 desertum
1032 2114 1041 2127 ‚
1053 2104 1117 2122 con-
1156 2095 1275 2122 deliciaris
1288 2107 1294 2121 .-
1315 2097 1356 2123 vel
1368 2116 1375 2129 ,
1387 2098 1472 2132 quibus
1480 2097 1607 2123 deliciatur
1614 2106 1640 2123 es
1652 2116 1660 2130 ,
1678 2099 1739 2134 quia
1750 2098 1843 2126 Graece
1853 2097 1981 2134 scriptum
1992 2118 2000 2132 ,
2021 2101 2123 2136 δῶςαδι,

147 2129 247 2157 stanter
257 2129 400 2166 &liquide
420 2130 665 2166 repraesentantium
677 2138 686 2161 ς
709 2139 757 2156 nec
767 2137 844 2166 putat
856 2131 911 2157 Cr..
923 2132 1056 2158 Gruterus
1067 2142 1116 2159 no·
1158 2132 1188 2162 οἷ’,-
1197 2135 1329 2166 usupare.

147 2165 200 2199 ster
210 2166 291 2195 aliter
302 2166 425 2203 scripsisse
436 2166 571 2193 Tullium.

184 2211 213 2229 2.
231 2206 305 2239 ῶζςιηι
314 2213 363 2237 quae
378 2205 424 2229 tibi
432 2206 531 2235 Epicuri
548 2202 672 2237 videmia]
694 2201 763 2229 Pau.
773 2201 824 2229 see.
834 2208 925 2239 quart.
936 2201 1017 2230 Fabr.
1027 2204 1115 2231 Vatic.

146 2241 212 2264 Nam
220 2241 281 2274 quod
288 2241 332 2265 tihi
341 2243 471 2273 Epicurus.

184 2283 198 2310 3
206 2296 212 2301 .
231 2279 265 2303 De
274 2283 345 2301 morte
362 2279 423 2301 enim
440 2277 485 2308 ista
496 2275 597 2310 sentit]
619 2275 662 2302 Sic
681 2274 750 2302 Pall.
762 2282 888 2311 quatuor.
906 2276 995 2303 Vatic.
1006 2276 1112 2306 Vistor.

145 2311 248 2347 vulgo:
270 2313 394 2345 ita-sentit.
414 2312 523 2347 quintus
533 2312 660 2345 istescntit.

179 2356 208 2380 4.
227 2349 332 2380 Qarum
341 2348 525 2382 magnitudinem
533 2349 654 2373 brevitate
670 2348 802 2382 confidatur
813 2367 822 2381 ,
839 2350 1031 2383 longinquitatem
1049 2350 1110 2376 leni-

143 2384 221 2418 tam]
242 2383 340 2411 Itidem
351 2394 386 2412 ex
397 2383 513 2411 metm-ii
525 2384 582 2411 erui
593 2389 622 2412 -rb
631 2387 738 2417 lenitate,
749 2386 777 2411 δε
788 2394 822 2411 ex
833 2385 920 2411 vatic.
932 2385 988 2412 Pal.
999 2386 1106 2421 quinto.

144 2419 327 2456 indicavitque
339 2420 388 2447 hoc
398 2430 505 2456 quoque
515 2430 549 2447 ex
561 2420 674 2447 membr.
695 2420 907 2456 Longobardicis
919 2421 993 2448 And.
1004 2422 1108 2450 Schott.

142 2464 305 2492 quamquam
317 2466 376 2483 eum
387 2457 567 2493 deprehendas
588 2460 628 2493 (ut
638 2457 704 2485 casso
715 2458 796 2484 verbo
807 2466 876 2492 utar)
889 2458 1009 2486 natiuare
1019 2458 1067 2486 lib.
1078 2468 1108 2487 2.

142 2500 198 2528 cap.
211 2501 257 2519 20.
279 2492 356 2519 Nod.
369 2494 448 2529 vulgo
460 2495 570 2520 levitate.

180 2538 193 2562 5
201 2549 207 2555 .
226 2530 280 2562 Qae
289 2530 391 2556 maxime
408 2530 524 2564 angunt]
546 2530 666 2558 Vatican.
685 2540 734 2566 qua
742 2532 788 2558 haec
796 2531 898 2558 maxime
916 2539 1017 2566 angunt.
1036 2532 1106 2560 Pall.

140 2563 193 2592 sec.
203 2573 292 2601 quart.
302 2575 351 2600 quae
363 2567 466 2593 maxime
474 2573 558 2599 agunt.

181 2602 210 2627 6.
231 2604 351 2634 Nqsrratcs
360 2603 489 2635 Philosbphi
501 2604 584 2635 facere
591 2612 637 2628 non
642 2609 752 2636 poterunt
757 2603 779 2638 ]
801 2604 842 2630 Ita
852 2602 908 2630 feri:
919 2613 1011 2631 onmes
1022 2605 1104 2632 Lam·

139 2637 195 2664 bini
207 2637 267 2664 libri
283 2639 311 2664 δε
332 2638 400 2665 Pail.
411 2648 452 2674 pr.
471 2639 560 2674 quint.
571 2640 691 2666 Vatican.
710 2639 776 2666 alias
785 2647 920 2672 potnerunt.
941 2648 969 2667 at
980 2642 1104 2669 Manutio

138 2684 191 2702 non
202 2674 321 2701 ausculto
332 2675 466 2701 emoventi
480 2675 589 2701 verbum
603 2676 693 2707 facere,
705 2682 830 2712 tanquam
841 2676 955 2704 otiosum
969 2697 977 2708 ‚
988 2686 1098 2705 contra-

136 2711 262 2738 euntibus
271 2711 396 2738 omnibus
406 2711 482 2738 libris
493 2712 550 2739 mss.
570 2719 622 2738 tam
635 2711 703 2738 Pali.
714 2715 795 2748 quam
808 2712 988 2740 Lambinianis
1002 2733 1010 2745 ‚
1025 2714 1102 2742 deni-

137 2756 190 2783 que
199 2747 386 2775 Gulieimianis
400 2767 408 2780 ‚
428 2748 571 2784 praesertim
583 2750 644 2775 cum
657 2748 722 2775 nihil
732 2748 871 2775 dedecoris
890 2757 937 2776 aut
947 2749 1101 2780 dehonesta-

137 2784 222 2811 menti
234 2786 275 2815 (ut
283 2784 355 2811 idem
365 2784 413 2811 ille
422 2792 555 2817 autumat)
567 2785 683 2821 patiatur
693 2786 767 2812 nitor
777 2785 981 2813 Ciceronianus.

172 2827 202 2854 7.
221 2822 288 2847 Mihi
295 2823 396 2847 amiani
413 2824 450 2847 ef}t
464 2824 592 2852 Scythicum
610 2822 722 2856 tegmem]
745 2821 853 2848 Dudum
866 2822 919 2848 haec
928 2823 966 2849 ita
974 2824 1101 2851 emcnda-

136 2862 213 2883 verat
220 2856 394 2893 edideratque
403 2854 541 2885 Vietoiins
553 2877 562 2890 ,
581 2867 659 2893 quein
671 2867 749 2884 nemo
759 2867 793 2885 ex
804 2858 992 2894 posterioribus
1004 2861 1100 2889 (confi-

136 2890 229 2919 derate
239 2890 313 2920 sultis
323 2893 460 2921 hominum
472 2895 632 2931 pertinacem
643 2894 772 2921 invidiam
785 2914 792 2925 ,
813 2895 969 2922 &invidam
981 2897 1100 2932 pertina-

136 2928 216 2961 ciam)
227 2928 254 2956 in
265 2930 374 2965 egregia
384 2930 431 2956 hac
442 2940 469 2958 re
477 2932 515 2958 eit
529 2931 660 2958 imitatus.
671 2930 714 2958 sed
725 2931 759 2958 sic
771 2931 838 2958 Pall.
849 2939 982 2967 quatuor:
998 2933 1097 2969 (quint.

134 2966 195 2990 mihi
203 2967 360 2992 amfflumeft‘
366 2969 494 3000 Scytbicum
503 2975 601 3001 tegmen)
622 2967 701 2994 Fabr.
713 2968 833 2995 vatican.
855 2968 889 2994 fic
899 2968 988 2996 Plaut.
1001 2972 1098 2995 linteum

134 3001 250 3034 exrezfia',
260 3001 378 3030 Mostell.
389 3002 434 3030 ubi
442 3004 555 3041 pluraJ.
567 3003 867 3038 Mellerus21'almei-ius.
881 3005 962 3040 vulgo
975 3016 981 3032 :
994 3008 1098 3032 amisim-

135 3039 188 3063 eff:
207 3036 311 3072 putide.
487 3057 489 3059 r

140 3090 143 3093 ψ
170 3072 198 3099 8.
218 3075 400 3106 Pulpamentum
411 3076 518 3110 famen]
538 3077 633 3104 Lamh.
645 3086 679 3105 ex
687 3077 843 3113 conjet‘iura
853 3080 1013 3111 Pulmcntum,
1023 3078 1095 3115 quod

131 3108 161 3137 in
171 3108 228 3136 solo
241 3110 325 3145 Palat.
336 3110 449 3147 secundo
460 3112 556 3148 reperi.
636 3136 638 3139 .

165 3153 195 3181 9.
214 3148 311 3184 Qbm
320 3156 345 3174 es
363 3148 517 3184 delatrata]
538 3148 581 3177 Sic
596 3159 689 3179 omnes
707 3150 839 3180 editiones
858 3151 887 3179 &
905 3151 967 3180 libri
987 3151 1045 3180 inis,
1064 3152 1092 3181 in

1197 2177 1239 2195 ιο.
1261 2170 1384 2197 abduxit
1393 2172 1492 2204 Legatos
1502 2170 1536 2195 ad
1552 2179 1632 2196 cenam
1641 2172 1668 2196 in
1684 2171 1878 2205 academiam]
1899 2170 2045 2209 Displicent
2062 2171 2123 2200 {ane}

1156 2203 1209 2231 haec
1219 2205 1277 2232 aliis
1289 2205 1371 2233 lec'tio
1382 2215 1390 2237 ;
1403 2206 1467 2232 mihi
1477 2206 1594 2242 genuina
1602 2206 1726 2233 omnibus
1741 2207 1827 2233 modis
1840 2207 1957 2239 videtur,
1970 2207 2121 2235 addicenti-

1153 2240 1199 2267 bus
1211 2242 1439 2270 &adducentibus
1451 2252 1507 2269 eam
1528 2243 1598 2269 Pau.
1618 2250 1682 2270 tert.
1694 2250 1783 2279 quart.
1826 2243 1894 2270 uint.
1913 2244 1967 2270 alio
1988 2252 2040 2271 vet.
2056 2246 2115 2271 cod.

1152 2277 1216 2304 Fab.
1228 2279 1314 2305 Varie.
1325 2280 1353 2305 δε
1365 2280 1424 2316 quis
1437 2287 1516 2315 neget
1525 2280 1641 2305 abducere
1650 2281 1772 2306 micenam
1782 2289 1795 2306 e
1818 2290 1832 2306 e
1843 2281 1968 2307 Latinum
1981 2281 1990 2307 ?
2005 2280 2119 2309 abduxit

1150 2323 1216 2349 ergo
1227 2315 1385 2343 recusantes.
1406 2317 1509 2342 Donat.
1522 2315 1554 2342 ad
1574 2315 1674 2352 Adelp.
1685 2318 1798 2343 Terent.
1816 2319 1929 2343 Ducimur
1937 2318 2042 2342 veientes
2054 2336 2062 2348 ,
2075 2318 2118 2350 ftc'

1150 2351 1290 2378 abducimur
1299 2356 1399 2379 invitos.
1413 2352 1493 2388 vulgo
1507 2352 1627 2379 adduxit:
1644 2360 1691 2380 aut
1710 2351 1818 2381 aliunde
1828 2362 1862 2379 ex
1873 2352 1987 2389 hospitio
2001 2352 2117 2382 abduxit

1148 2386 1234 2415 secum
1247 2399 1253 2416 z
1275 2388 1347 2425 quod
1361 2389 1397 2417 est
1407 2388 1547 2415 abducere.
1558 2390 1670 2416 Terent.
1683 2390 1752 2416 Eun.
1763 2388 1816 2416 aet.
1828 2397 1854 2423 3.
1865 2388 1900 2416 se.
1915 2398 1938 2416 1.

1327 2427 1384 2451 Tum
1395 2435 1429 2451 me
1439 2426 1643 2458 convivam-filum
1654 2427 1784 2452 abducebat
1787 2427 1842 2459 fibJ'.

1187 2469 1197 2486 1
1206 2469 1228 2487 1.
1249 2462 1317 2495 Qod
1325 2462 1376 2488 ciam
1385 2463 1494 2495 tristioris
1502 2462 1623 2497 vidiffit]
1645 2462 1755 2489 Praetuli
1776 2462 1841 2489 hanc
1851 2460 1995 2488 leffionem
2008 2467 2038 2489 iit
2046 2470 2113 2498 pro-

1147 2495 1274 2524 biffimam
1287 2507 1320 2525 ex
1332 2498 1447 2525 palatin.
1458 2497 1564 2525 secund.
1586 2507 1634 2525 nec
1643 2498 1735 2534 procul
1746 2497 1853 2526 deerrat
1865 2505 1955 2533 quart.
1965 2500 2025 2532 quid
2033 2498 2112 2526 exhi-

1145 2532 1221 2560 bens.
1242 2534 1322 2570 prim.
1340 2545 1421 2569 quum.
1441 2534 1523 2571 vulgo
1535 2544 1603 2569 quas.
1623 2533 1689 2570 quid
1705 2540 1795 2562 autem
1816 2534 1859 2560 liic
1869 2535 1932 2569 quod
1945 2542 2006 2570 agat
2018 2535 2113 2564 norint

1147 2569 1329 2598 humaniores.
2114 2574 2116 2577 ’

1185 2615 1228 2633 12.
1247 2608 1313 2639 Qid
1321 2609 1368 2641 fibi
1376 2615 1432 2640 epm
1450 2606 1526 2641 effen]
1549 2607 1619 2634 Pau.
1637 2607 1718 2643 prim.
1736 2613 1801 2634 tert.
1820 2606 1909 2643 quint.
1929 2606 2009 2634 Fabr.
2027 2607 2111 2644 igno-

1143 2650 1204 2669 rant
1223 2647 1252 2671 τὶ
1270 2646 1323 2674 libi.
1342 2643 1447 2670 secund.
1460 2644 1524 2670 vero
1537 2663 1546 2675 ,
1566 2651 1655 2678 quart.
1674 2646 1705 2670 ei.
1725 2644 1847 2671 Vatican.
1859 2644 1885 2677 fi
1900 2643 1955 2678 quis
1971 2651 2028 2677 opus·
2045 2644 2109 2677 effes.

1142 2688 1191 2715 pro
1210 2682 1305 2714 quibus.
1325 2680 1396 2716 quod.
1407 2680 1472 2707 mihi
1490 2680 1612 2708 omnium
1631 2680 1748 2708 maxime
1767 2678 1903 2713 allubuit‘,
1923 2685 1953 2708 ut
1967 2679 2108 2708 etiamad-

1144 2716 1272 2742 miserim.

1181 2761 1223 2788 13.
1244 2756 1314 2779 Nunc
1322 2752 1414 2786 quidem
1423 2753 1567 2786 paullulum,
1577 2755 1666 2786 inquit,
1677 2752 1754 2787 Ascle.
1764 2751 1899 2787 officeren]
1913 2753 1956 2780 Ita
1965 2751 2104 2780 Vie’torius

1141 2788 1168 2814 &
1183 2789 1306 2815 Lanibin.
1318 2789 1460 2815 ediderunt
1471 2798 1479 2819 ;
1493 2790 1568 2816 &ita
1577 2789 1612 2816 cst
1624 2798 1729 2825 quoque
1739 2789 1765 2816 in
1778 2788 1835 2815 Pal.
1845 2789 1926 2825 prim.
1938 2795 2001 2816 tert.
2012 2796 2104 2826 quart.

1140 2825 1228 2860 quint.
1240 2826 1361 2852 Vatican.
1373 2835 1431 2852 nam
1445 2824 1519 2853 Fabr.
1541 2826 1609 2859 fiscale
1617 2826 1720 2859 abscede.
1741 2825 1824 2861 vulgo
1838 2844 1846 2856 ,
1857 2824 1924 2859 (isole
1934 2826 2013 2860 absss:
2031 2825 2103 2852 uude

1140 2870 1191 2888 uon
1203 2861 1313 2888 absurde
1332 2861 1513 2894 Gulielmius,-
1533 2862 1548 2888 ὰ
1560 2863 1609 2895 fiale
1617 2864 1658 2888 abi
1668 2864 1722 2896 fir:
1739 2862 1801 2898 quia
1810 2860 1878 2898 apud
1889 2861 2060 2889 Plutarchum
2072 2862 2102 2890 in

1139 2898 1298 2925 Alexandro
1307 2902 1393 2931 μικρὸν
1404 2899 1457 2925 ἐπὶ)
1468 2903 1499 2924 rii
1508 2898 1559 2927 ἦλίκ
1568 2901 1700 2931 μετάςηὲι.

1178 2942 1220 2968 14.
1236 2939 1283 2961 Nec
1294 2936 1471 2967 adpaiicndum
1480 2935 1569 2967 difficile
1578 2936 1619 2968 effi·
1627 2935 1726 2969 censet]
1738 2934 1861 2962 inserunt
1870 2934 1923 2968 ff,
1933 2934 2005 2971 quod
2018 2935 2100 2972 vulgo

1137 2969 1182 2997 suo
1194 2970 1252 2998 loco
1263 2971 1344 3002 abest,
1356 2971 1469 2998 Vietorii
1480 2971 1547 2997 edit.
1558 2971 1627 2997 Pali.
1638 2970 1744 2998 secund.
1755 2978 1843 3007 quart.
1853 2971 1942 3008 quint.

1176 3016 1184 3033 ι
1195 3016 1219 3039 5.
1240 3009 1322 3041 anue»
1339 3009 1475 3040 voluptates
1495 3009 1631 3041 fingiblatim
1650 3015 1820 3034 extenuantur.
1831 3008 1844 3042 ]
1877 3007 1935 3034 Alii
1947 3009 2098 3041 fiuaularim.

1135 3043 1207 3078 quod
1219 3052 1294 3071 extat
1305 3045 1330 3070 in
1343 3052 1396 3070 vct.
1408 3044 1467 3070 cod.
1478 3044 1544 3071 edit.
1556 3043 1628 3070 vret.
1641 3044 1709 3071 Pali.
1720 3053 1759 3081 pr.
1771 3052 1859 3082 quart.
1881 3044 2099 3080 vulgofigillatim.

1136 3079 1253 3106 nostrum
1265 3079 1413 3108 defendunt
1424 3080 1548 3108 Lambin.
1560 3081 1615 3107 Pal.
1626 3087 1689 3108 tert.
1701 3081 1789 3117 quint.
1801 3080 1921 3108 Vatican.

1178 3116 1220 3143 16.
1241 3120 1281 3142 Ira
1286 3124 1412 3150 perpetuas
1421 3118 1450 3148 ὠ·
1459 3124 1578 3144 contextas
1586 3119 1721 3150 voluptates
1730 3116 2045 3153 infitpiemefhresemper]
2066 3116 2099 3142 Iu

1138 3151 1223 3182 Palat.
1234 3160 1323 3190 quart.
1334 3161 1452 3181 concerta
1463 3153 1534 3180 forte
1546 3152 1660 3187 conferta)
1671 3161 1716 3183 aut
1726 3160 1854 3182 conci-ctat.

1443 3190 1651 3219 Aaaaaaaz
2009 3187 2102 3215 mcum
