2297 3389
621 147 929 194 ORA'rro
998 158 1133 193 eno
1202 147 1251 195 P.
1309 148 1611 195 SEX-rio.

151 243 226 268 tunt
242 234 304 266 duo
315 230 469 265 consules,
489 233 523 260 ut
540 227 576 260 ad
593 228 681 259 sirum
699 227 840 259 vestitum
857 227 1005 258 senatores
1022 226 1100 257 tedi-

150 287 228 310 rent.
250 279 337 317 Qis
355 281 511 313 uMQ‘AM
528 270 634 301 consul
649 270 785 301 senatum
802 268 890 310 ipsius
908 268 1031 299 decretis
1049 278 1101 307 pi-

148 329 214 351 rere
222 318 395 359 prohibuit?
416 316 485 355 quis
504 321 645 352 tyrannus
657 313 783 342 miseros
800 313 898 352 lugere
908 310 1002 341 vetuit
1015 311 1025 337 ?
1046 312 1099 339 Pa-

150 370 259 392 rumne
268 358 320 392 est,
336 357 414 389 Piso,
425 364 458 386 ut
466 357 605 385 omittam
617 353 781 384 Gabinium
792 372 801 386 ,
821 351 902 394 quod
913 359 1029 382 tantum
1042 350 1100 380 ho-

148 405 249 433 mines
261 397 393 430 fefellisti
405 416 413 431 ,
429 406 461 426 ut
470 396 634 437 negligeres
643 395 850 426 auctoritatem
861 394 997 425 senatus?
1020 392 1098 431 opti-

148 446 194 474 mi
202 442 346 481 cujusque
363 436 487 470 consilia
505 446 718 467 contemneres
738 440 748 467 ?
785 435 919 476 rempub.
936 431 1099 474 proderes?

145 485 299 517 consulare
317 490 432 511 nomen
449 478 616 521 affligeres?
637 481 770 509 etiamne
787 478 902 508 edicere
918 475 1039 508 audeas,
1060 484 1096 505 ne

144 532 306 557 moererent
315 523 457 553 homines
476 531 576 551 meam
588 541 596 554 ‚
617 521 698 551 suam
709 541 719 554 „
739 522 778 550 rei
782 519 853 560 pub.
874 517 1073 549 calamitatem
1086 519 1095 545 ?

144 569 155 588 Ι
165 577 205 597 ne
216 567 296 596 hunc
305 565 391 595 suum
401 563 539 594 dolorem
550 561 631 593 veste
641 561 856 603 significarent?
871 558 929 590 five
943 558 996 588 illa
1005 557 1095 587 vestis

143 609 271 639 mutatio
279 606 314 637 ad
325 605 443 636 luorum
458 605 592 645 ipsorum
604 624 612 638 ‚
625 603 683 634 sive
693 605 727 634 ad
737 601 955 643 deprecandum
967 599 1091 632 valebat,

139 652 364 692 quis·umquam
376 656 437 678 tam
446 646 575 677 crudelis
591 645 659 679 fuit,
670 648 722 686 qui
732 643 899 685 prohiberet
910 649 1092 682 quemquam

135 699 195 721 aur
205 690 261 732 fibi
276 699 403 723 maerere,
423 696 477 718 aut
494 689 583 718 ceteris
596 688 774 730 suppticare?
797 684 899 725 Qid?
921 684 971 713 sua
988 683 1092 721 sponte

137 734 281 764 homines
292 734 324 762 in
336 733 506 762 amicorum
524 732 663 770 periculis
673 727 813 759 vestitum
824 733 938 755 mutare
956 732 1022 752 non
1041 722 1092 753 so—

137 775 224 806 lent?
244 784 299 815 pro
309 774 411 814 teipso
422 792 430 806 ‚
446 772 513 803 Piso
525 791 533 805 ,
546 780 677 801 nemone
689 769 835 798 mutavit?
849 776 887 796 ne
897 764 944 795 isti
952 764 1088 810 quidem,

91 833 92 836 =
136 826 214 858 quos
225 816 336 847 leffatos
351 825 415 845 non
431 812 526 844 modb
539 812 626 842 nullo
636 807 890 841 senatusconsulto
901 826 910 840 ‚
934 807 983 837 sed
997 815 1088 836 etiam

136 841 320 901 repugna’nte
329 856 428 888 senatu
439 875 447 889 ,
468 862 532 884 tute
541 853 596 883 tibi
604 850 725 893 legasti?
747 853 825 891 Ergo
833 850 971 879 hominis
988 847 1090 888 despe-

135 902 209 935 rati,
230 898 430 940 &proditoris
439 894 552 935 reipub.
568 893 671 923 casum
682 892 826 934 lugebunt
836 889 954 921 fortasse
964 891 1016 931 qui
1032 899 1087 919 vo-

136 942 200 972 lent
211 953 216 972 :
239 942 314 972 civis
324 935 526 969 florentifftmi
535 935 742 965 benivolentia
751 934 916 966 bonorum,
928 932 961 962 &
970 931 1087 971 optime

133 983 274 1014 de‘salute
284 983 382 1022 patriae
391 979 509 1012 meriti,
519 977 688 1017 periculum
700 996 709 1009 ,
719 976 788 1015 conj
793 973 920 1005 unEkum
929 983 998 1004 cum
1008 974 1087 1012 peri—

132 1025 205 1056 culo
213 1024 340 1055 civitatis
351 1041 360 1056 ‚
369 1021 471 1062 lugere
483 1019 598 1049 senatui
606 1028 672 1048 non
681 1017 804 1048 licebit?
825 1015 922 1046 Iidem
934 1015 1085 1048 consules,

130 1066 160 1106 (²
170 1062 364 1106 fiappellandi
373 1063 440 1093 sunt
447 1060 598 1094 consules.
607 1069 684 1101 quos
694 1069 787 1090 nemo
797 1057 839 1089 est
848 1077 856 1092 ,
877 1059 930 1098 qui
940 1067 1003 1087 non
1017 1066 1086 1086 mo-

130 1107 174 1139 do
183 1117 221 1138 ex
231 1105 379 1136 memoria
388 1124 397 1138 ‚
418 1102 468 1133 fed
477 1104 568 1133 etiam
580 1112 618 1132 ex
627 1100 708 1132 fastis
720 1104 731 1128 3
744 1100 917 1132 evellendos
926 1099 1022 1139 putet)
1034 1108 1085 1138 pa-

128 1148 181 1179 ἂο
187 1148 250 1189 jam
258 1146 371 1178 foedere
379 1145 602 1186 provinciarum
612 1163 621 1177 .
641 1141 782 1184 produffi
800 1144 833 1172 in
842 1143 921 1171 circo
932 1141 1084 1171 Flaminio

126 1192 162 1222 in
170 1191 353 1221 concionem
362 1188 399 1218 ab
416 1187 467 1217 illa
475 1185 552 1216 furia
560 1206 570 1220 ,
591 1196 624 1216 ac
633 1184 713 1225 peste
722 1185 822 1225 patri-ic
833 1203 841 1217 ,
862 1184 999 1213 maximo
1011 1191 1082 1212 cum

125 1234 244 1275 gemitu
255 1230 364 1263 vestro,
374 1229 427 1259 illa
435 1230 542 1258 omnia
553 1247 562 1262 ,
572 1237 639 1268 quae
647 1236 712 1257 turn
722 1235 825 1257 contra
833 1235 884 1255 me
894 1245 903 1258 ‚
920 1233 1083 1265 contraque

112 1282 225 1314 -remp.
244 1272 361 1304 dixerat
378 1282 387 1305 ;
414 1280 489 1300 voce
510 1279 543 1299 ac
561 1269 706 1300 sententia
726 1268 775 1299 sua
797 1266 1081 1306 comprobaverunt».

126 1316 240 1346 Iisdem
262 1313 439 1345 consulibus
459 1310 630 1342 sedentibus
639 1330 649 1344 ,
671 1320 758 1350 atque
775 1308 1012 1348 inspectantibus
1028 1309 1084 1338 lata

128 1358 181 1388 lex
191 1356 234 1388 est
243 1376 253 1390 ‚
264 1366 302 1386 ne
311 1355 440 1394 auspicia
448 1353 598 1385 valerent,
610 1362 649 1382 ne
658 1354 725 1392 quis
736 1351 929 1381 obnuntiaret
940 1369 949 1383 ,
968 1359 1006 1379 ne
1015 1351 1082 1390 quis

125 1399 187 1440 legi
197 1396 406 1429 intercederet:
430 1403 464 1424 ut
471 1393 616 1424 omnibus
632 1392 714 1423 fastis
725 1392 838 1424 diebus
850 1392 948 1433 legem
959 1390 1030 1421 ferri
1042 1392 1082 1421 li—

125 1449 204 1472 ceret
214 1450 221 1469 ι
236 1446 270 1469 ut
280 1437 428 1470 lexAElia,
438 1436 489 1466 lex
498 1434 582 1466 Fufia
591 1445 630 1465 ne
638 1435 758 1465 valeret.
776 1445 836 1476 qua
847 1444 906 1464 una
915 1435 1081 1474 rogatione,

127 1483 197 1522 quis
210 1480 252 1511 est
262 1501 270 1515 ,
287 1481 415 1521 quinon
427 1477 575 1518 intelligat
585 1496 595 1511 ,
616 1477 785 1507 uni-versam
797 1475 933 1516 rempub.
943 1473 1001 1505 effe
1011 1475 1083 1504 dele-

124 1526 210 1554 tam?
231 1521 343 1553 Iisdem
360 1519 536 1552 consulibus
554 1517 788 1559 inspe&antibus
797 1538 806 1552 ‚
828 1519 984 1548 servorum
1002 1517 1082 1547 dele·

125 1563 193 1595 &us
201 1563 363 1595 habebatur
370 1571 424 1603 pro
433 1560 576 1591 tribunali
585 1561 720 1595 Aurelio,
732 1562 861 1591 nomine
870 1559 1081 1601 collegiorum,

124 1605 199 1638 cum
207 1607 330 1637 vicatim
340 1604 482 1634 homines
497 1603 776 1636 conscriberentur,
795 1603 1032 1633 decuriarentur:
1046 1601 1082 1632 ad

126 1650 194 1679 vim
205 1667 214 1682 ‚
224 1647 260 1678 ad
271 1655 396 1680 manus,
415 1645 451 1676 ad
460 1644 574 1675 caedem
585 1664 594 1678 ,
614 1645 650 1675 ad
663 1644 867 1685 direptionem
877 1645 1080 1674 incitarentur.

65 1695 108 1729 15
127 1689 323 1721 Iisdemcoss.
340 1698 422 1719 arma
441 1688 474 1717 in
493 1687 643 1727 templum
654 1686 781 1717 Castoris
799 1687 896 1727 palam
909 1694 1082 1726 comporta-

126 1732 244 1765 bantur,
253 1730 359 1774 gradus
368 1730 394 1771 ej
399 1730 502 1760 usdem
512 1730 618 1769 templi
637 1729 837 1760 tollebantur:
860 1730 964 1759 armati
974 1729 1080 1758 homi-

124 1783 181 1804 nes
188 1772 303 1807 forum,
315 1772 347 1802 &
355 1773 520 1803 conciones
535 1770 689 1802 tenebant:
711 1771 818 1804 caedes,
829 1770 1080 1811 lapidationesque

126 1814 239 1846 fiebant
249 1825 255 1844 :
266 1814 369 1844 nullus
380 1822 439 1844 erat
448 1813 573 1847 senatus,
583 1813 661 1843 nihil
669 1813 778 1854 reliqui
788 1812 972 1853 magistratus
983 1822 989 1841 :
999 1822 1079 1843 unus

125 1866 255 1887 omnem
264 1857 407 1886 omnium
415 1853 591 1895 potestatem
601 1857 692 1885 armis
702 1874 711 1888 ‚
731 1856 764 1885 δε
777 1855 943 1886 latrociniis
950 1852 1079 1895 poffide-

124 1897 185 1932 bat,
197 1907 263 1929 non
276 1897 374 1938 aliqua
382 1899 414 1927 vi
427 1898 487 1931 sua,
497 1896 547 1927 sed
555 1895 627 1927 cum
636 1896 697 1926 duo
703 1897 843 1927 consules
852 1896 869 1928 a
881 1907 942 1937 rep.
951 1897 1079 1937 provin-

123 1941 252 1973 ciarum,
261 1939 373 1970 foedere
381 1936 562 1971 retraxisset,
574 1938 733 1969 insultabat
741 1958 751 1972 ,
762 1938 989 1969 dominabatur:
1011 1938 1079 1968 aliis

122 1981 324 2022 pollicebatur
333 1991 340 2009 z
363 1988 482 2013 terrore,
491 1989 523 2009 ac
531 1988 614 2009 metu
623 1980 751 2013 multos,
760 1980 872 2019 plureis
881 1981 970 2010 eriam
973 1979 1029 2019 spe,
1041 1979 1077 2012 ὁ·

119 2022 258 2064 promiffis
265 2022 395 2053 tenebat.
418 2023 493 2062 Qae
502 2019 573 2051 cum
587 2019 679 2051 ess'ent
689 2022 842 2060 ejusmodi
852 2041 861 2055 ,
867 2022 879 2061 j
885 2021 996 2055 udices,
1004 2031 1075 2052 cum

123 2065 241 2095 senatus
254 2065 345 2094 duces
355 2063 456 2093 nullos
465 2083 474 2096 ,
486 2072 519 2093 ac
527 2072 582 2102 pro
591 2062 718 2093 ducibus
726 2063 906 2103 proditores,
916 2072 965 2093 aut
973 2062 1076 2103 potius

121 2115 237 2146 apertos
255 2105 366 2136 hosteis
383 2104 520 2135 haberet:
543 2103 678 2144 equester
689 2104 765 2135 ordo
782 2115 851 2136 reus
866 2104 882 2135 a
900 2104 1076 2144 consulibus

117 2150 258 2178 citaretur
273 2157 279 2177 τ
302 2147 395 2178 Italiae
415 2148 508 2176 totius
528 2146 687 2177 auctoritas
707 2147 925 2186 repudiaretur:
948 2147 1000 2177 alii
1017 2156 1075 2177 no-

118 2191 263 2219 minatim
276 2190 475 2228 relegarentur
484 2208 494 2221 ‚
511 2188 561 2218 alii
571 2197 654 2218 metu
666 2209 675 2222 ,
688 2198 722 2218 ac
729 2189 864 2228 periculo
877 2197 1073 2219 terrerentur:

117 2241 201 2261 arma
211 2230 304 2261 essent
313 2232 346 2260 in
356 2230 477 2270 templis
487 2249 495 2263 ‚
510 2231 614 2260 armati
632 2232 664 2259 in
673 2229 742 2260 foro
754 2241 759 2259 :
783 2241 874 2272 eaque
882 2240 946 2261 non
956 2229 1074 2261 silentio

117 2272 280 2303 consulum
290 2270 542 2302 diffimularentur
551 2291 561 2305 ,
579 2271 629 2301 sed
642 2272 674 2301 &
683 2282 757 2302 voce
767 2291 776 2306 ,
789 2273 822 2303 &
831 2273 976 2303 sententia
985 2282 1072 2303 com-

114 2314 314 2355 probarentur
332 2324 338 2344 :
369 2312 442 2344 cum
459 2322 567 2343 omnes
583 2313 689 2343 urbem
708 2314 848 2344 nondum
867 2315 997 2344 excisam
1009 2334 1018 2348 ,
1038 2314 1072 2345 &

116 2356 263 2391 eversam,
274 2356 324 2386 sed
329 2355 392 2396 jam
402 2364 516 2396 captam
527 2374 536 2389 ,
548 2363 635 2395 atque
645 2354 811 2395 oppressam
824 2355 996 2387 videremus
1008 2366 1013 2385 :
1028 2364 1072 2387 ta-

117 2407 190 2428 men
202 2399 247 2428 his
258 2400 347 2428 tantis
356 2398 456 2431 malis,
465 2404 549 2427 tanto
559 2396 711 2427 bonorum
721 2396 821 2428 studio
830 2417 839 2432 ,
849 2397 976 2438 judices,
987 2397 1071 2428 resti-

55 2443 68 2470 1
77 2437 99 2471 6
117 2438 261 2470 tiffemus.
283 2439 340 2470 Sed
350 2449 400 2469 me
409 2439 460 2469 alii
469 2447 567 2469 metus
578 2459 587 2472 ‚
597 2448 682 2480 atque
690 2439 754 2469 aliae
764 2449 841 2470 curae
850 2460 858 2474 ‚
873 2439 1070 2480 suspiciones·

113 2491 173 2522 que
191 2489 362 2512 moverunt.
392 2484 552 2521 Exponam
569 2483 654 2511 enim
683 2481 832 2512 hodierno
853 2481 902 2512 die
910 2501 921 2516 ‚
940 2481 1068 2522 judices,

113 2533 244 2553 omnem
254 2525 404 2554 rationem
412 2522 497 2557 faeci,
509 2522 542 2553 &
551 2521 668 2553 consilii
679 2525 742 2553 mei
754 2533 759 2552 z
781 2533 879 2564 neque
888 2525 960 2554 huic
969 2522 1068 2554 vestro

113 2572 198 2595 tanto
211 2564 311 2595 studio
319 2564 460 2595 audiendi
471 2584 480 2597 ‚
491 2574 590 2605 neque
599 2563 672 2595 vero
685 2565 757 2595 huic
766 2574 853 2595 tantae
861 2565 1067 2600 multitudini,

106 2615 222 2648 quanta
231 2626 240 2640 ,
252 2616 319 2636 mea
328 2608 475 2637 memoria
485 2626 494 2640 ‚
506 2616 676 2647 numquam
686 2606 916 2646 ulloinjudicio
926 2606 986 2638 fuit
994 2627 1004 2641 ,
1017 2606 1068 2638 de-

75 2668 77 2670 -
108 2658 172 2678 ero.
196 2658 267 2678 nam
281 2668 289 2682 ,
302 2646 428 2689 fiegoin
436 2647 589 2678 causatum
607 2648 686 2679 bona
696 2668 706 2683 ,
727 2657 809 2678 tanto
825 2647 926 2679 studio
938 2649 1066 2684 senatus,

108 2690 257 2720 consensu
267 2698 329 2720 tam
342 2689 512 2720 incredibili
524 2689 678 2720 honorum
689 2692 832 2720 omnium
843 2710 852 2725 ,
876 2699 936 2720 tam
954 2700 1064 2731 parato,

106 2738 169 2762 tota
181 2731 312 2772 denique
322 2732 405 2762 Italia
413 2731 448 2761 ad
458 2741 586 2762 ornnem
595 2733 827 2763 contentionem
838 2732 986 2772 expedita,
997 2731 1065 2763 ceffi

105 2773 220 2804 tribuni
232 2774 314 2814 pleb.
325 2771 543 2813 despicatissimi
553 2774 691 2804 bominis
701 2793 710 2808 ‚
729 2773 844 2808 furori,
864 2773 1063 2805 contemtiffi-

105 2822 228 2846 morum
242 2815 403 2847 consulum
412 2815 563 2846 levitatem
574 2834 583 2850 ,
604 2816 818 2858 audaciamque
826 2817 972 2857 pertimui
985 2827 990 2846 :
1013 2819 1064 2847 ni-

2002 155 2099 209 497

1123 235 1127 253 1
1147 227 1248 259 mium
1260 239 1309 261 me
1319 229 1482 262 timidum,
1495 228 1608 259 nullius
1622 226 1736 261 animi,
1751 225 1866 257 nullius
1875 222 1992 256 consilii
2009 223 2098 255 fuiffe

1121 255 1127 292 i
1141 270 1298 302 confiteor.
1323 271 1404 314 Qid
1418 272 1501 301 enim
1512 269 1607 300 simile
1616 269 1675 300 fuit
1684 271 1717 299 in
1728 268 1902 310 QMetello
1913 268 1978 306 ?cuj
1985 276 2018 296 us
2027 276 2098 296 cau-

1140 312 1200 343 sam
1219 311 1268 343 etfi
1280 323 1388 343 omnes
1399 313 1473 343 boni
1482 312 1645 352 probabant
1655 332 1664 345 ,
1686 319 1787 341 tamen
1802 319 1900 351 neque
1908 309 2024 339 senatus
2039 317 2097 347 pu0

1140 351 1228 386 blice,
1240 364 1334 395 neque
1345 355 1423 385 ullus
1437 354 1512 384 ordo
1527 353 1646 394 proprie
1658 373 1667 387 ,
1687 362 1784 394 neque
1793 352 1854 382 suis
1866 350 1990 381 decretis
2007 349 2094 380 Italia

1138 401 1199 423 tota
1209 395 1378 435 susceperat.
1389 396 1426 426 ad
1437 397 1517 426 suam
1528 397 1612 425 enim
1627 396 1719 436 magis
1729 393 1877 434 quandam
1888 392 1940 422 ille
1948 391 2091 432 gloriam,

1138 434 1229 474 quam
1238 436 1273 465 ad
1284 438 1469 476 perspicuam
1480 440 1497 463 4
1506 437 1630 467 salutem
1640 439 1712 476 reip.
1724 436 1876 469 sumserat,
1886 433 1959 464 cum
1968 442 2046 463 unus
2056 435 2092 464 in.

1137 476 1233 516 legem
1246 480 1366 516 pervim
1378 478 1462 508 latam
1473 479 1568 516 jurare
1579 478 1729 508 noluerat:
1752 478 1883 517 denique
1896 474 2051 505 videbatur
2059 485 2093 505 ea

1136 517 1311 548 conditione
1322 527 1382 548 tam
1393 519 1479 549 fortis
1487 518 1575 549 fuisse
1588 540 1595 552 ,
1610 529 1720 549 utcum
1730 520 1829 558 patria.
1839 519 1955 555 caritate
1966 515 2092 552 constan—

1136 559 1180 587 tiz
1193 559 1318 599 gloriam
1327 569 1536 590 commutaret.
1560 563 1627 590 Erat
1644 570 1744 590 autem
1765 562 1792 590 ei
1810 570 1854 590 res
1872 569 1943 589 cum
1956 560 2090 589 exercitu

1136 603 1171 630 C.
1184 602 1273 631 Marii
1286 601 1403 630 invibko
1416 612 1421 629 z
1440 601 1563 631 habebat
1576 603 1739 632 inimicum
1750 604 1784 632 C.
1799 603 1929 632 Marium
1941 620 1949 634 ,
1968 600 2090 630 conser-

1133 650 1267 672 vatorem
1279 644 1377 682 patriae
1389 662 1398 675 ‚
1420 643 1534 672 sextum
1546 643 1606 682 jam
1618 644 1707 673 illum
1717 644 1903 673 consulatum
1915 650 2086 684 gerentem:

1133 691 1178 712 res
1194 693 1255 714 erat
1266 693 1337 713 cum
1355 686 1390 714 L.
1402 685 1562 714 saturnino
1583 685 1692 713 iterum
1709 684 1830 715 tribuno
1845 684 1923 724 pleb.
1943 684 2089 724 vigilante

1131 724 1269 758 homine,
1283 725 1315 756 δε
1329 727 1361 755 in
1372 726 1454 755 causa
1463 726 1598 765 populari
1610 723 1629 753 si
1641 735 1703 755 non
1715 726 1865 756 moderate
1877 746 1885 760 ,
1905 725 2018 756 atcerte
2028 734 2088 766 po-

1130 767 1280 805 pulariter,
1292 767 1530 807 abstinenterque
1539 766 1662 796 versato.
1681 766 1771 800 ceffit,
1784 777 1820 797 ne
1830 778 1879 797 aut
1889 767 1986 797 vietus
1997 767 2012 797 a
2022 772 2087 796 ror-

1131 807 1210 838 tibus
1220 810 1293 838 viris
1303 829 1311 842 ,
1331 819 1402 839 cum
1412 807 1557 838 dedecore
1565 807 1680 837 caderet
1693 818 1698 836 :
1713 808 1868 838 autvietor
1878 829 1885 841 ,
1906 809 2029 841 multis,
2048 809 2083 838 δε

1126 848 1256 880 fortibus
1273 851 1391 881 civibus
1400 859 1495 890 remp.
1512 848 1630 879 orbaret.
1654 851 1756 879 Meam
1774 850 1887 880 causam
1901 851 2014 880 senatus
2031 860 2084 889 pa-

1128 890 1199 925 lam,
1210 891 1344 933 equester
1353 892 1428 922 ordo
1442 891 1596 925 acerrime,
1608 889 1715 921 cundia
1724 891 1807 921 Italia
1820 892 1937 930 publice
1945 893 1957 925 ¹,
1974 900 2086 921 omnes-

1127 932 1201 963 boni
1210 935 1341 974 proprie,
1353 936 1501 974 enixeque
1517 933 1712 973 susceperant.
1735 942 1782 963 eas
1792 942 1836 962 res
1844 931 1996 973 gesseram,
2011 943 2087 979 qua-

1128 984 1195 1005 rum
1206 985 1270 1006 non
1280 985 1358 1006 unus
1370 975 1482 1008 auditor,
1495 974 1543 1004 sed
1552 974 1617 1004 dux
1629 976 1770 1005 omnium
1781 975 1943 1004 voluntatis
1951 973 2086 1008 fuissem,

1127 1026 1250 1057 quaeque
1260 1027 1323 1048 non
1336 1017 1430 1048 modo
1441 1016 1478 1047 ad
1489 1014 1666 1058 singularem
1678 1026 1777 1046 meam
1787 1016 1926 1057 gloriam,
1938 1016 1986 1046 sed
1996 1016 2030 1046 ad
2043 1018 2088 1046 sa*

1127 1058 1222 1088 lucem
1236 1069 1437 1090 communem
1455 1061 1600 1088 omnium
1626 1060 1742 1088 civium
1753 1078 1762 1092 ‚
1782 1059 1814 1088 δε
1826 1056 1925 1098 'prope
1934 1059 2085 1099 gentium,

1125 1102 1311 1140 pertinerent
1330 1112 1336 1131 z
1368 1110 1402 1132 ea
1418 1100 1598 1131 conditione
1616 1098 1757 1141 gesseram
1769 1120 1778 1133 ,
1797 1109 1830 1130 ut
1845 1103 1951 1130 meum
1967 1098 2083 1129 fartum

1126 1142 1242 1183 semper
1259 1153 1369 1173 omnes
1386 1141 1520 1183 praestare
1531 1161 1539 1174 ‚
1559 1144 1695 1183 tuerique
1714 1141 1867 1172 deberent.
1899 1144 1968 1172 Erat
1982 1150 2081 1172 autern

1124 1184 1202 1214 mihi
1212 1187 1370 1215 contentio
1389 1194 1454 1215 non
1463 1193 1534 1214 cum
1546 1182 1660 1214 viliore
1671 1185 1801 1214 exercitu
1813 1203 1821 1217 ,
1840 1182 1890 1213 sed
1899 1193 1970 1214 cum
1984 1186 2085 1223 operis

1122 1225 1281 1257 conductis
1295 1247 1305 1262 ,
1326 1226 1404 1257 &ad
1414 1225 1616 1266 diripiendam
1627 1225 1732 1256 urbem
1747 1226 1913 1256 concitatis.
1936 1225 2086 1257 habebam.

1123 1269 1286 1299 inimicum
1303 1279 1367 1299 non
1377 1271 1409 1298 C.
1421 1270 1554 1298 Marium
1565 1287 1573 1301 ‚
1589 1276 1732 1299 terrorem
1744 1266 1878 1298 hostium
1887 1287 1895 1300 ‚
1907 1267 2001 1307 spem,
2014 1267 2087 1299 sub-

1123 1308 1290 1350 sidiumque
1300 1312 1399 1351 patriae
1412 1320 1418 1338 t
1442 1309 1490 1340 sed
1500 1309 1562 1340 duo
1572 1311 1744 1350 importuna
1754 1309 1888 1351 prodigia
1899 1329 1908 1343 ,
1931 1319 2007 1350 quos
2021 1319 2085 1349 ege-

1116 1350 1175 1387 stas
1189 1370 1198 1384 ,
1219 1362 1295 1392 quos
1309 1354 1374 1383 aeris
1384 1352 1475 1382 alieni
1485 1351 1663 1393 magnitudo
1674 1371 1682 1385 ‚
1703 1361 1779 1391 quos
1790 1351 1895 1381 levitas
1905 1371 1913 1384 ‚
1933 1361 2008 1392 quos
2021 1353 2085 1382 im-

1122 1393 1254 1434 probitas
1270 1394 1392 1424 tribuno
1409 1394 1451 1434 pl.
1472 1392 1653 1424 constri&os
1671 1393 1835 1424 addixerat.
1859 1395 1926 1422 Nec
1945 1394 2024 1422 mihi
2036 1402 2085 1423 res

1124 1444 1183 1465 erat
1191 1445 1261 1466 cum
1271 1438 1430 1466 Saturnino
1440 1455 1449 1468 .
1461 1437 1514 1477 qui
1523 1455 1531 1469 ,
1548 1434 1631 1476 quod
1641 1435 1658 1465 a
1667 1435 1696 1465 se
1705 1454 1713 1469 ‚
1725 1434 1871 1476 quaestore
1880 1432 2017 1467 ostiensi,
2029 1444 2083 1474 per

1124 1479 1339 1518 ignominiam,
1348 1477 1383 1508 ad
1393 1479 1561 1518 principem
1571 1477 1603 1508 δε
1613 1477 1741 1510 senatus.
1753 1477 1932 1510 &civitatis,
1944 1478 1979 1506 M
1984 1479 2084 1507 ..Scau-

1123 1528 1202 1553 rum,
1214 1529 1279 1549 rem
1287 1518 1515 1550 frumentariam
1525 1518 1691 1550 transsatam
1701 1519 1808 1550 sciebat
1818 1537 1827 1552 ,
1838 1518 1977 1548 dolorem
1991 1515 2082 1550 suu‘m

1124 1570 1231 1602 magna
1238 1563 1437 1592 contentione
1450 1563 1546 1591 animi
1556 1561 1801 1601 persequebatur:
1825 1559 1873 1590 sed
1883 1569 1954 1590 cum
1970 1559 2083 1590 scurra-

1122 1613 1191 1633 rum
1206 1604 1404 1644 locupletium
1414 1603 1511 1634 scorto
1523 1623 1532 1637 ‚
1551 1613 1622 1633 cum
1640 1604 1748 1633 sororis
1758 1602 1894 1633 adultero
1905 1621 1913 1635 ‚
1929 1611 2002 1631 cum
2017 1601 2082 1632 stu-

1121 1655 1247 1686 prorum
1260 1645 1420 1680 sacerdote,
1429 1655 1500 1676 cum
1511 1644 1660 1678 venefico,
1671 1654 1741 1675 cum
1750 1643 1989 1677 testamentario,
2006 1653 2081 1674 cum

1123 1686 1234 1721 sicario,
1248 1697 1320 1718 cum
1329 1688 1454 1718 latrone.
1473 1697 1549 1729 quos
1560 1688 1713 1720 homines,
1723 1684 1755 1720 fi.
1767 1685 1799 1717 id
1809 1684 1890 1727 quod
1898 1684 1987 1715 facile
1993 1684 2079 1716 fastu.

1120 1729 1198 1764 fuit,
1210 1729 1333 1771 &quod
1344 1728 1408 1760 fieri
1419 1729 1524 1760 debuit
1534 1748 1542 1763 ,
1555 1728 1696 1770 quodque
1704 1727 1778 1759 ame
1787 1728 1915 1768 optimi,
1935 1726 1968 1757 &
1977 1726 2082 1758 fortis-

1120 1770 1186 1802 fimi
1195 1773 1276 1803 cives
1286 1770 1464 1814 flagitabant,
1475 1772 1508 1802 vi
1516 1771 1664 1813 armisque
1673 1769 1861 1811 superassem,
1873 1778 1937 1799 non
1944 1769 2079 1804 verebar,

1116 1824 1155 1844 ne
1165 1815 1232 1855 quis
1238 1823 1289 1845 aut
1297 1816 1361 1844 vim
1369 1814 1403 1843 vi
1411 1813 1557 1854 repulsam
1568 1812 1796 1854 reprehenderet
1805 1832 1813 1845 ,
1830 1820 1880 1842 aut
1887 1810 2079 1851 perditorum

1116 1857 1232 1886 civium
1245 1876 1253 1890 ‚
1265 1856 1313 1887 vel
1323 1857 1423 1896 potius
1433 1854 1670 1886 domesticorum
1680 1853 1815 1885 hostium
1825 1861 1955 1883 mortem
1965 1862 2080 1883 moere-

1118 1906 1178 1928 ret:
1202 1897 1251 1928 sed
1268 1908 1316 1928 me
1335 1899 1387 1929 illa
1395 1905 1576 1928 moverunt:
1599 1896 1745 1927 omnibus
1762 1897 1796 1926 in
1805 1894 2007 1925 concionibus
2024 1895 2080 1927 'illa

1117 1940 1204 1971 Furia
1211 1939 1373 1974 clamabat,
1393 1940 1436 1974 se,
1448 1949 1516 1980 quae
1525 1938 1633 1969 faceret
1641 1946 1744 1969 contra
1756 1937 1881 1967 salutem
1891 1946 1991 1966 meam
2002 1956 2011 1970 ,
2030 1936 2075 1967 fa-

1115 1991 1181 2011 cere
1196 1980 1318 2011 auctore
1332 1983 1391 2012 Cn.
1410 1982 1557 2021 Pompeio
1569 2000 1579 2014 ‚
1596 1977 1756 2010 clariffimo
1771 1980 1860 2012 viro..
1881 1978 2074 2018 mihique&

1117 2031 1218 2057 nunc,
1239 2023 1273 2052 &
1282 2022 1381 2063 quoad
1391 2022 1495 2056 licuit,
1511 2019 1692 2052 amiciffimo
1703 2041 1713 2054 ,
1732 2023 1776 2050 M.
1787 2019 1900 2051 Crassus
1913 2040 1922 2054 ‚
1936 2029 2073 2060 quocum

1117 2065 1289 2094 mihi=erant
1303 2073 1412 2094 omnes
1420 2064 1560 2095 amicitiae
1570 2061 1811 2096 necessitudines,
1821 2064 1869 2092 vir
1878 2060 2072 2095 fortiffimus,

1113 2105 1151 2136 ab
1163 2105 1267 2136 eadem
1278 2106 1329 2136 illa
1345 2105 1425 2146 peste
1434 2103 1644 2136 infestiffimus
1662 2102 1720 2135 effe
1733 2103 1949 2134 meisfortunis
1962 2103 2072 2143 praedi-

1113 2147 1242 2178 cabatur.
1265 2150 1299 2178 C.
1309 2148 1417 2181 Caesar,
1431 2147 1510 2188 quia
1520 2157 1570 2177 me
1580 2147 1667 2176 nullo
1680 2156 1751 2176 meo
1762 2147 1873 2176 merito
1882 2145 1997 2175 alicnus
2011 2143 2071 2175 effe

1114 2189 1250 2223 debebat,
1263 2187 1492 2220 inimicissimus
1501 2186 1559 2219 effe
1570 2198 1645 2218 meae
1656 2188 1741 2218 saluti
1751 2188 1788 2218 ab
1797 2187 1904 2218 eodem
1916 2187 2072 2227 quotidia-

1111 2233 1159 2261 nis
1169 2231 1369 2261 concionibus
1377 2230 1538 2261 dicebatur.
1564 2231 1620 2261 His
1631 2230 1659 2260 se
1667 2230 1760 2260 tribus
1769 2228 1942 2260 auctoribus
1952 2230 1986 2259 in
1992 2239 2071 2260 con-

1111 2271 1184 2303 siliis
1193 2272 1347 2314 capiendis
1357 2292 1366 2307 ,
1384 2271 1558 2311 adjutoribus
1570 2273 1602 2302 in
1613 2281 1644 2302 re
1650 2271 1777 2314 gerenda
1785 2269 1842 2301 else
1852 2271 1976 2301 usurum
1984 2270 2071 2301 dice-

1113 2314 1170 2346 bat.
1192 2324 1232 2345 ex
1249 2314 1360 2355 quibus
1376 2323 1473 2344 unum
1487 2334 1495 2348 ,
1513 2313 1621 2344 habere
1638 2315 1803 2344 exercitum
1813 2315 1847 2343 in
1865 2313 1949 2343 Italia
1967 2314 2070 2343 maxi-

1113 2366 1202 2386 mum
1216 2366 1222 2386 ;
1242 2360 1255 2384 5
1266 2356 1338 2390 duo,
1348 2358 1403 2398 qui
1412 2357 1519 2396 privati
1529 2364 1595 2385 tum
1607 2354 1699 2386 essent
1710 2367 1719 2390 ;
1730 2355 1763 2386 δε
1772 2353 1902 2393 praeess'e.
1914 2354 1947 2385 &
1954 2364 2067 2395 parare,

1111 2397 1132 2428 fi
1141 2398 1275 2432 vellent,
1292 2400 1459 2429 exercitum
1477 2395 1577 2438 poffe:
1599 2398 1690 2439 idque
1710 2396 1840 2428 fafflmros
1859 2395 1916 2427 effe
1937 2396 2066 2427 dicebat.

1110 2450 1166 2471 nec
1175 2441 1254 2470 mihi
1263 2440 1317 2471 ille
1320 2440 1473 2481 judicium
1482 2440 1598 2480 populi,
1609 2450 1664 2470 nec
1673 2440 1840 2480 legitimam
1850 2439 1980 2479 aliquam
1990 2448 2067 2468 con·

1110 2484 1292 2517 tentionem,
1303 2493 1359 2513 nec
1367 2483 1612 2522 disceptationem
1626 2502 1634 2516 ‚
1651 2482 1798 2512 autcausae
1808 2479 1978 2511 diffionem
1988 2499 1998 2514 ,
2014 2479 2066 2511 sed

1108 2526 1172 2555 vim
1184 2544 1193 2559 ‚
1212 2533 1310 2560 arma,
1329 2526 1477 2555 exercitus
1488 2543 1497 2558 ,
1520 2526 1713 2564 imperatores
1721 2543 1730 2557 ,
1748 2522 1838 2553 castra
1857 2521 2061 2552 denuntiabat.

1108 2565 1190 2608 Qid
1199 2576 1230 2596 er
1248 2569 1289 2597 o?
1310 2567 1431 2597 inimici
1438 2566 1533 2596 oratio
1544 2585 1552 2598 ,
1575 2575 1648 2596 vana
1656 2564 1818 2605 praesertim
1829 2583 1839 2598 ,
1849 2571 1910 2594 tam
1920 2565 1963 2594 im
1988 2563 2061 2594 robe

1106 2609 1139 2638 in
1149 2608 1219 2639 clari
1243 2618 1325 2639 imos
1341 2610 1421 2638 viros
1439 2606 1576 2643 comedia
1587 2626 1596 2641 ,
1621 2617 1671 2636 me
1681 2606 1775 2636 movit
1788 2609 1801 2635 ἓ
1822 2604 1839 2626 ⁶
1849 2608 1900 2636 Me
1912 2615 1963 2636 ver
1994 2615 2062 2638 non

1104 2650 1188 2680 illius
1209 2652 1305 2680 oratio
1316 2670 1324 2684 ,
1344 2650 1393 2680 sed
1412 2651 1502 2679 etiam
1521 2658 1629 2679 eorum
1650 2648 1832 2678 taciturnitas
1844 2667 1853 2682 ,
1874 2649 1907 2677 in
1921 2656 1998 2688 quos
2007 2648 2062 2680 illa

1104 2693 1201 2723 oratio
1220 2700 1282 2721 tam
1305 2691 1443 2731 improba
1454 2689 1678 2721 conferebatur:
1699 2690 1752 2730 qui
1771 2698 1837 2720 tum
1849 2709 1859 2723 ,
1875 2698 2060 2730 quamquam

1105 2733 1145 2763 ob
1159 2734 1248 2763 aliam
1259 2734 1374 2763 causam
1386 2732 1519 2763 tacebant
1530 2752 1538 2766 ,
1559 2741 1660 2763 tamen
1673 2731 1853 2762 hominibus
1862 2751 1871 2766 ,
1895 2734 2000 2762 omnia
2020 2733 2060 2762 ti-

1104 2775 1271 2809 mentibus,
1282 2775 1393 2804 tacendo
1403 2774 1498 2815 loqui,
1515 2784 1579 2804 non
1589 2773 1749 2804 infitiando
1765 2772 1903 2804 confiteri
1912 2773 2060 2804 videban-

1105 2826 1163 2848 tur,
1185 2817 1233 2846 illi
1244 2826 1343 2847 autem
1354 2818 1456 2859 aliquo
1465 2826 1530 2847 tum
1540 2819 1649 2848 timore
1659 2817 1818 2857 perterriti,
1827 2814 1911 2857 quod
1920 2814 1984 2846 aera
1993 2816 2057 2852 illa,

1970 2866 2060 2899 atque

143 2935 154 2954 1
162 2947 168 2954 .
185 2932 229 2963 Q
238 2930 298 2956 hunc
308 2930 402 2956 dolorem
410 2931 663 2966 veftefignificarent]
676 2932 718 2958 Ita
728 2932 756 2957 S.
765 2930 839 2957 Vibi.
851 2931 876 2956 ὃ(
890 2930 948 2958 Pal.
960 2939 1055 2957 nonus.

104 2971 168 2991 uam
178 2963 242 2991 edin
250 2975 308 2991 nne
317 2968 378 2992 hunc
387 2968 432 2992 dol.
441 2970 503 3001 veste
512 2968 669 3001 mutarafign.

142 3007 171 3025 2.
188 3002 215 3025 Si
222 3002 350 3034 appellandi
353 3003 412 3036 sunt
418 3004 528 3043 Consul-es
533 3003 555 3037 .]
567 3004 633 3030 Haec
643 3009 757 3040 quatuor
770 3001 896 3030 vocabula
907 3002 998 3039 iniqui:
1008 3002 1056 3029 ab·

60 3061 66 3070 ι
104 3031 166 3061 sune
175 3034 334 3063 edit-'ionibus
345 3037 535 3065 Lambiniams.

142 3078 156 3106 3
164 3090 176 3112 .·
189 3071 323 3112 Evelknslos
334 3074 425 3108 purch]
447 3074 560 3110 Vulgata
569 3082 687 3108 rumpam
698 3095 707 3108 ,
724 3074 767 3102 sed
776 3082 871 3112 praeter
881 3074 938 3102 mss.
951 3075 1019 3102 Pall-
1029 3075 1058 3101 ὅτ

105 3105 135 3133 S.
148 3105 275 3138 vietoris,
284 3110 338 3134 imo
350 3117 443 3144 praeter
454 3111 579 3137 vetustius
589 3110 689 3140 editos.

139 3148 168 3174 4.
185 3143 288 3183 εαζκτεῃι
305 3145 394 3176 reipub.
406 3146 550 3180 fiamserata]
572 3147 633 3173 Hoc
650 3156 756 3184 quoque
775 3147 811 3174 est
830 3146 862 3174 ab
871 3146 944 3174 omrfl'
964 3146 1060 3183 scripta

101 3183 183 3214 atque
191 3178 258 3206 olim
267 3177 388 3216 impressa
395 3179 523 3217 lenione,
533 3183 667 3212 nectes-im
676 3183 941 3222 oggeffit,speuaras.

1136 2939 1162 2964 5.
1181 2934 1231 2957 Duo
1242 2934 1385 2965 quiprivaii
1394 2938 1443 2956 tum
1453 2932 1548 2965 effluam]
1571 2932 1623 2957 Pro
1633 2931 1689 2957 duos
1698 2930 1807 2965 antique
1818 2928 1870 2955 fide
1880 2928 1938 2955 mss.
1950 2928 2054 2955 nostro-

1099 2975 1157 2992 rum
1172 2985 1180 2998 ‚
1192 2966 1327 3003 quomodo
1339 2968 1418 2993 etiam
1430 2966 1505 3004 supra
1518 2966 1632 3003 rescripsi
1642 2975 1697 3003 cap.
1712 2975 1754 3001 ¹5·
1764 2967 1805 2992 duo
1814 2966 1923 3000 Consules
1933 2984 1941 2998 ‚
1960 2964 2054 2992 iisdem

1099 3003 1259 3029 membranis
1280 3002 1440 3029 volentibus.

1134 3039 1163 3066 6.
1182 3043 1224 3065 Me
1233 3040 1290 3064 verb
1301 3058 1309 3070 ,
1327 3048 1371 3064 non
1380 3041 1444 3064 illim
1459 3041 1534 3065 oratio
1546 3058 1553 3070 ,
1566 3039 1610 3073 fid
1617 3041 1688 3065 eriam
1696 3047 1772 3064 eorum
1789 3040 1944 3064 taciturnitas·
1955 3057 1962 3069 ‚
1981 3037 2050 3071 dfe]

1099 3075 1164 3100 Hoec
1174 3075 1208 3101 est
1219 3075 1326 3110 scriptio
1338 3075 1392 3100 l'al.
1405 3075 1467 3101 noni
1481 3094 1489 3106 ,
1508 3078 1523 3101 :i
1535 3084 1586 3111 qua
1597 3085 1649 3102 non
1659 3075 1715 3101 abit
1725 3074 1808 3100 codex
1818 3076 1845 3100 S.
1857 3074 1973 3100 Vietoris
1985 3093 1992 3104 ‚
2004 3073 2053 3100 nili

1099 3110 1170 3146 quod
1181 3120 1233 3137 nou
1252 3111 1344 3136 habeat
1355 3110 1422 3136 illud
1441 3114 1526 3144 erinm3
1549 3111 1619 3148 quod
1639 3111 1696 3137 heic
1707 3111 1782 3137 unice
1803 3109 1924 3146 quadrat.
1941 3109 2054 3144 vulgata

1098 3146 1256 3182 praefercbat
1266 3165 1275 3181 ‚
1293 3156 1338 3174 non
1356 3150 1429 3175 movit
1446 3149 1510 3174 illim
1525 3150 1611 3174 oratio.
1630 3145 1673 3176 sed
1683 3146 1711 3176 id
1722 3146 1794 3175 verbi
1805 3146 1919 3182 jucunde
1931 3144 2054 3172 subaudi-

1100 3189 1156 3212 tur·

1510 3219 1535 3248 R
1549 3228 1584 3249 rr
1935 3226 1962 3244 -ι,
1979 3215 2059 3250 susci-

2107 1146 2152 1180 ¹?

2083 2563 2126 2597 18
