2316 3395
163 899 210 934 60

237 108 324 155 128
667 105 1157 154 MTULLU

232 189 275 220 est
295 199 401 231 magna
417 189 593 221 moder-atio.
617 199 687 220 113111
699 197 831 219 misnen
842 185 884 215 est
895 184 1029 215 nimium
1049 184 1191 216 mutanda

233 232 344 272 specics
354 253 362 266 ,
374 242 413 261 ne
425 233 517 262 autad
528 234 665 271 inopum,
681 240 730 259 :izit
740 230 772 259 ad
783 230 958 268 pravitatem
967 228 1097 268 aliquam
1107 226 1191 257 defe-

232 284 345 304 ramur.
375 274 463 303 Oculi
473 274 540 303 sunt
550 295 558 307 ,
579 282 710 314 quorum
721 281 789 301 tum
800 271 970 299 intentione
981 289 989 302 ‚
1010 279 1075 299 tum
1084 269 1192 299 remis-

232 314 304 349 sine,
317 324 383 346 tum
393 315 545 352 conjectu,
558 325 623 345 tum
635 314 791 345 hilaritate,
806 321 907 341 motus
917 312 1092 340 animorum
1103 309 1192 352 signi-

231 355 320 387 ficem
326 367 358 387 us
368 357 431 397 311ῐέ
442 367 510 387 011111
521 366 626 397 genere
637 355 701 394 ipio
711 356 863 384 orationis.
880 352 922 382 est
931 355 1013 382 enim
1025 352 1103 383 actio
1113 351 1192 394 quasi

230 399 333 430 sermo
346 401 478 439 corporis
488 419 495 431 ‚
520 408 580 438 quo
601 398 695 436 magis
713 397 809 425 menti
828 404 996 434 congruens
1015 393 1074 425 effe
1091 395 1191 424 debet.

233 442 345 470 Oculos
355 451 454 470 autem
465 449 565 469 natura
576 439 663 468 nobis
676 458 683 470 ,
707 442 715 456 ¹
729 447 848 477 utequo
858 456 865 470 ‚
879 438 913 466 ὃς
926 437 1007 466 leoni
1019 437 1090 466 setas
1101 457 1109 470 ‚
1121 447 1190 466 cau-

231 482 315 515 dam,
326 485 432 513 aui-eie,
444 481 478 510 ad
490 490 591 510 motus
601 481 774 510 animorum
785 478 976 510 declarandos
986 478 1077 508 dedit.
1093 480 1190 519 Qare

230 525 264 553 in
277 526 329 553 hac
340 523 437 553 nostia
447 522 565 552 36110110
575 522 740 552 secundum
751 531 857 551 vocem
869 520 970 551 vultus
981 520 1067 550 valet.
1096 522 1121 549 is
1138 530 1190 549 311-

230 574 294 595 tem
313 565 408 595 oculis
427 565 616 605 gubernatur.
650 567 747 604 Atque
765 565 798 592 in
809 565 844 592 iis
856 562 998 592 omnibus
1010 583 1017 596 ,
1038 572 1104 602 quae
1124 562 1192 590 sunt

230 607 360 636 actionis
370 626 379 640 ‚
399 606 477 636 inest
485 606 623 647 quaedam
633 608 678 636 vis
688 606 704 635 3
713 613 814 635 natura
823 604 896 634 data.
919 614 1007 644 quare
1027 606 1116 633 etiam
1137 604 1189 632 1130

231 650 381 688 imperiti,
403 649 457 678 11.ιο
466 649 571 690 vulgus
583 669 591 681 ,
613 649 666 677 hac
683 647 813 688 denique
832 646 945 676 barbari
957 648 1092 675 maxime
1103 654 1189 674 00111-

230 699 405 720 moventur.
429 688 512 718 verba
521 691 604 719 enim
617 691 774 719 neminem
786 697 913 718 movent
923 709 930 720 ,
951 686 1006 716 nili
1024 696 1095 715 eum
1107 706 1115 720 ,
1137 688 1190 726 qui

228 732 364 767 eiusdem
374 733 484 773 lingua:
496 732 632 762 societate
641 730 822 767 conjunctus
833 729 874 759 est
887 740 891 757 :
915 730 1124 768 sententiaeque
1137 729 1189 758 [30-

229 783 267 814 pe
285 783 376 804 acutae
387 793 396 807 ,
418 783 482 803 non
492 782 650 804 acutorum
660 774 825 802 hominum
844 771 943 801 sensus
959 769 1169 809 praerervohnr
1183 781 1187 798 z

228 815 309 845 aelio
319 836 327 850 ‚
347 826 414 856 qua:
422 825 480 855 prae
493 816 522 845 se
532 824 653 845 motum
662 816 758 844 ’.11111111
767 813 823 843 fert
833 833 841 846 ‚
861 814 981 842 omneis
999 820 1112 841 movet.
1137 812 1188 841 iis—

230 857 302 888 dem
313 860 399 888 enim
414 858 539 887 omnium
556 858 646 886 animi
657 856 791 885 motibus
802 856 989 884 concitantur
1000 874 1008 886 2
1031 854 1064 883 Sc
1074 863 1126 883 eos
1136 854 1187 883 iis-

229 899 300 929 dem
311 901 392 930 notis
403 899 478 929 &in
487 900 553 929 aliis
562 898 745 940 agnoscunt,
767 897 799 927 &
809 898 842 926 iii
854 895 944 935 seipsi
963 895 1105 925 indicant.
1138 895 1185 925 Ad

229 941 358 972 38101113
368 950 468 971 autem
481 942 569 971 usum
582 961 589 972 ‚
602 949 688 980 atquc
697 939 816 969 laudem
827 958 834 971 ‚
847 939 1013 967 maximam
1024 936 1085 967 sine
1094 936 1188 967 dubio

227 993 342 1025 partem
351 993 415 1014 vox
424 983 558 1015 obtinet,
570 992 635 1023 qua:
644 979 779 1021 primum
788 991 801 1010 e
808 980 831 1010 st
841 980 969 1019 optanda
979 979 1083 1009 nobis:
1099 979 1186 1009 dein—

227 1025 266 1057 de
277 1047 286 1060 ,
297 1035 494 1067 quaecumque
504 1026 559 1054 erit
570 1044 578 1057 ‚
599 1034 632 1053 ea
643 1023 766 1053 tuenda:
788 1022 824 1052 de
834 1032 896 1062 quo
905 1021 982 1051 illud
990 1023 1052 1061 jam
1062 1021 1140 1050 nihil
1151 1021 1185 1050 ad

226 1069 287 1098 hoc
304 1067 495 1108 praecipiendi
514 1076 607 1107 genus
629 1086 638 1098 ‚
664 1064 922 1106 quemadmodum
939 1065 1008 1093 voci
1027 1063 1185 1093 serviatur:

225 1110 369 1151 equidem
381 1118 560 1150 magnopere
571 1107 676 1137 censeo
690 1106 891 1136 serviendum.
914 1105 969 1136 Sed
980 1105 1057 1134 illud
1068 1104 1188 1134 videtur

225 1151 263 1182 ab
273 1152 361 1192 hujus
372 1151 466 1181 nostri
484 1151 632 1180 sermonis
650 1147 754 1179 officio
763 1158 828 1178 non
837 1147 994 1178 abhorrere
1004 1167 1012 1181 ,
1033 1145 1114 1187 quod
1127 1167 1136 1179 ,
1156 1156 1188 1176 ut

226 1193 293 1223 dixi
303 1193 404 1232 paullo
413 1191 493 1225 ante,
506 1194 679 1222 Pnukiiviis
689 1193 723 1220 in
734 1191 821 1220 rebus
832 1189 914 1230 quod
927 1190 1063 1219 maximi.¹
1074 1187 1116 1219 est
1128 1190 1187 1217 uti—

225 1236 254 1265 10
265 1255 274 1268 ,
293 1235 324 1264 id
335 1235 436 1264 nescio
446 1244 507 1275 quo
518 1232 605 1273 pasto
616 1234 705 1263 etiam
717 1232 801 1262 decet
810 1230 956 1262 maxime.
981 1234 995 1250 ²
1004 1240 1074 1260 nam
1084 1230 1120 1260 ad
1131 1239 1187 1259 vo-

226 1287 295 1306 cem
312 1276 512 1307 obtinendam
530 1275 609 1305 nihil
628 1274 670 1305 est
689 1274 794 1313 utilius
804 1294 812 1308 ‚
832 1273 922 1314 quam
933 1272 1031 1303 crebra
1041 1274 1168 1302 mutatio
1181 1283 1185 1300 :

226 1319 306 1350 nihil
323 1316 518 1358 perniciosius
527 1337 535 1351 ‚
555 1317 645 1358 quam
657 1315 747 1347 effusa
756 1314 816 1346 fine
830 1313 1050 1345 intermistione
1061 1323 1187 1344 conten-

226 1363 282 1390 tio.
315 1360 396 1400 Quid
406 1360 442 1390 ad
451 1369 546 1390 aureis
555 1358 669 1389 nostras
679 1378 687 1392 ‚
710 1358 742 1388 &
752 1358 879 1388 aetionis
899 1358 1072 1388 suavitatem
1085 1376 1094 1389 ,
1113 1355 1186 1396 quid

226 1402 271 1433 est
280 1401 491 1435 vicissitudine,
505 1402 537 1431 &
547 1402 695 1434 varietate,
708 1400 740 1429 &
751 1401 990 1430 commutatione
1001 1399 1095 1438 aptius
1106 1400 1116 1426 Ρ
1129 1401 1186 1427 Ita-

225 1455 286 1486 que
295 1445 379 1475 idem
389 1444 551 1477 Gracchus,
560 1442 641 1484 quod
651 1451 735 1482 potes
745 1442 845 1472 audire
855 1462 864 1476 ,
879 1442 993 1473 Catule,
1004 1450 1042 1469 ex
1052 1441 1185 1473 Licinio,

225 1487 335 1517 cliente
345 1495 399 1516 tuo
409 1505 417 1519 ,
431 1486 560 1515 litterato
571 1486 697 1514 homine
707 1503 715 1518 2
726 1493 817 1524 quem
828 1484 947 1513 servum
959 1481 1012 1512 fibi
1024 1481 1074 1511 ille
1083 1481 1187 1511 habuit

226 1528 263 1558 ad
274 1537 401 1558 manum
412 1548 420 1561 ‚
441 1537 512 1557 cum
524 1526 686 1556 eburneola
696 1526 800 1555 solitus
811 1524 853 1555 est
871 1524 977 1554 habere
998 1522 1095 1553 fistula
1107 1543 1114 1557 ‚
1134 1525 1185 1563 qui

225 1569 313 1600 staret
323 1567 427 1599 occulti}
435 1567 502 1608 post
510 1568 609 1608 ipsum
622 1587 631 1600 ,
643 1577 714 1597 cum
726 1568 954 1597 concionaretur
963 1586 971 1600 ,
990 1567 1120 1606 peritum
1130 1566 1187 1594 ho-

226 1613 347 1643 minem
358 1632 366 1645 ‚
387 1614 440 1653 qui
450 1609 568 1640 inflaret
576 1610 710 1640 celeriter
719 1619 790 1638 eum
801 1609 909 1638 sonum
921 1628 930 1641 ,
951 1618 1012 1649 quo
1028 1607 1118 1636 illum
1136 1615 1186 1636 aut

224 1653 384 1691 temiffum
404 1654 563 1685 excitaret,
582 1650 862 1681 autacontentione
877 1657 1037 1680 revocaret.
1073 1648 1186 1678 Audivi

226 1695 399 1730 mehercule
409 1715 418 1728 ‚
437 1696 536 1735 inquit
546 1693 684 1726 Catulus,
706 1692 738 1722 &
749 1692 821 1732 saepe
833 1692 898 1722 sum
910 1691 1071 1722 admiratus
1083 1691 1186 1719 homi—

225 1739 274 1769 nis
283 1736 355 1767 cum
365 1736 552 1778 diligentiam
562 1755 571 1769 ,
588 1743 654 1764 tum
664 1736 755 1764 etiam
765 1732 935 1763 doctrinam
948 1754 956 1766 ,
978 1733 1010 1763 δε
1020 1733 1184 1762 scientiam.

226 1782 291 1820 Ego
301 1777 374 1809 vero
385 1799 394 1811 ,
413 1779 514 1818 inquit
523 1775 636 1810 Crassus
647 1796 656 1809 ,
675 1786 706 1806 ac
715 1775 805 1805 doleo
815 1775 939 1816 quidem
950 1796 959 1808 ,
979 1775 1048 1804 illos
1059 1776 1139 1803 viros
1151 1776 1184 1802 in

224 1830 293 1852 eam
302 1819 439 1852 fraudem
457 1822 491 1849 in
507 1818 661 1859 republica
678 1816 736 1848 effe
753 1817 903 1857 delapsos:
923 1826 1105 1858 quamquain
1129 1819 1142 1842 3
1154 1825 1187 1845 ea

264 2002 288 2020 1.
309 1995 338 2018 Ut
346 2001 400 2026 equo
408 1991 503 2021 &leani
516 1987 606 2024 semu]
621 1988 690 2014 Pall.
701 1987 754 2014 duo
764 1988 792 2013 &
804 1987 876 2014 I‘ith.
886 1994 940 2013 aut.
959 1985 1104 2013 Lambinus
1115 1984 1183 2012 illud

219 2031 284 2065 setar
294 2027 409 2055 mutavit
418 2027 523 2060 iiijubas·
534 2044 541 2056 ‚
552 2023 594 2050 led
605 2024 755 2050 nolentibus
765 2023 851 2050 libris.

261 2075 289 2092 2.
304 2068 368 2090 Nam
386 2063 419 2088 ad
435 2071 515 2089 vocem
531 2060 703 2094 obtinendam]
726 2059 816 2087 Hodie
828 2059 934 2095 iulgata
945 2070 956 2093 zv
971 2068 1051 2086 vocem
1060 2061 1085 2084 in
1094 2057 1186 2083 dicenda

222 2101 380 2127 obtinendam.
403 2097 445 2124 sed
464 2097 588 2124 insertum
609 2095 677 2122 illud
696 2095 751 2121 fere
762 2097 787 2122 in
800 2096 875 2122 nullo
885 2096 974 2121 inveni
985 2094 1042 2121 mss.
1061 2095 1116 2120 111ιό
1137 2104 1184 2120 ne-

223 2147 276 2178 que
286 2137 312 2162 in
323 2135 441 2162 editione
451 2134 536 2171 prima
548 2152 556 2166 ,
574 2131 716 2168 aberatque
726 2131 871 2158 Gallicanis
883 2131 967 2157 tribus
978 2130 1125 2157 Gulielmio
1135 2139 1184 2156 cx-

225 2172 312 2200 ciissis.

284 2229 290 2234 .
310 2211 349 2233 Est
366 2209 415 2232 tela
431 2207 522 2231 texitur
533 2225 540 2237 ‚
550 2206 580 2236 (11⁴
590 2213 618 2230 ea
626 2206 743 2229 incitatur
752 2205 777 2229 in
787 2205 886 2228 clvitate
898 2221 906 2233 ‚
916 2201 984 2235 &·0]
1005 2201 1036 2227 P.
1047 2199 1184 2227 Visstorius

224 2244 304 2270 libam
316 2245 378 2270 Var.
389 2241 454 2268 least.
463 2250 550 2276 cap.7.
565 2239 722 2277 opinabatur
734 2248 823 2265 vacare
833 2238 901 2264 illud
911 2241 1047 2268 Imitatur,-
1066 2243 1156 2262 natum
1169 2237 1182 2261 ὁ

226 2280 307 2312 scriba
317 2279 362 2316 qui
372 2278 399 2306 id
410 2276 544 2314 scripserat
554 2297 563 2312 ‚
574 2277 633 2306 loco
642 2279 668 2303 in
675 2278 775 2308 *civitate
785 2293 794 2308 ‚
813 2283 897 2311 neque
908 2280 996 2302 tamen
1005 2271 1101 2301 deinde
1110 2271 1185 2300 delc-

1239 103 1762 152 CICERONIS

1235 186 1292 216 tela
1310 189 1421 217 texitur
1432 207 1441 221 ‚
1462 187 1495 217 &
1505 197 1539 217 ea
1550 189 1687 218 incitatur
1700 190 1730 218 'in
1741 187 1861 218 civitate
1880 187 1954 217 nitio
1972 187 2097 218 vivendi
2109 210 2117 222 ,
2136 192 2153 216 4
2162 199 2195 220 30

1234 227 1397 268 posteritati
1406 228 1574 259 ostenditur
1582 249 1590 262 ,
1605 239 1638 259 ur
1646 239 1753 259 corum
1765 231 1879 259 civium
1890 249 1898 261 ,
1914 239 1989 270 quos
1999 229 2091 259 nostri
2101 240 2195 270 patres

1235 280 1298 299 non
1309 271 1452 303 tulerunt,
1466 273 1522 308 jam
1529 270 1641 311 similet}
1652 270 1746 300 habere
1756 272 1923 310 cupiamus.
1946 273 2047 304 Mitte,
2058 271 2192 306 obsecro,

1233 313 1349 352 inquit,
1367 311 1460 343 Craffe
1471 333 1478 346 ‚
1488 314 1588 355 Julius
1597 333 1606 346 ,
1621 313 1792 343 sermonem
1806 312 1896 342 istum
1909 333 1917 346 ‚
1939 313 1972 342 δε
1984 322 2011 343 te
2021 313 2056 343 ad
2068 315 2195 344 Gracchi

1234 352 1363 384 fistulam
1383 354 1477 384 refer:
1496 356 1579 394 cujus
1597 365 1652 395 ego
1671 354 1810 384 nondum
1820 354 1907 394 plane
1920 356 2067 385 rationem
2080 356 2196 385 intelli-

1233 406 1281 436 go.
1307 398 1344 425 In
1355 398 1442 426 omni
1453 406 1527 426 voce
1539 416 1547 430 ,
1568 398 1667 436 inquit
1676 395 1790 430 Crass'us
1799 416 1807 429 ‚
1826 394 1869 425 est
1878 396 2022 436 quiddam
2032 397 2170 427 medium
2183 417 2192 432 ,

1236 437 1283 466 sed
1296 438 1380 467 suuni
1393 440 1500 478 cuique
1511 439 1589 467 voci.
1613 439 1684 467 hinc
1693 437 1836 478 gradatim
1853 438 1991 475 ast-endere
2000 448 2107 468 vocem
2120 439 2192 468 utile

1234 479 1266 508 &
1278 479 1365 508 suave
1376 478 1426 508 cst.
1439 481 1520 509 Nam
1532 479 1547 508 a
1557 481 1707 518 principio
1718 480 1853 508 clamare.
1864 478 1972 519 agreste
1982 480 2126 520 quiddam
2139 479 2191 515 est,

1234 520 1266 549 &-
1278 519 1352 549 illud
1364 520 1445 550 idern
1456 520 1491 550 ad
1505 519 1687 550 firmandum
1698 519 1740 550 est
1749 530 1857 550 vocem
1868 521 1998 550 salutare.
2018 522 2138 552 Deinde
2149 522 2193 553 cst

1231 561 1376 601 quiddam
1395 563 1600 591 contentionis
1621 569 1794 592 extremum
1806 582 1813 594 ‚
1837 565 1850 588 5
1861 562 1940 602 quod
1952 570 2053 592 tamen
2066 565 2193 595 interius

1230 602 1273 632 est
1285 623 1292 636 ‚
1314 604 1404 644 quam
1415 602 1595 633 acutiffimus
1606 603 1719 633 clamor
1734 623 1741 636 ‚
1762 602 1825 644 quo
1837 612 1863 633 te
1876 602 1971 633 fistula
1979 605 2116 646 progredi
2127 615 2192 636 non

1231 643 1351 678 sinen&
1362 654 1462 675 tamen
1473 646 1508 675 ab
1520 646 1579 686 ipsa
1589 647 1786 676 contentione
1796 645 1955 675 revocabit.
1969 645 2020 675 Est
2030 649 2105 676 item
2115 657 2192 677 con·-

1230 695 1271 716 tra
1281 686 1423 727 quiddam
1443 690 1475 717 in
1494 685 1664 717 remissione
1674 685 1878 728 graviffimum
1889 707 1896 720 ,
1917 697 2035 727 quoque
2049 697 2190 730 tanquam

1231 728 1376 758 sonorum
1384 741 1388 745 ·
1396 729 1533 768 gradibus
1552 729 1749 759 descenditur.
1784 731 1857 759 Haec
1875 731 1996 759 varietas
2008 750 2016 762 ‚
2039 730 2071 759 &
2081 732 2130 760 hic
2138 741 2191 770 pei·

1230 772 1349 799 omneis
1362 771 1453 800 sonos
1463 773 1547 800 vocis
1557 771 1668 804 cursus,
1681 771 1712 800 &
1726 771 1752 800 sc
1764 771 1911 804 tuebitur,
1925 771 1957 800 &
1967 770 2081 801 actioni
2089 771 2192 803 afferet

1228 811 1411 842 suavitatem.
1436 812 1485 842 sed
1498 811 1690 842 fistulatorem
1703 813 1789 842 dorni
1800 813 1972 853 relinquetis
1984 833 1992 846 ‚
2004 814 2121 843 sensum
2133 815 2191 844 hu-

1224 853 1274 892 jus
1283 854 1510 884 consuetudinis
1520 854 1677 884 vobiscum
1688 854 1723 885 ad
1735 854 1836 884 forum
1847 854 1997 884 dei-eretis.
2025 855 2115 885 Edidi
2124 866 2191 897 quae

1228 898 1332 934 potui,
1354 905 1417 925 non
1437 904 1469 926 ut
1486 896 1589 930 volui,
1611 896 1659 926 sed
1671 906 1759 927 utine
1771 898 1915 936 temporis
1927 896 2067 938 angustiae
2085 900 2191 939 coEge-

1229 946 1307 966 runt.
1342 939 1456 968 Scitum
1467 937 1509 968 est
1520 940 1603 968 enim
1615 958 1622 971 ‚
1645 939 1760 977 causam
1771 938 1906 967 conferre
1917 940 1949 967 in
1960 947 2078 978 tempus
2089 960 2097 972 ‚
2116 939 2191 971 cum

1227 977 1329 1008 afferre
1339 979 1422 1019 plura
1433 1000 1441 1013 ,
1454 978 1474 1009 fi
1484 982 1583 1021 cupias
1594 1000 1602 1013 ‚
1616 990 1680 1010 non
1691 990 1792 1021 queas.
1825 982 1875 1010 Tu
1884 978 1957 1009 vero
1969 1000 1977 1013 2
1992 982 2091 1021 inquit
2101 984 2192 1012 Catu-

1228 1021 1275 1050 lus
1286 1041 1294 1054 ‚
1314 1021 1461 1062 collegisti
1481 1023 1604 1056 omnia,
1625 1032 1770 1062 quantum
1784 1032 1839 1062 ego
1849 1020 1969 1062 poss'uin
1977 1022 2109 1061 judicare
2121 1044 2128 1057 ‚
2150 1018 2192 1054 ita

1227 1062 1374 1092 divinitus
1384 1084 1393 1096 ,
1407 1072 1512 1093 utnon
1525 1064 1541 1093 a
1551 1065 1662 1093 Graecis
1672 1062 1805 1093 didicisse
1817 1084 1825 1097 ‚
1846 1063 1894 1093 sed
1905 1074 1956 1093 eos
1970 1065 2048 1104 ipsos
2061 1066 2124 1094 haec
2134 1065 2190 1095 do-

1226 1115 1291 1135 cere
1309 1103 1390 1144 poss'e
1409 1106 1537 1135 videare.
1560 1107 1612 1135 Me
1623 1105 1747 1146 quidem
1760 1104 1843 1134 istius
1856 1106 2003 1135 sermonis
2013 1108 2189 1147 participem

1226 1145 1341 1176 factum
1354 1146 1411 1176 ess'e
1421 1146 1536 1188 gaudeo
1549 1157 1554 1175 2
1565 1157 1597 1176 ac
1605 1147 1729 1187 yellern‚
1745 1156 1777 1176 tit
1788 1157 1872 1176 meus
1883 1147 2096 1188 geiiei⁴,sodalis
2107 1158 2187 1183 tuus,

1229 1186 1406 1217 Hortensius
1418 1208 1426 1221 ,
1438 1187 1582 1218 affuiss'et:
1606 1198 1697 1229 quem
1708 1188 1831 1229 quidem
1844 1199 1898 1228 ego
1908 1187 2033 1219 confido
2043 1190 2190 1220 omnibus

1228 1229 1291 1259 istis
1302 1230 1439 1259 laudibus
1449 1250 1457 1262 ,
1469 1240 1539 1270 quas
1551 1239 1582 1260 tu
1593 1232 1727 1260 oratione
1738 1229 1914 1269 complexus
1925 1240 1973 1264 es,
1984 1232 2188 1262 excellentem

1226 1271 1300 1302 fore.
1324 1274 1361 1301 Et
1370 1270 1484 1301 Crassus
1495 1291 1503 1304 ,
1524 1274 1598 1301 Fore
1608 1271 1681 1301 dicis
1694 1274 1704 1300 ?
1721 1274 1819 1312 inquit
1831 1282 1836 1300 :
1853 1282 1909 1312 ego
1920 1272 1993 1302 vero
2003 1271 2131 1313 css'ejarn
2141 1275 2188 1311 ju-

1227 1313 1296 1344 dico
1307 1333 1315 1346 ‚
1329 1313 1361 1343 &
1375 1321 1439 1343 turn
1451 1313 1581 1352 judicavi
1593 1333 1601 1347 ,
1614 1312 1697 1346 cum,
1710 1323 1759 1343 me
1769 1313 1904 1347 consule,
1915 1315 1948 1343 in
1958 1314 2059 1345 senatu
2068 1309 2187 1346 causam

1227 1353 1364 1385 defendit
1372 1354 1479 1385 Asricae
1491 1376 1499 1388 ‚
1511 1365 1664 1396 nuperque
1674 1357 1763 1385 etiam
1776 1357 1880 1396 tnagis,
1892 1353 1963 1385 cum
1973 1366 2028 1396 pro
2037 1358 2188 1397 Bithyni-ee

1227 1407 1294 1438 rege
1304 1397 1392 1426 dixit.
1408 1396 1615 1438 Qamobrem
1627 1396 1706 1426 1έᾶὶέ
1716 1397 1810 1430 vides,
1823 1397 1938 1427 Catule.
1957 1399 2033 1428 nihil
2043 1401 2127 1429 enirn
2136 1398 2187 1430 isti

1227 1438 1408 1469 adolescenti
1419 1449 1516 1481 neque
1526 1438 1541 1468 ὲ
1552 1446 1656 1468 natura
1665 1459 1674 1472 ‚
1693 1449 1790 1479 neque
1806 1437 1822 1468 3
1831 1437 1959 1468 doctrina
1969 1439 2064 1470 deeffe
2074 1441 2184 1472 sentio.

1228 1483 1298 1521 Qo
1309 1483 1401 1521 magis
1411 1479 1454 1510 est
1464 1481 1538 1514 tibi,
1552 1483 1635 1510 Cotta
1646 1501 1653 1514 ‚
1668 1480 1700 1510 80
1709 1481 1781 1513 tibi,
1791 1481 1922 1520 Sulpici,
1934 1481 2122 1522 vigilandum
2133 1503 2142 1517 ‚
2152 1493 2187 1514 ac

1228 1523 1436 1552 laborandum.
1459 1532 1522 1552 non
1541 1524 1626 1552 enim
1637 1522 1688 1552 ille
1700 1522 1860 1551 mediocris
1874 1531 1972 1552 omtor
1986 1523 2090 1554 vestrae
2108 1523 2188 1565 quafi

1228 1564 1382 1594 succrescit
1391 1566 1466 1594 aetati
1478 1574 1483 1593 :
1506 1564 1554 1594 sed
1567 1564 1598 1594 &
1608 1566 1732 1606 ingenio
1742 1565 1853 1603 peracri
1864 1583 1872 1597 ‚
1888 1563 1920 1593 &
1931 1563 2030 1595 studio
2040 1564 2188 1607 flagranti,

1230 1606 1262 1635 ὅ(
1272 1604 1408 1636 doen-ina
1423 1607 1536 1636 eximia
1545 1626 1553 1639 ,
1575 1606 1607 1635 &
1618 1608 1767 1637 memoria
1775 1603 1921 1646 singulari.
1945 1608 1994 1636 cui
2003 1617 2188 1649 quamquam

1226 1647 1314 1677 faveo
1326 1668 1335 1680 ‚
1357 1656 1458 1678 tamen
1475 1648 1564 1678 ilium
1576 1648 1717 1677 aetatisuae
1734 1645 1867 1686 praestare
1880 1649 1985 1688 cupio:
2007 1649 2094 1679 vobis
2113 1648 2188 1680 verb

1225 1690 1315 1719 illum
1326 1698 1408 1719 tanto
1418 1691 1571 1719 minorem
1578 1697 1738 1730 praeut-rere
1745 1691 1797 1719 vix
1808 1688 1970 1720 honestum
1985 1689 2036 1720 est.
2057 1691 2113 1722 Sed
2121 1691 2186 1731 jam

1226 1732 1388 1773 surgamus,
1400 1731 1627 1772 inquit,nosque
1637 1730 1823 1764 curemus‚&
1833 1731 1994 1771 aliquando
2003 1732 2040 1763 ab
2048 1733 2102 1763 hac
2111 1743 2188 1764 con-

1225 1775 1361 1803 tentione
1387 1773 1595 1814 disputationis
1615 1774 1735 1804 animos
1754 1771 1871 1803 nostros
1887 1793 1897 1807 ,
1923 1783 2083 1815 curamque
2102 1775 2185 1806 laxe-

1228 1825 1309 1845 mus.
1924 1858 1991 1904 M·
2023 1859 2187 1906 TUL-

1228 1992 1280 2012 rat.
1300 1994 1377 2021 quam
1389 1984 1443 2019 ejus
1455 1984 1612 2011 sententiani
1623 1984 1762 2021 impugnat
1771 1985 1945 2012 Villiomarus
1964 1984 2012 2011 lib.
2023 1994 2052 2011 v.
2062 1991 2186 2013 controv,

1227 2031 1283 2083 cap.
1295 2029 1340 2054 24.
1352 2020 1394 2047 sed
1405 2022 1484 2056 quim
1497 2021 1612 2047 feliciter
1624 2041 1632 2053 ,
1644 2020 1764 2048 videatur
1774 2031 1807 2048 ex
1819 2021 1970 2048 Villiomari
1980 2021 2188 2048 animadversio-

1227 2058 1253 2084 ni
1274 2067 1302 2083 us
1314 2058 1339 2083 iii
1351 2066 1410 2083 eum
1422 2057 1522 2083 locum.
1542 2057 1600 2083 sanc
1622 2067 1673 2083 vox
1692 2067 1721 2083 ea
1740 2067 1791 2084 non
1810 2057 1967 2092 conspicitur
1977 2057 2004 2083 iii
2015 2057 2073 2083 Pal.
2082 2067 2124 2093 pr.
2135 2057 2186 2084 sec.

1227 2101 1273 2120 aut
1284 2093 1346 2119 Pith
1366 2093 1473 2124 habent,
1484 2094 1605 2128 inquam,
1614 2096 1705 2118 texitur
1714 2103 1741 2118 ea
1750 2097 1775 2118 in
1786 2096 1895 2123 cimitate,
1904 2094 1956 2122 &·c.

1263 2137 1290 2162 4.
1310 2133 1345 2155 Ac
1351 2131 1481 2162 posteritati
1490 2129 1639 2162 offenditur]
1651 2128 1720 2154 Pall.
1731 2129 1811 2155 nostri
1821 2129 1849 2154 &
1860 2127 2094 2161 Gall.postcritatis.
2113 2127 2187 2164 quod.

1227 2165 1312 2191 nescio
1322 2174 1353 2190 an
1365 2174 1417 2190 non
1427 2163 1631 2199 praeponendum
1641 2164 1730 2190 alteri.

1265 2209 1291 2234 5.
1311 2200 1377 2232 ,Qod
1384 2207 1461 2224 tamen
1470 2203 1573 2225 imerius·
1582 2201 1696 2233 eft'quam
1706 2219 1713 2231 ‚
1727 2199 1794 2233 glyc]
1806 2199 1849 2226 Sic
1859 2199 1927 2226 Pall.
1939 2208 1979 2236 pr.
1991 2199 2040 2226 sec.
2051 2207 2115 2227 tert.
2126 2199 2183 2228 oet.

1228 2246 1290 2262 non.
1302 2236 1366 2261 item
1379 2235 1449 2261 Pith.
1461 2235 1486 2260 ὃ(
1498 2234 1551 2260 duo
1562 2235 1727 2264 Memmiani.
1740 2236 1796 2266 vult
1806 2236 1876 2264 enini
1888 2235 1936 2264 ess'e
1946 2237 2018 2266 intra
2027 2236 2182 2266 clamorem.
2195 2239 2198 2243 ’

1226 2272 1351 2301 1135103113
1361 2271 1489 2308 publicati
1498 2271 1609 2306 inferias.
2111 2276 2113 2279 '

2082 2846 2105 2865 1.
2115 2840 2181 2865 (ΛΜ

2210 396 2251 432 61
