2337 3400
194 135 288 187 618
603 129 674 178 M.
751 126 1113 174 'Fannii

199 213 275 246 fium
297 212 395 246 ornari
408 222 412 227 ·
437 209 534 242 Cassio
556 207 629 239 verb
647 207 792 238 sententia
809 215 875 235 mea
893 204 1088 234 dominatum
1101 220 1109 233 ,
1131 199 1164 230 δε

199 259 398 298 principatum
412 254 482 283 dari.
500 256 585 291 Quos
594 260 650 291 ego
661 252 760 280 orno?
774 256 885 287 nempe
895 255 959 279 eos,
970 246 1024 285 qui
1033 242 1086 285 ipsi
1099 242 1167 273 sunt

200 306 363 328 ornamenta
379 295 492 336 reipub.
511 293 614 333 Qid?
634 295 676 322 D.
689 294 814 321 Brutum
826 298 930 319 nonne
941 286 1087 317 omnibus
1099 284 1164 315 sen-

203 342 306 370 tentiis
322 340 435 384 semper
453 338 580 367 ornavi?
600 344 675 365 num
689 334 780 375 igitur
797 329 1035 371 reprehenditis?
1053 337 1091 358 an
1101 329 1166 356 An·
1186 361 1188 373 Ι

206 384 307 411 mnios
319 381 421 420 potius
431 387 582 411 ornarem,
594 387 656 408 non
669 373 764 405 modo
778 374 894 405 suarum
905 371 1104 403 familiarum,
1116 368 1165 399 sed
1185 374 1188 415 J

207 426 302 453 Rom.
315 422 452 452 nominis
461 420 580 461 probra,
589 429 677 460 atque
687 416 846 448 dedecora?
860 425 898 445 an
907 414 1107 444 Censorinum
1118 420 1167 441 or-

209 474 280 494 nem
294 485 301 497 ,
314 467 346 495 in
358 463 440 493 bello
450 462 580 495 hostem,
593 463 624 491 in
635 470 704 501 pace
715 458 862 490 sthorem
876 459 886 486 ?
907 466 944 486 an
961 464 1056 486 cetera
1066 463 1104 484 ex
1113 463 1168 482 eo-

207 507 279 536 dem
299 507 458 536 latrocinio
477 504 626 545 naufragia
635 502 798 543 colligam?
822 503 886 540 Ego
897 497 968 528 vero
988 496 1081 529 istos,
1099 496 1167 528 orii,
1187 508 1189 519 ι

206 548 378 579 concordi-2
391 567 400 581 ,
417 548 519 588 legum
531 566 539 581 ,
556 545 758 587 judiciorum,
775 542 918 573 libertatis
929 541 1073 570 inimicos
1084 558 1092 571 ‚
1105 547 1168 567 tan-

210 599 276 620 tum
287 589 365 621 abest
376 599 408 619 ut
417 599 536 622 ornem,
547 597 580 618 ut
591 585 670 618 effici
683 596 746 616 non
756 583 841 626 poffit
856 604 865 617 ,
879 584 954 624 quin
964 589 1084 612 eostam
1096 579 1170 609 ode-

209 634 268 662 rim
279 653 288 666 ‚
309 631 400 672 quam
411 631 548 670 rempub.
560 630 667 670 diligo.
690 627 778 662 Vide,
792 628 908 667 inquit,
922 635 959 654 ne
970 631 1113 652 veteranos
1122 619 1170 651 of—

208 674 323 705 fendas.
346 675 403 704 hoc
412 676 495 703 enim
512 673 560 703 vel
579 671 712 702 maxime
731 669 871 700 exaudio.
896 670 959 708 Ego
970 674 1071 696 autem
1088 672 1170 693 vete-

210 718 382 746 ranostueri
392 715 506 745 debeo:
530 713 580 745 sed
590 715 656 747 hos,
668 712 777 754 quibus
788 712 892 742 sanitas
902 709 960 739 est:
975 706 1052 737 certe
1063 707 1170 735 timere

210 767 275 787 non
285 758 390 788 debeo.
414 767 466 787 eos
484 765 653 789 veteranos,
665 756 716 796 qui
728 764 782 794 pro
801 751 906 792 repub.
924 759 1005 780 arma
1015 756 1171 788 ceperunt,

210 800 362 840 secutique
372 799 480 829 suntC.
493 799 634 829 Caesarem
647 795 822 827 authitate
841 791 1059 823 beneficiorum
1079 798 1174 829 pater-

213 851 324 871 norum
336 862 345 875 ‚
364 841 513 882 hodieque
533 840 668 880 rempub.
691 836 858 868 defendunt
875 843 946 865 cum
968 842 1079 873 magno
1096 831 1171 871 peri-

213 883 294 917 culo,
308 893 371 913 non
381 885 456 913 tueri
467 883 565 913 solum
580 902 588 915 ,
608 881 656 912 sed
667 882 756 910 etiam
765 876 939 910 commodis
948 884 1052 915 augere
1063 873 1170 903 debeo.

210 927 373 965 quiatitem
384 925 528 966 quiescunt
540 944 548 958 ‚
558 933 589 954 ut
601 934 650 954 vi.
663 923 694 952 &
707 931 771 951 iix.
785 921 864 961 legio
876 939 884 953 ‚
905 919 938 948 in
949 926 1055 958 magna
1064 916 1170 956 gloria,

212 969 248 997 &
263 959 349 998 laucse
362 967 520 1007 ponendos
530 975 614 1006 puto.
638 965 765 994 comites
775 962 846 992 vero
859 961 1008 992 Antonii,
1025 960 1080 1029 ¹qui
1089 956 1171 997 post-

210 1018 304 1050 quam
315 1008 460 1039 beneficia
469 1008 589 1037 Caesaris
597 1005 805 1037 comederunt,
819 1003 976 1033 consulem
986 1000 1022 1031 de
1046 1007 1171 1042 gnatum

211 1049 358 1084 obsident,
371 1052 443 1080 huic
454 1050 519 1080 urbi
534 1053 545 1068 ¹
559 1048 767 1089 ferroignique
783 1047 976 1075 minitantur:
992 1045 1076 1073 Saxae
1087 1041 1125 1073 se,
1138 1040 1171 1069 &

212 1094 350 1132 Caphoni
362 1091 545 1123 tradiderunt
556 1111 564 1124 ,
576 1090 610 1120 ad
621 1089 734 1120 facinus
746 1109 755 1122 ‚
767 1087 957 1128 praedamque
968 1084 1044 1115 natis
1056 1103 1065 1117 ‚
1078 1091 1173 1112 num-

210 1137 278 1175 quis
289 1134 341 1169 est,
351 1135 401 1174 qui
413 1133 542 1163 tuendos
550 1134 651 1173 putet?
674 1134 752 1172 Ergo
763 1138 812 1160 aut
821 1129 896 1159 boni
906 1128 984 1160 sunt,
996 1135 1072 1167 quos
1081 1125 1171 1154 etiam

212 1185 332 1206 ornare:
351 1184 402 1206 aut
409 1176 504 1216 quieti
515 1194 523 1208 ‚
544 1184 620 1215 quos
631 1174 804 1204 conservare
824 1171 969 1201 debemus
981 1178 987 1197 τ
1004 1176 1053 1197 aut
1073 1167 1173 1205 impii,

211 1227 342 1258 quorum
353 1226 457 1247 contra
468 1216 603 1247 furorem
616 1237 625 1249 ,
637 1216 669 1245 δε
679 1215 794 1245 bellum
807 1233 815 1247 ‚
829 1210 945 1252 &justa
954 1219 1035 1240 arma
1045 1208 1175 1246 suscepi—

1191 115 1758 169 CicER'oNi‘s'

1205 207 1282 229 mus.
1306 200 1447 238 Qorum
1457 199 1546 239 igitur
1558 209 1769 231 veteranorum
1786 198 1906 230 animos
1917 207 1955 230 ne
1965 196 2166 236 offendamus}
2187 211 2198 235 ι
2207 211 2230 243 5

1205 243 1364 271 veremur?
1387 249 1533 271 eorumne
1546 261 1554 274 ‚
1564 244 1616 282 qui
1628 245 1669 272 D.
1684 245 1809 273 Brutum
1821 240 1975 272 obsidione
1986 244 2112 282 cupiunt
2132 242 2169 273 li-
2228 246 2230 249 '

1206 283 1305 313 berare
1320 284 1330 311 ?
1348 282 1459 322 quibus
1469 281 1543 312 cum
1555 285 1638 313 Bruti
1649 285 1723 315 salus
1733 295 1796 315 cara
1809 283 1843 315 sit
1855 305 1863 319 ‚
1882 295 1933 325 qui
1948 282 2070 324 poss'unt
2083 282 2169 315 Cassii

1208 333 1324 356 nomen
1334 321 1428 356 odisse
1440 332 1450 354 ἓ
1470 333 1508 354 an
1517 334 1624 355 eorum
1636 346 1647 359 ,
1656 328 1709 367 qui
1718 327 1846 367 utrisque
1859 328 1948 357 armis
1961 335 2065 357 vacant
2077 329 2086 355 ?
2103 336 2169 358 non

1207 376 1322 399 vereor,
1334 376 1372 396 ne
1380 365 1503 396 acerbus
1511 368 1586 396 civis
1596 369 1753 409 quisquam
1764 368 1890 399 istorum
1902 367 1944 403 sit,
1954 370 2006 410 qui
2017 368 2071 398 otio
2086 367 2169 400 dele-

1187 422 1188 432 *
1208 408 1335 439 &tantuin
1366 409 1473 438 Tertio
1491 407 1564 438 verb
1579 413 1680 448 generi
1702 420 1766 440 non
1789 411 1926 441 militum
1943 419 2168 445 veteranorum,

1187 457 1188 495 ζ
1208 450 1259 482 sed
1278 448 1608 490 importunissimorum
1627 450 1760 482 hostium
1773 472 1782 486 ,
1799 455 1889 492 cupio
1909 453 2001 493 quam
2021 451 2170 483 acerbiffi-

1208 503 1296 523 mum
1308 492 1447 522 dolorem
1460 493 1588 522 inurere.
1611 503 1792 535 quamquam
1804 514 1812 528 ‚
1831 498 1862 524 P.
1879 497 1910 525 C.
1923 495 2075 535 quousque
2086 494 2169 525 dice-

1210 544 1281 565 mus
1298 535 1459 565 sententias
1468 543 1682 565 veteranorum
1702 536 1863 566 arbitratu?
1882 537 1963 577 quod
1978 547 2083 566 eorum
2104 546 2168 567 tau-

1210 586 1276 608 tum
1286 574 1441 616 fastidium
1458 575 1518 610 est,
1538 585 1694 616 quae‘tanta
1712 580 1899 618 arrogantia,
1914 578 1991 608 utad
2010 579 2167 609 arbitrium

1211 618 1338 648 illorum
1349 621 1562 658 imperatorem
1575 619 1665 648 etiam
1675 618 1841 659 deligamus
1851 622 1861 645 ἲ
1873 623 1936 659 Ego
1946 629 2044 650 autern
2053 620 2171 659 (dicen-

1188 668 1190 675 ¹
1211 660 1287 691 dum
1299 660 1341 690 est
1351 663 1435 691 enim
1447 680 1456 694 ‚
1475 663 1508 690 P.
1521 662 1553 690 C.
1572 660 1655 701 quod
1666 660 1776 700 sentio)
1795 670 1933 690 nontam
1953 670 2106 692 veteranos
2121 665 2170 693 in·

1212 702 1342 733 tuendos
1361 702 1451 733 nobis
1470 702 1596 732 arbitror
1606 722 1614 736 ‚
1633 712 1722 743 quam
1740 701 1813 742 quid
1831 703 1945 732 tirones
1958 704 2071 734 milites
2081 724 2090 738 ,
2113 703 2170 734 flos

1212 745 1317 778 Italiae,
1328 744 1401 785 quid
1411 754 1500 775 novae
1510 744 1643 785 legiones
1655 764 1663 777 ‚
1674 743 1709 773 ad
1720 743 1909 774 liberandum
1918 746 2041 785 patriam
2053 747 2173 785 paratis-

1214 785 1305 819 simae,
1315 786 1387 827 quid
1396 785 1505 816 cuneta
1514 787 1598 816 Italia
1610 786 1647 816 de
1658 785 1751 815 vestra
1759 788 1900 827 gravitate
1918 787 2032 816 sentiat.
2056 789 2170 818 Num.

1212 830 1298 858 enim
1310 829 1425 869 semper
1442 828 1545 858 floret:
1564 836 1630 859 aetas
1642 827 1772 858 succedit
1787 830 1874 858 aetati.
1896 827 1948 858 diu
1964 828 2097 869 legiones
2109 831 2173 859 Ca:-

1214 870 1282 900 saris
1293 879 1472 912 viguerunt:
1492 880 1573 901 nunc
1584 872 1687 910 vigent
1696 870 1793 900 Pansa:
1802 890 1811 903 ‚
1823 872 1926 910 vigent
1938 872 2049 905 Hirtii,
2069 873 2172 912 vigent

1216 912 1335 943 Caesaris
1348 912 1414 946 filii,
1426 914 1529 953 vigent
1540 913 1640 943 Planci
1652 922 1658 940 t
1678 913 1806 942 vincunt
1816 922 1956 946 numero,
1968 914 2095 943 vincunt
2104 922 2174 943 aeta-

1215 954 1293 985 tibus
1305 965 1311 984 :
1338 956 1487 985 nimirum
1506 956 1598 985 etiam
1611 952 1787 985 auam-itate
1802 955 1938 984 vincunt.
1963 954 1993 984 id
2005 956 2089 985 enirn
2109 955 2174 985 bel-

1214 997 1277 1026 lum
1288 1005 1413 1037 gerunt,
1433 996 1515 1037 quod
1525 996 1560 1027 ab
1569 996 1714 1026 omnibus
1723 995 1862 1037 gentibus
1873 996 2096 1036 comprobatur.
2120 999 2173 1027 ita·

1215 1048 1273 1078 que
1284 1040 1330 1068 his
1339 1041 1461 1078 praemia
1470 1037 1614 1078 promiss'a
1624 1038 1692 1068 sunt
1704 1048 1710 1067 z
1730 1038 1792 1067 illis
1801 1038 1958 1078 persoluta.
1977 1037 2114 1069 fruantur
2124 1040 2173 1069 his

1214 1080 1273 1112 illi.
1284 1081 1488 1120 persolvantur
1498 1081 1554 1114 his,
1566 1090 1632 1120 quae
1641 1079 1870 1119 spopondimus.
1894 1079 1924 1109 id
1935 1090 2018 1110 enim
2030 1080 2102 1110 deos
2111 1083 2175 1110 im-

1217 1122 1370 1152 mortaleis
1380 1122 1464 1161 spero
1483 1121 1684 1162 aequiffimum
1699 1121 1844 1160 judicare.
1866 1124 1940 1161 Qae
1958 1120 2029 1151 cum
2046 1124 2086 1153 ita
2104 1121 2179 1155 sint,

1216 1172 1295 1235 garn(i
1307 1173 1397 1204 quam
1407 1163 1491 1197 dixi,
1506 1164 1684 1193 sententiam
1695 1181 1703 1196 ‚
1719 1163 1818 1197 vobis,
1830 1166 1860 1193 P.
1870 1165 1902 1193 C.
1913 1163 2021 1193 censeo
2031 1173 2176 1204 compro-

1238 1214 1275 1234 an
1298 1215 1359 1236 arn.

250 1294 261 1312 2
269 1305 275 1312 .
295 1287 364 1311 Hm,
373 1287 466 1319 lgm-que
475 1283 648 1316 minitantur]
671 1282 815 1309 Lambinus
820 1282 915 1315 serrum
923 1282 1054 1313 ignemque,
1065 1283 1099 1300 ex
1111 1272 1267 1309 conch'cui-at
1277 1273 1409 1300 Ferrarii.
1420 1282 1478 1309 quac
1488 1273 1554 1300 milii
1564 1273 1709 1301 necessaria
1721 1282 1774 1300 non
1787 1272 1903 1305 videtur,
1914 1273 2034 1309 quamvis
2043 1273 2066 1299 is
2076 1272 2153 1300 velit.

548 1384 642 1446 M.
736 1383 1140 1443 TULL11

803 1571 904 1657 N
1028 1482 1158 1652 TI

490 1576 1104 1765 PHPIXLIPPICA

363 1811 713 1860 ORATio
792 1806 1178 1874 QUINQU

493 1913 522 1942 T
531 1920 544 1940 s
556 1920 568 1940 1
589 1907 723 1939 minime
736 1906 839 1938 decere
853 1905 973 1936 videtur
983 1925 993 1939 ‚
1013 1906 1047 1935 P.
1059 1906 1091 1935 C.
1111 1903 1191 1938 falli,

444 1974 448 1980 s
494 1952 612 1993 decipi,
625 1961 718 1982 errare
730 1959 800 1979 eum
814 1969 823 1983 ,
835 1950 884 1979 cui
894 1958 949 1978 vos
959 1948 1104 1977 maximis
1115 1947 1188 1987 saepe

493 1994 530 2025 de
550 1994 637 2024 rebus
655 1991 859 2023 assentiamini
880 2001 886 2020 1
914 1989 1056 2020 consolor
1077 1998 1126 2018 me
1148 1997 1189 2018 ta-

609 2036 756 2076 quoniam
767 2031 911 2073 vobifium
928 2032 1056 2072 pariter,
1077 2030 1110 2061 &
1129 2029 1189 2060 una

461 2077 465 2083 '
494 2089 565 2109 cum
594 2075 808 2118 sapientissimo
829 2074 953 2105 consule
974 2074 1083 2103 erravi.
1117 2082 1188 2103 nam

494 2119 567 2151 cum
585 2119 647 2150 duo
665 2118 835 2150 consulares
853 2117 936 2157 spem
958 2114 1093 2146 honestae
1109 2115 1190 2154 pacis

370 2182 372 2184 v
394 2168 403 2179 '
443 2161 463 2180 ”““
490 2162 579 2193 nobis
588 2159 768 2194 attulissent,
787 2157 869 2200 quod
879 2156 1132 2189 erantfamiliares
1143 2158 1188 2186 M.

222 2208 372 2240 Antonii,
388 2205 470 2247 quod
480 2203 639 2235 domestici
652 2215 661 2237 3
683 2200 766 2232 nosse
776 2200 900 2242 aliquod
911 2200 975 2240 ejus
986 2199 1097 2229 vulnus
1107 2198 1190 2239 quod

222 2250 313 2281 nobis
324 2250 465 2290 ignotum
478 2245 549 2277 esset
560 2267 570 2280 ,
587 2245 779 2277 videbantur.
804 2243 883 2283 apud
893 2242 1020 2272 alterum
1031 2251 1109 2271 uxor
1123 2260 1131 2274 ,
1150 2240 1191 2270 li-

218 2292 284 2323 beri
297 2301 302 2321 :
323 2292 396 2321 alter
406 2309 415 2324 ‚
433 2288 569 2330 quotidie
581 2288 691 2318 litteras
702 2288 820 2316 mittere
831 2304 840 2320 ‚
862 2285 994 2324 accipere
1005 2303 1014 2317 ‚
1035 2282 1133 2323 aperte
1146 2281 1191 2312 fa-

221 2343 292 2365 vere
303 2333 453 2363 Antonio.
478 2332 521 2360 Hi
538 2328 639 2360 subito
658 2329 770 2358 hortari
787 2326 823 2357 ad
837 2335 942 2366 pacem
953 2345 961 2358 ,
981 2325 1063 2366 quod
1071 2323 1190 2365 jamdiu

222 2385 290 2406 non
299 2372 453 2406 fecissent,
475 2382 539 2402 non
556 2370 617 2401 sine
636 2369 719 2400 causa
736 2367 923 2399 videbantur.
946 2364 1072 2397 Acceffit
1085 2365 1189 2395 consul

225 2418 369 2448 hortator.
391 2424 419 2445 at
428 2416 480 2455 qui
490 2413 616 2445 consul?
634 2410 655 2441 si
664 2410 855 2452 prudentiam
865 2409 1029 2450 quaerimus
1040 2427 1049 2441 ,
1067 2409 1118 2448 qui
1129 2408 1191 2436 mi—

226 2459 314 2490 nime
324 2457 386 2489 falli
397 2455 493 2498 posset
505 2467 510 2485 :
532 2454 551 2485 fi
562 2456 705 2485 virtutem
717 2473 724 2487 ‚
740 2453 793 2493 qui
803 2451 919 2482 nullam
929 2460 1032 2490 pacem
1042 2448 1190 2489 probaret,

226 2499 284 2532 nifi
294 2502 432 2531 Antonio
442 2498 584 2530 cedente,
606 2505 693 2537 atque
707 2494 807 2525 vieto:
828 2491 849 2522 fi
867 2491 1111 2533 magnitudinem
1126 2491 1192 2521 ani-

227 2544 291 2577 mi,
309 2544 363 2584 qui
372 2539 522 2581 praeferret
531 2535 804 2577 mortemservituri.
828 2538 892 2565 Vos
903 2543 1002 2565 aurem
1014 2554 1024 2567 ‚
1036 2535 1067 2564 P.
1078 2535 1114 2563 C.
1126 2542 1190 2562 non

226 2593 287 2614 tam
301 2586 502 2614 immemores
512 2580 681 2612 vestrorum
692 2576 932 2619 graviffimorum
944 2575 1134 2606 decretorum
1142 2575 1192 2613 yi-

226 2626 380 2656 dcbamini
392 2646 400 2659 ‚
418 2624 508 2666 quam
526 2627 536 2642 ¹
547 2623 594 2663 spe
607 2622 691 2652 allata
703 2619 906 2659 (deditionem
917 2627 1007 2659 quam
1017 2618 1125 2649 amici,
1141 2625 1193 2656 pa-

227 2678 295 2699 cem
305 2668 450 2708 appellare
460 2674 493 2696 ut
502 2666 605 2706 alieni)
614 2664 651 2695 de
661 2661 859 2703 imponendis
870 2682 879 2695 ‚
891 2670 954 2691 non
964 2660 1000 2690 de
1010 2658 1192 2699 accipiendis

226 2709 342 2750 legibus
350 2710 491 2750 cogitare.
515 2710 647 2738 Auxerat
657 2714 758 2736 autem
769 2713 868 2734 meam
879 2702 1005 2744 quidem
1016 2702 1097 2742 spem
1107 2720 1116 2735 ,
1128 2711 1192 2731 cre-

230 2751 270 2782 do
280 2753 353 2781 item
365 2750 489 2781 vestram
500 2770 509 2784 ‚
520 2748 603 2790 quod
614 2748 744 2778 domum
755 2747 884 2777 Antonii
895 2743 1038 2774 afflictam
1049 2742 1193 2773 moestitia

229 2793 384 2823 audiebam
397 2812 405 2826 ,
428 2793 584 2822 lamentari
599 2799 739 2821 uxorem.
763 2790 834 2818 hinc
852 2788 941 2817 etiam
955 2785 1085 2816 fautores
1095 2788 1194 2815 Anto-

230 2835 275 2864 nii
288 2855 296 2868 ,
316 2842 447 2875 quorum
462 2836 494 2863 in
508 2833 596 2864 vultu
612 2832 745 2863 habitant
758 2831 839 2861 oculi
854 2832 936 2862 mei,
955 2827 1099 2858 tristiores
1109 2827 1194 2857 vide-

230 2877 312 2907 bam.
337 2876 428 2916 Qod
439 2875 458 2905 si
469 2877 584 2905 nonita
593 2873 635 2905 est
646 2895 654 2908 ‚
673 2884 725 2904 cui·
740 2873 755 2903 a
765 2873 870 2903 Pisone
881 2891 890 2905 ,
907 2871 940 2901 &
950 2870 965 2900 a
977 2871 1088 2901 Caleno
1098 2869 1190 2910 potis-

230 2917 341 2948 simum
353 2938 361 2950 ‚
378 2928 428 2947 cur
439 2919 497 2947 hoc
507 2926 643 2957 tempore
652 2936 660 2950 ,
675 2925 727 2946 cur
737 2924 799 2945 tam
809 2911 979 2954 improviso
989 2931 999 2946 ‚
1014 2920 1136 2942 curtam
1147 2921 1193 2940 re-

231 2959 322 3001 pente
332 2961 411 2999 pacis
422 2958 463 2989 est
472 2957 548 2990 faCta
558 2959 694 2989 mentio?
717 2960 816 2999 Negat
824 2955 929 2987 Piso'se
939 2955 1011 2986 scire
1020 2974 1029 2989 ‚
1045 2962 1132 2995 negat
1140 2963 1193 2983 au-

251 1580 394 1665 M.

233 3079 244 3098 1
252 3070 330 3123 .S'Pe
340 3071 417 3095 allata
428 3069 571 3103 (deditionem
581 3079 651 3103 quam
661 3071 732 3095 amici
743 3089 750 3101 ,
766 3077 847 3102 pacem
858 3069 1001 3101 appellarent
1011 3069 1093 3099 alieni)
1114 3066 1139 3091 de
1148 3068 1195 3091 im-

296 3113 350 3138 pon.
361 3106 427 3139 Cym]
454 3106 496 3131 Est
508 3107 522 3131 a
533 3105 705 3136 corileSiaiieo
717 3105 831 3132 Ferrarii
844 3123 851 3137 ‚
872 3103 925 3139 quo
936 3111 1024 3130 tamen
1035 3102 1102 3129 nihil
1113 3101 1169 3129 abit
1179 3103 1194 3128 ἐι

231 3141 288 3168 rnss‘.
299 3151 381 3177 quam
392 3140 465 3177 quod
475 3141 610 3168 deditionem
620 3141 695 3172 facit,
706 3151 739 3167 cx
752 3141 862 3176 vulgato
871 3141 1010 3171 deditionis,-
1031 3148 1079 3175 pro
1089 3148 1142 3174 quo
1153 3146 1194 3165 ta-

229 3178 327 3217 menin
339 3177 397 3206 Pal.
408 3187 449 3213 pr.
469 3186 497 3205 ac
508 3185 595 3213 quart.
606 3177 726 3205 deditium
738 3180 807 3204 amici
820 3196 828 3211 ‚
848 3184 914 3205 tert.
934 3176 1044 3204 deditioni
1053 3177 1144 3209 amitig
1165 3181 1197 3202 ut

1238 1374 1855 1434 CICERONIS

1207 1481 2145 1653 lxbNIUM

1213 1689 1909 1754 DUODECIMA.

1202 1800 2044 1864 AGESIMAQUARTA.

1231 1901 1305 1934 diffe
1315 1901 1481 1944 quidquam
1494 1911 1499 1930 ς
1519 1908 1605 1943 negat
1615 1901 1743 1932 Calenus
1757 1910 1822 1931 rem
1835 1900 1930 1931 ullam
1947 1909 2058 1931 novam
2072 1898 2193 1931 allatam

1229 1944 1298 1976 effe.
1321 1954 1409 1986 atque
1425 1944 1456 1974 id
1473 1954 1556 1974 nunc
1573 1952 1704 1985 negant,
1725 1942 1918 1984 posteaquam
1929 1952 1986 1972 nos
1995 1940 2190 1982 pacificatoria

1230 1988 1379 2029 legatione
1391 1986 1565 2026 implicatos
1574 1994 1689 2025 putant.
1712 1988 1772 2025 Qu
1783 1995 1795 2014 1
1805 1995 1827 2014 n
1846 1994 1896 2015 ER
1905 1994 1927 2014 G
1936 1994 1955 2014 o
1969 1993 2044 2024 opus
2054 1982 2098 2013 est
2106 1993 2191 2013 novo

1230 2027 1358 2061 consilio
1368 2049 1377 2062 ,
1398 2026 1419 2058 fi
1433 2038 1466 2058 in
1477 2038 1506 2058 re
1517 2028 1596 2057 nihil
1606 2029 1739 2057 omnino
1749 2028 1824 2057 novi
1834 2025 1897 2057 est?
1939 2027 2065 2066 Decepti
2077 2045 2086 2059 ‚
2106 2025 2192 2056 dece·
2210 2033 2232 2064 2

1229 2074 1293 2113 pti,
1313 2073 1438 2112 inquam
1452 2090 1461 2104 ‚
1484 2070 1606 2103 sumus,
1626 2076 1721 2109 patres
1734 2069 1912 2109 conscripti:
1935 2069 2064 2098 Antonii
2077 2065 2120 2097 est
2131 2065 2195 2097 affl

1229 2114 1313 2145 causa
1322 2112 1358 2143 ab
1367 2114 1472 2143 amicis
1483 2112 1557 2152 ejus,
1573 2121 1636 2142 non
1643 2109 1768 2153 publica.
1791 2110 1874 2152 quod
1886 2109 2026 2141 videbam
2035 2108 2194 2149 equidem,

1231 2156 1280 2187 sed
1298 2153 1377 2196 quasi
1392 2164 1446 2194 per
1456 2155 1628 2195 caliginem.
1652 2152 1841 2184 restrinxerat
1849 2153 1944 2183 aciem
1955 2151 2194 2182 animiD.Bruti

1231 2198 1316 2229 salus.
1340 2196 1433 2239 Qod
1445 2194 1465 2226 fi
1473 2198 1507 2226 in
1517 2195 1598 2226 bello
1608 2195 1672 2226 dari
1682 2197 1785 2226 vicarii
1795 2195 1940 2225 solerent:
1951 2192 2078 2223 libenter
2088 2201 2150 2226 me,
2162 2200 2195 2222 ut

1233 2242 1273 2270 D.
1292 2241 1401 2269 Brutus
1419 2240 1623 2271 emitteretur,
1643 2247 1698 2277 pro
1716 2237 1772 2267 illo
1798 2235 1915 2267 includi
1939 2243 2061 2275 paterer.
2101 2235 2195 2274 Atqui

1232 2283 1285 2312 hac
1294 2291 1370 2312 voce
1379 2279 1503 2321 QFufii
1514 2280 1591 2320 capti
1602 2280 1705 2309 sumus
1718 2289 1723 2307 :
1743 2281 1793 2308 Ne
1808 2277 1830 2308 fi
1847 2278 1863 2308 a
1877 2278 1996 2308 Mutina
2011 2275 2134 2316 quidem
2149 2286 2196 2305 re-

1231 2321 1366 2357 cefferst,
1386 2322 1543 2352 audiamus
1557 2322 1753 2351 Antonium?
1770 2323 1833 2349 ²ne
1847 2317 1870 2349 fi
1886 2320 1919 2349 in
1936 2318 2052 2348 senatus
2070 2317 2194 2358 quidem

1232 2364 1375 2406 potestate
1386 2363 1522 2393 futurum
1532 2362 1561 2392 se
1571 2362 1681 2392 dixerit
1692 2362 1702 2386 ?
1716 2360 1826 2391 durum
1837 2360 2003 2391 videbatur.
2026 2361 2125 2400 itaque
2135 2358 2195 2389 fra-

1234 2406 1276 2436 &ti
1286 2406 1389 2436 sumus
1401 2415 1406 2434 z
1417 2403 1566 2436 cessimus.
1589 2401 1716 2433 Recedit
1726 2404 1816 2444 igitur
1825 2402 1841 2432 a
1852 2401 1992 2433 Mutina?
2002 2402 2126 2431 Nescio.
2141 2404 2195 2431 Pa-

1232 2456 1277 2478 ret
1287 2447 1421 2478 senatui?
1444 2445 1562 2478 Credo,
1581 2446 1681 2485 inquit
1691 2446 1836 2474 Calenus:
1858 2444 1976 2477 sedita,
1998 2451 2031 2473 ut
2041 2451 2138 2473 teneat
2147 2443 2195 2472 di-

1225 2489 1379 2531 gnitatem.
1402 2487 1496 2519 Valde
1509 2487 1628 2517 hercule
1642 2486 1729 2517 vobis
1741 2486 1936 2517 laborandum
1947 2484 2001 2518 est,
2014 2487 2045 2516 P.
2056 2487 2087 2515 C.
2100 2493 2133 2515 ut
2141 2494 2195 2515 ve-

1234 2531 1322 2562 stram
1344 2530 1523 2572 dignitatem
1540 2529 1700 2562 amittatis,
1720 2538 1784 2574 quae
1805 2530 1940 2559 maxima
1957 2526 2021 2557 est:
2053 2527 2194 2561 Antonii,

1233 2583 1299 2615 quae
1312 2583 1411 2614 neque
1424 2571 1467 2602 est
1480 2572 1541 2602 ulla
1551 2591 1559 2605 ,
1581 2581 1677 2612 neque
1688 2569 1744 2600 efle
1754 2569 1851 2611 potest
1860 2591 1868 2603 ,
1892 2570 2058 2600 retineatis:
2081 2577 2114 2599 ut
2127 2577 2197 2599 eam

1234 2626 1286 2656 per
1301 2625 1356 2646 vos
1373 2623 1543 2655 recuperet,
1564 2623 1654 2654 quam
1673 2613 1765 2652 perse
1783 2612 1922 2652 perdidit.
1946 2611 2083 2651 Sijacens
2092 2610 2198 2640 vobis-

1235 2667 1305 2688 cum
1317 2656 1431 2698 aliquid
1441 2664 1537 2697 ageret
1548 2676 1557 2690 ,
1571 2654 1707 2686 audirem
1717 2653 1835 2684 fortasse
1848 2666 1853 2683 ;
1873 2662 2056 2695 quamquam
2067 2652 2126 2691 (sed
2137 2653 2196 2683 hoc

1236 2699 1318 2730 malo
1337 2699 1446 2739 dicere)
1467 2697 1615 2728 audirem.
1639 2695 1727 2727 stanti
1740 2694 1935 2726 refistendum
1948 2695 2008 2727 est,
2027 2702 2076 2724 aut
2088 2703 2198 2723 conce-

1237 2741 1333 2772 denda
1351 2741 1410 2771 una
1427 2749 1498 2771 cum
1517 2739 1659 2781 dignitate
1678 2738 1809 2769 libertas.
1833 2741 1872 2768 At
1889 2747 1954 2767 non
1971 2735 2014 2766 est
2031 2737 2195 2775 integrum.

1236 2783 1397 2814 constituta
1410 2783 1519 2822 legatio
1532 2781 1584 2811 est.
1609 2782 1667 2820 QJ
1679 2790 1689 2810 1
1700 2791 1721 2810 D
1739 2789 1837 2810 autem
1853 2782 2003 2820 integrum
2018 2787 2084 2806 non
2099 2776 2141 2806 est
2155 2777 2199 2808 sa-

1236 2827 1352 2866 pienti,
1372 2825 1454 2866 quod
1465 2822 1577 2854 restitui
1587 2821 1706 2862 potest?
1723 2822 1853 2861 cujusvis
1870 2821 2008 2850 hominis
2024 2818 2068 2848 est
2086 2829 2196 2849 errare:

1233 2868 1366 2901 nullius,
1379 2865 1434 2897 nifi
1447 2863 1613 2905 insipientis
1625 2884 1632 2897 2
1644 2865 1676 2892 in
1690 2873 1787 2893 errore
1801 2863 1995 2902 perseverare.
2019 2859 2198 2900 posteriores

1234 2912 1319 2940 enim
1332 2908 1531 2950 cogitationes,
1552 2905 1701 2946 (utajunt)
1721 2905 1914 2943 sapientiores
1925 2903 2020 2933 solent
2033 2901 2099 2933 ess'e.
2125 2903 2198 2933 Dis-

1235 2950 1313 2982 cussa
1321 2951 1425 2982 estilla
1435 2950 1529 2991 caligo
1539 2968 1548 2983 ,
1567 2956 1658 2990 quarn
1669 2947 1760 2987 paulo
1770 2946 1837 2977 ante
1849 2946 1914 2976 dixi
1929 2956 1934 2974 ;
1956 2945 2087 2979 diluxit,
2105 2952 2197 2985 patet,

2113 2986 2197 3017 vide-

1239 3065 1311 3091 forte
1323 3063 1424 3094 fuerit5
1444 3061 1578 3086 deditionem
1588 3062 1669 3090 amici,
1678 3067 1758 3091 facem
1767 3066 1823 3091 app.
1834 3060 1917 3084 alieni.
1929 3065 2032 3094 recepta
2042 3055 2123 3084 lefi'tio
2134 3058 2200 3091 ispe

1238 3102 1314 3127 allata
1323 3098 1456 3128 deditionis,
1466 3106 1538 3132 quam
1550 3099 1620 3122 amici
1627 3105 1707 3129 pacem
1717 3097 1833 3128 appellare
1842 3096 1934 3120 mallent
1945 3095 1970 3119 de
1979 3101 2036 3127 imp.
2185 3108 2188 3112 ·

1275 3145 1302 3162 2.
1324 3136 1427 3170 Qfiin
1435 3134 1532 3166 [enatus
1541 3133 1632 3167 quidem
1648 3132 1806 3165 potestatem]
1828 3130 1889 3160 Mss'.
1900 3130 1980 3159 nostri
1987 3131 2122 3165 forestatem
2131 3149 2140 3162 ,
2150 3137 2198 3155 an-

1238 3172 1326 3210 tique.
1336 3170 1407 3207 quod
1418 3170 1444 3198 &
1456 3170 1562 3198 monuit
1572 3168 1705 3198 Suffr'idus
1714 3167 1812 3197 noster.
2146 3198 2200 3227 Ἰώ

2113 3208 2124 3227 l
2131 3219 2136 3226 -
