2302 3353
100 292 102 296 “
136 291 154 325 8

526 143 596 173 DE
644 129 1061 176 luvnurrouss
1109 130 1498 176 RHEToRmA‘
1545 131 1675 176 Lrn.
1712 133 1742 176 Ι.

160 206 322 251 „agendum
333 206 369 238 de
378 206 500 236 materia
508 214 540 235 ac
548 204 690 244 partibus.
715 207 811 247 Qare
821 205 850 233 in
858 206 959 238 ventio,
971 216 1036 246 quae
1046 209 1127 245 prin—

176 259 244 290 ceps
263 248 304 279 est
314 249 455 278 omniurn
465 248 594 286 partium
606 266 614 279 ‚
638 244 825 286 potissimum
834 248 867 275 in
877 256 965 275 omni
976 248 1126 276 causarum

175 300 290 332 genere,
303 289 396 329 qualis
408 287 511 318 debeat
521 286 588 320 effe,
602 286 811 318 consideretur.
846 290 960 317 Oivims
978 297 1022 317 res
1034 307 1042 320 ‚
1063 298 1128 327 qua:

175 331 263 362 habet
279 332 313 360 in
323 330 350 360 se
371 328 492 369 positam
505 331 537 358 in
547 328 680 359 dic-Trione
690 349 698 363 ‚
719 338 767 359 aut
778 329 989 368 disceptatione
998 329 1127 369 aliquam

174 369 421 404 controversiain3
440 381 489 400 aut
503 369 573 400 faeti
586 390 594 403 ,
612 380 662 400 aut
681 372 817 401 nominis
827 391 835 403 ‚
856 379 906 400 aut
923 372 1039 411 generis
1051 390 1058 402 ,
1079 378 1129 399 aut

173 413 300 444 ad'tionis
309 413 444 442 continet
452 411 659 452 quaestionem.
683 415 757 442 Eam
769 414 859 453 igitur
868 411 1077 452 quaestionem,
1089 421 1127 440 ex

171 459 229 496 'qua
238 453 321 484 causa
329 454 465 485 nascitur,
477 453 725 483 constitutionem
735 454 926 493 appellamus.
952 455 973 481 C
972 451 1036 488 onsti
1042 460 1126 485 tutio,

172 494 216 526 est
234 497 330 535 prima
347 494 504 524 conflittio
523 495 674 525 causarum
692 505 731 525 ex
753 493 925 535 depulsione
949 496 1126 524 intentionis

171 536 314 577 profecta,
327 537 384 566 hoc
394 536 488 566 modo
500 547 505 565 z
527 536 631 566 Fecisti
644 557 652 569 ,
665 547 728 566 non
737 535 805 570 feci,
818 538 938 576 autj'ure
948 535 1013 566 feci.
1047 534 1126 565 Cum

166 577 245 618 fasti
256 576 453 608 controversia
462 577 504 608 est
513 598 521 611 ,
543 580 688 619 quoniam
698 577 880 618 conjefiluris
890 577 972 607 caiisa
983 575 1125 609 firmatur,

173 618 348 650 constitutio
359 619 567 658 conjeram-aiis
584 620 754 659 appellatur.
787 618 865 649 Cum
885 627 984 648 autem
1004 619 1126 650 nominis,

171 663 241 702 quia
251 663 296 691 vis
305 661 443 691 vocabuli
453 659 624 691 definienda
634 661 731 691 verbis
742 659 785 690 est
795 681 802 693 ‚
825 658 999 689 constitutio
1017 658 1126 689 defini-

172 711 231 733 tiva
239 705 423 733 nominatur.
452 701 529 732 Cum
541 701 624 734 vero,
636 702 731 743 qualis
742 700 839 733 sities,
853 703 1001 741 quaeritur,
1014 703 1084 741 quia
1094 701 1126 730 ἃ

172 744 208 774 de
218 746 249 774 vi
259 765 266 777 ‚
281 745 313 775 &
324 744 360 774 de
370 754 475 785 genere
487 745 598 784 negotii
609 741 805 773 controversia
816 742 858 772 est
869 763 876 774 ‚
893 752 949 772 con
955 742 1124 781 stitutiogc<

171 786 268 815 neral'zs
277 795 404 816 vocatur.
428 789 467 814 At
477 784 547 814 cum
558 784 641 814 causa
650 794 688 813 ex
698 795 734 813 eo
743 784 862 824 pendet,
875 783 956 824 quod
968 794 1031 813 non
1041 793 1089 813 aut
1099 794 1123 812 is

170 837 254 869 agere
264 827 483 867 videtur,quem
495 835 621 865 oportet,
632 834 755 855 autnon
765 836 834 855 cum
845 836 892 858 eo,
903 828 1026 866 quicum
1038 835 1126 864 opor-

172 878 222 902 tet,
234 878 282 899 aut
292 879 355 898 non
365 867 440 907 apud
450 877 525 908 quos
536 887 544 900 ‚
557 877 617 908 quo
629 877 764 907 tempore
775 887 783 900 ‚
794 877 852 908 qua
861 867 936 908 lege,
951 877 1011 908 quo
1022 868 1125 896 crimi-

172 920 209 940 ne
220 931 229 944 ³
241 920 297 951 qua
306 919 393 949 poena
401 917 535 948 oportet,
549 909 716 945 translativa
728 909 836 938 dicitur
846 908 1020 938 constitutio
1032 919 1037 936 z
1057 910 1125 947 quia

171 951 249 982 aritio
259 972 267 984 ‚
289 950 483 980 transsationis
494 970 502 984 ,
525 950 558 980 ὃς
576 952 822 980 commutationis
841 950 975 990 indigere
995 948 1121 989 videtur.

170 996 268 1038 Atque
285 993 391 1022 harum
409 992 540 1032 aliquam
558 993 591 1021 in
610 1002 703 1021 omne
723 992 814 1022 causa:
822 1001 915 1031 genus
926 991 1058 1021 incidere
1069 1001 1123 1020 nc-

168 1033 243 1064 cesse
254 1032 307 1063 est.
335 1043 403 1063 nam
416 1034 449 1062 in
458 1043 548 1074 quam
558 1043 623 1063 non
635 1033 784 1065 inciderit,
797 1035 829 1062 in
840 1043 872 1062 ea
883 1033 960 1062 nihil
970 1030 1028 1062 effe
1039 1042 1123 1072 pote-

167 1077 206 1106 rit
224 1073 441 1105 controversae.
465 1085 552 1116 quare
572 1085 637 1105 eam
656 1085 695 1104 ne
714 1075 830 1105 causam
840 1074 968 1115 quidem
978 1076 1122 1104 convenit

165 1118 272 1158 putari.
314 1119 357 1147 Ac
364 1115 435 1146 faeti
444 1116 568 1157 quidem
578 1115 774 1146 controversia
784 1137 792 1149 ‚
814 1118 847 1145 in
865 1118 970 1146 omnia
991 1124 1124 1155 tempora

156 1157 263 1199 >potest
273 1157 420 1189 distribui.
433 1168 503 1187 nam
515 1158 586 1199 quid
596 1157 711 1188 fabium
722 1156 764 1190 sit,
776 1157 872 1197 potest
881 1158 1045 1198 quteri,hoc
1056 1167 1123 1186 mo-

166 1200 207 1230 do
219 1210 224 1229 z
246 1199 431 1230 Occideritne
443 1201 564 1239 Ajacem
574 1199 703 1239 Ulyss'es.
739 1202 777 1230 Et
785 1199 858 1240 quid
871 1197 928 1232 fiat,
942 1200 1000 1228 hoc
1011 1199 1105 1228 modo
1119 1209 1122 1227 :

155 1243 292 1280 *Bonone
309 1244 414 1270 animo
433 1239 488 1271 fint
505 1252 571 1282 eiga
590 1241 735 1281 populum
752 1243 934 1271 Romanum
945 1241 1122 1281 Fregellani.

156 1286 205 1320 ⁴Et
214 1283 286 1324 quid
294 1282 431 1312 futurum
441 1281 483 1316 sit,
495 1284 553 1312 hoc
564 1284 658 1312 modo
671 1293 676 1311 2
704 1284 734 1312 Si
746 1283 957 1323 Karthaginem
968 1284 1123 1322 reliqueri-

166 1335 234 1355 mus
253 1325 440 1354 incolumem
452 1344 462 1357 2
485 1334 560 1354 num
581 1324 652 1364 quid
663 1322 898 1353 sitincommodi
909 1323 944 1352 ad
958 1323 1124 1363 rempubli—

156 1377 231 1404 ‚cam
249 1370 470 1406 perventurum.
502 1367 630 1394 Nominis
639 1364 820 1406 controversia
831 1364 872 1394 est
882 1385 890 1398 ‚
912 1363 982 1394 cum
995 1364 1032 1394 de
1042 1363 1122 1394 fauo

165 1409 326 1440 convenit,
348 1407 380 1437 &
397 1409 538 1447 quaeritur
550 1427 559 1440 ,
580 1406 610 1437 id
619 1406 702 1448 quod
712 1406 824 1437 faEtum
836 1405 878 1436 est
889 1427 896 1439 ‚
920 1416 980 1447 quo
993 1408 1121 1436 nomine

163 1450 333 1490 appelletur.
362 1458 423 1489 quo
443 1450 476 1478 in
495 1459 601 1489 genere
613 1469 621 1482 ,
643 1447 758 1478 necesse
776 1447 818 1478 est
838 1447 907 1478 ideo
916 1449 1053 1477 nominis
1064 1446 1121 1477 este

164 1488 407 1523 controversiam,
428 1489 442 1530 [
453 1494 463 1510 ¹
475 1500 539 1520 non
549 1490 630 1530 quod
642 1490 678 1519 de
688 1490 787 1529 reipsa
798 1499 861 1519 non
871 1489 1044 1530 conveniat]
1057 1499 1121 1519 non

162 1532 244 1574 quod
255 1532 289 1562 de
300 1531 379 1561 fatto
390 1542 453 1562 non
464 1531 596 1565 constet,
621 1531 668 1562 sed
679 1532 759 1572 quod
770 1531 799 1561 id
811 1551 819 1564 ‚
843 1531 924 1572 quod
942 1530 1056 1561 frilz‘tum
1075 1529 1119 1565 sit,

163 1573 244 1604 aliud
262 1574 313 1603 alii
329 1573 463 1603 videatur
472 1572 529 1603 esse
540 1594 548 1607 ,
573 1574 605 1603 &
616 1573 728 1603 idcirco
737 1572 811 1602 alius
822 1573 881 1602 alio
893 1574 1019 1602 nomine
1030 1572 1060 1602 id
1071 1583 1121 1613 ap-

162 1616 261 1656 pellet.
285 1617 381 1656 Qiare
398 1617 432 1645 in
450 1614 625 1650 huiusmodi
644 1614 802 1655 generibus
822 1613 992 1644 definienda
1012 1624 1055 1643 res
1067 1617 1122 1644 erit

162 1657 261 1687 verbis
271 1677 279 1690 ,
300 1658 333 1688 &
343 1657 470 1687 breviter
478 1657 669 1687 describenda
682 1667 687 1686 ι
710 1666 742 1686 ut
753 1676 762 1690 ‚
782 1655 803 1685 fi
811 1658 877 1696 quis
889 1655 1004 1686 sacrum
1014 1665 1051 1685 ex
1060 1658 1123 1695 pri-

163 1707 231 1730 vato
241 1699 410 1739 surripuerit
419 1719 427 1732 ‚
448 1698 549 1729 utrum
564 1697 618 1738 fur
629 1720 638 1733 ,
658 1709 695 1729 an
726 1698 863 1739 acrilegm
881 1695 915 1727 sit
931 1697 1118 1736 judicandus.

164 1751 235 1771 nam
246 1740 286 1774 id,
301 1739 372 1771 ct'im
383 1743 532 1782 quaeritur,
544 1739 658 1771 necesse
669 1743 725 1771 erit
733 1739 859 1771 definire
870 1749 1017 1782 utrunque
1027 1761 1036 1774 ,
1049 1740 1121 1782 quid

165 1781 199 1812 fit
214 1781 280 1816 fur,
302 1782 375 1823 quid
393 1783 549 1824 sacrilegus
559 1804 567 1817 ‚
590 1783 622 1813 δε
632 1783 681 1813 sua
690 1782 886 1823 descriptione
896 1781 1051 1813 ostendere
1062 1784 1132 1813 alio

163 1825 290 1855 nomine
309 1824 393 1855 illam
413 1835 477 1854 rem
498 1845 506 1859 ,
539 1825 575 1855 de
596 1835 652 1866 qua
669 1827 782 1866 agitur,
805 1825 944 1865 appellari
963 1835 1100 1865 oportere
1112 1846 1120 1859 ,

163 1874 248 1907 atque
267 1865 422 1896 adversarii
440 1866 552 1896 dicunt.
576 1869 701 1896 Generis
712 1866 754 1897 est
764 1865 962 1896 controversia
970 1887 978 1900 ‚
1001 1866 1074 1896 cum
1088 1867 1120 1897 ὃς

164 1907 237 1948 quid
246 1906 359 1936 fa&um
371 1905 414 1940 sit,
430 1910 573 1937 convenit
584 1928 592 1941 ‚
605 1908 638 1938 δε
647 1918 708 1949 quo
719 1908 749 1938 id
759 1907 873 1937 stafilum
885 1909 1011 1938 nomine
1021 1909 1120 1948 appel-

165 1949 219 1978 lari
229 1957 361 1987 oporteat
370 1968 378 1981 ‚
391 1948 503 1978 constat
516 1959 520 1977 :
533 1951 566 1979 &
577 1958 677 1979 tamen
688 1969 696 1982 ‚
708 1958 852 1990 quantum
864 1969 872 1982 ,
885 1950 917 1979 δε
927 1950 1097 1987 cujusmodi
1106 1970 1113 1984 ‚

166 1990 201 2020 ὃς
211 1999 340 2019 omnino
352 1990 437 2029 quale
447 1988 480 2019 sit
491 2010 499 2022 ,
510 1992 652 2030 quaeritur
663 2001 671 2023 ς
683 1991 740 2020 hoc
753 1990 848 2020 modo
860 1990 994 2031 :Justum
1005 2011 1013 2024 ‚
1025 2001 1062 2020 an
1073 1993 1122 2021 in-

162 2030 279 2072 justum
291 2032 383 2059 :utile
393 2051 401 2064 ‚
414 2041 450 2060 an
461 2032 567 2061 inutile
578 2051 586 2064 ‚
600 2031 632 2062 δε
645 2034 749 2061 omnia
760 2052 767 2065 ‚
780 2033 813 2061 in
822 2033 941 2072 quibus,
952 2032 1037 2072 quale
1047 2031 1081 2062 sit
1090 2033 1120 2062 id

165 2072 246 2113 quod
256 2071 368 2101 fatStum
381 2071 423 2101 est
433 2093 442 2105 ‚
462 2075 618 2112 quaeritur,
630 2072 689 2103 sine
700 2074 759 2103 ulla
768 2075 904 2103 nominis
915 2072 1119 2104 controversia.

166 2115 247 2144 Huic
256 2115 357 2154 generi
369 2115 564 2154 Hermagoras
574 2116 679 2153 parteis
697 2123 835 2154 quattuor
854 2115 1006 2154 supposuit
1015 2135 1023 2148 ‚
1045 2115 1121 2144 deli—

163 2155 327 2186 berativam
347 2175 354 2188 ‚
375 2154 639 2185 demonstrativam
658 2176 666 2189 ‚
685 2156 886 2195 juridicialem
899 2176 908 2189 ,
928 2157 1119 2195 negotialem]

164 2196 246 2238 quod
256 2197 319 2236 ejus
329 2217 337 2230 ,
351 2205 382 2226 ut
391 2206 447 2226 nos
457 2206 606 2236 putamus,
622 2207 686 2226 non
697 2197 848 2226 mediocre
858 2207 1012 2237 peccatum
1022 2207 1120 2237 repre-

164 2238 359 2269 hendendum
369 2238 485 2268 videtur
496 2249 501 2267 2
513 2242 526 2257 ²
537 2237 644 2268 verum
656 2239 749 2272 brevi,
762 2249 810 2271 ne,
821 2237 842 2268 si
852 2247 901 2268 aut
910 2240 989 2268 taciti
999 2248 1120 2279 piaeter-

162 2281 287 2316 iesimus
298 2300 306 2313 ,
328 2278 388 2309 fine
398 2280 482 2310 causa
492 2289 555 2310 non
566 2281 657 2310 secuti
668 2290 735 2309 eum
748 2287 904 2320 putemur:
919 2289 968 2310 aut
977 2279 998 2310 si
1008 2280 1120 2310 diutius

163 2323 196 2352 in
206 2322 262 2351 hoc
272 2320 493 2351 constiterimus
505 2342 513 2354 ‚
536 2331 652 2351 moram
665 2342 673 2355 ‚
685 2331 770 2362 atque
781 2321 1038 2361 impedimentum
1050 2322 1120 2351 reli-

184 2365 229 2393 uis
239 2364 388 2403 praeceptis
399 2362 531 2392 intuliss'e
542 2363 708 2393 videamur.
718 2366 748 2393 Si
758 2363 982 2396 deliberatio‚&
992 2363 1120 2393 demon-

222 2407 263 2434 tio
274 2424 282 2438 2
293 2414 399 2445 genera
410 2404 477 2434 sunt
485 2405 636 2435 causarum
649 2425 657 2438 ,
670 2413 733 2434 riori
742 2403 862 2444 pofl'unt
871 2404 950 2434 reete
960 2414 1054 2444 partes
1065 2406 1119 2435 ali-

163 2447 248 2486 cujus
259 2447 373 2488 generis
383 2445 473 2475 causae
484 2447 589 2485 putari.
601 2449 722 2476 EADEM
733 2448 818 2476 enim
829 2456 874 2476 res
881 2446 935 2476 aiii·
945 2457 1039 2487 genus
1050 2445 1117 2480 effe,

162 2488 213 2518 alii
222 2497 285 2527 pars
294 2486 405 2527 potest:
431 2487 528 2517 eidem
541 2498 633 2528 genus
643 2486 701 2517 effe
713 2489 745 2518 &
755 2498 819 2527 pars
830 2498 894 2518 non
903 2487 1008 2527 potest.
1032 2488 1120 2517 Deli-

162 2525 275 2560 beratio
283 2538 392 2562 autem,
405 2529 438 2558 δε
448 2528 673 2562 demonstratio,
684 2539 790 2570 genera
798 2530 865 2559 sunt
874 2529 1036 2559 causarum.
1047 2540 1117 2559 nam

163 2580 212 2601 aut
222 2571 342 2600 nullum
353 2571 443 2600 causae
474 2581 545 2600 enus
556 2569 599 2600 eff
609 2591 617 2603 ,
629 2570 826 2610 autjudiciale
838 2571 936 2600 solum
949 2591 957 2603 ,
970 2580 1018 2600 aut
1029 2571 1118 2610 &ju-

163 2612 279 2646 diciale‚
291 2612 324 2642 δε
335 2581 615 2644 ἀεηιοηῇῐᾶῑὶωπ),
628 2612 660 2642 &
671 2612 910 2642 deliberativum.
930 2613 1059 2642 Nullum
1072 2613 1118 2642 di-

163 2664 228 2684 cere
246 2653 336 2683 causae
354 2651 411 2682 effe
422 2663 515 2693 genus
527 2674 535 2686 ,
555 2664 626 2683 cum
636 2654 733 2683 causas
745 2653 802 2683 effe
813 2655 922 2683 multas
932 2653 1026 2687 dicat,
1040 2655 1117 2684 &in

161 2705 207 2725 eas
217 2704 357 2735 praecepta
366 2694 433 2728 det,
461 2698 472 2721 3
483 2697 612 2726 amentia
620 2694 670 2724 est.
695 2698 800 2725 Unum
811 2703 912 2724 autern
919 2695 1059 2734 judiciale
1069 2696 1116 2725 so-

161 2737 227 2766 lurn
237 2735 294 2766 efl'e
303 2734 542 2776 quipotestssi‘lm
553 2736 725 2766 deliberatio
737 2737 769 2766 δε
783 2736 1006 2769 demonstratio,
1020 2747 1116 2777 neque

160 2778 230 2818 ipsae
248 2776 358 2807 similes
376 2779 453 2807 inter
473 2778 500 2808 se
518 2776 574 2807 sint
584 2779 616 2807 ὃς
626 2778 661 2807 ab
677 2778 810 2818 judiciali
829 2787 935 2818 genere
948 2778 1059 2818 plurim
1065 2788 1116 2808 um

162 2818 316 2849 diffideant
326 2819 358 2848 &
368 2819 455 2848 suum
466 2829 589 2859 quaeque
609 2818 701 2849 finem
721 2819 824 2849 habeat
833 2840 840 2853 ‚
862 2818 923 2860 quo
943 2819 1044 2849 rerem-i
1065 2820 1116 2849 de-

161 2860 247 2891 beat?
266 2861 445 2901 relinquitur
454 2871 522 2901 ergo
533 2881 542 2894 ,
554 2869 585 2891 ut
596 2863 701 2890 omnia
711 2862 763 2891 tria
772 2871 878 2901 genera
887 2860 942 2891 sint
951 2862 1113 2891 causarum.

199 3001 224 3020 1.
242 2997 293 3019 Non
302 2995 363 3029 quod
370 2995 396 3019 de
406 2994 488 3027 reipsa
498 3003 542 3019 non
561 2995 708 3027 convenias]
730 2995 795 3020 Haec
808 2996 887 3021 ‘uncis
907 2994 1092 3031 circumscripsi
1104 3015 1112 3027 ,

161 3030 387 3065 tanquainipuiia.
408 3038 478 3055 certe
489 3029 545 3056 Pal.
557 3029 606 3055 stc.
617 3029 725 3056 habebat
738 3050 745 3062 ‚
764 3031 825 3065 quod
841 3031 867 3056 Ae
887 3041 910 3056 re
928 3032 988 3066 qnod
1003 3032 1053 3064 ipsit
1070 3042 1113 3057 mu

160 3068 282 3090 comenia!
294 3084 301 3096 ‚
314 3065 363 3090 siue
374 3066 460 3101 priore
470 3075 525 3091 mn.

200 3107 228 3124 ι.
247 3101 429 3139 Verum-brevi]
442 3102 521 3128 Haud
531 3100 609 3130 aliter
619 3111 723 3139 quoque
734 3101 802 3132 Pali.
813 3101 902 3132 nostri:
914 3102 1003 3138 itaque
1013 3111 1065 3131 non
1077 3103 1111 3130 est

164 3134 318 3163 mutandum
329 3145 355 3164 m
366 3137 478 3164 breviter.

2057 145 2119 192 37

1170 205 1353 236 Deliberatio
1364 208 1463 248 igitur,
1477 207 1509 236 ὃς
1518 206 1734 237 demonstratio
1744 227 1752 240 ‚
1765 216 1829 237 non
1838 204 2047 247 poffiintreSte
2056 216 2122 246 pai·—

1170 255 1211 274 tes
1221 248 1345 287 alicujus
1355 249 1470 289 generis
1480 248 1570 277 causae
1579 250 1684 288 putari.
1709 249 1788 277 Male
1809 250 1897 288 igitui-
1915 258 1960 278 eas
1978 248 2121 289 generalis

1171 287 1392 318 constitutionis
1402 291 1506 328 parteis
1517 288 1573 319 effe
1584 289 1671 320 dixit.
1698 289 1788 329 de
1800 288 1818 318 si
1828 292 1945 330 generis
1955 289 2045 319 causae
2056 298 2120 329 par-

1170 336 1211 355 tes
1222 339 1284 357 non
1294 329 1412 368 possunt
1422 331 1500 360 reite
1511 333 1614 370 putari,
1626 331 1722 361 multo
1733 333 1834 361 minus
1844 332 1922 360 reete
1933 333 2020 371 partis
2031 332 2122 361 causae

1169 377 1261 407 partes
1271 371 1459 407 putabuntur.
1473 376 1538 402 Pars
1549 382 1646 403 autem
1658 374 1757 407 causae,
1770 372 1944 402 constitutio
1956 371 1998 401 est
2008 375 2119 401 omnis.

1172 419 1235 439 non
1246 412 1328 439 enim
1340 413 1421 441 causi
1432 413 1466 442 ad
1477 413 1721 444 constitutionem
1734 435 1742 449 ‚
1763 414 1810 444 sed
1822 413 1996 444 constitutio
2006 413 2041 443 ad
2053 424 2120 443 cau-

1171 451 1231 480 sam
1250 453 1501 482 accommodatur
1526 455 1580 484 Sed
1592 455 1804 486 demonstratio
1815 456 1847 486 δε
1857 455 2031 486 deliberatio
2042 475 2049 487 ‚
2071 466 2122 496 ge·-

1170 494 1248 521 neris
1259 492 1348 522 causae
1360 495 1452 532 partes
1463 505 1524 524 nori
1536 496 1654 534 possunt
1666 497 1742 527 reste
1754 499 1865 537 putari,
1885 497 1967 538 quod
1978 497 2037 536 ipsa
2056 498 2123 526 sunt

1167 543 1283 573 genera.
1315 535 1412 563 multo
1423 536 1512 574 igitur
1523 547 1624 566 minus
1634 538 1713 568 redte
1721 541 1808 578 partis
1822 540 1884 578 ejus
1895 559 1903 572 ‚
1924 538 2005 579 quod
2017 539 2065 568 hic
2075 538 2123 568 di-

1168 576 1228 607 cit,
1251 584 1294 613 pai
1303 583 1344 604 tes
1363 577 1551 614 putabuntur.
1574 580 1693 609 Deinde
1705 579 1724 609 si
1734 579 1906 610 constitutio
1918 600 1925 613 ‚
1947 581 1979 610 &
1989 580 2047 619 ipsa
2058 600 2066 613 2
2088 581 2121 609 ἂ

1166 626 1229 655 pars
1240 615 1463 646 constitutionis
1477 618 1539 656 ejus
1551 620 1688 657 que-‘libet
1699 642 1706 654 ‚
1727 624 1903 652 intentionis
1915 619 2045 661 depulsio
2059 620 2101 651 est
2114 632 2121 649 :

1168 668 1232 697 quae
1253 659 1429 687 intentionis
1448 657 1579 698 dipulsio
1593 670 1655 689 iion
1667 662 1707 690 eil
1720 683 1725 694 ‚
1747 673 1779 692 ea
1790 674 1843 699 nec
1853 663 2025 693 constitutio
2037 684 2045 696 ‚
2066 673 2122 692 nec

1166 709 1230 738 pars
1241 698 1463 729 constitutionis
1475 699 1525 729 est.
1560 703 1599 730 At
1609 699 1638 734 si,
1651 712 1714 741 quac
1726 706 1902 734 intentionis
1914 703 2044 745 depulsio
2056 714 2121 734 non

1169 739 1221 773 est,
1236 751 1268 770 ea
1278 751 1333 770 nec
1343 740 1518 771 constitutio
1529 762 1537 775 ,
1549 752 1604 772 nec
1613 752 1676 782 pars
1687 744 1910 776 constitutionis
1920 746 1962 776 est
1974 758 1978 775 ;
1990 747 2121 776 demon-

1168 780 1278 815 stratu),
1291 783 1322 811 ὃ(
1335 782 1520 816 deliberatio,
1535 794 1629 824 neque
1640 784 1825 819 constitutio,
1837 798 1891 817 nec
1902 798 1964 827 pai-s
1976 787 2121 817 constitu-

1167 825 1256 852 tionis
1269 823 1318 853 est*
1333 826 1362 853 Si
1373 826 1461 863 igitur
1471 824 1692 858 constantim&
1705 827 1811 866 ipsa‚&
1822 838 1882 867 pars
1894 831 2120 868 ejus,intenti0-

1165 867 1211 894 nis
1222 863 1354 905 depulsio
1365 865 1407 895 est
1418 876 1422 893 z
1437 865 1620 900 deliberatio,
1633 867 1665 896 ὃς
1676 867 1999 910 ἀτωοηίὶτᾱῐᾶοωεςυε
2008 866 2120 900 'consti-

1166 908 1241 936 tutio
1254 926 1261 938 ,
1274 916 1369 947 neque
1380 916 1442 946 pars
1454 907 1678 938 constitutionis
1688 908 1739 939 est.
1764 911 1862 940 Placet
1871 920 1968 940 autem
1980 911 2031 951 ipsi
2042 932 2050 944 ‚
2071 914 2119 941 in·-

1164 949 1307 977 tentionis
1317 947 1374 977 effe
1385 947 1599 987 depulsionem.
1623 950 1735 980 Placeat
1744 953 1833 996 igitur
1842 961 1958 990 oportet
1967 973 1974 984 ,
1990 954 2119 982 demon—

1165 988 1337 1019 strationem
1351 990 1383 1018 δε
1394 990 1642 1021 deliberationem
1654 1002 1709 1021 nec
1719 992 1775 1022 esie
1786 992 2032 1024 constitutionem
2045 1015 2053 1027 ,
2064 1005 2120 1024 nec

1162 1040 1274 1069 partem
1295 1030 1530 1061 constitutionis.
1554 1035 1651 1074 Atque
1670 1034 1728 1063 lioc
1746 1034 1855 1064 eodem
1873 1035 2041 1076 urgebitur,
2061 1035 2119 1065 live

1162 1071 1409 1102 constitutionem
1422 1093 1429 1106 ‚
1448 1076 1578 1112 primam
1590 1077 1678 1104 causae
1687 1095 1694 1108 ‚
1720 1076 1892 1105 accusatoris
1911 1087 1968 1106 con
1974 1076 2118 1106 firmatio-

1163 1124 1234 1143 nem
1246 1113 1373 1148 dixerit,
1390 1113 1447 1144 five
1458 1114 1622 1146 defensoris
1636 1119 1764 1156 primam
1777 1118 2023 1157 deprecationem.
2048 1128 2118 1148 nam

1162 1165 1231 1184 eum
1251 1155 1354 1185 eadem
1374 1158 1478 1186 omnia
1489 1158 1685 1187 incommoda
1696 1159 1862 1199 sequentur.
1887 1160 2007 1190 Deinde
2017 1161 2125 1200 come--

1163 1196 1282 1226 &tii-alis
1292 1197 1374 1227 causa
1385 1207 1448 1227 non
1459 1198 1555 1238 p0test
1566 1198 1652 1228 simul
1671 1210 1709 1229 ex
1728 1200 1831 1230 eadem
1840 1209 1920 1240 parte
1931 1222 1938 1234 ,
1958 1201 2067 1231 eodem
2088 1204 2120 1231 in

1160 1248 1268 1279 genere
1278 1239 1311 1268 ὃς
1320 1238 1527 1278 εοη]ε’ἑὶυι’3115
1538 1239 1594 1270 effe
1606 1261 1614 1273 ,
1626 1241 1659 1270 &
1670 1240 1831 1272 definitiva.
1856 1243 1968 1272 Rursus
1980 1253 2035 1273 nec
2044 1242 2119 1273 defi-

1163 1281 1255 1309 nitiva
1266 1280 1348 1309 eausa
1357 1280 1453 1320 potest
1465 1279 1552 1310 simul
1562 1292 1600 1311 ex
1608 1282 1712 1312 eadem
1720 1313 1723 1317 ,
1732 1293 1811 1323 parte
1822 1303 1831 1315 ‚
1851 1284 1959 1314 eodem
1971 1287 2002 1314 iri
2012 1295 2123 1326 genere

1163 1322 1195 1351 Sc
1204 1320 1359 1351 definitiva
1368 1321 1440 1356 effe,
1451 1322 1483 1352 &
1494 1323 1665 1354 translativa.
1691 1327 1728 1354 Et
1738 1327 1867 1355 omnino
1879 1335 1995 1355 NULLA
2007 1325 2119 1356 consti-

1161 1365 1238 1392 tutio
1249 1383 1256 1396 ,
1279 1373 1335 1393 nec
1343 1373 1406 1403 pars
1417 1363 1642 1395 constitutionis
1652 1365 1747 1405 potest
1757 1365 1844 1396 simul
1857 1367 1888 1396 &
1899 1368 1980 1397 suam
1992 1360 2097 1397 habere
2109 1387 2120 1400 ,

1163 1405 1195 1434 &
1205 1405 1322 1434 alterius
1337 1407 1368 1434 in
1379 1405 1405 1434 se
1417 1407 1480 1434 vim
1491 1408 1654 1436 continere:
1666 1406 1736 1437 ideo
1746 1407 1828 1448 quod
1838 1419 2019 1450 unaquaeque
2030 1419 2067 1439 ex
2078 1410 2118 1443 se,

1162 1446 1194 1475 &
1205 1456 1243 1475 ex
1254 1447 1302 1476 sua
1313 1456 1415 1476 natura
1425 1445 1598 1487 fimplicitei·
1607 1448 1812 1479 consideratur:
1824 1451 1912 1480 altera
1921 1450 2118 1483 afl'umtmnu-

1161 1497 1260 1517 merus
1277 1487 1527 1518 constitutionum
1547 1490 1714 1530 duplicatur
1723 1511 1730 1524 ‚
1746 1501 1811 1521 non
1829 1494 1874 1521 vis
1894 1491 2120 1522 constitutionis

1160 1538 1289 1570 augetur.
1309 1533 1348 1559 At
1358 1530 1549 1561 deliberativa
1558 1532 1640 1562 causa
1650 1529 1736 1562 simul
1747 1543 1785 1562 ex
1796 1533 1898 1564 ead-em
1909 1543 1999 1574 parte,
2009 1534 2120 1564 eodem

1160 1573 1192 1600 in
1203 1581 1308 1612 genere
1321 1572 1354 1601 &
1364 1571 1597 1611 conje&uralem
1608 1593 1616 1607 ‚
1630 1573 1662 1603 &
1671 1575 1839 1614 generalem
1851 1595 1859 1608 ,
1874 1576 1905 1605 &
1916 1575 2117 1609 definitivam>

1162 1613 1194 1642 ὃς
1205 1612 1403 1643 transsativam
1415 1614 1489 1644 solet
1508 1614 1614 1644 habere
1632 1615 1879 1646 constitutionem
1892 1637 1899 1650 ‚
1921 1618 1953 1647 &
1963 1628 2054 1647 unam
2064 1618 2120 1647 ali-

1159 1654 1290 1695 quando,
1306 1655 1339 1684 &
1347 1655 1457 1695 plureis
1467 1665 1700 1697 nonnunquam.
1729 1668 1799 1698 ergo
1810 1659 1869 1698 ipsa
1879 1669 1934 1688 nec
1944 1659 2120 1689 constitutio

1161 1695 1220 1731 est,
1233 1706 1289 1727 nec
1302 1706 1366 1737 pars
1377 1696 1611 1727 constitutionis.
1641 1698 1726 1729 Idem
1739 1701 1771 1729 in
1780 1699 2035 1731 demonstratione
2046 1701 2121 1731 solet

1160 1739 1214 1769 usu
1223 1741 1353 1769 evenire.
1377 1741 1493 1769 Genera
1502 1741 1603 1783 igitur,
1616 1749 1648 1771 ut
1657 1740 1726 1771 ante
1737 1741 1881 1776 diximus,
1894 1744 1957 1774 haec
1966 1743 2116 1773 caus-anim

1159 1782 1288 1822 putanda
1298 1782 1365 1812 sunt
1374 1803 1382 1817 ,
1396 1793 1460 1813 non
1469 1791 1563 1823 partes
1572 1783 1660 1823 alicuj
1664 1793 1696 1814 us
1707 1783 1940 1815 constitutionis.
1965 1787 2038 1815 Haec
2047 1795 2115 1826 ergo

1160 1823 1344 1858 constitutio,
1355 1835 1444 1865 quam
1454 1825 1621 1866 generalem
1631 1827 1826 1856 nominamus
1837 1847 1845 1860 ,
1856 1828 1961 1866 parteis
1971 1827 2060 1857 nobis
2070 1829 2117 1856 vi·-

1159 1865 1244 1895 detur
1253 1866 1323 1896 duas
1334 1867 1451 1900 habere,
1461 1867 1711 1907 juridicialem‚&
1721 1869 1912 1908 negotialem.
1933 1869 2117 1910 juridicialis

2144 299 2187 323 10

2140 1794 2175 1818 it

1160 1906 1203 1938 est
1215 1928 1223 1940 ,
1245 1911 1262 1934 4
1273 1909 1305 1937 in
1315 1918 1372 1949 qua
1381 1910 1457 1949 aequi
1469 1909 1501 1938 &
1511 1910 1608 1949 iniqui
1618 1918 1717 1938 natum
1729 1929 1737 1942 ‚
1749 1912 1920 1949 autpraemii
1931 1930 1939 1944 ‚
1962 1919 2009 1940 aut
2019 1920 2121 1950 poenae
2158 1932 2169 1936 -

1161 1951 1234 1978 ratio
1243 1959 1392 1989 quaeritur.
1420 1952 1467 1979 Ne
1490 1951 1586 1979 otialis
1598 1950 1640 1979 est
1652 1970 1660 1983 ‚
1680 1952 1713 1979 in
1723 1961 1797 1991 qua,
1818 1952 1974 1992 quidjuris
1986 1962 2023 1981 ex
2032 1952 2117 1982 civili

1163 2000 1265 2024 more,
1281 1991 1313 2020 &
1323 1993 1458 2031 aequitate
1480 2000 1501 2020 it
1511 2011 1520 2025 ,
1535 1989 1732 2021 consideratur
1745 2003 1749 2020 :
1769 1994 1815 2021 cui
1826 1993 1988 2034 diligentiae
1998 1991 2117 2032 praeefl'e

1159 2031 1235 2071 apud
1247 2032 1501 2071 nosjurzfconfiaelrz
1511 2032 1730 2062 existimantur.
1755 2034 1982 2072 Aejuridicialis
1991 2035 2117 2074 quidem

1158 2074 1219 2113 ipsa
1237 2075 1270 2102 in
1288 2073 1359 2102 duas
1380 2073 1566 2103 distribuitur
1583 2076 1706 2114 parteis,
1724 2074 1889 2105 absolutam
1901 2096 1909 2108 ,
1931 2077 1964 2105 ὃς
1982 2074 2118 2105 assumti-

1158 2125 1238 2144 vam.
1271 2115 1413 2144 Absoluta
1433 2114 1494 2148 est,
1517 2125 1581 2155 qum
1600 2116 1658 2155 ipsa
1678 2119 1708 2144 in
1721 2116 1748 2145 se
1759 2119 1893 2146 continet
1913 2117 2001 2153 iuris,
2024 2117 2118 2147 &in-

1155 2157 1239 2196 juriae
1259 2155 1464 2196 quaestionem.
1498 2155 1663 2187 Afl'umtiva
1686 2156 1746 2191 est,
1771 2167 1835 2198 quae
1854 2159 1914 2198 ipsa
1933 2168 1971 2187 ex
1990 2159 2017 2188 se
2037 2159 2115 2188 nihil

1162 2196 1243 2226 firmi
1262 2199 1309 2226 dat
1327 2197 1362 2227 ad
1380 2198 1594 2228 recusationem
1610 2209 1614 2226 :
1635 2201 1706 2228 roris
1725 2209 1825 2228 autem
1845 2198 2122 2239 aiiq=.1iddesensio--

1159 2241 1206 2268 nis
1217 2236 1344 2268 assiimit.
1370 2240 1441 2278 Ejus
1452 2249 1545 2279 partes
1555 2241 1621 2270 sunt
1631 2249 1766 2281 quattuor
1777 2261 1784 2274 ‚
1797 2240 1943 2271 conceffio
1954 2262 1961 2274 ‚
1984 2245 2116 2272 remotio

1161 2281 1297 2310 criminis
1308 2300 1316 2313 2
1329 2281 1430 2311 relatio
1441 2283 1577 2311 criminis
1588 2302 1596 2315 ‚
1609 2285 1798 2321 comparatio.
1834 2283 1958 2322 Concessio
1969 2282 2010 2312 est
2022 2304 2029 2316 ‚
2041 2283 2115 2313 cum

1159 2332 1225 2352 reus
1236 2332 1299 2351 non
1309 2322 1338 2351 id
1351 2342 1359 2355 ‚
1371 2323 1451 2363 quod
1461 2322 1574 2352 facium
1586 2323 1628 2353 est
1641 2345 1647 2356 ,
1659 2323 1795 2353 defendit
1804 2345 1811 2357 ,
1824 2325 1872 2354 ssd
1884 2334 1915 2354 ut
1924 2326 2090 2365 ignoscatur
2101 2345 2117 2357 ‚-

1157 2363 1293 2403 postulat.
1325 2365 1387 2394 haec
1399 2366 1430 2393 in
1442 2365 1511 2394 duas
1522 2368 1627 2404 parteis
1645 2365 1790 2395 dividitur
1800 2386 1807 2399 ‚
1828 2375 2036 2405 purgationem
2049 2386 2056 2399 ‚
2079 2367 2114 2396 ὃς

1158 2405 1407 2445 deprecationem.
1419 2408 1555 2447 Purgatio
1566 2406 1616 2440 est,
1628 2405 1698 2436 cum
1709 2406 1823 2436 fiftum
1834 2407 2016 2439 conceditur,
2026 2408 2116 2448 culpa

1157 2455 1338 2476 removetur.
1359 2448 1421 2477 haec
1431 2450 1536 2486 parteis
1547 2448 1635 2478 habet
1645 2451 1726 2480 treis,
1738 2448 1969 2487 imprudentiam
1983 2469 1989 2481 ‚
2001 2449 2115 2482 casum,

1158 2487 1365 2518 neceffitatem.
1390 2491 1567 2528 Deprecatio
1577 2489 1619 2519 est
1628 2510 1636 2522 ‚
1649 2490 1718 2519 cum
1732 2490 1763 2518 Sc
1772 2488 1900 2529 peccaffe
1911 2510 1918 2522 ‚
1932 2491 1964 2519 &
1974 2490 2114 2520 consulto

1156 2529 1286 2570 peccass'e
1295 2540 1360 2560 reus
1371 2530 1400 2560 se
1410 2529 1569 2560 confitetur
1578 2550 1586 2563 ‚
1600 2531 1743 2560 &tamen
1754 2551 1761 2563 .-
1777 2540 1807 2560 ut
1816 2532 1980 2572 ignoscatur
1989 2551 1996 2565 ³
2010 2531 2114 2570 postu-

1159 2574 1213 2601 lat:
1234 2571 1315 2612 quod
1334 2582 1426 2612 genus
1437 2582 1525 2611 perrai
1533 2571 1550 2600 ὸ
1562 2571 1657 2610 potest
1675 2572 1813 2602 accidere.
1846 2574 1971 2602 Remotio
1992 2574 2116 2602 frunimiiv

1158 2612 1210 2646 est,
1222 2616 1293 2642 cum
1305 2613 1335 2642 id
1345 2615 1459 2643 crimen
1472 2633 1480 2646 ,
1491 2615 1571 2653 quod
1583 2612 1719 2646 infertur,
1731 2614 1766 2643 ab
1777 2614 1815 2646 se,
1830 2614 1862 2643 &
1872 2614 1887 2644 a
1899 2615 1949 2644 sua
1959 2615 2053 2653 culpa,
2067 2618 2116 2648 vi,

1159 2655 1191 2685 δε
1210 2653 1349 2694 potestate
1370 2657 1402 2683 in
1413 2655 1506 2684 alium
1516 2664 1581 2684 reus
1592 2664 1747 2684 removere
1757 2664 1890 2685 conatur.
1915 2656 1944 2686 id
1955 2656 2114 2696 dupliciter

1158 2694 1221 2725 fieri
1231 2698 1340 2735 poterit
1350 2716 1359 2729 ‚
1372 2695 1392 2724 fi
1404 2705 1452 2725 aut
1462 2697 1543 2725 causa
1553 2716 1561 2728 ‚
1583 2705 1631 2725 aut
1639 2695 1795 2726 faetumin
1806 2698 1899 2726 alium
1913 2697 2115 2727 transferetur,

1158 2738 1249 2767 Ciuili
1259 2736 1512 2770 transfertui-,etim
1523 2738 1618 2766 aliena
1628 2737 1737 2768 dieitur
1748 2739 1823 2771 vi‚&
1832 2738 1975 2778 potestate
1984 2738 2111 2768 fufium.

1157 2777 1280 2808 Factum
1292 2788 1390 2808 autem
1403 2799 1410 2811 ‚
1423 2777 1494 2808 cum
1505 2779 1578 2807 alius
1589 2788 1638 2808 aut
1647 2778 1779 2809 debuiss'e
1789 2800 1797 2813 ,
1820 2789 1869 2809 aut
1880 2779 2006 2819 potuiss'e
2016 2780 2113 2810 facere

1137 2818 1139 2828 ¹
1159 2820 1276 2850 dicitur.
1301 2820 1411 2848 Relatio
1423 2821 1541 2848 crimmis
1551 2819 1594 2849 est
1604 2840 1612 2853 ,
1632 2819 1704 2850 cum
1716 2820 1856 2860 idebjure
1866 2824 1979 2851 iactum
1992 2822 2113 2855 dicitur,

1156 2860 1238 2902 quod
1249 2864 1322 2891 alitis
1343 2861 1411 2891 ante
1429 2862 1539 2902 injuria
1555 2859 1717 2892 laceffierit.
1750 2864 1937 2902 Compauano
1956 2862 1998 2893 est
2010 2884 2017 2895 ‚
2038 2863 2109 2893 cum

2033 2905 2116 2935 aliud

1198 3003 1224 3029 ς.
1245 2997 1369 3022 istm-ntia
1379 2996 1438 3029 cis]
1452 2994 1532 3021 Liber
1542 2995 1650 3022 stiffi-idi
1664 2996 1770 3029 ,stimma
1780 3003 1883 3022 ain-:mm
1893 2998 1934 3021 eff.

1196 3039 1223 3062 4.
1244 3034 1270 3054 17:
1281 3039 1328 3063 qua
1338 3034 1395 3063 ‚inqui
1404 3032 1432 3062 (Σ)-
1441 3034 1517 3064 iniqui
1526 3032 1644 3065 naturas]
1656 3032 1698 3057 Sic
1710 3032 1886 3068 reponendum
1898 3031 1996 3057 censuit
2007 3031 2116 3056 Gulielo

1161 3066 1239 3096 mitis,
1251 3074 1282 3090 ex
1296 3065 1368 3090 libris
1380 3066 1499 3092 omnibus
1511 3066 1618 3094 Sufl‘ridi
1631 3068 1710 3093 nosti-i
1724 3077 1730 3095 3
1743 3068 1835 3103 quibus
1848 3067 1985 3104 respondet
1997 3067 2050 3093 Pal·
2062 3066 2112 3092 st?-

1161 3102 1240 3129 ceter'i
1253 3120 1260 3134 ,
1271 3104 1327 3136 aeqvi
1336 3101 1365 3133 ς’)
1374 3104 1429 3129 νειἯ
1440 3121 1447 3136 ,
1459 3102 1592 3139 quomodo
1602 3110 1677 3130 antea
1689 3103 1797 3139 vulg-iti.

2058 3173 2114 3198 Asis-

1591 3174 1648 3209 E3
2020 3181 2043 3199 ι.
