2295 3400
175 158 280 205 ‚302
608 132 676 182 M.
748 130 797 180 T
833 145 867 177 U
902 146 932 177 L
966 144 997 176 L
1032 144 1051 175 1
1085 144 1104 175 1

176 229 218 254 'ne
230 230 310 252 nunc
318 217 442 262 quidem
455 217 579 249 intanto
592 224 644 245 tuo
655 235 663 249 ‚
685 212 909 253 liberorumque
927 219 1048 241 tuorum
1058 209 1137 250 peri·
1155 213 1157 244 j

178 265 249 294 culo
260 262 475 304 perhorrescis?
490 263 591 299 Qem
601 258 656 287 tibi
665 265 713 287 aut
723 254 1001 287 hominem,invitis
1012 252 1068 282 diis
1078 253 1137 281 im-
1156 253 1158 282 ἱ

183 306 370 336 mortalibus,
385 312 433 333 aut
443 300 514 331 vero
524 301 615 335 deum
626 320 634 333 ,
648 300 737 329 tantis
748 307 852 327 eorum
864 295 1060 337 religionibus
1071 295 1138 324 vio·
1156 284 1158 302 ³

179 349 246 378 latis
258 368 266 381 ,
282 347 397 377 auxilio
406 344 541 374 futurum
556 345 662 382 putas?
683 340 757 370 Tibi
772 339 822 369 illa
833 340 933 368 Diana¹
944 341 976 367 in
986 346 1054 376 pace
1065 356 1073 369 ,
1094 343 1137 365 at-
1157 332 1158 353 ἶ

180 400 239 430 que
253 391 284 418 iti
296 391 359 418 otio
369 388 546 426 religionem
558 384 671 414 nullam
683 382 802 412 attulit?
824 390 890 421 quae
909 378 981 409 cum
998 378 1069 408 duas
1088 387 1138 407 ur—
1157 377 1158 406 ἶ

181 433 244 460 heis
256 451 263 463 ,
277 434 306 460 in
320 429 429 470 quibus
439 425 634 457 locatafuerat
644 445 652 457 ,
666 433 762 464 captas
772 445 780 456 ,
793 422 984 462 incensasque
998 418 1117 451 vidifl'et
1128 439 1137 452 ,
1157 415 1158 434 ³

176 472 226 502 bis
237 482 275 502 ex
286 472 415 502 duorum
426 470 578 499 bellorum
590 466 723 499 flamma,
733 465 869 505 ferroque
880 464 988 494 servata
998 461 1056 492 est:
1073 471 1138 502 quae
1157 454 1159 504 l

179 510 460 555 Karthaginensium
471 509 596 540 vi&oria
607 529 616 542 ,
639 509 708 538 loco
721 515 835 537 mutato
845 527 853 539 ,
873 505 1034 545 religionem
1047 513 1140 533 tamen
1157 508 1159 544 J

180 566 234 584 mn
247 555 343 596 amlfit
354 565 365 581 .·
386 556 416 584 P.
429 552 562 583 Africani
579 554 688 581 virtute
699 550 878 591 religionem
890 546 1058 576 simulcum
1070 546 1139 574 loco
1157 553 1159 583 i

179 607 204 626 ri
214 599 372 637 superavit.
395 598 464 636 Q
474 593 598 635 quidem
610 592 717 623 scelere
725 591 870 629 suscepto,
882 588 953 620 cum
964 590 1062 618 inanis
1070 586 1140 617 effet

182 637 256 670 baiis
267 660 275 672 ,
293 639 324 669 &
335 641 367 667 in
379 648 411 667 ea
422 641 450 667 P.
462 636 595 666 Africani
606 643 721 664 nornen
733 634 863 663 incisum
875 642 879 660 :
893 641 938 661 res
948 630 1070 670 indigna
1079 648 1088 662 ,
1098 637 1140 658 at-
1159 650 1160 655 .

181 691 241 722 que
252 678 600 711 intolerandavidebatur
608 675 753 706 omnibus
763 695 771 708 ,
792 684 856 704 non
873 674 969 703 solum
982 673 1141 712 religiones
1158 662 1160 696 i

175 721 242 753 'effe
254 723 377 752 violatas
388 742 396 755 ,
407 720 515 751 verum
529 721 620 750 etiam
630 721 661 749 P.
672 716 804 747 Africani
815 737 824 750 ,
837 717 894 746 viri
905 712 1057 744 fortiffimi
1068 733 1077 746 ‚
1097 722 1144 742 re·
1159 724 1161 751 5

183 775 252 794 rum
263 763 409 805 gestarum
420 763 546 804 gloriam
560 781 567 795 ‚
588 762 771 790 memoriam
785 759 920 789 virtutis,
943 762 1144 785 monumenta

181 806 318 836 vietoriae
330 827 338 839 ‚
357 808 390 836 C.
402 808 525 835 Verrem
536 801 690 834 sustuliffe.
715 800 805 842 Qod
815 809 885 830 cum
899 797 945 828 isti
956 799 1142 827 renuntiare-

183 857 232 879 tur
242 848 278 878 de
293 846 351 878 basi
360 858 392 878 ac
402 848 506 877 litteris
517 867 525 879 ,
535 844 721 875 existimavit
731 844 871 872 homines
882 841 909 868 in
920 838 1086 869 oblivionem
1096 847 1142 867 to-
1159 860 1161 866 .

179 893 244 920 tius
256 892 370 931 negotii
379 888 436 919 esse
446 897 600 920 Venturos,
613 884 633 915 si
643 887 733 915 etiam
743 882 846 917 basim,
859 890 999 922 tanquam
1011 880 1143 910 indicem

186 933 232 962 sui
245 933 358 963 sceleris
368 952 376 965 ‚
387 928 555 961 sustulisset.
579 931 677 968 itaque
689 925 853 957 tollendam
864 923 947 953 istius
958 924 1087 962 imperio
1097 922 1144 951 lo-

186 980 343 1004 caverunt:
362 983 427 1014 quae
437 971 522 1002 vobis
541 971 651 1000 locatio
662 979 700 998 ex
709 968 837 1008 publicis
847 964 1074 1007 Segestanorum
1094 964 1143 992 lit-

126 1022 141 1054 3
151 1014 169 1045 6
180 1018 256 1046 ‘teris
266 1018 365 1056 priore
374 1014 493 1045 afflone
502 1014 621 1042 recitata
630 1010 681 1040 est.
705 1013 752 1040 Te
762 1019 844 1039 nunc
852 1028 861 1041 ,
875 1011 906 1038 P.
918 1008 1027 1046 Scipio,
1039 1015 1079 1039 te,
1095 1008 1141 1034 in-

184 1068 276 1099 quam
288 1078 297 1090 ,
309 1055 512 1089 lectissimum,
524 1051 805 1093 ornatissimumque
814 1049 1032 1081 adolescentem
1043 1047 1144 1087 appel-

183 1101 232 1130 lo:
250 1100 301 1130 abs
313 1108 339 1129 te
349 1097 486 1129 officium
497 1106 581 1126 tuum
595 1116 602 1128 ,
623 1094 759 1124 debitum
769 1094 871 1134 generi
883 1111 892 1124 ‚
917 1091 1082 1120 &nomini
1100 1099 1145 1118 re-

183 1144 274 1184 quiro
287 1162 295 1174 ,
308 1141 340 1171 &
351 1140 462 1181 flagito.
487 1141 546 1169 Cur
559 1148 613 1178 pro
624 1136 680 1166 isto
691 1156 699 1169 ,
711 1137 762 1176 qui
774 1134 894 1164 laudem
905 1152 912 1166 ‚
934 1133 1144 1171 honoremque

184 1184 309 1214 familia:
320 1182 422 1212 vestra:
431 1180 622 1220 depeculatus
633 1177 674 1208 est
683 1199 691 1210 ,
702 1186 810 1218 pugnas
821 1179 832 1205 ἓ
844 1185 895 1205 cur
906 1184 976 1204 eum
986 1172 1144 1203 defensum

186 1224 246 1255 esse
256 1227 321 1255 vis?
339 1234 391 1254 cur
405 1234 460 1265 ego
471 1231 533 1252 tuas
547 1222 652 1261 parteis
666 1220 814 1259 suscipio?
832 1227 883 1248 cur
901 1225 987 1246 tuum
999 1225 1077 1245 onus
1097 1214 1144 1244 su-

186 1267 284 1298 stineo
297 1270 306 1296 ?
317 1268 363 1295 Μ.
375 1265 496 1295 Tullius
508 1263 677 1294 P.African-i
687 1268 888 1290 monumenta
896 1259 1020 1298 requirit
1031 1268 1036 1285 :
1048 1257 1145 1286 Psei-

185 1311 238 1350 pio
247 1317 318 1339 eum
329 1328 337 1342 ‚
348 1309 401 1349 qui
410 1307 462 1337 illa
473 1305 606 1339 sustulit,
623 1302 768 1333 defendit.
790 1300 944 1331 cum'mos
954 1299 970 1329 a
981 1298 1146 1338 majoribus

184 1351 309 1381 traditus
319 1348 353 1380 sit
361 1370 370 1384 ,
391 1357 423 1379 ut
434 1354 655 1378 MONUMENTA
669 1345 879 1385 majorum‚ita
887 1343 1010 1372 suorum
1021 1340 1145 1381 quisque

186 1392 327 1423 defendat
336 1412 345 1426 ,
371 1400 446 1421 ntea
456 1400 493 1420 ne
503 1390 601 1419 ornari
612 1387 736 1429 quidem
748 1387 876 1416 nomine
885 1384 985 1414 alieno
1004 1381 1092 1412 sinat:
1114 1391 1145 1411 tu

186 1434 235 1465 isti
246 1434 359 1467 aderis,
381 1438 391 1452 ¹
403 1435 455 1474 qui
466 1442 531 1462 non
544 1428 668 1461 obtrusit
685 1429 781 1469 aliqua
797 1437 835 1457 ex
851 1435 931 1466 parte
945 1433 1147 1454 monumenta

186 1480 220 1508 P.
230 1477 379 1517 Scipionis
389 1496 397 1509 ,
410 1474 458 1505 sed
467 1473 605 1504 funditus
615 1472 742 1504 sustulit,
753 1480 784 1500 ac
793 1469 906 1499 delevit
915 1470 925 1496 ?
934 1466 1080 1508 anarr'i
1090 1467 1147 1507 igi-

184 1524 252 1551 tur,
264 1528 315 1558 per
324 1517 397 1547 deos
408 1513 752 1547 immortaleis,tuebitui·
761 1514 790 1542 P.
801 1511 950 1550 Scipionis
964 1510 1145 1537 memoriam

187 1562 324 1590 mortui?
338 1561 405 1600 quis
418 1565 618 1588 monumenta
628 1575 636 1589 ‚
657 1564 743 1595 atque
753 1553 864 1583 indicia
874 1552 1009 1584 virtutis,
1028 1549 1057 1590 fi
1069 1557 1101 1578 ru
1115 1559 1146 1578 ea

185 1603 333 1643 resinqut's,
346 1611 377 1631 ac
386 1600 515 1631 deseris?
533 1608 630 1639 neque
642 1597 743 1627 solum
753 1595 876 1635 spoliata
885 1594 936 1623 illa
945 1594 1055 1632 patiere
1066 1612 1074 1624 ‚
1096 1591 1145 1620 sed

186 1647 278 1675 etiam
297 1653 404 1673 eorum
425 1642 634 1682 spoliatorem,
659 1646 895 1676 vexatoremque
913 1633 1079 1664 defendes?
1095 1632 1147 1662 ad-

185 1687 255 1717 sunt
264 1684 429 1728 Segestani,
449 1683 574 1713 clientes
587 1683 648 1713 tui,
669 1680 742 1710 socii
753 1679 857 1718 populi
866 1679 962 1707 Rom.
973 1685 1058 1716 atque
1068 1676 1146 1705 arni-

183 1730 213 1759 ci
227 1730 404 1758 :certiorem
413 1734 441 1755 te
456 1724 584 1757 faciunt,
606 1725 636 1753 P.
649 1724 862 1752 AFRICANUM
872 1739 880 1752 ‚
903 1719 1081 1758 Karthagine
1094 1716 1147 1746 de-

184 1771 262 1804 leta,
283 1769 473 1799 simulacrum
484 1768 591 1796 Dianae
608 1763 772 1804 majoribus
791 1757 1037 1792 suis-restituiss‘e:
1057 1758 1146 1799 idque

185 1812 263 1853 apud
273 1810 446 1852 Segestanos
457 1829 465 1843 ,
486 1810 549 1848 ejus
560 1807 748 1847 imperatoris
758 1805 884 1834 nomine
893 1800 1021 1842 positum
1034 1821 1042 1834 ,
1052 1811 1084 1830 ac
1096 1801 1148 1830 de-

186 1855 321 1885 dicatum
338 1850 442 1882 fuifl‘e:
460 1852 519 1880 hoc
534 1853 658 1879 Verrem
680 1845 929 1878 demoliendum,
951 1843 984 1873 &
998 1843 1148 1882 asportan-

187 1897 262 1927 dum
274 1916 282 1930 ‚
300 1903 475 1933 nomenque
487 1893 618 1922 omnino
631 1893 662 1920 P.
673 1889 822 1929 Scipionis
833 1885 997 1916 delendum
1007 1905 1015 1918 ,
1037 1885 1149 1914 tollen-

187 1937 325 1978 dumque
334 1934 443 1967 curasse
455 1945 460 1963 z
481 1942 567 1964 orant
579 1942 606 1963 te
619 1953 628 1966 ,
639 1941 724 1972 atque
735 1930 890 1960 obsecrant
901 1949 910 1961 ,
926 1936 958 1957 ut
968 1925 1020 1956 sibi
1035 1926 1146 1966 religio-

184 1988 248 2010 nem
257 2000 265 2014 ,
277 1979 379 2019 generi
390 1986 443 2007 tuo
453 1975 564 2005 laudem
573 1995 581 2008 ‚
593 1974 779 2015 gloriamque
790 1970 941 2003 restituas;
953 1978 1004 2001 ut,
1019 1968 1099 2009 quod
1111 1977 1150 1997 ex

187 2023 260 2053 urbe
279 2019 415 2052 hostium
433 2029 486 2060 per
495 2021 527 2049 P.
539 2017 713 2047 Africanum
733 2013 931 2053 recuperarint
940 2031 948 2045 ‚
969 2010 1000 2041 id
1012 2020 1064 2050 per
1072 2018 1101 2039 te
1111 2019 1148 2038 ex

127 2075 142 2108 3
152 2077 169 2109 7
188 2064 338 2106 praedonis
347 2061 442 2092 domo
451 2060 624 2090 conservare
634 2055 754 2097 poffint.
765 2054 847 2097 Qid
857 2062 905 2084 aut
915 2055 960 2083 his
970 2051 1149 2092 respondere

189 2105 314 2137 honeste
326 2113 409 2144 potes
419 2123 428 2136 ,
442 2111 491 2132 aut
502 2101 547 2132 illi
557 2100 653 2131 facere
664 2119 672 2132 ‚
683 2096 739 2129 nisi
750 2105 782 2127 ut
791 2106 818 2126 te
828 2116 837 2130 ,
848 2106 881 2126 ac
891 2093 984 2125 fidem
995 2103 1077 2124 tuam
1087 2096 1148 2123 im—

185 2149 306 2189 plorent
316 2150 326 2176 ?
335 2144 450 2179 adsunt,
461 2144 494 2174 &
504 2142 679 2183 implorant.
701 2148 785 2180 potes
795 2136 967 2168 domesticae
978 2135 1071 2166 laudis
1083 2145 1147 2165 am-

186 2189 372 2231 plitudinem
384 2207 392 2220 ,
403 2187 502 2226 Scipio
514 2206 522 2219 ,
542 2185 630 2215 tueri.
660 2191 744 2223 potes
757 2191 762 2210 z
782 2181 929 2210 omniain
938 2187 966 2208 te
978 2179 1046 2208 sunt
1056 2198 1064 2210 ,
1084 2187 1150 2218 quae

186 2241 239 2263 aut
247 2230 367 2262 fortuna
377 2227 555 2258 hominibus
565 2247 574 2261 ‚
595 2233 646 2255 aut
657 2232 760 2254 natura
771 2221 898 2263 largitur.
923 2230 988 2250 non
1000 2228 1148 2259 praecerpo

187 2272 324 2305 frugium
335 2269 429 2301 officii
439 2272 484 2300 tui
495 2280 500 2298 τ
516 2279 581 2298 non
589 2268 718 2298 alienam
729 2265 807 2294 mihi
818 2262 937 2293 laudem
948 2270 1053 2301 appeto
1064 2271 1069 2289 1
1083 2270 1147 2290 non

187 2315 232 2347 est
240 2315 365 2355 pudoris
382 2313 463 2345 mei,
487 2314 519 2342 P.
533 2311 673 2350 Scipione
684 2327 692 2341 ,
711 2303 921 2336 florentissimo
942 2303 1147 2335 adolescente,

185 2359 258 2387 vivo
273 2378 281 2392 ‚
306 2356 341 2389 ὼ·
355 2353 507 2387 incolumi,
533 2362 583 2382 me
603 2356 855 2391 propugnatorem
872 2353 1146 2375 monumentorum

185 2403 218 2432 Ρ.
228 2398 377 2439 Scipionis
387 2417 396 2430 ,
417 2394 670 2433 defensoremque
686 2388 832 2431 profiteri.
865 2390 964 2428 Qam
984 2386 1024 2416 ob
1042 2395 1106 2415 rem
1126 2384 1148 2414 fi

184 2443 309 2482 suscipis
327 2436 499 2470 domesticae
513 2435 608 2466 laudis
620 2433 821 2475 patrocinium
834 2450 843 2462 ,
864 2439 914 2459 me
924 2438 988 2458 non
999 2427 1098 2458 solum
1112 2425 1148 2456 fi-

185 2479 247 2516 lere
267 2483 304 2513 de
322 2478 427 2512 vestris
444 2478 654 2508 monumentis
673 2473 841 2515 oportebit,
863 2471 912 2501 sed
928 2472 1017 2500 etiam
1033 2469 1124 2499 laetari
1137 2489 1145 2502 ,

186 2524 363 2557 P.Africani
380 2519 530 2562 ejusmodi
551 2517 608 2549 ess‘e
626 2517 761 2547 fortunas
773 2514 906 2546 mortui,
922 2521 954 2542 ut
973 2513 1035 2551 ejus
1050 2512 1148 2543 honos

185 2568 224 2598 ab
238 2569 275 2597 iis
286 2587 293 2600 ,
310 2567 362 2607 qui
372 2574 410 2594 ex
420 2561 526 2593 eidem
536 2559 652 2591 familia
661 2557 729 2592 sint,
743 2555 928 2588 defendatur,
941 2563 1037 2594 neque
1048 2553 1146 2582 ullum

185 2609 387 2640 adventitium
397 2605 560 2646 requiratur
567 2602 730 2632 auxilium.
746 2600 800 2629 Sin
812 2597 896 2627 istius
907 2597 1038 2626 amicitia
1049 2603 1076 2624 te
1086 2596 1147 2623 im-

186 2651 305 2692 pediet:
325 2647 346 2678 si
365 2649 423 2677 hoc
433 2667 442 2680 ,
463 2645 544 2686 quod
564 2644 613 2674 abs
627 2653 655 2673 te
667 2641 787 2682 postulo
798 2652 812 2674 ,’
831 2641 934 2668 minus
955 2637 990 2667 ad
1009 2634 1148 2667 officium

187 2701 275 2723 (uum
285 2691 432 2732 pertinere
441 2687 616 2718 arbitrabere
629 2696 633 2713 :
649 2683 802 2715 succedam
814 2691 868 2722 ego
879 2681 1004 2710 vicarius
1016 2687 1066 2708 tuo
1076 2688 1146 2707 mu—

190 2737 271 2765 neri:
292 2733 447 2772 suscipiam
465 2730 589 2770 parteis,
606 2736 677 2770 quas
695 2726 805 2757 alienas
815 2721 873 2753 effe
886 2720 1062 2754 arbitrabar,
1083 2723 1144 2749 ²ne
1165 2753 1167 2761 Ι

227 2872 249 2889 1.
270 2862 316 2893 Qi'
326 2869 370 2885 non·
379 2856 498 2891 obtrusit]
511 2853 553 2882 Sic
563 2854 642 2881 nostri
656 2873 663 2886 ‚
675 2852 707 2880 sic
717 2852 781 2879 editi
793 2859 901 2878 ornnes:
915 2847 1071 2883 conjiciebat
1084 2848 1144 2874 Ho-

187 2906 309 2927 tomanus
323 2915 331 2928 ‚
340 2896 437 2920 obtrivit
450 2913 457 2924 ‚
468 2893 512 2918 alii
523 2894 599 2917 obruit
611 2902 616 2915 :
638 2890 739 2923 Cujucii
752 2888 818 2914 liber
829 2886 914 2913 servat
923 2887 1052 2918 obstruxiti
1072 2882 1143 2919 quod
1167 2911 1168 2922 ἵ

185 2931 348 2963 Gulielmius
358 2937 467 2957 annotax
476 2929 497 2955 it
508 2948 516 2960 ‚
526 2935 652 2964 tanquam
663 2926 773 2962 dignuin
783 2924 815 2950 de
827 2933 880 2959 quo
889 2922 1098 2949 deliberaretur:
1116 2921 1143 2945 ἃ

293 2967 338 2993 e&
362 2987 368 2993 .

187 2971 315 3040 είὶιρῖῗξζς
332 2978 498 3037 iJiapr-aeclara
507 3002 617 3026 nobilitas
627 3018 634 3031 ‚
646 2997 712 3032 &ej
732 3000 768 3023 Ne
780 3016 788 3029 ,
807 3005 838 3023 an
849 2992 1030 3022 confirmantis
1042 2991 1073 3019 fit
1084 3011 1092 3025 ‚
1112 3001 1143 3018 an

187 3041 340 3071 infitiantis.

225 3087 251 3120 3.
269 3077 350 3113 ‘Nym
361 3081 430 3108 atque
438 3076 463 3099 in

180 3116 249 3150 jecit
259 3113 378 3150 copulam
389 3118 460 3151 arque

466 3071 585 3106 dustriisq
601 3070 746 3097 Lambinus
759 3067 829 3095 suasu
841 3065 939 3093 codicis
951 3063 1086 3099 Cujaciani
1097 3062 1145 3089 ab-

471 3107 560 3144 ‚quod
571 3107 645 3133 nullo
656 3105 736 3132 modo
754 3104 834 3132 ausim
851 3102 963 3130 imitari.
982 3100 1144 3128 Gulielmius

1184 128 1714 176 CicERouts

1175 206 1229 238 ista
1237 208 1375 248 praeclara
1383 209 1526 241 nobilitas
1535 209 1646 241 definat
1658 208 1741 251 queri
1752 228 1760 243 ›
1777 216 1938 239 POPULUM
1949 209 1976 240 R
1983 231 1990 238 ·
2003 208 2140 240 homini·

1173 250 1229 280 bus
1242 253 1447 297 3novis,atque
1457 252 1613 282 industriis
1626 252 1895 282 libenterhonores
1905 251 2138 285 mandat-effem-

1173 302 1284 332 perque
1297 292 1460 340 mandasse.
1482 299 1500 321 4
1509 297 1583 325 Non
1597 293 1639 324 est
1649 292 1884 335 querendum,in
1894 303 1927 323 ea
1938 295 2139 334 civitate,quae

1174 344 1292 380 propter
1310 344 1453 365 virtutem
1471 337 1617 366 omnibus
1635 335 1809 366 nationibus
1829 337 1977 375 imperat,
1997 336 2138 364 virtutem

1169 376 1331 423 plurimum
1339 376 1417 418 [ποθὶ.
1441 380 1485 408 Sit
1494 378 1570 418 apud
1580 378 1654 407 alios
1668 379 1767 419 imago
1778 380 1809 407 P.
1821 376 1971 407 Africani:
1992 386 2136 408 ornentur

1175 419 1243 452 alii,
1266 427 1381 449 mortui
1400 420 1526 453 virtute,
1551 430 1583 450 ac
1594 421 1731 449 nomine.
1754 419 1820 449 talis
1839 419 1890 449 ille
1901 421 1946 449 vir
1955 418 2029 449 fuit:
2051 420 2091 449 ita
2100 418 2138 450 de

1175 461 1289 507 populo
1300 462 1394 490 Rom.
1406 463 1530 491 meritus
1541 461 1583 491 est
1593 482 1601 494 ,
1613 469 1645 491 ut
1656 471 1720 490 non
1730 462 1785 490 uni
1794 459 1918 491 familiae
1928 481 1936 494 ,
1955 461 2003 491 sed
2014 462 2136 491 univer-

1177 505 1212 531 1ae
1223 503 1336 548 civnati
1346 503 1576 533 commendatus
1591 501 1647 532 esse
1660 502 1773 533 debeat.
1805 501 1857 532 Est
1872 502 1969 543 aliqua
1986 512 2053 533 mea
2071 511 2140 543 pars

1175 543 1270 572 virilis
1281 563 1289 576 ,
1308 544 1388 583 quod
1399 546 1462 583 ejus
1471 546 1600 575 civitatis
1611 545 1675 575 sum
1687 564 1696 578 ‚
1715 554 1806 585 quam
1820 544 1872 573 ille
1890 545 2021 584 amplam
2032 564 2041 578 ‚
2062 544 2137 574 illu-

1176 584 1266 615 strem
1278 605 1286 618 ,
1301 589 1468 626 claramque
1478 586 1624 616 reddidit:
1642 587 1791 628 praecipue
1808 584 1890 627 quod
1910 588 1942 615 in
1962 587 2008 616 his
2024 586 2135 616 artibus

1175 637 1228 672 pro
1240 636 1307 674 mea
1315 637 1395 667 parte
1405 628 1506 658 versor
1514 648 1522 662 ,
1538 638 1663 669 quarum
1675 629 1726 657 ille
1735 629 1873 668 princeps
1881 628 1940 657 fuit
1949 647 1957 661 ‚
1977 629 2114 669 aequitate
2123 648 2132 661 .

1178 667 1337 702 industria,
1353 673 1548 710 temperantia
1559 691 1566 703 ‚
1586 668 1758 700 defensione
1769 669 1951 699 miserorum
1964 688 1972 703 ‚
1989 670 2062 700 odio
2072 671 2133 699 im«

1175 710 1355 750 proborum:
1377 722 1443 752 quae
1458 711 1761 752 cognatiostudiorum‚
1783 712 1933 741 &artium
1946 732 1954 744 ,
1976 721 2138 752 propemo-

1177 752 1251 782 dum
1262 763 1325 782 non
1336 755 1439 783 minus
1448 754 1490 785 est
1498 752 1660 793 coniunEta
1669 774 1677 787 ,
1689 753 1779 794 qulim
1790 752 1842 783 ista
1852 773 1860 786 ,
1873 763 1992 794 quavos
2006 752 2136 784 deieeta-

1178 795 1257 823 mini
1269 805 1392 834 ‚genem
1404 817 1411 828 ,
1429 796 1462 828 (φ
1477 806 1599 825 nomam.
1622 797 1740 836 Repeto
1749 796 1800 825 abs
1813 803 1861 828 te,
1880 798 2002 829 Verres,
2023 805 2136 825 monu-
2157 790 2197 833 38

1178 845 1318 882 mentum
1329 839 1360 867 Ρ.
1372 837 1505 868 Africani
1517 849 1522 867 :
1541 838 1655 868 causam
1677 837 1849 868 Siculorum
1860 857 1868 870 ,
1891 847 1981 878 quam
2001 837 2112 877 suscepi
2124 856 2134 869 2

1178 878 1332 918 relinquo:
1355 879 1507 918 judicium
1519 880 1555 909 de
1565 881 1699 920 pecuniis
1709 878 1880 919 repetundis
1896 889 1934 908 ne
1947 877 2048 909 sithoc
2059 888 2136 909 tern-

1178 929 1265 966 pore:
1283 919 1509 960 Segestanorum
1520 923 1637 959 injuriae
1648 921 1837 962 negligantur
1850 931 1855 949 ;
1875 919 1946 950 basis
1957 923 1985 951 P.
2004 919 2138 950 Africani

1179 961 1362 991 restituatur:
1382 973 1499 993 nornen
1512 961 1701 993 inviffiffimi
1716 964 1904 1002 imperatoris
1922 962 2083 993 incidatur:
2103 960 2139 991 si-

1179 1013 1274 1044 gnum
1286 1005 1525 1043 pulcherrimum
1535 1010 1548 1033 5
1558 1006 1737 1046 Karthagine
1748 1013 1868 1044 captum
1880 1013 2048 1044 reponatur.
2067 1005 2140 1034 Haec

1179 1045 1229 1074 abs
1249 1054 1277 1074 te
1290 1055 1352 1075 non
1363 1047 1534 1077 Siculorum
1549 1046 1703 1080 defensor,
1726 1056 1791 1076 non
1806 1055 1874 1076 tuus
1892 1047 2057 1079 accusator,
2075 1055 2140 1076 non

1180 1086 1330 1134 Segestani
1340 1088 1507 1127 postulant:
1523 1089 1571 1118 sed
1582 1091 1606 1119 is
1617 1109 1625 1122 ,
1636 1090 1688 1129 qui
1699 1087 1817 1118 laudem
1829 1108 1837 1121 ,
1859 1088 2044 1129 gloriamque
2056 1090 2086 1118 P.
2097 1089 2140 1117 A-

1180 1128 1285 1158 fricani
1296 1130 1439 1174 tuendam
1452 1151 1459 1164 ,
1478 1131 1769 1171 conservandamque
1778 1130 1915 1170 suscepit.
1939 1132 2014 1160 Non
2024 1139 2138 1163 vereor,

1181 1180 1218 1199 ne
1229 1171 1288 1200 hoc
1299 1170 1436 1201 officium
1449 1182 1554 1202 meum
1568 1175 1597 1202 P.
1610 1172 1739 1201 Servilio
1749 1172 1841 1207 iudici
1852 1182 1916 1201 non
1925 1171 2050 1211 probem
2062 1191 2070 1205 ‚
2086 1172 2140 1212 qui

1181 1221 1251 1241 curn
1260 1216 1465 1259 resmaximas
1474 1211 1603 1255 gefl‘erit,
1617 1211 1633 1233 ⁶
1642 1222 1899 1254 monumentaque
1910 1214 2028 1243 suarum
2039 1222 2139 1244 rerum

1183 1258 1319 1284 maxime
1339 1255 1518 1289 constituat,
1537 1264 1565 1285 at
1588 1265 1624 1285 ue
1634 1257 1666 1285 in
1677 1256 1723 1284 his
1737 1255 1884 1285 elaboret:
1903 1254 2040 1295 profesio
2058 1255 2142 1286 volet

1182 1297 1250 1343 haeca
1262 1305 1325 1326 non
1347 1296 1448 1326 solum
1461 1298 1518 1337 fuis
1526 1265 1648 1337 posffem,
1673 1295 1781 1327 verum
1800 1299 1890 1327 etiam
1904 1297 2050 1327 omnibus
2067 1297 2143 1326 viris

1182 1336 1312 1385 fortibus
1321 1358 1329 1372 ‚
1349 1338 1382 1369 &
1391 1339 1480 1369 bon-is
1489 1339 1606 1369 civibus
1616 1337 1804 1369 defendenda
1814 1358 1823 1372 ‚
1844 1349 1907 1369 non
1918 1338 2071 1379 spolianda
2079 1340 2140 1368 im-

1182 1379 1286 1427 probis
1295 1380 1415 1410 tradere.
1440 1384 1472 1411 N
1475 1391 1515 1411 on
1526 1391 1630 1411 vereor
1639 1400 1648 1415 ,
1660 1390 1697 1410 ne
1707 1380 1761 1410 tibi
1773 1401 1782 1414 ,
1796 1378 1948 1421 QCatule
1958 1401 1966 1414 ,
1977 1380 2142 1420 displiceat,

1183 1431 1268 1461 cnjus
1281 1421 1498 1462 amplissimum
1508 1425 1541 1452 in
1552 1423 1623 1453 orbe
1631 1430 1773 1452 terrarum
1786 1441 1794 1455 ,
1809 1421 2063 1463 clarissimumque
2072 1431 2142 1452 mo-

1183 1472 1368 1494 numentum
1386 1464 1448 1498 est,
1468 1465 1558 1506 quam
1576 1465 1725 1504 plurimos
1741 1462 1799 1494 effe
1819 1463 1935 1500 custodes
1952 1470 2144 1499 monumento-

1183 1515 1247 1534 rum
1257 1526 1265 1538 ,
1287 1505 1320 1535 &
1328 1515 1429 1545 putare
1449 1516 1578 1536 omn-Eis
1597 1516 1698 1536 sonos
1711 1506 1816 1536 alienae
1824 1507 1926 1548 gloriae
1934 1504 2142 1536 defensionem

1183 1547 1218 1577 ad
1230 1545 1367 1578 officium
1379 1548 1465 1578 suum
1475 1551 1633 1588 pertinere.
1654 1551 1692 1578 Et
1700 1547 1825 1588 quidem
1835 1550 1939 1578 ceteris
1949 1547 2034 1578 istius
2044 1547 2143 1580 funis,

1183 1597 1270 1630 atque
1282 1588 1399 1638 flagitiis
1411 1592 1450 1620 ita
1462 1598 1607 1624 moveor,
1620 1598 1653 1619 ut
1661 1599 1694 1619 ea
1706 1589 1949 1629 reprehendenda
1958 1588 2074 1619 tantum
2087 1598 2144 1629 pu-

1184 1639 1262 1661 tem:
1275 1632 1323 1661 hic
1332 1631 1404 1662 vero
1420 1641 1502 1662 tanto
1514 1632 1617 1662 dolore
1627 1629 1752 1664 afficior,
1765 1640 1798 1661 ut
1807 1631 1886 1661 nihil
1895 1632 1973 1661 mihi
1985 1630 2143 1672 indignius

1182 1672 1345 1703 ferendum
1357 1673 1503 1704 videatur.
1526 1677 1633 1703 Verres
1642 1672 1776 1702 Africani
1790 1674 2002 1702 monumentis
2011 1672 2143 1702 domum

1184 1715 1202 1744 s
1200 1724 1267 1745 uam
1277 1735 1285 1747 ‚
1298 1715 1417 1755 plenam
1428 1715 1519 1756 stupri
1533 1736 1541 1749 ‚
1559 1716 1681 1755 plenam
1693 1713 1798 1755 flagitii
1809 1734 1817 1748 ‚
1857 1715 1958 1744 lenam
1967 1714 2121 1744 dedecoris
2131 1732 2141 1748 ‚

1185 1757 1324 1787 ornabit?
1338 1760 1443 1787 Verres
1453 1756 1687 1797 temperatissimi
1698 1776 1706 1790 ,
1719 1724 1953 1797 sancffissiymique
1963 1757 2021 1786 viri
2032 1766 2145 1786 monu-

1186 1806 1324 1828 mentum
1335 1819 1343 1832 ,
1365 1801 1471 1830 Dianae
1482 1798 1673 1829 simulacrum
1686 1799 1813 1839 virginis
1823 1817 1831 1831 ‚
1856 1799 1888 1827 in
1902 1808 1934 1828 ea
1943 1797 2038 1828 domo
2048 1798 2146 1828 collo-

1186 1841 1282 1874 cabit,
1304 1843 1338 1870 in
1348 1851 1404 1882 qua
1420 1842 1535 1881 semper
1553 1842 1743 1870 meretricum
1755 1859 1763 1873 ,
1784 1840 2016 1881 7len0numque
2035 1839 2146 1881 flagitia

1184 1883 1357 1913 versantur?
1374 1886 1413 1912 At
1426 1884 1483 1913 hoc
1497 1883 1595 1913 solum
1607 1881 1739 1915 Africani
1755 1890 1993 1912 monumentum
2003 1880 2116 1918 violasti
2129 1884 2141 1911 ἓ
2164 1886 2206 1922 39

1186 1924 1281 1965 quid?
1298 1924 1314 1954 a
1324 1925 1529 1955 Tindaritanis
1539 1933 1604 1954 non
1618 1923 1752 1963 ejusdem
1766 1925 1915 1963 Scipionis
1929 1922 2079 1954 beneficio
2089 1933 2146 1964 po-

1187 1966 1274 1996 situm
1285 1965 1476 1996 fimulacrum
1487 1967 1648 1999 Mercurii,
1663 1965 1865 2005 pulcherrime
1875 1964 1989 1996 fafitum
1998 1985 2007 1999 ‚
2026 1965 2146 1996 sustuli-

1188 2008 1224 2038 sti
1237 2011 1247 2037 ?
1262 2011 1298 2038 At
1310 2008 1569 2049 quemadmodum
1582 2028 1591 2041 ,
1609 2007 1652 2037 dii
1663 2007 1869 2037 immortales?
1888 2007 1979 2048 quam
1989 2007 2126 2038 audaster
2139 2009 2147 2037 l

1185 2050 1277 2091 quam
1291 2050 1456 2080 libidinose
1470 2053 1475 2080 !
1488 2050 1578 2091 quam
1588 2049 1779 2090 impudenter
1792 2052 1796 2078 !
1815 2049 1937 2079 audistis
1946 2049 2149 2090 nuperdicere

1186 2093 1296 2133 legatos
1308 2092 1526 2122 Tindaritanosv
1534 2112 1542 2125 ‚
1558 2092 1699 2121 homines
1709 2089 1943 2125 honestiffimos‚
1956 2100 1989 2120 ac
1996 2092 2148 2131 principes

1185 2136 1329 2164 civitatis:
1349 2135 1535 2164 Mercurium
1548 2154 1557 2166 ,
1571 2134 1624 2174 qui
1634 2133 1719 2163 sacris
1730 2132 1936 2162 anniversariis
1945 2132 2022 2172 apud
2032 2142 2084 2163 eos
2095 2152 2104 2166 ,
2115 2142 2148 2163 ac

1187 2176 1305 2206 summa
1314 2176 1460 2216 religione
1468 2175 1626 2207 coleretur,
1638 2183 1729 2215 quem
1739 2177 1769 2204 P.
1782 2172 1939 2204 Africanus
1948 2194 1956 2207 ‚
1969 2176 2148 2215 Karthagine

1185 2226 1267 2257 capta
1276 2237 1284 2250 ,
1296 2218 1500 2247 Tindaritanis
1509 2226 1574 2246 non
1583 2214 1683 2246 solum
1694 2216 1752 2246 suae
1762 2214 1886 2244 vistoriae
1894 2235 1903 2250 ,
1917 2215 1965 2246 sed
1976 2218 2065 2246 etiam
2077 2216 2148 2246 illo-

1187 2269 1255 2289 rum
1261 2258 1332 2297 fidei
1342 2279 1350 2292 ‚
1367 2258 1566 2299 chietattsque
1579 2264 1808 2291 monumentum,
1831 2266 1918 2303 atque
1935 2257 2085 2288 indicium
2095 2257 2148 2288 de-

1187 2299 1291 2331 diffet:
1310 2301 1399 2340 hujus
1412 2302 1462 2334 vi,
1481 2300 1605 2334 scelere,
1626 2301 1816 2340 imperioque
1829 2299 1887 2330 esse
1905 2299 2052 2330 sublatum
2064 2320 2073 2334 ,
2094 2303 2148 2341 qui

1187 2351 1220 2373 ut
1231 2342 1367 2388 primum
1388 2343 1420 2371 in
1436 2341 1513 2372 illud
1523 2341 1671 2381 oppidum
1690 2343 1773 2371 venit
1784 2360 1792 2374 ‚
1815 2340 1914 2371 statim
1925 2362 1934 2375 ‚
1957 2351 2095 2383 tanquam
2108 2344 2148 2372 ita

1186 2383 1250 2416 fieri
1265 2393 1329 2414 non
1339 2382 1437 2414 solum
1449 2392 1608 2423 oporteret,
1621 2383 1669 2413 scd
1681 2386 1770 2412 etiam
1781 2381 1895 2413 necesse
1905 2381 1986 2416 esset,
2005 2392 2146 2424 tanquam

1186 2427 1244 2455 hoc
1257 2426 1370 2455 senatus
1381 2424 1545 2455 mandasset
1554 2446 1562 2459 ,
1574 2425 1761 2465 populusque
1771 2427 1863 2454 Rom.
1872 2425 1883 2464 j
1888 2423 1996 2455 uffiffet
2007 2436 2012 2454 :
2023 2427 2063 2456 ita
2071 2435 2145 2455 con·-

1185 2466 1276 2515 tinuo
1286 2487 1294 2500 ,
1306 2465 1423 2508 signum
1435 2477 1467 2497 ut
1477 2467 1697 2497 demolirentur
1705 2487 1714 2500 ,
1728 2467 1761 2496 ὃ(
1771 2465 1935 2497 Messanam
1945 2466 2145 2507 deportarent,

1186 2511 1356 2548 imperavit.
1389 2508 1479 2550 Qod
1491 2508 1653 2542 cumillis,
1671 2509 1724 2549 qui
1734 2508 1853 2538 aderant
1867 2529 1875 2541 ,
1897 2508 2058 2550 indignum
2070 2520 2079 2543 5
2095 2510 2148 2550 qui

1186 2551 1365 2584 audiebant,
1387 2550 1565 2580 incredibile
1576 2550 1742 2580 videretur:
1762 2559 1826 2579 non
1844 2549 1887 2580 est
1903 2550 1940 2580 ab
1953 2549 2010 2580 isto
2021 2570 2030 2584 ,
2045 2552 2147 2591 primo

1186 2594 1241 2622 illo
1259 2592 1387 2622 adventu
1400 2612 1408 2627 ,
1426 2593 1654 2633 perseveratum.
1688 2587 1842 2622 discedens
1860 2591 1981 2622 mandat
1999 2594 2147 2633 Proagoro

1187 2638 1310 2674 Sopatro
1320 2655 1328 2667 ,
1341 2635 1426 2674 cujus
1436 2634 1525 2664 verba
1533 2633 1655 2664 audistis
1664 2653 1673 2667 ‚
1692 2632 1924 2663 utdemoliatur.
1943 2632 2019 2664 cum
2032 2634 2148 2664 recusa-

1186 2686 1229 2706 ret
1240 2697 1248 2710 ,
1260 2678 1456 2706 vehementer
1464 2676 1601 2705 minatur.
1621 2677 1662 2705 ita
1672 2684 1737 2706 tum
1748 2685 1785 2704 ex
1794 2675 1850 2704 illo
1861 2675 1973 2715 oppido
1983 2674 2148 2716 proficisci-

1188 2727 1242 2748 tur.
1276 2721 1440 2760 Proagorus
1462 2716 1551 2748 refert
1565 2727 1630 2748 rem
1642 2717 1678 2748 ad
1688 2717 1824 2748 senatum
1837 2718 2047 2748 :vehementer
2057 2717 2147 2747 undi-

2089 2769 2148 2800 que

1191 2854 1265 2873 reant
1283 2856 1341 2873 cum
1354 2845 1521 2882 praecedenti.
1546 2843 1658 2871 debebat
1677 2843 1766 2879 sequi:
1788 2852 1932 2878 quamquam
1949 2844 2009 2877 quid
2023 2844 2093 2879 qui-fi
2102 2846 2147 2875 eff,

1187 2884 1248 2917 quod
1256 2884 1308 2917 quis
1318 2883 1396 2907 met-iria
1407 2890 1523 2915 queratur
1533 2901 1540 2912 ,
1551 2884 1578 2907 in
1587 2889 1615 2905 ca
1624 2882 1722 2905 civitate
1730 2881 1781 2910 (γε.

1229 2929 1253 2952 5.
1273 2920 1416 2951 carthagine
1425 2924 1518 2950 captum
1527 2916 1679 2949 reponatur]
1691 2916 1723 2941 1³.
1733 2915 1869 2941 Manutius
1880 2915 1906 2940 ὃς
1918 2914 2076 2947 Lambinus,
2085 2917 2148 2942 Car-

1189 2956 1283 2988 thagine
1292 2962 1362 2986 capta
1373 2960 1534 2986 recuperatum
1544 2958 1680 2985 reponatur.

1224 2991 1253 3017 6.
1272 2993 1487 3023 cffiionumentaque
1498 2998 1576 3013 rerum
1586 2988 1688 3013 maxim?
1697 2986 1845 3019 constituat]
1861 2985 1956 3013 Forsan
1967 2996 2040 3021 quam
2048 2987 2149 3013 maxim&

1187 3029 1256 3059 const.
1275 3035 1335 3052 nam
1346 3025 1414 3052 Pall.
1425 3026 1452 3052 &
1464 3027 1576 3052 Gruter.
1588 3022 1686 3049 &edd.
1708 3029 1776 3049 vett.
1794 3023 1844 3049 cion
1861 3023 1972 3050 maxime.
1993 3023 2086 3058 Cujac.
2096 3031 2148 3049 eu-

1187 3072 1260 3097 quam
1269 3072 1336 3088 max.
1357 3062 1405 3088 Ful
1412 3062 1502 3087 viantis
1514 3080 1522 3091 ‚
1534 3069 1595 3085 nune
1605 3059 1714 3085 maxime.

1224 3107 1252 3133 7.
1274 3101 1438 3132 Lemnumque
1450 3099 1549 3131 flagitia
1565 3095 1721 3129 wifentur]
1748 3093 1872 3121 Gifanius
1891 3093 1923 3120 ad
1944 3094 2101 3121 Lucretium
2118 3093 2145 3120 in

1190 3144 1251 3161 voce
1261 3136 1356 3165 Trivia,
1365 3133 1447 3160 refert
1459 3140 1574 3159 veterem
1586 3130 1703 3157 codicem
1715 3130 1788 3157 suum
1800 3140 1851 3158 nou
1862 3130 2001 3165 agnoscere
2010 3129 2078 3159 illud
2088 3138 2147 3155 ver-

185 3150 343 3185 conjiciebat
352 3156 433 3173 narn.

197 3224 199 3226 η
218 3196 248 3222 4.
268 3191 328 3223 Qu
347 3187 380 3212 efi'
397 3179 564 3217 querendum]
586 3179 651 3207 Non
673 3177 750 3209 video
769 3175 904 3213 quomodo
913 3173 968 3201 ἔκιε
978 3172 1049 3200 belle.
1060 3171 1145 3200 cohae-

1180 3173 1282 3206 samm.
1301 3169 1400 3199 habent
1410 3177 1498 3199 tamen
1509 3168 1590 3197 nostri
1600 3176 1692 3196 omnes
1704 3185 1712 3201 ‚
1723 3167 1751 3195 δε
1762 3165 1822 3194 edd.
1834 3173 1902 3194 vett,
2130 3199 2145 3225 d

2057 3210 2081 3230 ι,
2092 3202 2132 3228 ΞΑ
