2301 3395
197 136 269 195 34
659 114 741 171 Rs
818 111 1154 168 Tunnii

190 209 260 246 fuit
271 205 428 256 strepitus
441 206 501 244 sub
515 215 606 243 terra
615 218 699 242 cum
713 203 946 252 fremstmquae
958 201 1041 238 cum
1055 200 1160 236 haru-

193 257 297 305 spices
310 256 438 304 expiari
452 255 590 295 vellent,
605 255 709 292 iratos
720 257 811 290 Deos
824 252 899 292 esse,
914 249 1009 300 quod
1025 249 1100 284 loca
1111 248 1160 284 sa-

193 319 252 343 cra
264 309 298 343 &
312 305 470 353 religiosa
483 304 627 354 profana
637 303 847 339 haberentur
860 327 869 341 ,
897 298 1155 350 responderunt.

194 358 295 391 Hanc
317 354 536 390 occasionem
550 354 712 402 arripiens
727 349 873 386 Clodius
885 349 992 385 aedilis
1007 372 1014 386 ‚
1039 347 1160 401 habuit

195 404 408 440 concionem
420 403 462 439 de
475 402 573 439 sacris
585 405 617 438 ὃ(
632 399 857 447 religionibus
868 415 878 443 5
901 409 1002 447 atque
1015 397 1157 433 Cicero-

199 453 251 489 nis
262 453 411 488 domum
426 452 515 488 inter
526 464 564 486 ea
577 452 651 485 loca
663 449 728 484 esse
740 448 830 484 dixit
846 473 852 486 ,
876 460 953 495 quae
966 445 1162 482 consecrata

191 501 338 551 profana
350 502 569 537 haberentur.
594 499 664 547 itaq
669 510 711 533 ue
723 495 887 546 postridie
901 496 1028 532 Cicero
1040 493 1159 531 defen-

195 550 279 586 dens
301 551 331 586 se
352 551 388 586 in
407 550 543 586 senatu,
566 547 681 596 quiex
695 546 915 593 haruspicum
928 544 1086 593 responso
1099 543 1160 577 de-

196 610 353 635 creverat
366 625 374 640 ,
397 610 435 634 ut
455 598 497 632 de
520 597 604 632 loeis
616 596 713 633 sacris
726 597 761 632 &
773 593 939 642 religiosis
951 593 1107 629 consules
1119 590 1160 627 ad

195 648 351 685 senatum
365 646 742 684 i·eferrent‚orationem
754 644 874 680 habuit
886 643 928 679 de
940 642 1158 690 haruspicum

194 695 358 745 responsis
373 720 382 733 ‚
405 708 482 744 quae
495 694 602 732 exstat
615 718 624 733 ‚
643 694 679 730 in
693 706 761 743 qua
772 692 993 739 haruspicum
1005 690 1162 744 responsa

194 757 317 781 conti-a
327 744 497 780 Clodium
508 745 729 791 interpretatu
735 744 860 778 i·.Tum
872 753 1011 791 quoque
1022 741 1161 776 Cicero,

196 805 235 830 ut
250 797 317 828 Dio
327 793 453 833 scribit,
466 793 600 828 Milone
613 795 646 828 &
658 791 863 841 quibusdam
877 790 955 825 trib.
966 790 1012 837 pl.
1026 788 1160 825 adhibi-

193 843 234 878 tis
249 869 257 883 ,
273 843 309 878 in
323 842 538 890 Capitolium
553 841 649 877 venit
661 867 669 881 ‚
686 843 718 877 ὅ(
730 841 859 876 tabulas
872 839 915 874 de
927 838 1057 875 exsulio
1070 837 1131 872 suo
1145 837 1161 871 a

196 890 324 927 Clodio
337 891 415 927 trib.
429 891 473 938 pl.
487 889 571 926 fixas
583 889 718 938 dejecit.
739 888 793 925 sed
805 887 950 923 Clodius
963 899 1045 922 cum
1060 886 1163 937 fratre

195 939 283 987 Cajo
298 966 305 977 .
333 940 392 989 qui
409 942 537 975 Praetor
549 950 620 975 erat
633 965 642 979 ,
664 937 900 974 interveniens
916 962 924 976 ‚
939 949 991 972 eas
1005 947 1081 971 tum
1094 946 1162 969 eri-

193 990 270 1037 puit
281 1017 289 1026 .
314 989 428 1036 postea
441 1001 526 1024 vero
540 989 717 1023 observata
729 986 844 1022 Clodii
858 985 1005 1021 absentia
1019 1008 1028 1022 ‚
1050 982 1163 1018 rui-sus

192 1038 230 1074 in
244 1038 460 1086 Capitolium
473 1037 624 1073 ascendit
637 1039 672 1073 ὃς
682 1036 812 1072 tabulas
834 1034 914 1070 inde
927 1033 1049 1069 ablatas
1063 1058 1072 1072 ‚
1097 1031 1162 1066 do—

195 1099 298 1123 mum
309 1088 402 1123 suam
415 1087 608 1135 asportavit.
624 1085 719 1133 quod
734 1085 864 1121 fastum
877 1084 895 1119 a
908 1081 1035 1118 Clodio
1048 1092 1163 1129 repre-

195 1135 344 1172 hensum
357 1148 440 1171 cum
454 1135 591 1171 Tullius
608 1135 643 1169 in
655 1134 771 1170 senatu
788 1160 796 1174 ,
818 1145 855 1169 ut
869 1131 1071 1168 Plutarchus
1085 1143 1161 1165 nai·—

193 1196 257 1223 rat‚
273 1183 318 1221 sic
329 1184 528 1221 defenderet
542 1210 550 1224 ‚
563 1194 602 1219 ut
614 1183 742 1219 diceret
757 1182 927 1218 Clodium
940 1191 1062 1216 contra
1074 1179 1163 1226 leges

196 1234 215 1269 ἐ
240 1234 387 1280 patriciis
410 1233 450 1269 ad
473 1233 607 1279 plebem
625 1231 788 1268 transiisse
804 1258 812 1272 ‚
838 1231 985 1278 ideoque
1001 1228 1089 1264 nihil
1103 1240 1164 1262 eo-

196 1294 278 1318 rum
287 1306 297 1321 ,
310 1295 387 1331 quae
400 1281 545 1330 gessisset
558 1308 566 1322 ‚
577 1292 691 1318 ratum
703 1279 901 1317 habendum
914 1278 979 1314 esse
989 1295 999 1323 3
1011 1278 1098 1313 Cato
1109 1276 1164 1312 in-

197 1331 359 1379 dignatus
373 1332 421 1367 illi
433 1330 656 1367 contradixit:
671 1342 743 1365 non
759 1328 855 1378 quod
865 1327 1034 1364 Clodium
1048 1325 1165 1362 lauda-

198 1391 249 1417 ret
262 1404 272 1418 ‚
296 1379 395 1428 cujus
407 1380 481 1417 ac'sta
493 1379 613 1415 oderat
626 1392 634 1413 t
660 1378 714 1414 sed
728 1391 832 1425 grave
844 1380 878 1414 ὃς
891 1376 1089 1412 violentum
1102 1373 1167 1410 esse

195 1428 426 1465 confirmabat
439 1453 448 1467 ‚
469 1439 522 1464 tot
535 1429 671 1463 decreta
682 1452 692 1466 ‚
716 1429 813 1463 &res
826 1426 932 1474 gestas
946 1424 1164 1461 senatuscon-

199 1477 291 1514 sulto
304 1478 392 1522 tolli5
403 1478 439 1513 in
451 1477 578 1526 quibus
591 1476 697 1512 essent
709 1476 813 1512 etiam
822 1488 949 1524 ea‚quae
963 1475 1028 1522 ipse
1040 1475 1076 1509 in
1090 1473 1167 1521 Cy-

196 1539 261 1576 pro
275 1529 310 1563 8<
322 1528 484 1575 Byzantii
497 1525 652 1574 gessisset.
669 1525 711 1561 de
725 1525 851 1574 quibus
865 1525 965 1561 rebus
979 1534 1101 1572 praeter
1114 1521 1165 1556 hi-

199 1575 344 1611 storicos
357 1575 484 1611 Cicero
498 1588 560 1621 pro
572 1574 693 1613 domo,
707 1576 743 1610 in
754 1573 924 1614 Sextiana,
938 1575 972 1609 δε
981 1572 1073 1608 alibi.
1086 1573 1167 1607 Hoc

196 1623 301 1666 etiam
327 1635 484 1672 ternpore
506 1624 624 1660 astum
646 1624 682 1658 in
706 1624 822 1660 senatu
844 1622 911 1659 fuit
932 1621 974 1657 de
994 1619 1165 1669 stipendio

198 1674 373 1713 exercitus
387 1673 537 1709 Caesaris-
564 1672 669 1721 idque
682 1673 807 1708 Cicero
821 1671 854 1708 se
883 1683 955 1707 non
978 1670 1092 1706 solum
1105 1669 1166 1705 de-

197 1722 352 1763 crevisse,
363 1721 418 1758 sed
431 1722 547 1760 etiam,
558 1732 598 1757 ut
609 1722 664 1757 alii
680 1721 906 1758 decernerent
918 1747 927 1762 ‚
947 1718 1108 1755 laborasse
1121 1717 1167 1754 ait

198 1771 236 1807 in
250 1782 335 1808 orat.
347 1771 390 1806 de
402 1770 595 1819 provinciis
608 1782 684 1806 cos.
696 1770 853 1818 stipendii
868 1768 994 1805 decreti
1007 1767 1168 1804 meminit

199 1832 288 1868 ep.7.
299 1820 321 1855 l.
332 1833 356 1856 i.
370 1821 463 1855 Fam.
475 1819 534 1855 ubi
548 1822 582 1856 ἃ
594 1819 637 1855 de
650 1819 771 1856 decem
783 1819 912 1867 legatis,
932 1818 974 1853 de
986 1817 1110 1865 quibus
1123 1815 1167 1851 fic

195 1868 233 1904 in
255 1870 414 1905 oratione
433 1868 476 1904 dc
490 1868 680 1916 provinciis
695 1882 702 1904 :
731 1869 860 1904 Atium
873 1867 921 1903 est
933 1866 976 1903 de
987 1867 1107 1902 decem
1121 1865 1165 1901 le-

195 1918 307 1965 gatis5
329 1931 417 1966 quos
436 1917 490 1953 alii
505 1917 657 1952 omnino
670 1930 742 1953 non
756 1916 905 1953 dabant:
928 1914 985 1952 alii
1009 1914 1168 1962 exempla

196 1967 419 2015 quaerebant:
445 1966 501 2002 alii
525 1976 662 2014 tempus
680 1964 908 2004 differebant,
931 1964 989 2001 alii
1003 1963 1073 1999 fine
1086 1963 1167 1999 ullis

197 2015 387 2051 verborum
399 2015 612 2050 ornamentis
624 2015 751 2050 dabant
765 2038 774 2053 ,
795 2015 832 2050 iu
850 2027 888 2050 ea
906 2025 1048 2062 quoque
1068 2025 1104 2048 re
1123 2011 1166 2047 fic

198 2064 271 2100 sum
285 2063 423 2098 locutus
436 2089 446 2103 ‚
469 2074 508 2098 ut
519 2075 641 2098 omnes
652 2063 887 2107 intelligerent
900 2086 910 2101 ‚
928 2075 984 2099 me
997 2061 1031 2097 id
1042 2085 1051 2099 ‚
1071 2060 1167 2110 quod

197 2111 280 2158 reip·
294 2111 391 2146 causa
402 2110 564 2146 sentirem
578 2136 587 2150 ,
612 2110 724 2145 facere
744 2111 883 2145 uberius
903 2121 1045 2156 propter
1067 2108 1168 2154 ipsius

202 2159 342 2195 Caesaris
354 2158 568 2206 dignitatern.
583 2160 617 2194 &
626 2171 689 2205 pro
702 2157 821 2193 Balbo.
845 2157 942 2192 Idem
954 2156 989 2191 in
1003 2153 1167 2201 augustiis

200 2207 309 2244 aerarii
325 2208 496 2243 vitiorem
509 2206 701 2243 exercitum
719 2205 888 2254 stipendio
900 2203 1032 2240 affecit:
1052 2205 1166 2250 Impe-

199 2256 305 2292 ratori
321 2256 442 2291 decem
458 2256 585 2302 legatos
598 2255 762 2290 decrevit.
787 2257 863 2290 Hos
875 2253 993 2288 decem
1007 2252 1136 2299 legatos
1148 2251 1167 2286 a

198 2305 316 2341 Dione
327 2304 472 2351 intelligi
487 2314 571 2351 puto
587 2327 595 2341 ‚
613 2316 695 2339 cum
710 2303 753 2338 de
764 2302 956 2338 honoribus
970 2300 1091 2337 Caesari
1105 2300 1162 2334 ha-

201 2353 279 2389 bitis
291 2353 406 2401 inquit
420 2376 430 2391 ‚
442 2347 481 2392 αἵς
496 2366 528 2386 τε
541 2353 572 2401 ις
585 2347 629 2386 οἰκ
641 2351 669 2388 73
682 2351 789 2393 βελῧς
803 2347 916 2400 dispas
928 2375 937 2389 ‚
951 2351 992 2386 ὣς
1004 2349 1036 2398 25}
1050 2346 1101 2384 ἐπὶ
1113 2341 1167 2383 δὶ-

200 2397 295 2439 &saw
346 2403 398 2441 ’ως
412 2401 579 2441 παντελῶς
592 2402 654 2440 τοῖς
670 2399 845 2437 ramossimis
867 2395 1045 2445 a'nmz‘aoq.
1075 2400 1168 2434 Nam

201 2464 238 2487 re
249 2451 339 2487 bene
351 2450 452 2497 gesta,
464 2449 692 2498 dispensandae
706 2447 1040 2496 cohonestandaeque
1052 2447 1167 2483 victo-

202 2500 273 2540 riae,
287 2510 326 2535 ut
337 2500 501 2535 Manilius
513 2499 603 2547 apud
617 2499 760 2534 Livium
772 2498 795 2534 l.
805 2502 858 2543 38.
871 2498 930 2538 ait,
946 2495 1165 2545 Imperatori·

203 2548 268 2583 bus
281 2547 402 2584 decem
415 2548 515 2595 legati
527 2547 802 2583 decernebantur
814 2573 822 2587 ‚
849 2548 888 2582 A.
900 2545 1072 2582 Gabinius
1084 2571 1094 2586 ,
1108 2545 1168 2593 qui

204 2597 343 2646 Syriam
356 2609 417 2644 pro
432 2608 509 2634 cos.
531 2597 680 2636 tenebat,
694 2597 730 2632 in
744 2595 917 2632 Palaestina
930 2607 966 2631 re
977 2595 1067 2630 bene
1076 2593 1167 2642 gesta

203 2656 328 2682 contra
351 2645 538 2681 Aristobuli
561 2644 673 2681 filium
696 2644 934 2682 Alexandrum
952 2667 962 2682 ‚
987 2643 1168 2692 ipsumque

203 2693 446 2732 Aristobulum
461 2718 470 2731 ‚
484 2705 522 2730 ut
530 2694 697 2743 josephus
710 2694 732 2732 l.
751 2707 800 2737 14-
818 2693 1076 2742 Antiquitatum
1090 2691 1169 2727 scri-

204 2742 255 2779 bit
268 2769 277 2783 ,
300 2742 413 2778 literas
426 2745 580 2779 Romam
595 2742 685 2779 misit
698 2767 707 2781 ‚
736 2743 861 2791 quibus
876 2744 912 2779 &
923 2755 996 2778 rem
1007 2741 1095 2778 bene
1107 2753 1168 2789 ge-

204 2791 291 2827 stam
302 2791 339 2826 in
352 2791 443 2827 bello
459 2791 636 2828 nuntiavit
648 2818 656 2833 ‚
681 2794 714 2828 &
728 2791 1011 2840 supplicationem
1023 2793 1041 2827 a
1054 2790 1170 2826 senatu

204 2839 400 2887 postulavit.
430 2840 545 2875 Idibus
558 2840 640 2877 Maii
663 2841 796 2877 senatus
819 2840 980 2890 frequens
1003 2839 1168 2888 supplica-

204 2888 340 2929 tionem
355 2888 506 2924 Gabinio
519 2888 712 2936 denegavit,
727 2902 812 2938 ep.7.
826 2889 881 2925 l.z.
896 2889 938 2926 ad
950 2891 1115 2930 Fratrem,
1128 2888 1172 2925 de

205 2936 394 2983 provinciis
419 2948 494 2973 cos·
516 2938 599 2974 &in
613 2938 784 2974 Pisonem.
812 2938 945 2975 Deinde
958 2965 967 2980 ,
993 2939 1075 2974 cum
1090 2950 1170 2986 pro-

207 2985 332 3038 vinciae
354 2985 547 3022 consulares
570 2986 695 3023 futuris
708 2986 908 3023 consulibus
921 2988 995 3036 lege
1007 2990 1169 3036 Sempro-

206 3046 264 3072 nia
275 3033 382 3070 essent
393 3034 618 3071 decernendae
632 3061 641 3075 ‚
666 3047 705 3073 ut
729 3036 765 3072 in
788 3048 995 3083 argumento
1016 3046 1101 3073 orat.
1128 3035 1171 3071 de

205 3081 395 3135 provinciis
407 3083 521 3132 scripsi
535 3110 544 3125 ,
571 3086 606 3121 ὅ(
618 3083 659 3120 de
672 3096 823 3134 quatuor
835 3086 1022 3132 provinciis
1034 3086 1169 3122 senten-

205 3140 263 3169 tiae
274 3129 376 3170 distae
388 3131 494 3171 essent
505 3156 514 3172 ‚
536 3132 580 3170 de
591 3134 692 3184 Syria
703 3159 713 3175 ‚
737 3133 944 3172 Macedonia
955 3160 965 3178 ‚
987 3136 1022 3173 ὅτ.
1033 3133 1169 3172 duabus

1233 105 1736 166 Clennouis

1203 197 1322 234 Galliis
1337 210 1345 234 :
1361 197 1558 234 M.Tullius
1569 210 1710 247 rogatus
1723 197 1928 236 sententiam
1941 224 1950 240 ‚
1964 196 2174 234 orationem,

1202 258 1278 295 quae
1292 246 1334 283 de
1344 246 1536 296 provinciis
1550 247 1786 284 consularibus
1799 247 1955 288 exstat,in
1969 249 2096 283 Senatu
2109 247 2170 283 ha-

1201 295 1276 332 buit
1293 319 1301 334 ‚
1326 308 1362 331 m
1376 308 1443 344 qua
1455 296 1571 332 suadet
1583 320 1592 335 ‚
1615 308 1655 333 ut
1667 297 1767 345 Syria
1780 299 1814 333 ὃς
1827 297 2031 333 Macedonia
2044 295 2171 331 futuris

1200 343 1398 381 consulibus
1413 344 1644 382 decernantur
1655 371 1664 385 ,
1691 349 1726 382 ὃς
1736 345 1858 381 Galliae
1869 344 1993 382 Caesari
2010 358 2083 380 non
2095 344 2172 380 adi-

1202 403 1353 430 mantur.
1373 395 1462 430 Ante
1473 395 1670 430 orationem
1684 394 1726 430 de
1737 394 1932 443 provinciis
1948 394 1984 429 in
1998 394 2091 429 libris
2106 393 2170 429 Ci-

1204 441 1340 478 ceronis
1363 441 1490 489 legitur
1505 443 1717 479 Corneliana
1739 457 1802 490 pro
1816 445 1856 479 L.
1870 442 2039 479 Cornelio
2053 441 2172 483 Balbo,

1203 503 1308 539 quam
1321 491 1388 526 hoc
1399 503 1492 527 anno
1506 492 1525 528 a
1538 494 1588 527 M.
1601 492 1722 528 Tullio
1734 492 1863 528 diuam
1876 491 1941 528 esse
1952 504 1995 528 ex
2010 503 2051 526 eo
2064 490 2172 538 suspi-

1203 551 1285 592 cor,
1300 539 1397 588 quod
1411 539 1452 575 de
1463 540 1712 589 supplicatione
1725 565 1735 579 ‚
1756 541 1929 589 stipendio
1942 542 1976 577 &
1989 540 2109 576 decem
2122 538 2173 575 le-

1203 599 1289 636 gatis
1313 598 1469 625 extrema
1494 590 1563 625 fere
1588 600 1746 626 oratione
1770 589 1908 626 dicitur.
1938 602 1977 626 ea
1996 589 2093 625 enim
2104 589 2176 623 hoc

1205 650 1297 673 anno
1311 637 1436 674 Caesari
1448 638 1584 675 decreta
1596 639 1662 674 esse
1672 665 1680 680 ,
1694 651 1766 675 non
1779 638 1893 676 solum
1905 639 2018 675 oratio
2031 638 2075 673 de
2088 649 2172 685 pro-

1205 686 1327 722 vinciis
1340 686 1443 723 docet
1456 714 1464 727 ,
1480 700 1602 723 verum
1616 688 1721 724 etiam
1733 701 1823 736 ep.7.
1836 689 1855 724 l.
1866 701 1891 724 1.
1909 687 1951 724 ad
1967 687 2175 724 Lentulum,

1205 747 1309 784 quam
1320 735 1455 772 tametsi
1470 736 1565 772 dodi
1579 736 1720 785 quidam
1734 737 1774 772 ad
1795 736 1989 773 secundum
2003 734 2174 771 Consula-

1205 796 1282 819 tum
1296 785 1451 832 l'ompei'i
1475 787 1508 821 &
1521 785 1629 822 Crassi
1653 785 1800 822 referant
1814 812 1823 826 ,
1847 798 1964 822 tamen
1988 785 2056 820 hoc
2080 796 2175 820 anno

1205 833 1362 880 scriptam
1385 833 1585 881 esse'ai·guit
1599 860 1609 876 ,
1634 835 1729 883 quod
1740 837 1778 871 L·
1793 835 1948 871 Racilius
1961 834 2052 870 inter
2064 833 2175 880 magi-

1205 881 1325 916 stratus
1351 882 1577 923 nominatur,
1601 896 1705 932 quem
1730 884 1933 919 Marcellino
1959 885 1992 919 ὃς
2016 882 2178 930 Philippo

1206 941 1300 983 Coss,
1316 931 1395 966 trib.
1412 931 1455 976 pl.
1479 931 1576 966 fuisse
1598 933 1696 979 supra
1717 932 1887 969 diximus.
1913 932 2027 980 Igitur
2038 931 2177 970 Balbus,

1206 983 1288 1014 cum
1302 978 1383 1016 esset
1395 980 1550 1017 Gadibus
1566 980 1602 1016 in
1615 981 1778 1030 Hispania
1793 992 1893 1019 natus
1906 1007 1915 1022 ‚
1938 993 1976 1016 ac
1990 980 2081 1017 bello
2091 981 2177 1015 'Ser-

1207 1027 1344 1063 toriano
1371 1030 1640 1075 Imperator-ibus
1667 1031 1837 1066 Romanis
1860 1030 2024 1079 probatus
2046 1053 2054 1067 ,
2083 1027 2177 1064 bello

1208 1075 1371 1113 confesto
1383 1077 1403 1114 a
1416 1078 1486 1114 Cn.
1503 1079 1667 1127 Pompeio
1691 1079 1829 1115 civitate
1842 1082 2004 1115 Romana
2014 1078 2176 1117 donatus,

1209 1127 1244 1161 &
1257 1125 1338 1174 quia
1351 1139 1411 1173 pei·
1424 1129 1464 1162 L.
1477 1127 1685 1164 Cornelium
1698 1129 1766 1164 hoc
1784 1127 1995 1164 beneficium
2008 1127 2177 1164 consecu-

1207 1184 1262 1209 tus
1278 1174 1356 1213 fuit,
1371 1176 1598 1212 L.Cornelius
1613 1177 1735 1213 Balbus
1750 1188 1893 1213 vocatus
1906 1177 1964 1214 est.
1983 1180 2026 1213 Et
2041 1173 2177 1211 inimici

1210 1223 1349 1258 Caesaris
1363 1226 1396 1260 ὃ(
1409 1225 1563 1272 Pompeii
1577 1226 1809 1262 accusatorem
1820 1235 2068 1273 compararunt
2081 1251 2089 1265 ‚
2115 1224 2177 1273 qui

1210 1271 1314 1307 Balbo
1336 1273 1405 1307 hoc
1425 1283 1582 1322 tempore
1596 1274 1745 1310 civitatis
1763 1274 2038 1311 controversiam
2051 1283 2177 1310 movit:

1211 1332 1338 1368 negans
1352 1334 1434 1357 eum
1442 1321 1524 1369 jure
1537 1325 1571 1359 ὃ(
1584 1324 1675 1359 reste
1688 1324 1828 1360 civitate
1840 1324 2024 1364 donatum,
2036 1322 2119 1358 cum
2132 1334 2179 1359 ex

1212 1369 1380 1405 foederato
1393 1371 1525 1420 populo
1539 1396 1548 1409 ‚
1574 1385 1646 1421 quo
1668 1372 1705 1408 in
1728 1385 1877 1409 numero
1891 1372 2082 1408 Gaditanus
2093 1381 2181 1412 erat,

1212 1431 1317 1454 nemo
1330 1419 1438 1466 posset
1449 1443 1460 1459 ,
1480 1419 1542 1455 nisi
1554 1420 1581 1456 is
1594 1421 1741 1469 populus
1753 1421 1862 1458 fassus
1875 1421 1955 1457 esset
1968 1420 2097 1457 fundus
2110 1445 2120 1461 ‚
2142 1419 2179 1456 id

1212 1466 1260 1503 est
1271 1491 1281 1506 ‚
1306 1468 1430 1504 aussor
1443 1468 1681 1518 obstringendi
1701 1471 1732 1506 se
1746 1469 1827 1519 jure
1844 1470 1979 1507 civium
1993 1472 2179 1506 Romano-

1212 1529 1291 1552 rum
1305 1540 1315 1555 ,
1338 1517 1374 1552 in
1397 1518 1577 1555 civitatem
1602 1519 1732 1556 venire.
1769 1519 2010 1555 Defenderunt
2032 1518 2180 1555 Balbum

1213 1567 1352 1601 Marcus
1366 1566 1503 1604 Crassus
1515 1592 1525 1607 ‚
1549 1568 1617 1604 Cn.
1628 1567 1813 1617 Ponipejus
1826 1570 1861 1606 δε
1881 1571 2022 1605 Marcus
2041 1567 2180 1603 Cicero.

1213 1616 1265 1650 De
1289 1615 1469 1652 Planciana
1478 1640 1488 1655 ,
1509 1630 1586 1666 quae
1609 1618 1670 1654 suo
1692 1618 1771 1654 loco
1795 1630 1869 1653 non
1893 1616 2020 1666 legitur
2043 1640 2054 1656 ‚
2084 1615 2180 1652 dice-

1212 1676 1289 1717 mus
1301 1664 1401 1701 infra.
1425 1667 1533 1702 Nunc
1546 1666 1589 1702 de
1600 1666 1760 1704 Coeliana
1772 1666 1971 1703 dicendum.
1992 1668 2072 1702 Hoc
2084 1677 2181 1701 anno

1213 1713 1421 1750 Ciceronem
1444 1727 1506 1762 pro
1522 1717 1643 1752 Marco
1658 1716 1775 1752 Coelio
1796 1716 1887 1763 apud
1899 1716 1965 1752 Cn·
1978 1713 2181 1751 Domitium

1214 1763 1400 1799 Praetorem
1421 1763 1542 1801 dixisse
1554 1765 1730 1801 Corradus
1749 1764 1892 1801 scribit..
1904 1763 2083 1801 Manutius
2095 1762 2180 1799 curn

1211 1811 1247 1846 in
1259 1811 1527 1849 Commentario
1539 1813 1575 1849 in
1585 1814 1763 1862 epistolam
1777 1814 1937 1861 quintam
1950 1812 2028 1849 libri
2039 1811 2182 1847 secundi

1212 1859 1254 1895 ad
1268 1861 1419 1897 Fratrem
1434 1862 1631 1898 orationem
1645 1875 1708 1909 pro
1722 1862 1839 1898 Coelio
1852 1862 2017 1900 habitam,
2030 1860 2182 1897 Marcel-

1212 1909 1288 1944 lino
1301 1909 1506 1960 &Philippo
1526 1910 1829 1958 coss.scripsisset‚
1851 1921 2031 1959 exponens
2053 1908 2183 1946 deinde

1213 1957 1391 2004 epistolam
1403 1959 1649 1997 duodecimam
1661 1959 1812 2008 ejusdem
1825 1959 1904 1996 libri
1918 1985 1927 2000 ‚
1946 1959 2042 1994 'diem
2068 1958 2116 1993 illi
2141 1958 2179 1993 in

1212 2007 1396 2044 biennium
1409 2007 1527 2055 prodit
1539 2033 1547 2048 ,
1563 2020 1667 2058 atque
1679 2011 1716 2045 L.
1728 2008 1887 2044 Domitio
1900 2010 1934 2045 &
1946 2006 2060 2055 Appio
2073 2007 2182 2042 Clau-

1215 2056 1274 2090 dio
1287 2067 1383 2092 coss.
1397 2056 1554 2092 Coelium
1572 2058 1616 2091 de
1630 2059 1662 2092 vi
1679 2057 1874 2092 accusatum
1888 2078 1899 2093 ‚
1923 2056 1957 2090 &
1968 2053 2146 2090 defensum
2160 2055 2182 2092 ὲ

1214 2103 1393 2138 M.Tullio
1407 2103 1499 2138 facit.
1527 2106 1595 2138 Res
1607 2103 1656 2138 est
1668 2116 1740 2138 non
1752 2103 1837 2138 levis
1849 2128 1858 2144 ‚
1881 2114 1959 2151 quae
1971 2105 2004 2138 δε
2016 2103 2102 2138 tanti
2117 2104 2182 2140 viri

1214 2150 1371 2185 animum
1385 2149 1422 2185 in
1437 2150 1615 2187 scribendo
1627 2151 1822 2187 distraxerit
1833 2177 1843 2193 ‚
1863 2153 1898 2188 δε
1909 2151 1982 2187 aliis
1993 2151 2182 2200 ancipitem

1212 2209 1332 2234 curam
1344 2198 1519 2245 cogitandi
1530 2198 1652 2236 afferre
1663 2199 1773 2248 possit.
1802 2212 1924 2249 quare,
1941 2213 1985 2236 an
2000 2211 2085 2237 cem
2098 2201 2182 2250 quid

1213 2258 1332 2283 eruere
1351 2259 1518 2295 queamus
1530 2273 1540 2287 ,
1566 2249 1795 2296 experiamur·
1825 2249 2066 2298 Qaes’tionem
2085 2250 2182 2288 illam

1212 2297 1280 2331 Cn·
1295 2297 1496 2333 Domitium
1510 2298 1719 2337 exercuisse,
1739 2298 1806 2347 ipsa
1823 2299 1937 2334 oratio
1957 2298 2181 2338 demonstrat.

1213 2344 1291 2380 Fuit
1302 2356 1419 2381 autem
1432 2346 1564 2382 Cneius
1579 2347 1755 2383 Domitius
1767 2357 1895 2395 praetor
1906 2348 1974 2385 hoc
1985 2348 2184 2397 anno‚apud

1212 2406 1318 2442 quem
1331 2394 1545 2431 Ciceronem
1569 2409 1631 2444 pro
1645 2396 1752 2432 Bestia
1771 2394 1892 2433 dixisse
1904 2420 1914 2436 ,
1938 2397 2183 2435 indicavimus,

1213 2443 1290 2479 Fuit
1314 2456 1456 2493 quoque
1478 2445 1562 2481 alius
1579 2445 1755 2482 Domitius
1772 2446 1903 2482 Praetor
1923 2445 2071 2483 biennio
2094 2445 2181 2494 post,

1212 2492 1301 2538 apud
1313 2506 1418 2541 quem
1431 2493 1566 2530 Coelius
1580 2495 1714 2530 causam
1726 2494 1841 2530 dicere
1851 2494 1999 2532 debebat
2010 2521 2019 2536 ,
2041 2494 2183 2543 epistola

1214 2540 1423 2578 duodecima
1434 2569 1443 2584 ,
1470 2542 1546 2579 libri
1570 2543 1709 2580 secundi
1731 2543 1771 2580 ad
1785 2544 1947 2581 Fratrem.
1977 2544 2054 2580 Cur
2064 2554 2183 2580 autem

1214 2590 1369 2645 Coelium
1402 2592 1477 2639 lege
1503 2593 1639 2629 Lutatia
1663 2592 1706 2629 de
1737 2593 1775 2629 vi
1799 2605 1899 2630 reum
1928 2592 2061 2630 fassum
2091 2592 2184 2640 apud

1213 2640 1411 2677 Domitium
1424 2665 1433 2680 ‚
1455 2642 1513 2690 qui
1532 2642 1583 2677 his
1603 2654 1722 2678 coss·
1743 2655 1816 2678 non
1840 2654 1922 2679 eum
1936 2668 1946 2684 ,
1968 2640 2183 2690 quibiennio

1212 2688 1288 2737 post
1301 2701 1485 2737 praeturam
1498 2691 1616 2739 gessit,
1629 2702 1750 2739 putem
1762 2717 1771 2733 ,
1784 2691 1840 2727 illa
1852 2704 1910 2728 me
1920 2691 2017 2728 caufii
2028 2691 2184 2728 maxime

1213 2749 1333 2774 movet
1348 2763 1356 2776 ‚
1368 2740 1464 2787 quod
1479 2743 1614 2776 Marcus
1628 2740 1766 2776 Crassus
1780 2753 1850 2777 una
1863 2753 1946 2778 cum
1960 2739 2083 2776 Tullio
2095 2739 2183 2775 Coe-

1214 2787 1301 2823 lium
1313 2787 1476 2825 defendit.
1488 2792 1583 2838 (nam
1599 2790 1828 2839 interpretum
1841 2789 1995 2828 inscitia,
2007 2788 2067 2837 qui
2082 2787 2183 2824 Cras:-

1214 2836 1290 2872 sum
1301 2836 1406 2873 Coelii
1420 2839 1650 2875 accusatorem
1663 2838 1794 2875 faciunt
1807 2865 1816 2878 ‚
1830 2838 1972 2874 ridenda
1984 2861 1994 2876 ‚
2010 2839 2066 2873 seu
2079 2837 2182 2873 mise-

1215 2885 1319 2922 randa
1332 2886 1454 2933 potius,
1468 2889 1573 2936 quam
1586 2886 1915 2935 refutandam-istius
1926 2887 2012 2922 vero
2027 2885 2110 2921 cum
2120 2897 2183 2921 an.-

1215 2947 1263 2971 no
1276 2935 1467 2983 insequenti
1477 2937 1597 2973 consul
1609 2937 1787 2984 paludatus
1800 2934 2049 2983 exierit‚Appio
2059 2936 2094 2970 &
2108 2935 2184 2969 Do-

1216 2983 1315 3021 mitio
1330 2995 1424 3021 coss·
1449 2997 1492 3022 ne
1506 2988 1632 3021 Romae
1644 2986 1787 3034 quidem
1799 2984 1865 3022 fuit
1879 3009 1889 3024 ‚
1916 2984 2049 3020 nedum
2071 2983 2185 3019 causas

1215 3032 1263 3069 ibi
1285 3045 1383 3069 orare
1404 3035 1531 3082 potuit.
1558 3036 1638 3070 Huc
1650 3035 1782 3071 accedit
1796 3058 1806 3073 ‚
1827 3032 1924 3083 quod
1936 3031 2184 3069 Alexandrinae

1217 3081 1396 3130 legationis
1409 3083 1567 3131 princeps
1581 3085 1650 3118 Dio
1666 3083 1890 3121 Academicus
1914 3108 1923 3123 ,
1949 3079 2050 3129 cujus
2072 3079 2183 3116 inter-

1214 3130 1354 3170 ficiendi
1376 3132 1474 3170 causa
1496 3131 1657 3170 Coeiium
1678 3145 1806 3171 aurum
1830 3132 1850 3171 a
1861 3130 1987 3170 Clodia
2012 3127 2185 3176 sumpsisse

1993 3176 2180 3216 adversarii

1706 3236 1778 3256 Μ
