2379 3400
225 111 351 176 1096‘
548 103 1138 152 ..M.Tu1.r.11

313 197 323 212 ¹
344 189 454 231 Impius
475 189 604 218 hortatur
622 197 665 216 me
675 185 786 224 frater,
810 189 825 206 ²
844 193 880 215 ut
900 195 972 216 mcor
989 184 1074 221 malis
1090 184 1174 225 miser

353 231 524 260 diffiderem
541 237 629 258 natos.

220 278 334 305 Eorum
357 273 466 302 viscera
484 272 624 310 apponit:
644 269 717 311 quid
728 268 770 299 est
784 271 866 299 enim
879 289 886 302 ,
906 268 968 310 quo
980 278 1043 298 non
1054 278 1175 309 progre-

217 315 313 345 diatur
329 313 436 344 eodem
455 314 494 342 ira
506 332 514 346 ‚
535 310 596 352 quo
619 310 724 341 furor?
746 313 850 352 Itaque
871 313 960 341 iratos
971 311 1090 350 proprie
1101 311 1178 341 dici-

218 365 288 386 mus
299 353 391 385 exiss'e
400 354 436 384 de
446 353 586 393 potestate
597 373 606 387 ‚
619 352 647 383 id
659 352 700 384 est
712 373 720 386 ,
733 352 768 383 de
778 351 905 383 consilio
917 372 925 385 ‚
937 352 974 383 de
988 354 1103 383 ratione
1116 373 1124 385 ‚
1134 352 1171 382 de

220 406 332 427 mente.
355 398 464 425 horum
474 397 557 425 enim
570 394 696 435 potestas
709 397 739 425 in
751 404 851 427 torum
861 397 1000 424 animum
1011 392 1068 424 effe
1079 394 1176 424 debet.

223 442 236 466 3
249 440 294 467 his
313 447 362 468 aut
375 437 562 467 subtrahendi
582 437 651 468 sunt
661 439 687 467 ei
701 457 709 470 ,
730 438 762 466 in
780 446 856 476 quos
868 439 1017 476 impetum
1029 444 1177 466 conantur

217 479 313 509 facere
335 499 344 513 ‚
363 478 438 509 dum
459 479 486 509 se
506 478 559 520 ipsi
576 479 723 519 colligant
742 478 833 519 (quid
848 477 891 509 est
911 488 1011 509 autem
1032 478 1060 508 se
1077 478 1176 518 ipsum

218 521 362 562 colligere
374 540 382 555 ‚
405 519 461 551 nis1
479 524 496 547 4
513 520 658 561 diffipatas
681 522 778 550 animi
797 522 905 560 parteis
918 521 1033 550 rursum
1046 522 1079 550 in
1090 521 1174 549 suum

217 563 323 593 locum
341 565 468 604 cogere?
491 562 869 604 >autrogandiorandique
881 562 967 596 sunt,
986 571 1038 595 ut,
1058 560 1079 591 fi
1087 571 1176 602 quam

219 605 329 635 haberit
352 605 516 635 ulciscendi
534 606 597 635 vim
611 624 619 637 ,
643 602 784 635 differant
803 605 836 634 in
855 613 973 644 tempus
982 604 1063 634 aliud
1076 624 1084 636 ,
1096 604 1170 634 dum

215 646 396 677 defervescat
406 648 457 676 ira.
470 645 681 677 Defervescere
691 655 791 677 autem
801 647 878 676 certe
891 644 1034 687 fignificat
1042 645 1179 676 ardorem

217 690 317 720 animi
339 690 434 719 invita
450 690 564 719 ratione
582 689 760 719 excitatum.
802 690 850 719 Ex
865 697 927 728 quo
947 688 1023 718 illud
1046 687 1180 718 laudatur

219 732 365 762 Architae:
387 730 524 771 quicum
535 731 642 761 villico
652 729 748 760 faetus
758 728 828 760 ess'et
838 731 940 760 iratior
949 750 958 764 ‚
979 730 1047 770 Qo
1056 737 1083 758 te
1091 728 1179 763 modo,

219 774 340 814 inquit,
361 772 540 814 accepiffim,
561 771 615 813 mfi
625 772 717 802 iratus
734 771 834 810 effim?
859 772 921 802 Ubi
942 772 1010 802 sunt
1026 781 1057 802 er
1078 781 1097 801 0
1117 770 1176 804 isti,

163 816 204 850 37
220 819 233 843 5
257 816 309 855 qui
329 815 515 845 iracundiam
538 815 646 845 utilem
661 814 785 845 dicunt?
808 812 927 852 (Potest
937 814 1021 843 utilis
1035 823 1050 843 e
1075 811 1181 843 ‘eiusa-

219 859 295 888 nia?
308 857 318 896 )
339 859 399 887 Aut
410 856 597 887 naturalem?
616 866 653 886 an
664 856 829 897 quidquam
841 854 896 886 esse
908 855 1004 896 potest
1013 854 1179 886 secundum

222 907 359 930 naturam
371 917 380 931 ,
402 898 484 939 quod
493 897 527 928 sit
536 907 717 940 repugnante
728 900 844 928 ratione
858 900 869 927 ?
887 907 950 938 quo
960 897 1055 927 modo
1065 905 1179 930 autem.

222 939 245 971 fi
263 940 406 971 naturalis
424 938 496 970 efl‘et
518 942 577 970 ira:
594 949 644 970 aut
664 939 808 970 aliusalio
822 942 917 981 magis
929 939 1089 970 iracundus
1100 936 1179 968 ess‘et:

221 980 238 1003 ό
260 991 310 1013 aut
327 980 421 1013 finem
433 980 642 1023 haberetprius
653 1002 662 1015 ‚
681 982 772 1022 quam
784 980 857 1012 esset
866 982 925 1012 ulla
936 981 1099 1011 ulciscendi
1111 980 1181 1010 libi-

220 1024 281 1056 do:
301 1033 351 1054 aut
365 1033 549 1065 quemquam
566 1025 747 1064 poeniteret,
766 1028 781 1052 7
806 1023 888 1065 quod
906 1021 1021 1054 feciss‘cc
1028 1032 1079 1063 per
1094 1024 1181 1052 iram?

220 1076 256 1098 ut
276 1066 483 1097 Alexandrum
502 1075 603 1107 regem
624 1065 786 1099 Videmus,
816 1068 871 1107 qui
891 1064 964 1096 cum
983 1061 1182 1095 interemisset

223 1109 347 1149 Clytum
369 1127 378 1141 ,
408 1107 589 1138 familiarem
610 1107 698 1137 suum
718 1127 727 1140 .
745 1109 800 1138 vix
819 1107 836 1138 a
853 1107 883 1138 se
899 1116 1009 1138 manus
1026 1106 1169 1137 abstinuit

220 1159 303 1182 tanta
321 1151 367 1179 vis
384 1148 444 1180 fuit
461 1149 635 1189 paenirendi.
658 1150 771 1190 quibus
791 1151 922 1190 cognitis
934 1169 942 1181 ‚
960 1150 1030 1189 quis
1048 1146 1110 1182 est,
1127 1147 1181 1188 qui

222 1191 340 1223 dubitet
350 1211 358 1225 ,
369 1193 444 1232 quin
455 1193 504 1221 hic
514 1201 634 1232 quoque
645 1200 745 1222 motus
756 1193 855 1221 animi
866 1211 875 1225 ,
898 1189 933 1220 sit
946 1199 1026 1220 totus
1036 1189 1175 1230 opinabi-

222 1234 261 1264 lis
269 1253 278 1268 ,
300 1244 332 1265 ac
343 1234 552 1277 voluptarius?
595 1234 641 1264 uis
652 1235 737 1263 enim
749 1233 891 1263 dubitarit
901 1251 911 1266 ,
929 1234 1003 1272 quin
1013 1232 1182 1274 aegrotatio-

220 1285 277 1308 nes
298 1278 396 1307 animi
413 1296 420 1310 ,
439 1275 538 1316 qualis
558 1244 601 1305 eit
616 1277 754 1309 avaritia,
781 1275 884 1316 gloriae
894 1273 1040 1314 cupiditas
1052 1294 1061 1308 ,
1082 1283 1121 1304 ex
1130 1283 1179 1308 eo,

219 1318 304 1359 quod
329 1319 431 1360 magni
448 1316 613 1349 aestimetur
635 1327 669 1348 ea
684 1327 731 1347 res
750 1337 760 1351 ,
777 1327 816 1347 ex
831 1326 889 1358 qua
909 1317 1032 1347 animus
1048 1324 1178 1357 aegrorar,

221 1361 379 1390 oriantur?
398 1359 477 1390 unde
488 1359 619 1400 intelligi
631 1359 737 1393 debet,
746 1358 984 1401 perturbationem
1013 1368 1112 1400 uoque
1120 1367 1181 1387 om-

220 1412 303 1436 nem,
321 1401 369 1440 effi
392 1402 422 1431 in
439 1402 573 1442 opinione.
597 1404 653 1436 Et,
672 1399 842 1436 fifidentia,
861 1400 895 1431 id
906 1400 968 1434 est,
1011 1402 1179 1432 rmaanimi

221 1443 368 1478 confifio,
389 1444 511 1474 scientia
530 1444 668 1485 quaedam
687 1443 749 1478 est,
771 1443 804 1474 δε
828 1444 936 1483 opinio
953 1444 1071 1489 gravis,
1092 1437 1180 1473 ⁸non

221 1487 336 1516 temere
348 1485 528 1520 affenticns3
549 1489 565 1512 9
583 1494 681 1516 metus
698 1495 819 1527 quoque
837 1484 880 1515 est
899 1484 1068 1515 diffidentia
1076 1485 1185 1525 exspe-

223 1526 296 1558 &ati
311 1547 319 1561 ‚
333 1527 367 1558 δε
384 1527 590 1566 impendentis
608 1528 694 1558 mali.
717 1530 776 1561 Et,
795 1526 817 1556 fi
835 1527 918 1566 spes,
942 1526 986 1557 est
995 1526 1180 1566 exspectatio

221 1568 319 1599 boni:
340 1569 413 1599 mali
431 1567 688 1608 exspe·6tationem
706 1567 765 1598 este
775 1567 889 1598 necess'e
901 1567 963 1602 est,
987 1577 1116 1598 metum.
1139 1571 1183 1598 Ut

224 1611 318 1650 igitur
335 1618 433 1640 metus
452 1628 461 1642 ‚
492 1607 530 1639 sic
550 1610 672 1650 reliquae
691 1604 930 1649 perturbationes
949 1610 1018 1639 sunt
1035 1610 1070 1639 in
1088 1609 1180 1639 malo.

219 1654 307 1693 Ergo
328 1660 362 1682 ut
370 1649 554 1684 constantia,
572 1651 721 1682 scientiae:
739 1649 778 1681 fic
788 1650 989 1691 perturbatio,
1009 1653 1116 1681 erroris
1130 1650 1182 1681 est.

226 1695 289 1733 Qi
297 1701 397 1723 autem
408 1701 510 1723 nat-ura
517 1692 660 1724 dicuntur
669 1693 801 1723 iracundi
812 1713 821 1727 ,
845 1700 895 1723 aut
905 1692 1124 1726 misericordes,
1134 1701 1183 1722 aut

226 1735 347 1768 invidi,
367 1736 398 1754 ¹0
415 1743 464 1764 aut
480 1734 540 1764 'tale
549 1734 642 1775 quid,
654 1735 754 1765 iisunt
764 1733 917 1765 constituti
929 1753 938 1767 ‚
959 1733 1038 1774 quasi
1049 1735 1125 1764 mala
1135 1744 1184 1763 va-

225 1776 357 1807 litudine
377 1777 495 1806 animi:
520 1779 546 1796 ¹¹
560 1776 706 1808 sanabiles
722 1785 834 1806 tamen.
858 1784 891 1804 ut
911 1778 1044 1805 Socrates
1061 1774 1183 1809 dicitur,

224 1818 297 1849 cum
321 1817 417 1848 multa
435 1819 468 1847 in
485 1826 640 1848 conventu
652 1819 728 1848 vitia
736 1815 900 1856 collegisset
910 1818 942 1845 in
953 1826 1023 1846 eum
1035 1816 1185 1856 Zopyrus,
1198 1829 1200 1880 1

223 1861 278 1901 qui
297 1859 327 1891 se
348 1867 485 1891 naturam
494 1860 639 1902 cujusque
651 1868 691 1890 ex
698 1858 798 1890 forma
806 1858 970 1900 perspicere
979 1856 1184 1900 profitebatur,

264 2029 275 2046 1
282 2041 288 2047 .
307 2021 397 2051 Impius
406 2020 516 2044 hortatur
525 2019 665 2053 mefrater.]
686 2021 778 2052 Impius·
787 2018 906 2045 nesciunt
915 2017 1033 2053 quinque
1044 2016 1102 2043 Pal.

259 2065 290 2083 2.
312 2059 340 2081 Ut
357 2064 416 2081 meos
433 2056 501 2080 malis
520 2056 589 2088 miser
605 2055 746 2082 Manderem
763 2055 860 2089 natos]
882 2053 1024 2080 Turnebus
1047 2052 1116 2079 libro
1126 2062 1156 2079 vr
1163 2062 1184 2079 1.

223 2091 328 2128 cap.18.
339 2092 367 2118 δε
379 2090 504 2117 Lambin.
515 2099 548 2117 ex
560 2090 714 2124 :onjcftura
723 2092 840 2117 mandem.
852 2097 894 2122 ut,
906 2091 974 2116 malis
985 2090 1112 2121 mandare,
1122 2088 1185 2116 esset

224 2128 304 2155 malis
315 2126 356 2154 seu
368 2127 485 2154 maxillis
496 2127 666 2153 committere
675 2128 703 2153 δ(
715 2127 871 2163 permittere
882 2145 891 2157 ‚
902 2126 951 2152 hoc
960 2125 996 2153 est
1009 2145 1017 2158 ,
1027 2125 1185 2153 devoratum

223 2164 268 2193 seu
280 2163 474 2191 comminutum
485 2162 535 2194 ire,
546 2170 576 2190 ut
586 2164 698 2190 Lucret.
708 2163 757 2189 lib.
768 2172 796 2189 2.

402 2202 438 2224 Ne
446 2203 567 2224 Samrnm
576 2208 627 2224 eum
636 2200 704 2225 malis
714 2199 841 2225 mandaret
848 2199 957 2232 adeprm.
976 2197 1030 2224 haec
1041 2197 1093 2224 illi.

223 2235 277 2263 Sed
288 2236 336 2262 hoc
344 2243 428 2271 genus
440 2234 565 2270 loquendi
576 2235 604 2262 in
614 2235 728 2263 Palatin.
739 2241 828 2271 quart.
840 2236 866 2261 ὃς
879 2234 958 2262 Fabr.
977 2243 1051 2270 aeque
1061 2234 1097 2261 est
1109 2253 1118 2266 ‚
1138 2233 1186 2260 ha-

225 2273 290 2300 bent
299 2272 370 2299 enim
381 2271 527 2298 mandarem.

263 2317 291 2345 3.
310 2309 352 2334 His
363 2307 629 2341 autsubtrahendifimt
638 2307 684 2341 rel]
704 2307 822 2343 Reposui
833 2307 882 2333 hoc
892 2316 925 2333 ex
935 2306 1003 2333 edit.
1013 2305 1120 2332 metor.
1131 2306 1186 2333 Va—

225 2344 307 2372 tican.
319 2343 403 2370 Palat.
417 2342 494 2369 Fabr.
505 2343 627 2369 Vaticani.
637 2343 780 2377 imprimis.
790 2342 894 2370 vretor.
913 2344 948 2370 his
958 2349 1001 2368 aut
1013 2343 1072 2375 fimt
1083 2342 1185 2375 subtra-

223 2381 295 2407 hendi
313 2383 344 2406 ei.
363 2378 420 2406 Pal.
431 2379 519 2414 quint.
538 2379 558 2404 is
568 2385 647 2405 autem
659 2379 818 2413 fich-trahendi
828 2380 888 2412 fient
897 2381 928 2404 ei.
949 2378 1031 2414 vulgo
1043 2388 1050 2405 ι
1062 2378 1098 2404 his
1108 2385 1186 2404 autem

220 2415 453 2451 fient-subtrahendi,
463 2416 489 2440 ln
500 2423 566 2449 quos.

263 2460 292 2485 4.
312 2453 438 2486 Diffipatas
447 2453 523 2477 animi
532 2457 617 2484 partes
635 2450 728 2486 rurfitm
744 2451 771 2476 in
799 2458 854 2475 uum
863 2451 935 2475 lactem
945 2449 1044 2483 cogere]
1068 2448 1182 2476 Palatin.

228 2489 318 2525 quint.
330 2497 454 2520 congerere.

265 2534 291 2559 5.
310 2525 358 2557 Q!
366 2523 518 2549 iratundiam
535 2524 615 2548 milem
632 2522 732 2549 dicunt?
754 2523 763 2553 (
770 2523 838 2555 potest
846 2521 912 2548 utili-t
929 2522 970 2554 effi
985 2520 1082 2554 insania
1092 2520 1120 2553 ἓ)
1143 2526 1186 2546 aut

223 2562 363 2587 naturalem
372 2559 406 2593 ἓ]
429 2559 565 2595 Optimam
577 2560 604 2585 &
618 2568 679 2584 vero
691 2558 840 2594 proximam
860 2556 1004 2583 lestionem
1016 2556 1129 2582 ViCtorii
1141 2565 1184 2582 re-

225 2597 343 2633 cepimus
356 2607 362 2623 ς
384 2595 464 2621 Fabr.
474 2594 611 2628 cod.p01est
621 2595 686 2620 milas
695 2595 736 2627 effe
744 2594 839 2628 insania
850 2597 860 2619 ἓ
878 2600 921 2619 aut
930 2594 1044 2618 naturale
1053 2592 1184 2626 quidquam

225 2634 269 2665 eft,
279 2631 438 2666 &strandum
447 2638 573 2662 naturam,
584 2630 643 2664 quod
644 2632 675 2663 fit
686 2637 816 2664 repugnant
827 2636 890 2655 erat.
912 2629 1014 2655 Palatin
1021 2648 1026 2654 .
1036 2635 1125 2664 quart.
1143 2631 1186 2663 qui

226 2669 380 2694 iracundiam
389 2669 468 2692 utilem
478 2667 559 2692 dicunt
571 2685 579 2697 ,
599 2668 669 2699 potest
678 2667 742 2692 utilia
752 2667 792 2699 effe
808 2666 905 2699 insania
914 2672 958 2691 aut
975 2666 1114 2691 naturalem
1122 2665 1185 2689 hanc

228 2708 355 2738 quicquam
366 2705 405 2735 est.
425 2703 452 2728 δε
464 2703 501 2729 ita
512 2703 632 2728 vatican.
654 2701 724 2729 unde
743 2701 850 2738 quidam
870 2701 946 2727 malit
957 2712 963 2728 :
983 2702 1051 2733 potest
1069 2701 1133 2726 utilis
1143 2701 1185 2733 effe

225 2740 324 2772 insania
333 2749 362 2764 ac
370 2739 490 2764 naturalis
502 2742 512 2764 3
525 2745 569 2764 ant
578 2740 706 2772 quitquam
714 2737 886 2770 effesecundum
895 2744 1011 2763 naturam
1023 2756 1031 2768 ‚
1040 2737 1102 2770 quod
1102 2738 1135 2770 fit
1146 2746 1184 2761 re-

224 2781 281 2807 pug.
293 2775 393 2801 Palatin
400 2794 405 2800 .
414 2774 502 2810 quint.
520 2776 588 2808 potest
597 2774 662 2799 utilis
671 2774 712 2805 effe
720 2774 816 2807 insaniei
825 2783 858 2799 an
867 2774 989 2799 naturalis
999 2781 1031 2799 em
1039 2774 1108 2805 potest
1116 2775 1184 2805 quic·

228 2819 300 2843 quam
310 2811 479 2843 esse-fecundum
487 2817 614 2841 naturam,
624 2810 685 2843 quod
687 2812 720 2843 fit
732 2817 779 2841 rep.
792 2809 873 2844 vulgo
886 2819 892 2836 :
911 2811 981 2842 potest
990 2809 1057 2834 utilis
1065 2809 1106 2841 effe
1115 2809 1182 2841 infia-

226 2848 270 2870 m'a
281 2849 291 2869 ?
311 2853 352 2870 aut
362 2847 481 2872 naturalis
491 2848 519 2879 est
530 2850 540 2872 ,²
560 2845 629 2872 unde
641 2845 755 2872 Manutii
765 2844 919 2880 conjectura
936 2845 1033 2881 irrepit
1050 2842 1183 2879 sequior-cs

229 2878 359 2907 editiones
371 2891 377 2907 ι
400 2889 427 2907 αι
440 2882 560 2908 naturalis
568 2884 608 2914 est.

266 2916 294 2941 6.
314 2919 452 2949 (A-'nfinem
461 2920 567 2950 haberer,
574 2920 655 2951 prim,
665 2917 739 2951 qmim
747 2918 799 2949 estet
808 2918 866 2949 ulla,
877 2917 1002 2952 ulcifteneli
1011 2916 1106 2950 libido]
1128 2917 1181 2942 Po-

228 2951 284 2978 tior
294 2950 360 2986 apud
380 2961 420 2977 me
431 2953 548 2979 omnium
567 2953 688 2980 codicum
707 2952 842 2980 consensus
860 2953 896 2980 est
907 2973 915 2985 ‚
934 2954 1014 2989 quani
1037 2952 1183 2987 magnificae

232 2986 379 3016 salmones
390 2988 514 3017 Lambini
527 3008 535 3024 ,
545 2990 684 3019 clamantis
694 2990 805 3019 omnino
814 2988 957 3026 legendum
970 2989 1125 3025 ,priusquam
1133 2989 1184 3025 mser

1215 105 1763 154 thanonis

1211 186 1325 218 derisus
1343 185 1386 217 est
1405 184 1535 217 aceteris
1545 205 1554 221 ‚
1573 188 1624 227 qui
1636 188 1686 218 illa
1695 190 1727 219 in
1738 192 1855 222 Socrate
1864 191 1938 221 vitia
1952 199 2015 221 non
2025 188 2171 232 agnosce·⁴

1211 238 1298 260 rent:
1318 228 1354 259 ab
1373 228 1437 268 ipso
1454 237 1554 258 autem
1574 232 1690 260 Socrate
1710 230 1889 267 fiiblevatus,
1916 237 1944 253 ¹⁷·
1958 232 2029 264 cum
2050 233 2101 264 illa
2114 232 2168 264 fibi

1212 270 1308 313 iigna,
1333 270 1382 300 sed
1396 272 1510 300 ratione
1531 269 1547 300 a
1566 270 1592 300 se
1604 268 1720 310 dejeeta
1737 271 1856 304 diceret.
1880 278 1911 303 ¹3
1924 278 2000 316 Ergo
2011 277 2169 315 utoptima

1213 313 1339 355 quisque
1357 311 1526 342 valitudine
1545 310 1689 347 effectus,
1708 312 1804 352 potest
1814 316 1906 346 videri
1918 336 1926 351 ‚
1944 327 1977 347 ut
1989 325 2109 350 natura,
2133 315 2171 346 ad

1215 356 1347 395 aliquem
1367 354 1512 384 morbum
1530 354 1694 394 proclivior
1709 352 1764 384 :sic
1774 355 1885 386 animus
1892 359 1966 388 alius
1976 359 2013 387 ad
2021 358 2081 387 alia
2093 358 2170 387 virm

1212 395 1373 439 propensior.
1404 397 1456 436 qui
1474 405 1574 425 autern
1595 405 1659 425 non
1678 404 1801 430 natura,
1825 397 1874 428 sed
1891 400 1977 439 culpa
1993 399 2091 431 vitiosi
2111 397 2170 430 esse

1216 439 1357 469 dicuntur
1368 457 1376 471 ,
1389 447 1496 467 eorum
1506 439 1579 468 vitia
1586 436 1725 468 constant
1734 437 1750 468 ἐ
1761 436 1838 468 falfis
1848 441 2043 479 opinionibus
2067 451 2169 472 rerum

1215 482 1363 511 bonarum
1376 499 1384 514 ‚
1405 489 1437 509 ac
1455 480 1602 509 malarum
1615 499 1624 513 ,
1645 489 1679 510 ut
1697 477 1731 510 fit
1748 480 1824 510 alius
1833 480 1867 511 ad
1878 481 1952 511 alios
1963 491 2064 513 motus
2076 504 2085 517 ‚
2104 492 2172 523 per-

1216 522 1463 562 turbationesque
1471 521 1649 561 proclivior,
1664 525 1693 548 ¹4
1706 522 1875 552 inveteratio
1885 531 1984 553 autem
1997 533 2029 554 ut
2039 526 2068 554 in
2079 532 2172 566 corpo-

1216 563 1292 594 ribus
1311 564 1409 604 aegrius
1419 563 1564 605 depellitur
1574 583 1583 596 ‚
1607 573 1695 604 quam
1701 562 1876 606 perturbatio
1886 575 1897 593 .·
1908 565 2053 606 citiusque
2062 576 2172 606 repen-

1215 615 1298 636 tinus
1315 606 1477 636 oculorum
1497 614 1601 635 tumor
1610 605 1746 639 sanatur,
1770 605 1860 647 quam
1872 606 2014 637 diuturna
2024 607 2173 647 lippitudo

1215 648 1385 688 depellitur.
1408 646 1465 678 Sed
1484 648 1605 688 cognita
1618 648 1681 687 jam
1701 647 1783 678 causa
1800 647 2058 688 perturbationum
2078 668 2088 682 ,
2107 659 2173 690 quae
2195 645 2236 687 38

1216 699 1326 720 omnes
1346 691 1486 719 oriuntur
1502 698 1541 719 ex
1559 688 1682 729 judiciis
1691 690 1875 729 opinionum
1886 710 1894 724 ‚
1913 689 2173 725 &volunt-atibus,

1215 731 1249 762 sit
1258 734 1318 771 jam
1331 732 1419 770 hujus
1429 730 1639 771 disputationis
1647 731 1768 761 modus.
1785 734 1813 759 ¹5
1821 733 1900 762 Scire
1910 741 2009 762 autem
2020 742 2074 762 vos
2084 742 2174 772 opor-

1218 783 1258 804 tet
1271 793 1280 806 ,
1297 775 1427 814 cognitis
1438 793 1447 807 ‚
1467 772 1565 814 quoad
1582 771 1749 813 poffuntab
1759 774 1886 803 homine
1896 774 2035 815 cognosci
2046 794 2056 808 ‚
2074 774 2174 805 bono-

1218 825 1286 846 rum
1308 816 1342 846 &
1361 815 1512 845 malorum
1537 813 1668 848 finibus,
1693 816 1772 845 nihil
1790 814 1807 846 ὲ
1825 816 2016 856 philosophia
2033 814 2174 856 pofl'eaut

1219 858 1316 897 majus
1328 877 1336 891 ‚
1359 865 1409 888 aut
1429 857 1534 887 utilius
1550 858 1667 897 optari.
1688 866 1779 897 quam
1798 858 1879 891 haec,
1899 867 1964 898 quae
1982 857 1999 887 a
2016 858 2173 889 nobishoc

1218 899 1377 941 quatriduo
1387 899 1530 939 disputata
1541 899 1618 930 sunt.
1642 908 1740 929 morte
1749 900 1833 929 enirn
1844 907 2008 933 contemta,
2020 899 2052 930 ὃς
2065 899 2172 931 dolore

1219 941 1256 972 ad
1265 940 1441 982 patiendum
1451 941 1561 974 levato,
1572 944 1581 960 ¹
1589 939 1603 960 ⁶
1617 940 1651 971 ad
1656 942 1663 978 ι’
1667 943 1814 971 unximus
1825 941 2010 972 sedationem
2022 940 2176 983 aegritudi-

1220 985 1285 1014 nis:
1306 993 1363 1024 qua
1374 983 1493 1013 nullum
1506 984 1628 1013 homini
1638 983 1753 1013 malum
1765 983 1861 1023 majus
1874 982 1925 1013 est.
1948 981 1999 1013 etfi
2009 987 2094 1014 enim
2104 993 2176 1014 orn-

1219 1027 1267 1055 nis
1286 1027 1384 1055 animi
1405 1024 1586 1065 perturbatio
1604 1025 1702 1065 gravis
1724 1023 1786 1058 est,
1806 1035 1862 1055 nec
1881 1024 2015 1055 multum
2025 1024 2124 1056 differt
2136 1025 2176 1056 ab

1219 1069 1367 1097 amentia:
1386 1075 1488 1096 tamen
1505 1067 1546 1096 ita
1564 1075 1697 1099 ceteros,
1715 1064 1787 1096 cum
1807 1064 1904 1096 sintin
1913 1068 2012 1108 aliqua
2020 1067 2175 1108 perturba-

1219 1111 1304 1139 tione
1320 1117 1370 1139 aut
1389 1116 1507 1141 metus,
1527 1108 1697 1138 autlaetitiae
1709 1127 1718 1141 ,
1733 1116 1782 1138 aut
1791 1108 1960 1148 cupiditatis
1971 1128 1981 1143 ,
1999 1118 2177 1140 commotos

1219 1150 1315 1181 modo
1327 1170 1337 1184 ,
1356 1149 1390 1180 &
1409 1148 1594 1190 perturbatos
1612 1149 1709 1180 dicere
1722 1150 1865 1180 solemus.
1887 1158 1916 1180 at
1924 1159 1976 1180 eos
1987 1151 2080 1191 quise
2089 1154 2177 1192 aegri-

1219 1192 1321 1223 tudini
1337 1191 1538 1225 dediderunt,
1565 1191 1710 1224 miseros,
1729 1190 1859 1222 affli&os
1872 1211 1880 1225 ‚
1899 1192 2106 1226 aerumnosos,
2124 1201 2176 1223 ca-

1220 1233 1387 1265 lamitosos.
1411 1236 1513 1274 Itaque
1531 1242 1596 1264 non
1616 1230 1744 1264 fortuito
1764 1232 1879 1264 faAEtum
1905 1233 2044 1269 videtur,
2063 1233 2175 1265 sedate

1219 1277 1337 1307 ratione
1353 1275 1560 1316 propositum,
1583 1275 1787 1315 ut·separatim
1810 1275 1848 1306 de
1869 1275 2065 1317 aegritudine,
2085 1275 2119 1306 &
2138 1274 2178 1306 de

1220 1320 1327 1349 ceteris
1347 1316 1625 1358 perturbationibus
1647 1317 1806 1358 disputare.
1835 1319 1868 1348 in
1886 1327 1919 1347 ea
1936 1316 1979 1348 est
1998 1319 2083 1348 enim
2103 1316 2177 1348 fons

1219 1360 1407 1397 miseriarum
1418 1380 1428 1394 ‚
1448 1359 1482 1390 &
1499 1368 1599 1401 caput.
1629 1359 1686 1390 Sed
1705 1359 1739 1391 &
1757 1359 1945 1401 aegritudinis
1961 1379 1971 1393 ,
1992 1359 2026 1390 &
2043 1360 2180 1400 reliquo-¹

1219 1412 1287 1433 rum
1300 1403 1397 1433 animi
1417 1401 1597 1432 morborum
1616 1411 1677 1432 una
1696 1402 1809 1432 sanatio
1827 1400 1871 1432 est
1888 1411 1893 1431 :
1914 1402 2011 1431 omneis
2019 1401 2179 1443 opinabilen

1219 1444 1287 1482 effe,
1311 1444 1347 1478 ὁ·
1366 1443 1560 1478 voluntarios,
1580 1454 1612 1473 ea
1621 1453 1703 1485 reque
1714 1443 1821 1485 suscipi
1833 1463 1841 1478 ,
1861 1441 1938 1485 quiid
1946 1443 1992 1473 ita
2007 1442 2113 1474 rec‘t‘um
2129 1442 2179 1482 effe

1218 1487 1365 1516 videatur.
1408 1488 1501 1516 Hunc
1520 1495 1653 1516 errorem
1672 1505 1681 1520 ‚
1711 1484 1791 1526 quasl
1815 1485 1945 1516 radicem
1969 1487 2120 1516 malorum
2139 1495 2179 1516 0-

1219 1530 1342 1558 mnium
1362 1546 1372 1561 ‚
1397 1526 1528 1567 stirpitus
1548 1546 1558 1560 ,
1587 1527 1778 1566 philosophia
1805 1526 1834 1557 se
1858 1525 2057 1557 extracturam
2082 1527 2177 1567 polli-

1219 1578 1313 1600 cetur.
1347 1571 1467 1598 Demus
1489 1577 1559 1608 ergo
1579 1577 1636 1598 nos
1657 1568 1729 1598 huic
1746 1568 1950 1602 excolendos,
1969 1570 2176 1609 patiamurque

1221 1619 1278 1640 nos
1295 1610 1398 1640 sanari.
1420 1613 1449 1637 ι7
1465 1609 1508 1638 his
1528 1610 1613 1639 enim
1632 1608 1718 1638 malis
1729 1607 1908 1650 insidentibus
1921 1629 1930 1643 ‚
1950 1620 2001 1639 non
2015 1608 2093 1640 modo
2111 1609 2179 1640 bea-

1221 1653 1247 1681 ti
1259 1672 1268 1685 ‚
1292 1650 1341 1691 sed
1358 1661 1390 1679 ne
1401 1651 1467 1690 fimi
1489 1651 1603 1692 quidem
1620 1650 1670 1688 effe
1683 1650 1833 1692 poffumus.
1856 1660 1906 1682 aut
1925 1653 2015 1692 igitur
2032 1661 2181 1693 negemus

1220 1692 1385 1734 quidquam
1396 1694 1512 1722 ratione
1530 1691 1641 1722 confici
1652 1711 1662 1726 ,
1682 1691 1752 1722 cum
1771 1694 1875 1723 contra
1893 1693 1973 1723 nihil
1984 1692 2046 1723 fine
2062 1696 2181 1725 ratione

1223 1734 1303 1765 reste
1314 1732 1377 1763 fieri
1388 1732 1492 1772 poffit:
1514 1742 1565 1763 aut
1573 1732 1645 1763 cum
1664 1733 1855 1773 philosophia
1872 1744 1911 1764 ex
1922 1737 2074 1765 rationum
2084 1735 2178 1767 colla-

1219 1777 1303 1806 tione
1313 1773 1448 1808 constet,
1467 1774 1504 1804 ab
1515 1784 1564 1809 ea,
1585 1773 1606 1804 fi
1632 1774 1665 1804 δε
1678 1774 1754 1804 boni
1772 1794 1782 1810 ,
1803 1775 1837 1805 &
1847 1775 1927 1806 beati
1942 1777 2086 1807 volumus
2097 1775 2155 1807 esse
2166 1797 2177 1812 ,

1222 1818 1327 1847 omnia
1345 1816 1520 1857 adjumenta
1530 1835 1541 1851 ,
1561 1816 1595 1848 &
1606 1816 1716 1848 auxilia
1724 1821 1861 1858 petamus
1870 1817 1949 1849 bene
1958 1837 1968 1853 ,
1979 1818 2122 1860 beateque
2132 1821 2184 1851 vi·
2233 1826 2239 1855 ζ

1222 1857 1324 1890 vendi.

1862 1903 1931 1950 M.
2002 1904 2052 1951 T
2077 1920 2110 1950 υ
2135 1902 2188 1950 ι’.-

1225 2020 1291 2050 ulta,
1300 2019 1425 2052 alvisi-endi
1432 2018 1502 2044 libido
1511 2029 1518 2043 .·
1537 2016 1611 2045 addit
1621 2016 1729 2053 episodii
1740 2017 1799 2043 loco
1811 2035 1820 2048 ‚
1838 2017 1882 2042 [ιιι
1889 2018 1984 2051 quinon
1992 2017 2059 2042 videt
2069 2035 2079 2049 ‚
2090 2016 2117 2050 se
2126 2016 2193 2042 nihil

1226 2055 1309 2080 videre
1312 2056 1425 2088 fateatur
1432 2055 1516 2086 neceffe
1524 2055 1563 2085 est.
1575 2054 1681 2086 Potior,
1696 2054 1816 2089 inquam,
1830 2053 1866 2079 est
1875 2052 1943 2088 apud
1955 2060 1997 2078 me
2006 2052 2125 2088 quinque
2135 2052 2187 2079 Pa-

1227 2090 1304 2117 latin.
1315 2090 1401 2117 Varie.
1411 2089 1484 2116 Visst.
1495 2089 1561 2116 edit.
1572 2090 1678 2126 Gryph.
1688 2088 1736 2115 lib.
1748 2089 1780 2115 fic
1790 2087 1974 2115 exhibentium
1983 2088 2124 2116 autoritas.

1263 2135 1291 2161 7.
1311 2127 1381 2159 Qod
1381 2127 1471 2160 feciffet
1475 2133 1519 2158 per
1526 2127 1617 2161 iram]
1639 2125 1718 2153 Fabr.
1729 2124 1845 2154 Palatia.
1855 2123 1963 2151 secund.
1972 2131 2037 2152 tert.
2056 2125 2117 2159 quod
2123 2124 2188 2158 defe-

1228 2173 1249 2189 ct
1270 2170 1291 2188 et
1315 2173 1340 2188 ιι·
1348 2171 1422 2188 iram.

1244 2164 1364 2225 ſj8.pNon
1373 2198 1455 2224 temere
1463 2197 1616 2232 affintiens]
1637 2197 1767 2233 Qinque
1778 2196 1836 2224 Pal.
1847 2205 1906 2224 cum
1916 2196 2003 2223 Vatic.
2014 2196 2167 2229 affimiemh.

1262 2243 1291 2269 9.
1311 2238 1394 2261 Metus
1403 2236 1529 2269 quoqueest
1538 2233 1693 2269 diffidenrid]
1715 2233 1801 2261 Palat.
1812 2239 1877 2260 tert.
1896 2239 1987 2269 quart.
2005 2231 2067 2260 libri
2077 2231 2186 2268 optimi,

1228 2271 1255 2296 de
1274 2270 1363 2296 (ῘΕἈῙῘᾸ.

1249 2273 1308 2332 fiio.
1329 2310 1393 2334 eAut
1402 2307 1451 2332 tale
1458 2305 1554 2340 aliquid
1562 2325 1571 2338 ,
1581 2307 1662 2339 iifimt
1669 2307 1786 2339 constituri
1794 2304 1884 2340 quast]
1906 2305 1948 2331 Ita
1957 2304 1992 2330 est
2002 2303 2028 2330 in
2040 2303 2124 2330 Palat.
2136 2302 2187 2330 sec.

1228 2344 1322 2375 tertio,
1333 2349 1442 2378 quarto,
1452 2342 1560 2377 quinto,
1570 2343 1656 2369 Vatic.
1666 2341 1712 2368 nin
1722 2341 1793 2377 quod
1805 2350 1852 2376 pro
1861 2342 1890 2372 ii,
1901 2342 1937 2366 ei:
1957 2337 2026 2365 unde
2037 2339 2186 2368 Lambinus

1227 2386 1315 2406 tamen
1328 2389 1334 2405 :
1355 2378 1436 2410 iifimt
1445 2381 1482 2404 ita
1491 2379 1617 2410 constituri.
1638 2377 1733 2417 vulgo,
1745 2379 1764 2403 ii
1770 2378 1826 2409 funt
1835 2376 1943 2409 ejusmodi
1951 2377 2077 2408 constituti.

1266 2424 1274 2440 1
1285 2423 1306 2441 1.
1327 2415 1450 2440 sanabiles
1459 2413 1565 2446 tamen-J
1586 2413 1672 2441 Palat.
1684 2411 1790 2440 secund.
1801 2418 1868 2439 tert.
1879 2418 1968 2448 quart.
1979 2411 2187 2446 Vatican.fhna-

1225 2452 1270 2476 bile
1280 2460 1291 2475 e
1319 2456 1408 2475 tamen.

1264 2452 1310 2512 nisti
1327 2488 1386 2511 Cum
1394 2485 1611 2519 illafibifignased‚
1620 2485 1688 2519 &c.]
1709 2484 1811 2511 Omnes
1822 2482 1884 2510 libri
1894 2491 1948 2510 tarn
1959 2482 2084 2510 Lambin.
2102 2483 2184 2519 quam

1227 2521 1313 2548 Pal-it.
1326 2521 1412 2547 Vatic.
1422 2521 1527 2556 Gryph.
1537 2521 1567 2547 δε
1576 2520 1661 2548 editio
1671 2520 1785 2547 Victorii
1800 2540 1808 2552 ,
1819 2519 1890 2556 quod
1900 2518 2096 2555 apprehendere
2105 2526 2184 2554 quam

1227 2557 1334 2593 nugalia
1345 2557 1417 2592 vulgi
1428 2556 1621 2593 interpolatitia
1633 2576 1641 2589 ‚
1659 2557 1710 2582 ciem
1720 2558 1762 2582 illa
1770 2558 1818 2589 fibi
1831 2559 1899 2582 vitia
1908 2555 1977 2589 ineffe
1988 2573 1996 2587 ,
2006 2555 2067 2590 sed.-
2084 2553 2184 2581 malui-

1227 2603 1284 2620 mus
1296 2604 1302 2620 ;
1324 2592 1431 2629 quidam
1443 2599 1530 2619 tamen
1545 2602 1579 2619 ex
1590 2592 1705 2627 conjett.
1716 2602 1769 2618 cum
1778 2593 1867 2626 illafibi
1875 2593 1991 2624 ingenita.

1266 2637 1308 2665 13.
1320 2633 1380 2662 Ergo
1390 2635 1417 2654 ut
1426 2631 1512 2661 optima
1521 2629 1616 2663 qmssque
1624 2629 1764 2655 valetudine
1774 2627 1873 2661 affiflm·
1878 2629 1949 2661 potest
1958 2626 2047 2658 videri,
2057 2631 2084 2650 ut
2091 2631 2186 2651 natura

1225 2666 1259 2691 ad
1267 2666 1320 2699 aL]
1342 2667 1382 2691 lta
1391 2664 1427 2691 est
1437 2665 1464 2691 in
1476 2665 1593 2701 quinque
1603 2665 1689 2692 Palat.
1700 2664 1773 2691 Pith.
1784 2665 1905 2691 Vatican.
1916 2662 1997 2699 vulgo
2009 2662 2098 2696 ,potest
2106 2662 2187 2688 videri

1227 2704 1302 2733 aliur,
1314 2708 1342 2726 ut
1355 2708 1409 2727 nat.

1266 2745 1308 2770 14.
1319 2738 1464 2763 lmenrati’o
1473 2744 1553 2762 aurem
1562 2744 1589 2762 ut
1598 2739 1624 2763 in
1634 2737 1766 2770 corporibm
1773 2738 1856 2770 egrius·
1866 2735 1996 2767 depellitur,
2005 2731 2079 2767 qur'im
2084 2739 2186 2765 pertur-

1226 2774 1315 2808 batio]
1337 2774 1378 2799 Ut
1387 2772 1523 2799 Victorius
1542 2772 1628 2799 edidit
1640 2792 1649 2804 ‚
1667 2772 1700 2799 fic
1710 2772 1794 2807 reperi
1813 2772 1840 2798 in
1849 2769 1918 2797 Pan.
1928 2769 2009 2805 prim.
2020 2774 2185 2804 tert.qua1·t.

1226 2809 1314 2845 quint.
1334 2808 1454 2837 Vaticani.
1472 2808 1539 2836 alias
1550 2820 1556 2836 :
1578 2812 1661 2843 egrius
1678 2809 1799 2842 depellitur
1810 2826 1819 2840 ‚
1830 2808 1865 2842 fic
1883 2808 1909 2832 in
1919 2804 2008 2831 animia
2024 2813 2112 2840 quoque
2125 2812 2187 2838 per-

1227 2847 1342 2872 turbatio.
1766 2859 1768 2866 ·

1267 2890 1276 2908 1
1286 2891 1310 2915 5.
1329 2885 1342 2907 6
1346 2884 1393 2908 cire
1401 2889 1479 2907 autem
1487 2890 1531 2907 vos
1541 2888 1625 2915 oportet
1637 2900 1644 2913 ,
1655 2880 1748 2914 efflm'u's
1761 2898 1770 2911 ‚
1778 2877 1856 2913 quoad
1867 2876 1959 2917 poffimt
1968 2877 1998 2902 ab
2005 2875 2120 2910 homine]
2140 2875 2185 2904 εἷς

1225 2917 1345 2953 plerique
1357 2917 1418 2944 libri
1432 2917 1496 2943 Pall.
1509 2917 1559 2944 sec.
1570 2925 1635 2945 tert.
1646 2917 1734 2952 quint.
1745 2913 1829 2940 Vatic.
1844 2912 1911 2939 alias
1920 2921 1974 2943 nos,
1984 2913 2112 2945 &poffinn

1266 2954 1310 2980 16.
1329 2954 1490 2987 Adjunximm·
1492 2953 1633 2986 sedationem
1641 2949 1808 2985 agritudim‘c]
1828 2947 2058 2982 Fab.fhnationem.

1263 2998 1274 3017 ι
1278 2997 1306 3025 7.
1327 2990 1368 3017 His
1377 2993 1438 3018 enlm
1448 2986 1707 3026 nzalnjnfidentibuc]
1727 2985 1790 3014 Pal.
1800 2984 1895 3022 optim.
1908 2983 1967 3013 cod.
1977 2983 2157 3020 infidiantibm.

2086 3151 2112 3171 1.
2120 3128 2194 3179 3ςίξρ
