2295 3400
155 131 250 179 300
584 115 1078 166 MTutmx

150 194 268 225 fecerat.
291 189 435 223 omnibus
445 199 525 224 curat
534 192 621 223 rebus
631 192 810 226 instruenti-1
822 214 830 228 ,
845 194 876 224 S:
886 203 1020 235 paratum
1030 193 1106 226 utsit

149 236 337 266 convivium.
362 233 443 275 Qid
454 233 567 264 multa?
583 237 651 265 Rex
660 237 700 266 ita
709 235 836 265 discessit
846 257 854 270 ‚
866 246 898 266 ut
909 236 1042 268 &istum
1054 247 1106 267 co-

147 276 236 318 piose
248 285 398 309 ornatum,
415 276 448 306 δε
460 276 488 306 se
498 274 666 307 honorifice
676 278 830 317 acceptum
841 278 1036 310 arbitraretur.
1054 288 1109 309 vo-

151 327 198 349 cat
214 317 249 348 ad
267 327 371 347 cenam
383 316 491 347 deinde
506 317 566 357 ipse
582 327 738 357 praetorem
753 330 757 348 :
783 322 908 359 exponit
928 321 992 351 suas
1009 323 1110 361 copias

151 360 293 392 omneis,
314 358 446 388 multum
465 368 639 399 argentum,
661 370 726 391 non
743 371 833 400 pauca
851 363 940 392 etiam
951 363 1057 403 pocula
1071 372 1109 392 ex

153 411 226 432 auro
236 421 244 435 ‚
256 410 322 441 quae
332 420 340 433 ‚
360 408 392 430 ut
404 410 471 431 mos
484 399 527 432 cst
537 411 566 431 re
589 403 633 431 ius
643 422 651 435 ‚
673 402 706 432 &
717 402 851 433 maxime
862 406 894 433 in
903 406 1002 443 Syria,
1024 414 1109 446 gem·

152 444 214 473 inis
223 451 306 472 erant
319 440 457 473 distin&
474 442 555 472 clarii
569 446 649 473 imis.
673 446 740 474 Erat
751 447 843 475 etiam
852 455 903 475 vas
916 447 1067 476 vinarium
1077 456 1111 475 ex

153 494 211 513 :ena
217 493 332 524 gemma
340 483 494 523 pergrandi
506 505 514 516 ‚
527 485 614 515 trulla
622 495 758 516 excavata
768 506 776 520 ,
789 487 951 517 manubrio
961 498 1059 518 aureo.
1075 487 1110 517 de

153 536 210 565 qua
222 546 230 558 ‚
243 526 332 555 credo
343 545 352 558 ‚
365 525 430 555 satis
442 525 589 556 idoneum
604 547 612 560 ‚
634 527 699 557 satis
709 538 829 569 gravem
840 528 944 559 testem
956 551 964 563 ‚
979 532 1036 571 Q.
1050 531 1112 559 Mi-

154 569 283 597 nucium
293 566 391 597 dicere
400 566 533 597 audistis.
556 567 612 598 iste
621 579 718 600 unum
729 570 870 611 quodque
887 581 937 601 vas
955 574 988 601 in
1006 580 1112 601 manus

154 609 186 639 su
192 619 272 639 mere
282 628 292 642 ,
303 607 431 643 laudare,
444 610 552 639 mirari.
578 612 646 640 Rex
656 611 792 652 gaudere,
804 615 921 651 praetori
931 613 1036 653 populi
1047 615 1112 642 Ro-

154 653 239 680 mani
258 651 325 680 satis
341 650 513 690 jucundum
526 671 535 686 ‚
559 651 592 682 ὃς
610 662 726 694 gratum
744 654 821 684 illud
839 652 898 684 ess'e
915 657 1107 685 convivium.

153 691 349 733 posteaquam
366 692 437 722 inde
456 692 613 724 discefl‘um
632 693 693 729 est,
718 698 847 735 cogitare
863 695 918 726 iste
935 696 1014 726 nihil
1031 695 1112 726 aliud

153 733 248 775 (quod
267 734 327 773 ipsa
337 744 382 763 res
396 733 564 776 declaravit)
583 735 638 765 nisi
649 756 657 770 ,
679 737 938 777 quemadmodum
953 748 1054 778 regem
1075 747 1113 766 ex

153 778 309 815 provincia
325 776 485 816 spoliatum
496 796 505 812 ‚
528 778 754 819 expilatumque
764 779 939 810 dimitteret.
963 781 1057 809 mittit
1072 789 1114 807 ro-

147 826 256 857 gatum
265 818 336 857 vasa
346 827 393 851 ea,
414 828 480 858 quae
489 819 690 858 pulcherrima
699 820 775 860 apud
786 821 874 850 illuni
886 822 1014 851 viderat:
1035 823 1075 850 ait
1087 820 1115 850 se

155 861 216 889 suis
229 859 414 890 caelatoribus
424 860 501 890 velle
511 859 677 891 ostendere.
699 865 784 895 Rex,
805 864 857 902 qui
869 862 959 892 istum
971 873 1034 892 non
1045 862 1114 891 nos—

154 901 198 931 set
209 922 218 934 ‚
238 899 298 931 fine
319 901 380 931 ulla
398 901 565 941 suspicione
580 901 774 934 libentissime
788 904 879 934 dedit.
913 906 1008 934 Mittit
1023 905 1115 933 etiam

155 943 278 973 trullam
287 952 459 985 gemmeam
479 953 632 985 rogatum:
654 946 730 975 velle
742 946 770 976 sc
780 956 847 976 eam
856 944 1032 987 diligentius
1041 955 1115 975 con—

85 983 113 1005 '2
157 984 288 1014 siderare.
312 995 345 1014 ea
358 995 478 1026 quoque
488 996 515 1015 ei
527 988 666 1016 mittitur.
690 989 784 1017 Nunc
801 988 953 1028 reliquum
964 987 1114 1027 ‚judices,

153 1027 297 1057 attendite
306 1046 314 1060 ‚
328 1026 363 1056 de
374 1037 436 1067 quo
446 1027 477 1056 &
487 1037 542 1057 vos
552 1027 684 1062 audistis,
697 1028 728 1058 &
741 1029 870 1069 populus
881 1032 1039 1059 Romanus
1051 1038 1114 1058 non

154 1078 238 1099 nunc
255 1067 392 1109 primum
412 1068 528 1098 audiet:
547 1069 623 1099 &in
633 1072 743 1100 exteris
761 1072 936 1101 nationibus
947 1071 1038 1111 usque
1056 1074 1065 1089 ¹
1080 1070 1114 1100 ad

157 1111 280 1140 ultimas
297 1120 383 1140 terras
400 1119 590 1151 peivagatum
605 1110 657 1142 est.
683 1111 908 1142 (lindenbr-nme
919 1114 1049 1153 gemmis
1059 1113 1117 1142 cla-

155 1150 275 1181 rillirnis
286 1172 295 1184 ‚
315 1162 403 1191 opere
424 1153 555 1182 mirabili
574 1152 741 1193 perfe&um
755 1175 762 1187 ‚
784 1164 865 1196 reges
876 1155 925 1188 hi,
941 1164 1016 1195 quos
1027 1153 1095 1184 dico
1106 1174 1114 1186 ,

157 1196 290 1223 Romam
305 1192 375 1222 cum
389 1192 551 1223 attuliss‘ent
561 1214 570 1228 ,
593 1204 625 1224 ut
637 1196 669 1225 in
680 1197 829 1235 Capitolio
849 1205 1010 1236 ponerent:
1032 1194 1116 1236 quod

155 1235 296 1265 nondum
315 1237 405 1264 etiarn
428 1234 597 1275 perfeetum
617 1239 767 1277 templum
787 1236 976 1268 offenderant
986 1257 994 1270 ‚
1019 1247 1117 1277 neque

156 1287 270 1316 ponere
278 1285 440 1318 potuerunt
450 1297 458 1308 ‚
471 1288 568 1318 neque
578 1277 670 1320 vulgo
680 1279 837 1310 ostendere
845 1300 853 1313 ‚
874 1290 905 1310 ac
919 1279 1050 1320 proferre
1060 1289 1117 1309 vo-

156 1321 294 1349 luerunt:
316 1328 346 1348 ut
358 1318 391 1348 5:
403 1319 628 1359 magmficemim
641 1320 809 1355 videretur,
830 1320 902 1351 cum
915 1323 966 1351 suo
983 1330 1116 1360 tempore

154 1364 188 1390 in
202 1360 365 1401 sellaJovis
375 1363 535 1400 OptMax.
547 1371 724 1401 poneretur:
737 1364 769 1393 &
779 1362 973 1397 claritis,cum
982 1363 1115 1403 pulchri-

156 1403 232 1431 tudo
242 1404 306 1442 ejus
318 1412 419 1432 recens
430 1403 465 1432 ad
480 1404 583 1433 oculos
593 1405 758 1435 hominum
770 1425 779 1439 ‚
796 1414 882 1446 atque
891 1407 1002 1446 integra
1011 1415 1115 1445 perve-

156 1446 246 1474 niret.
271 1442 434 1473 statuerunt
453 1444 484 1474 id
503 1445 603 1475 secum
616 1448 648 1476 in
657 1448 771 1486 Syriam
791 1456 935 1487 reportare
946 1458 952 1476 ι
973 1456 1006 1476 ut
1015 1467 1023 1480 ,
1044 1446 1116 1477 cum

156 1483 305 1515 audissent
315 1484 504 1516 simulacrum
515 1487 601 1528 Jovis
612 1490 728 1528 Optimi
739 1491 868 1518 Maximi
880 1488 1062 1522 dedicatum,
1074 1489 1116 1517 le-

157 1537 241 1568 gatos
256 1529 429 1561 mitterent,
447 1530 499 1568 qui
516 1538 588 1558 cum
600 1532 704 1560 ceteris
720 1530 807 1560 rebus
823 1530 898 1560 illud
913 1540 1033 1571 quoque
1053 1531 1118 1559 exi—

159 1571 259 1598 mium
271 1589 279 1602 ,
300 1578 387 1609 atque
399 1570 640 1609 pulcherrimum
656 1571 775 1602 donum
801 1574 834 1602 in
854 1573 1025 1613 Capitolium
1034 1572 1118 1612 affer—

158 1618 231 1640 rent.
257 1611 396 1641 Pervenit
413 1621 457 1640 res
467 1611 596 1642 adistius
606 1615 718 1648 aureis,
739 1615 840 1644 nescio
850 1614 1017 1655 quomodo.
1046 1624 1117 1644 nam

159 1663 214 1683 rex
227 1653 364 1682 caelzitum
374 1653 525 1683 voluerat:
542 1664 606 1684 non
624 1665 686 1696 quo
703 1655 868 1697 quidquam
887 1665 1051 1689 metueret,
1070 1664 1119 1685 aut

157 1695 363 1734 suspicaretur,
376 1694 425 1724 sed
437 1704 468 1724 ut
477 1705 516 1725 ne
526 1697 616 1726 multi
629 1697 703 1727 iilud
713 1698 782 1728 ante
793 1701 806 1717 2
816 1700 1000 1738 perciperent
1009 1698 1117 1731 oculis,

159 1735 252 1778 quarn
263 1736 393 1776 populus
407 1738 575 1767 Romanus.
595 1737 651 1768 Iste
660 1741 735 1779 petit
743 1739 759 1769 ὲ
768 1750 844 1781 rege,
856 1740 887 1769 δε
899 1750 969 1770 eum
979 1739 1116 1779 pluribus

160 1778 262 1808 verbis
280 1787 379 1818 rogat,
398 1778 468 1808 utid
479 1778 514 1808 ad
525 1779 553 1809 se
563 1781 676 1810 mittat:
695 1791 801 1821 cupere
820 1782 847 1811 se
861 1781 933 1811 dicit
951 1781 1096 1821 inspicere
1108 1801 1116 1814 ‚

160 1829 261 1860 neque
277 1820 306 1849 se
323 1820 388 1849 aliis
407 1819 531 1850 videndi
550 1821 727 1861 potestatem
746 1821 803 1852 effe
819 1822 982 1853 fatturum.
1007 1825 1117 1852 Antio-

160 1863 235 1891 chus
246 1882 254 1894 ,
275 1863 327 1902 qui
338 1862 443 1890 animo
459 1861 608 1901 &puerili
622 1862 712 1897 efl'et,
734 1864 876 1905 &regio³
899 1865 976 1894 nihil
987 1863 1118 1894 deistius

160 1903 355 1943 improbitate
367 1903 523 1943 suspicatus
535 1904 589 1934 est:
603 1906 727 1945 imperat
738 1907 809 1940 suis,
820 1916 851 1937 ut
860 1906 890 1936 id
901 1908 934 1936 in
943 1908 1117 1945 praetorium

161 1945 338 1975 involutum
350 1944 440 1985 quam
459 1944 656 1976 occultissime
667 1946 825 1978 deferrent.
853 1947 915 1988 quo
925 1947 1118 1988 posteaquam

156 1986 557 2028 attulerunt‚involucrisque
569 1987 687 2028 rejeffis
697 1989 926 2019 constituerunt:
940 1988 995 2019 iste
1008 1989 1117 2019 clama-

157 2039 189 2058 re
200 2029 292 2068 coepit
301 2048 309 2061 ,
327 2028 445 2068 dignam
454 2039 510 2058 rem
520 2028 567 2067 effe
575 2040 655 2071 regno
665 2031 748 2073 Syriae
756 2051 763 2065 ‚
785 2031 906 2072 dignam
918 2033 1000 2072 regio
1009 2041 1118 2061 mune-

159 2080 193 2100 re
204 2090 211 2104 ,
232 2070 354 2110 dignam
366 2071 525 2110 Capitolio.
549 2074 673 2102 Etenim
687 2082 745 2104 erat
763 2083 799 2104 eo
816 2072 993 2113 splendore,
1015 2074 1066 2114 qui
1080 2083 1118 2103 ex

158 2110 324 2142 clariffimis
336 2132 344 2145 ,
359 2116 374 2139 3
384 2112 415 2141 ὃς
423 2112 563 2152 plurimis
573 2116 704 2154 gemmis
715 2114 771 2145 effe
782 2115 922 2146 debebat:
938 2125 971 2145 ea
979 2117 1119 2145 varietate

160 2163 288 2193 operum
301 2174 308 2186 ‚
321 2163 354 2183 ut
363 2164 406 2184 ars
417 2164 524 2184 certare
534 2156 685 2186 videretur
694 2166 764 2186 cum
776 2158 878 2196 copia:
896 2167 927 2186 ea
938 2156 1120 2198 magnitudi-

159 2205 199 2225 ne
211 2215 219 2228 ‚
233 2204 265 2225 ut
274 2196 403 2236 intelligi
414 2195 524 2235 pollet,
536 2206 601 2227 non
611 2197 645 2228 ad
656 2198 820 2228 hominum
831 2207 1013 2238 apparatum,
1025 2197 1074 2228 sed
1084 2197 1119 2227 ad

159 2235 334 2276 amplissimi
353 2238 460 2277 templi
478 2247 690 2269 ornamentum
707 2237 764 2269 effe
774 2238 898 2270 fastum.
920 2239 1027 2280 4quod
1045 2238 1118 2269 cum

107 2306 113 2311 .
159 2279 299 2318 satisjam
310 2277 489 2318 perspexiffe
499 2279 666 2314 videretur,
686 2281 790 2311 tollere
800 2282 953 2320 incipiunt
962 2301 970 2314 ‚
986 2289 1019 2310 ut
1029 2280 1119 2310 refer-

159 2329 236 2350 rent.
260 2319 317 2350 Iste
330 2322 370 2350 ait
380 2340 388 2354 ‚
411 2321 438 2350 se
450 2321 528 2350 velle
539 2322 615 2352 illud
627 2325 716 2353 etiam
729 2342 738 2355 ,
755 2332 843 2363 atque
853 2325 944 2352 etiam
955 2321 1119 2352 considera-

160 2371 210 2392 re:
231 2372 411 2403 nequaquam
423 2362 452 2401 J}
467 2361 676 2402 effiftitiatum.
704 2364 788 2404 jubet
806 2364 876 2394 illos
895 2363 1062 2396 discedere,
1084 2364 1117 2393 ὃς

159 2403 371 2434 candelabrum
382 2405 562 2445 relinquere.
586 2407 634 2435 Sic
644 2406 691 2435 illi
703 2415 768 2435 tum
777 2408 880 2436 inanes
890 2405 925 2435 ad
933 2406 1117 2435 Antiochum

98 2456 116 2479 :t
121 2455 143 2487 9
159 2454 357 2476 revertuntur.
390 2447 460 2476 Rex
479 2444 581 2486 primo
600 2448 678 2477 nihil
697 2456 831 2478 metuere
844 2467 852 2481 ‚
874 2447 955 2477 nihil
971 2447 1118 2486 suspicari.

159 2488 223 2517 dies
234 2497 310 2517 unus
322 2507 330 2520 ‚
343 2487 417 2517 alter
426 2508 436 2520 ,Α
445 2488 544 2528 plures
556 2498 562 2517 :
580 2498 643 2519 non
654 2488 767 2519 referri.
791 2493 804 2517 5
813 2492 897 2519 Tum
908 2490 1003 2519 mittit
1016 2498 1068 2519 rex
1083 2488 1117 2518 ad

159 2528 252 2559 istum
263 2549 271 2562 ,
283 2527 304 2558 si
314 2528 366 2558 sibi
377 2529 529 2563 videatur,
546 2538 577 2559 ut
587 2530 698 2561 reddat.
719 2531 812 2573 Jubet
821 2530 876 2561 iste
885 2528 1033 2571 posterius
1043 2530 1078 2560 ad
1091 2529 1119 2559 se

159 2572 278 2600 reverti.
303 2572 417 2601 mirum
436 2571 482 2601 illi
499 2570 604 2601 videri.
629 2574 724 2605 mittit
742 2575 865 2603 iterum.
888 2582 953 2602 non
972 2571 1115 2602 redditur.

158 2612 224 2653 Ipse
235 2612 396 2642 hominem
406 2613 547 2653 appellat:
564 2621 665 2656 rogat,
678 2624 710 2645 ut
720 2614 831 2645 reddat.
855 2617 895 2644 Os
907 2615 1054 2647 hominis,
1070 2615 1117 2643 in-

158 2652 333 2695 signemque
342 2655 562 2693 impudentiam
573 2657 753 2697 cognoscite.
774 2655 864 2697 Qod
875 2656 969 2689 sciret,
980 2655 1120 2696 quodque

159 2705 199 2726 ex
211 2696 276 2735 ipso
286 2705 353 2736 rege
363 2695 528 2726 audiffetin
538 2698 688 2736 Capitolio
698 2697 755 2728 ess'e
764 2698 957 2738 ponendum:
976 2696 1120 2738 quodJO-

158 2739 191 2767 vi
203 2739 327 2776 Optimo
337 2738 487 2771 Maximo,
501 2738 582 2778 quod
593 2740 707 2779 populo
718 2742 862 2770 Romano
872 2740 979 2769 servari
987 2738 1114 2772 videret,

159 2778 192 2808 id
202 2777 254 2808 sibi
270 2786 304 2807 ut
317 2778 441 2811 donaret,
452 2789 563 2820 rogare,
576 2780 609 2810 δε
618 2782 813 2812 vehementer
820 2789 919 2821 petere
928 2782 1027 2820 coepit.
1038 2779 1116 2810 Cum

159 2820 213 2850 ille
224 2820 252 2850 sc
263 2820 296 2850 ὃς
307 2820 452 2861 religione
458 2822 545 2861 jovis
554 2823 730 2862 Capitolini,
742 2823 774 2853 δε
783 2824 948 2854 hominum
959 2821 1116 2852 existima-

161 2863 247 2892 tione
267 2862 410 2902 impediri
426 2861 556 2897 diceret,
573 2862 657 2905 quod
667 2865 770 2895 multae
779 2867 916 2896 nationes
927 2863 1013 2895 testes
1023 2862 1116 2895 ess'ent

1158 117 1686 170 Cxcnaouxs

1145 197 1227 228 illius
1238 199 1335 238 operis
1347 218 1355 232 ,
1366 208 1397 230 ac
1408 199 1542 229 muneris
1555 209 1561 228 :
1574 198 1626 230 iste
1637 197 1758 229 homini
1769 196 1879 229 minari
1890 195 2036 229 acerrime
2047 205 2108 230 εα-

1133 242 1199 280 -pit.
1223 240 1283 270 Ubi
1293 240 1375 271 videt
1385 250 1455 270 eum
1467 241 1566 270 nihilo
1577 243 1668 281 magis
1682 239 1881 280 minis‚qulim
1893 239 2030 279 precibus
2041 248 2108 277 per-

1147 283 1281 312 moveri:
1299 282 1419 321 repente
1431 283 1593 312 hominem
1612 282 1648 312 de
1661 282 1816 322 provincia
1837 281 1918 318 jubet
1927 288 1992 310 ante
2001 278 2110 310 nostem

1148 323 1297 354 decedere.
1321 326 1362 353 ait
1375 324 1402 353 se
1421 322 1614 363 comperisse,
1637 333 1675 353 ex
1686 324 1749 362 ejus
1759 332 1851 363 regno
1869 323 1973 363 piratas
1991 324 2024 351 iri
2034 323 2110 353 Sici-

1149 366 1220 395 liam
1230 363 1287 395 effe
1299 374 1449 395 venturos.
1481 368 1550 395 Rex
1567 367 1706 395 maximo
1724 373 1876 394 conventu
1888 361 2033 403 Syracusis
2045 383 2053 396 ‚
2075 363 2109 394 in

1150 406 1217 437 foro
1229 427 1236 440 ‚
1262 417 1301 436 ne
1316 409 1382 447 quis
1397 406 1475 436 forte
1490 416 1538 436 me
1554 408 1585 436 in
1596 408 1724 436 crimine
1735 406 1861 436 obscuro
1872 405 1999 438 versari,
2021 413 2110 446 atque

1149 447 1288 490 affingere
1297 448 1409 489 aliquid
1421 449 1471 477 sus
1488 450 1585 477 icione
1599 449 1763 477 hominum
1774 447 1928 477 arbitretur
1940 467 1948 480 ,
1970 449 2004 476 in
2020 445 2088 476 foro
2099 464 2110 480 ‚

1150 492 1274 531 inquam
1285 510 1293 523 ‚
1306 488 1450 529 Syracusis
1461 458 1535 519 gens
1546 510 1553 522 ‚
1565 500 1595 519 ac
1611 489 1683 519 deos
1693 509 1700 521 ‚
1718 489 1916 529 hominesque
1926 486 2109 521 comestam,

1149 533 1276 562 clamare
1295 534 1403 570 coepit,
1423 530 1636 561 candelabrum
1654 530 1768 560 faustum
1788 532 1804 560 e
1822 531 1952 570 gemmis
1963 550 1970 562 ‚
1985 529 2066 570 quod
2077 530 2111 560 in

1153 574 1336 612 Cipitolium
1348 570 1488 602 missurus
1500 570 1586 606 effet,
1607 573 1689 612 quod
1702 574 1734 601 in
1745 573 1859 612 templo
1878 570 2036 602 clutiffimo
2054 580 2113 611 po-

1152 616 1224 655 pulo
1235 617 1326 644 Rom.
1347 621 1557 643 monumentum
1579 614 1636 644 suae
1657 614 1802 644 societatis
1812 634 1820 647 ,
1837 615 2035 654 amicitiaeque
2054 609 2114 642 effe

1152 655 1292 687 voluisset
1303 668 1311 690 3
1332 656 1362 685 id
1374 654 1427 685 fibi
1443 658 1475 685 C.
1488 658 1611 685 Verrem
1623 654 1784 685 abstulisse:
1811 655 1847 685 de
1858 656 1961 684 ceteris
1971 653 2114 694 operibus

1152 709 1190 728 ex
1200 708 1271 728 auro
1283 718 1292 731 ,
1318 698 1350 728 &
1360 699 1491 738 genimis
1502 717 1510 731 ‚
1530 708 1595 738 quae
1606 697 1654 727 sua
1665 707 1756 737 penes
1770 696 1859 726 illum
1872 694 1963 726 ess'ent
1972 716 1981 730 ,
2001 696 2029 726 se
2048 705 2115 726 non

1153 740 1298 770 laborare:
1319 740 1377 769 hoc
1395 737 1448 768 sibi
1463 741 1554 778 eripi,
1582 739 1727 768 miserum
1740 737 1797 768 ess'e
1808 758 1816 772 ‚
1840 738 1873 768 ὃς
1884 738 2058 777 indignum.
2081 735 2119 772 id,

1153 780 1203 811 etfi
1213 790 1299 811 antea
1308 782 1369 819 jam
1379 788 1468 809 mente
1478 800 1486 813 ‚
1499 781 1533 813 &-
1543 781 1712 821 cogitatione
1724 780 1773 810 sua
1783 800 1791 814 ,
1810 779 1962 820 fratrisque
1972 779 2026 812 sui,
2038 788 2115 808 con-

1154 824 1295 853 secratum
1307 821 1385 852 ess'et:
1395 832 1497 852 tamen
1507 831 1572 852 tum
1583 823 1612 852 se
1624 824 1656 851 in
1666 823 1721 852 illo
1730 831 1882 852 conventu
1891 823 2006 851 civium
2017 823 2112 850 Rom.

1153 864 1219 894 dare
1230 884 1238 897 ‚
1259 864 1370 894 donare
1382 884 1390 897 ,
1411 864 1508 894 dicare
1520 884 1528 897 ‚
1548 864 1716 894 consecrare
1733 865 1806 905 Jovi
1817 866 1886 903 Opt.
1898 865 1981 893 Max.
1990 861 2112 892 testem-

1153 916 1210 946 que
1234 906 1331 945 ipsum
1339 907 1448 947 Jovem
1461 906 1518 935 suae
1533 905 1697 936 voluntatis
1708 926 1718 939 ,
1737 915 1770 935 ac
1786 905 1942 946 religionis
1962 903 2111 934 adhibere.

1157 951 1230 986 Qiae
1241 951 1325 977 vox?
1337 957 1402 988 quae
1413 948 1500 977 latera
1511 951 1521 975 ?
1532 957 1597 988 quae
1607 949 1685 977 vires
1697 948 1785 987 hujus
1797 949 1886 976 unius
1894 947 2030 976 criminis
2040 955 2113 986 que-

1154 991 1320 1019 rimoniam
1338 987 1448 1029 poffint
1465 988 1606 1019 sustinere
1619 993 1630 1017 ?
1649 991 1718 1019 Rex
1729 989 1897 1018 Antiochus
1908 1009 1916 1022 ,
1936 989 1988 1029 qui
2002 990 2113 1017 Romae

1154 1040 1222 1061 ante
1233 1031 1337 1068 oculos
1347 1032 1490 1061 omnium
1501 1029 1639 1060 nostrum
1650 1030 1810 1060 biennium
1821 1029 1881 1060 fere
1901 1031 2047 1059 comitatu
2066 1039 2114 1058 re-

1153 1075 1204 1112 gio
1215 1093 1223 1106 ‚
1236 1082 1322 1113 atque
1336 1081 1441 1102 ornatu
1452 1071 1569 1102 fuiss’et:
1590 1074 1615 1101 is
1625 1071 1696 1102 cum
1706 1074 1820 1103 amicus
1832 1092 1839 1106 ‚
1861 1072 1892 1102 δε
1903 1072 1999 1101 socius
2008 1070 2116 1110 populi

1155 1117 1248 1145 Rom.
1261 1113 1347 1147 effet,
1362 1112 1541 1144 amicissimo
1550 1123 1628 1153 patre
1639 1134 1646 1147 ‚
1658 1124 1714 1143 avo
1725 1134 1733 1147 ,
1747 1113 1909 1147 maioribus
1921 1133 1929 1146 ‚
1950 1110 2115 1153 antiquiffi-

1157 1159 1216 1186 mis
1226 1176 1234 1190 ‚
1256 1156 1288 1186 &
1298 1153 1463 1187 clariffimis
1473 1155 1590 1196 regibus
1603 1175 1611 1189 ,
1631 1154 1858 1194 opulcntiffimo
1870 1155 1902 1184 δε
1913 1156 2051 1184 maximo
2069 1163 2117 1183 re-

1155 1208 1354 1239 gnmpraeceps
1365 1199 1521 1237 provincia
1529 1196 1633 1237 populi
1645 1199 1738 1227 Rom.
1749 1196 1925 1227 eXtiirbatus
1936 1195 1985 1225 esti
1998 1198 2116 1236 Qem-

1154 1240 1321 1270 admodum
1336 1241 1394 1269 hoc
1406 1246 1566 1279 accepturas
1576 1239 1700 1267 miriones
1709 1246 1816 1267 exteras
1825 1249 1835 1265 .·
1854 1237 2117 1279 quemadmodum

1157 1283 1245 1322 hujus
1257 1283 1299 1311 tui
1312 1280 1384 1311 facti
1397 1280 1511 1310 famam
1531 1282 1563 1310 in
1577 1291 1666 1321 regna
1681 1280 1809 1310 aliorum
1823 1301 1831 1313 ‚
1850 1289 1936 1320 atque
1948 1281 1981 1309 in
1993 1274 2116 1309 ultima‘s

1156 1333 1245 1354 terras
1256 1332 1465 1363 perventuram
1475 1321 1599 1362 putasti,
1622 1321 1693 1353 cum
1704 1322 1870 1354 audierint,
1890 1324 1906 1352 a
1920 1330 2042 1361 praetore
2058 1330 2117 1360 po-

1155 1366 1219 1405 puli
1231 1366 1367 1396 Romani
1382 1366 1414 1394 in
1427 1365 1583 1404 provincia
1591 1364 1738 1394 violatum
1750 1373 1850 1405 regem
1862 1383 1869 1396 ,
1888 1363 2047 1403 spoliatum
2059 1363 2116 1392 ho-

1157 1459 1229 1479 men
1239 1448 1371 1479 vestrum
1386 1468 1394 1480 ,
1415 1448 1578 1488 populique
1590 1450 1686 1477 Rom.
1698 1445 1770 1477 odio
1781 1467 1788 1481 ‚
1804 1457 1890 1488 atque
1901 1446 2050 1476 acerbitati
2060 1446 2118 1476 sci-

1157 1500 1217 1521 tote
1227 1489 1399 1521 nationibus
1410 1491 1519 1519 exteris
1532 1509 1540 1522 ,
1549 1489 1676 1528 judices,
1688 1488 1837 1523 futurum,
1853 1487 1873 1517 fi
1884 1488 1968 1518 istius
1978 1489 2039 1518 haec
2050 1496 2118 1518 tan-

1158 1542 1186 1563 ta
1196 1533 1303 1571 injuria
1314 1532 1455 1572 impunita
1465 1529 1632 1561 discesserit.
1644 1530 1682 1561 sic
1693 1540 1801 1560 omnes
1812 1529 2117 1570 arbitrabuntunprae-

1157 1575 1258 1605 sertim
1274 1573 1346 1604 cum
1365 1573 1427 1603 haec
1446 1574 1578 1602 omnino
1594 1571 1674 1603 fama
1691 1573 1728 1602 de
1749 1572 1922 1603 nostrorum
1946 1573 2114 1602 hominum

1155 1617 1275 1647 avaritia
1286 1635 1294 1649 ‚
1317 1614 1519 1655 &cupiditate
1529 1614 1762 1654 percrebruerit,
1781 1624 1849 1644 NON
1870 1624 1980 1645 1srms
2000 1622 2118 1643 somus

1158 1660 1216 1688 hoc
1227 1655 1284 1687 effe
1295 1656 1409 1687 facinus
1421 1676 1429 1690 ,
1443 1655 1490 1686 sed
1501 1665 1606 1686 eorum
1617 1657 1718 1690 etiam,
1730 1657 1782 1696 qui
1791 1655 1999 1696 approbarunt.
2023 1655 2117 1685 Multi

1157 1709 1238 1741 reges
1250 1720 1259 1733 ,
1278 1699 1381 1729 multae
1395 1697 1495 1728 liberae
1507 1699 1657 1732 civitates,
1678 1698 1768 1728 multi
1785 1699 1892 1737 privati
1909 1697 2063 1737 opulenti,
2085 1706 2119 1728 ac

1158 1750 1292 1782 potentes
1312 1740 1422 1770 habent
1437 1738 1575 1780 profecte
1586 1741 1618 1770 in
1628 1741 1732 1770 animo
1743 1739 1927 1779 Capitolium
1938 1736 1976 1768 fic
1988 1748 2093 1768 ornare
2104 1758 2115 1772 ,

1159 1792 1191 1813 ut
1202 1783 1307 1823 templi
1319 1782 1446 1822 dignitas
1456 1801 1465 1815 ,
1477 1783 1655 1822 imperiique
1665 1780 1758 1811 nostri
1768 1790 1884 1811 nomen
1894 1778 2043 1811 desiderat.
2063 1781 2118 1821 qui

1158 1823 1179 1854 si
1189 1826 1396 1855 intellexerint
1406 1844 1415 1856 ‚
1435 1824 1599 1854 interverso
1610 1823 1701 1864 regali
1720 1824 1777 1852 hoc
1795 1822 1878 1852 dono
1887 1842 1896 1856 ‚
1917 1820 2051 1863 graviter
2059 1831 2118 1851 vos

1159 1865 1275 1896 tulisse:
1291 1875 1369 1907 grata
1379 1864 1443 1895 fore
1458 1864 1564 1898 vobis,
1586 1865 1759 1905 populoque
1769 1866 1863 1895 Rom.
1880 1864 1931 1894 sua
1949 1863 2064 1897 studia,
2083 1872 2118 1893 ac

1157 1908 1236 1938 dona
1254 1907 1482 1938 arbitrabuntur.
1506 1905 1548 1936 fin
1559 1908 1616 1937 hoc
1626 1916 1682 1936 vos
1699 1908 1732 1936 in
1742 1916 1808 1948 rege
1818 1915 1881 1937 tam
1898 1905 2017 1939 nobili,
2035 1907 2068 1935 in
2085 1914 2118 1935 re

1159 1960 1219 1980 tam
1235 1951 1365 1982 eximia,
1388 1950 1421 1978 in
1431 1949 1541 1988 injuria
1551 1957 1612 1978 tam
1623 1947 1725 1978 acerba
1736 1967 1744 1981 ‚
1765 1946 1930 1988 neglexiss'e
1949 1946 2116 1978 audierint:

1159 2001 1222 2022 non
1232 2000 1320 2021 erunt
1330 2000 1389 2021 tam
1400 1999 1534 2020 amentes
1544 2010 1552 2024 ‚
1568 1999 1601 2020 ut
1610 2000 1741 2030 operam,
1752 1999 1855 2020 curam
1865 2009 1872 2023 ‚
1885 1999 2044 2029 pecuniam
2054 1990 2117 2019 iin-

1157 2033 1289 2074 pendant
1301 2035 1334 2062 in
1351 2042 1398 2062 eas
1416 2041 1479 2065 res,
1498 2041 1569 2073 quas
1578 2032 1666 2062 vobis
1680 2031 1850 2072 gratasfore
1863 2042 1915 2060 non
1931 2029 2115 2060 arbitrentur.

1164 2078 1232 2106 Hoc
1241 2075 1310 2105 loco
1323 2095 1332 2108 ‚
1343 2077 1401 2115 Q.
1414 2074 1517 2104 Catule
1527 2094 1537 2106 ,
1548 2083 1575 2104 te
1585 2074 1712 2114 appello.
1735 2073 1844 2113 loquor
1853 2074 1937 2103 enim
1948 2072 1983 2102 de
1993 2081 2047 2103 tuo
2056 2072 2116 2103 cla-

1158 2115 1290 2150 riffimo,
1306 2116 1569 2156 pulcherrimoque
1580 2123 1800 2145 monumento:
1820 2124 1885 2144 non
1892 2114 2002 2153 judicis
2015 2112 2116 2144 solum

1160 2159 1345 2188 severitatem
1359 2160 1391 2187 in
1401 2158 1458 2187 hoc
1467 2158 1594 2186 crimine
1605 2176 1614 2190 ‚
1625 2156 1674 2186 sed
1685 2165 1776 2196 prope
1786 2157 1906 2186 inimici
1916 2176 1925 2189 ,
1935 2157 2117 2196 atque'accu-

1160 2200 1261 2230 satoris
1278 2201 1344 2230 vim
1363 2199 1508 2238 suscipere
1526 2197 1625 2227 debes.
1647 2207 1716 2227 tuus
1729 2196 1772 2227 est
1790 2199 1874 2227 enim
1892 2199 1990 2227 honos
2009 2199 2043 2227 in
2059 2197 2117 2228 illo

1159 2241 1274 2281 templo
1285 2261 1293 2274 ‚
1314 2241 1429 2270 senatus
1447 2239 1612 2280 populique
1629 2241 1724 2270 Rom.
1740 2237 1905 2269 beneficio:
1925 2241 1969 2269 tui
1980 2240 2118 2270 nominis

1158 2291 1259 2312 aterna
1268 2282 1400 2311 memoria
1412 2279 1502 2310 simul
1512 2290 1582 2310 cum
1593 2281 1709 2320 templo
1718 2281 1774 2310 illo
1784 2281 1977 2311 consecratur.
1988 2281 2045 2311 tibi
2053 2281 2119 2311 haec

1157 2334 1227 2354 cura
1244 2323 1445 2363 suscipienda,
1466 2322 1522 2352 tibi
1532 2323 1594 2352 haec
1605 2332 1694 2362 opera
1710 2322 1855 2352 sumenda
1870 2322 1931 2357 est,
1952 2331 1985 2353 ut
1995 2324 2118 2363 Capito-

1160 2366 1237 2395 lium
1249 2385 1257 2399 ,
1279 2364 1437 2405 quomodo
1455 2362 1696 2405 magnificentius
1707 2363 1748 2394 est
1757 2363 1927 2394 restitutum
1939 2384 1948 2398 ‚
1966 2363 2003 2394 sic
2011 2366 2119 2405 copio-

1160 2406 1216 2437 sius
1227 2415 1367 2436 ornatum
1379 2404 1412 2436 fit
1420 2426 1429 2440 ,
1439 2405 1530 2446 quam
1540 2404 1615 2435 fuit:
1636 2414 1668 2436 ut
1677 2405 1858 2444 illaflamma
1867 2406 2015 2436 divinitus
2024 2405 2121 2437 exsti-

1160 2447 1225 2478 tisse
1235 2448 1385 2481 videatur,
1401 2458 1465 2478 non
1475 2457 1540 2488 quae
1551 2447 1755 2489 deleretJovis
1767 2449 1838 2488 Opt.
1849 2450 1934 2478 Max.
1945 2447 2093 2488 templum
2104 2468 2115 2482 ‚

1161 2490 1209 2520 sed
1220 2500 1284 2530 quae
1292 2490 1459 2530 praeclarius
1470 2509 1480 2522 ,
1501 2499 1549 2519 ma
1571 2488 1800 2530 nificentiusque
1816 2489 1993 2530 deposceret.
2019 2489 2118 2520 Audi-

1162 2531 1197 2561 sti
1209 2552 1217 2565 ,
1239 2534 1297 2573 Q.
1310 2533 1485 2561 Minucium
1497 2533 1545 2561 Ru
1563 2541 1617 2560 um
1627 2531 1723 2561 dicere
1734 2551 1742 2565 ,
1762 2531 1849 2561 domi
1867 2532 1924 2561 suae
1936 2531 2118 2562 diversatum

1162 2571 1218 2603 ess‘e
1230 2574 1418 2603 Antiochum
1436 2582 1536 2614 regem
1555 2571 1715 2612 Syracusis:
1737 2573 1767 2603 se
1785 2572 1862 2602 illud
1882 2573 1953 2603 scire
1970 2572 2005 2603 ad
2026 2572 2120 2603 istum

1160 2613 1217 2645 esse
1228 2615 1359 2645 delatum
1372 2625 1377 2643 :
1391 2615 1419 2644 se
1429 2615 1501 2645 scire
1512 2624 1575 2644 non
1586 2614 1745 2644 redditum.
1755 2613 1912 2648 audisti‚&
1922 2614 2023 2644 audies
2032 2616 2120 2645 omni

1161 2656 1178 2686 e
1190 2666 1343 2687 conventu
1354 2656 1552 2696 Syracusano,
1573 2658 1625 2697 qui
1643 2657 1682 2686 ita
1699 2655 1815 2689 dicant,
1837 2656 1896 2686 sese
1906 2656 2096 2686 audientibus
2107 2675 2118 2690 ‚

1160 2698 1237 2728 illud
1245 2700 1317 2739 Jovi
1327 2700 1395 2738 Opt.
1407 2701 1491 2728 Max.
1502 2697 1635 2728 dicatum
1645 2695 1701 2727 ess'e
1713 2697 1749 2728 ab
1759 2707 1824 2738 rege
1835 2697 2037 2732 Antiochm&
2046 2707 2122 2728 con-

1161 2740 1314 2770 secratum.
1342 2742 1373 2770 Si
1379 2739 1476 2779 judex
1487 2749 1551 2769 non
1561 2738 1634 2769 effes
1644 2759 1652 2773 ,
1670 2739 1703 2769 ὅτ.
1715 2740 1778 2769 haec
1788 2739 1823 2769 ad
1835 2748 1860 2769 te
1872 2739 1966 2770 delata
1979 2749 2023 2769 res
2033 2737 2123 2770 efl‘et:

1160 2790 1187 2812 te
1197 2781 1385 2821 potissimum
1405 2783 1462 2811 hoc
1481 2782 1615 2822 persequi
1627 2801 1636 2813 ,
1657 2790 1685 2810 te
1694 2789 1791 2820 petere
1803 2800 1812 2814 ,
1832 2790 1859 2810 te
1869 2791 1952 2822 agere
1963 2789 2126 2822 oporteret*

1160 2826 1258 2864 Qare
1268 2833 1334 2855 non
1342 2823 1464 2856 dubito,
1471 2833 1532 2863 quo
1542 2824 1647 2853 animo
1650 2823 1741 2860 judex
1752 2823 1841 2862 hujus
1851 2824 1988 2854 criminis
1998 2820 2056 2852 effe
2068 2822 2122 2852 de-

1159 2865 1238 2899 beas,
1249 2867 1302 2906 qui
1314 2864 1393 2906 apud
1401 2864 1496 2896 alium
1503 2863 1639 2904 judicem
1649 2864 1749 2894 multo
1760 2865 1865 2898 acrior,
1875 2862 1969 2904 quam
1976 2874 2031 2905 ego
2041 2864 2060 2935 16
2056 2874 2120 2899 um,

203 3008 213 3025 i
221 3019 227 3025 .
243 3000 298 3027 eAd
303 3002 396 3025 ultimas
409 3008 488 3026 reri-ar
495 3007 654 3034 pervagatum
663 3001 723 3035 effi]
736 3002 800 3029 Nou
811 3001 921 3028 omnino
930 3001 1020 3038 inepti:
1030 3009 1076 3038 par
1085 3001 1120 3027 il-

163 3034 210 3062 lud
222 3035 351 3062 librorum
358 3039 526 3069 per-vulgatum
537 3039 578 3062 eff.

198 3080 227 3097 2.
246 3075 395 3104 erciperent
405 3072 501 3105 eculin]
518 3072 612 3098 Malim
624 3082 683 3098 cum
696 3073 884 3109 Hittorpiaiio,
891 3075 1050 3107 pracipercne.

195 3115 227 3148 3.
247 3110 280 3133 Et
283 3109 394 3170 flu-rifat
399 3109 492 3144 gemmis
497 3108 519 3145 .]
542 3108 666 3146 nimi-p.
679 3110 773 3146 cujac.
784 3110 869 3139 Grut„
871 3110 1046 3146 pulcherrimis.
1065 3109 1124 3138 Pal.

160 3151 242 3182 prim.
247 3151 282 3179 pu
293 3152 381 3173 crimin
966 3149 969 3151 ’

1200 3007 1228 3032 4.
1248 3002 1316 3033 Qud
1323 3002 1498 3035 cumfiitiejam
1509 3020 1516 3032 ‚
1526 3000 1592 3034 (ἔγ-α]
1612 3000 1713 3027 vocula
1725 3019 1733 3032 ,
1742 3002 1873 3033 Q0d‚110n
1883 3008 2019 3038 comparet
2027 3002 2055 3028 in
2066 3000 2126 3029 eod.

1167 3036 1315 3070 Cujaciano
1326 3057 1334 3069 ,
1348 3046 1433 3073 neque
1443 3036 1617 3063 desideratur.

1205 3082 1230 3105 ς.
1251 3074 1306 3098 ‘rum
1316 3076 1390 3100 mittit
1399 3083 1440 3102 rex
1449 3073 1483 3102 ad
1490 3072 1583 3110 istum]
1606 3071 1706 3107 Vocula
1714 3081 1756 3100 rex
1765 3071 1837 3103 abest.
1844 3071 1938 3107 Cujac.
1948 3072 2132 3110 &jucundius

1167 3107 1348 3140 subaudiatur.

2065 3178 2130 3209 ιν]

2136 956 2180 989 30

1157 1408 1262 1447 spitem
1273 1427 1281 1440 ‚
1295 1405 1426 1445 ejestum
1438 1405 1553 1435 socium
1562 1406 1668 1445 populi
1677 1408 1771 1435 Rom.
1783 1414 1870 1446 atque
1880 1406 2013 1436 amicum
2025 1408 2035 1433 ἓ
2046 1406 2115 1434 Νο-
2154 1416 2158 1420 ·
2192 1420 2197 1423 -

2137 2091 2176 2125 31
