2379 3400
247 125 366 171 1182
656 110 1157 160 M.Tut.t.11

241 204 321 246 quod
331 212 377 231 mit
391 200 533 229 l'itverum
546 214 554 228 ‚
576 192 763 224 autfuturum
776 190 809 222 sit
818 200 944 222 verum:
968 189 1020 223 &,
1041 187 1189 230 quidquid

243 252 375 275 inunum
390 240 438 272 sit,
463 239 491 267 id
503 238 580 267 dicit
591 235 653 265 fieri
665 233 779 264 nccess'e
789 232 846 263 esse
857 252 865 266 ‚
879 233 911 262 &
921 230 1069 272 quidquid
1082 240 1146 275 non
1160 228 1195 260 sit

246 287 376 316 futurum
386 303 393 314 ,
416 281 443 309 id
459 287 543 318 negat
553 276 615 306 fieri
628 274 716 316 posse.
740 277 789 305 Tu
800 295 808 308 ,
823 274 855 304 &
865 283 930 314 qua:
943 283 1005 303 non
1017 271 1072 302 sint
1083 276 1193 307 lutura,

243 325 322 367 pofl'e
335 323 394 353 fieri
408 321 481 351 dicis
492 340 501 353 ,
523 329 552 349 ut
564 318 660 358 frangi
671 317 889 357 hancgemmam
900 335 907 349 ‚
928 316 1018 344 etiam
1029 312 1049 343 si
1061 314 1089 344 id
1101 323 1194 344 num-

243 376 329 407 quam
350 363 485 393 futurum
500 359 551 390 sit:
572 368 667 400 neque
678 357 792 388 necess'e
802 356 889 387 fuisse
901 357 1059 396 Cypselum
1072 365 1195 396 regnare

244 407 402 438 Corinthi.
424 411 605 443 quamquam
625 400 654 430 id
675 398 838 430 millesimo
857 398 924 428 ante
945 408 1027 428 anno
1042 399 1195 438 Apollinis

245 448 362 479 oraculo
385 445 500 475 editum
521 441 600 472 ess'et.
625 447 664 472 At
682 440 701 471 si
722 441 775 472 ista
783 440 995 481 comprobabis
1005 439 1109 470 divina
1119 449 1195 480 prae-

243 484 341 522 diesin}
362 487 394 517 &
404 496 468 526 qua:
478 485 546 515 falsa
557 487 589 514 in
599 483 704 514 futuris
713 483 850 514 dicentur
861 502 869 516 ‚
888 484 921 512 in
930 483 976 512 his
988 482 1132 512 habemus
1143 501 1151 515 ,
1163 490 1196 512 ur

243 541 274 562 ca
287 532 347 559 neri
359 539 421 558 non
432 525 540 568 poffint
553 538 558 555 1
569 535 611 559 ut,
626 524 644 555 sl
659 529 667 545 ¹
683 525 796 556 dicatur
808 545 815 558 ‚
828 524 1004 555 Africanum
1016 525 1195 565 Karthagine

240 576 425 613 potiturum:
439 570 471 599 &
484 568 502 598 si
513 568 581 598 veri:
593 569 704 598 dicatur
719 567 755 597 de
765 566 866 597 futuro
878 586 886 600 ,
906 567 998 607 idque
1007 575 1047 597 ita
1059 565 1194 596 futurum

243 614 275 643 sir
289 634 295 646 ,
316 614 395 643 dicas
405 610 461 642 effe
472 607 673 640 necessiiriurn.
697 619 763 650 quae
773 608 815 639 est
824 618 884 639 tora
896 608 1027 639 Diodori
1038 608 1125 638 vobis
1138 609 1197 637 ini-

243 657 320 685 mica
331 655 480 685 sententia.
505 653 624 682 Etenim
636 649 655 680 si
670 651 746 681 illud
759 654 827 681 vere
837 649 1029 681 conneffitur
1040 670 1048 684 ,
1061 650 1094 680 Si
1106 650 1194 679 orien-

245 706 270 726 τι·
287 696 426 727 Canicula
446 702 528 723 natus
538 703 567 723 es
581 714 589 725 ‚
610 696 640 723 in
652 694 726 723 mari
737 703 800 723 non
816 694 956 723 morieris
969 703 974 722 :
987 694 1195 733 primumque,

243 739 323 780 quod
344 740 374 767 in
386 745 526 766 connexo
537 755 545 768 ,
568 737 667 764 Natus
677 745 701 763 es
709 735 814 764 oriente
822 735 963 765 Canicula
977 745 982 763 τ
1002 732 1194 764 necess'arium

244 780 303 810 est:
316 779 436 820 (omnia
447 778 519 806 enim
531 777 780 819 veraiiipraeteritis
790 797 797 810 ,
810 776 1029 816 necffiriafimt
1040 796 1048 810 ,
1061 785 1092 806 ut
1103 777 1198 815 Chry-

244 821 324 862 sippo
342 822 452 860 piacet,
474 817 658 849 dissentienti
676 819 691 849 :i
713 818 853 859 magistro
872 819 1031 852 Cleanthe,
1050 819 1120 858 quia
1131 817 1197 847 sunt

245 861 446 893 immutabilia
458 880 466 895 ,
488 871 542 891 nec
560 862 592 890 in
611 860 718 890 falsum
730 860 746 891 ἐ
757 870 828 891 vero
838 862 981 901 praeterita
995 859 1200 900 poffuntcon-

243 906 318 935 verti
333 915 336 931 τ
350 905 358 941 )
381 901 399 932 si
412 905 500 943 igitur
508 902 589 943 quod
601 904 676 942 prim
683 912 734 932 um
747 904 779 933 in
788 912 929 932 connexo
940 901 992 936 est,
1003 899 1199 932 necessarium

243 945 300 976 est:
314 944 445 976 fitetiam
455 944 537 985 quod
547 944 758 985 consequitur,
780 943 985 974 necessarium.
1009 946 1200 985 Qamquam

242 989 300 1017 hoc
310 984 473 1026 Chrysippo
488 996 550 1016 non
560 986 678 1016 videtur
689 986 825 1016 valerein
837 985 993 1016 omnibus.
1017 984 1074 1016 Sed
1084 994 1198 1018 tamen,

244 1028 264 1059 si
279 1030 419 1059 naturalis
429 1026 472 1058 est
483 1037 534 1057 cau
541 1027 566 1057 sa
577 1048 586 1060 ‚
605 1037 658 1057 cur
668 1029 699 1057 in
714 1028 788 1057 mari
801 1027 907 1057 Fabius
923 1037 986 1058 non
997 1028 1155 1060 moriatur,
1167 1028 1201 1056 in

245 1072 320 1100 mari
333 1070 438 1100 Fabius
450 1071 529 1099 mori
541 1078 604 1099 non
613 1067 720 1109 potest.
733 1071 800 1099 Hoc
811 1069 879 1099 loco
888 1068 1067 1110 Chryfippus
1078 1068 1203 1100 aestuans

243 1112 307 1142 falli
320 1112 409 1152 sperat
418 1111 585 1144 Chaldaeos,
597 1111 768 1152 ceterosque
780 1110 915 1145 divinos,
927 1121 1024 1152 neque
1036 1120 1087 1141 eos
1098 1110 1204 1140 usuros

243 1153 302 1185 esl'e
319 1152 587 1192 conjunfiltionibus
600 1172 608 1187 ,
630 1161 662 1183 ut
688 1154 721 1182 in
733 1153 779 1183 sua
793 1162 927 1193 percepta
936 1154 1145 1193 pronuntient.
1167 1151 1202 1181 Si

245 1206 306 1238 quis
325 1202 407 1223 natus
427 1193 468 1225 est
487 1197 602 1225 oriente
621 1195 782 1229 Canicula,
804 1198 827 1225 is
839 1197 870 1225 in
883 1197 956 1225 mari
969 1202 1033 1225 non
1045 1196 1201 1224 morietur:

245 1238 293 1268 sed
308 1235 408 1276 potius
420 1239 456 1267 ita
465 1236 565 1268 dicant
579 1247 584 1266 :
606 1238 671 1266 Non
683 1236 717 1269 (φ
726 1244 809 1266 natus
819 1236 862 1266 eff
871 1239 940 1278 quis
951 1239 1066 1267 oriente
1076 1237 1204 1267 Canicu-

250 1279 287 1312 la,
302 1280 369 1309 &is
381 1280 411 1308 in
428 1283 501 1308 mari
513 1280 666 1309 morietur.
691 1279 1071 1319 Olicentiamjocularem!
1092 1287 1129 1308 ne
1142 1277 1204 1317 ipse

244 1321 356 1351 incidat
367 1322 398 1350 in
410 1320 687 1354 Diodorum,docet
698 1321 866 1354 Chaldaeos,
877 1330 939 1361 quo
949 1319 1036 1361 pat'z’to
1048 1319 1204 1359 eos‘expo-

248 1372 318 1392 nere
327 1371 460 1402 percepta
471 1371 614 1402 oporteat.
626 1365 735 1404 Qiaero
747 1364 844 1396 enim,
855 1362 875 1392 fi
885 1363 1017 1393 Chaldaei
1028 1364 1067 1392 ita
1076 1362 1206 1403 loquan-

243 1413 338 1436 tur,ut
350 1406 520 1445 negationes
530 1403 718 1435 infinitarum
727 1403 986 1445 conjune'iionum
995 1403 1204 1445 potiuS,quam

243 1444 362 1476 infinita
373 1455 511 1476 connexa
520 1455 633 1486 ponant
643 1457 647 1475 z
658 1456 712 1476 cur
723 1446 804 1476 idem
818 1446 947 1480 medici,
968 1455 1203 1487 curgeometrae‚

243 1497 296 1517 cur
313 1487 419 1528 reliqui
441 1487 534 1517 facere
554 1497 616 1518 non
637 1487 764 1528 poffint?
785 1488 961 1518 medicnsin
972 1490 1079 1528 primis
1093 1507 1102 1522 ,
1123 1486 1205 1528 quod

243 1530 300 1558 erit
311 1530 337 1558 ei
347 1528 532 1568 perspe&um
546 1531 578 1559 in
589 1538 731 1564 artemon
740 1532 779 1559 ita
788 1538 945 1570 proponet:
958 1534 972 1550 ²
983 1533 1018 1560 Sr
1035 1539 1092 1560 cut
1104 1538 1206 1560 vr-:NAE

244 1569 284 1599 fic
295 1578 456 1599 moventur
467 1589 475 1602 ‚
490 1572 513 1599 is
525 1571 611 1600 habet
619 1570 735 1602 febrem
748 1581 753 1599 z
768 1571 816 1602 sed
827 1570 929 1610 potius
941 1572 995 1601 illo
1007 1571 1114 1604 modo,
1129 1572 1205 1600 Non

246 1611 275 1641 ei
296 1620 378 1640 venae
397 1609 434 1640 sic
457 1620 637 1645 moventur,
658 1612 690 1642 &
707 1611 822 1642 febrem
834 1614 859 1642 is
869 1622 933 1642 non
947 1613 1050 1642 habet:
1073 1613 1206 1652 itemque

247 1661 418 1693 geometres
440 1662 504 1682 non
524 1654 562 1683 ita
583 1652 680 1687 dicet,
705 1656 717 1681 3
740 1656 777 1683 ΙΝ
798 1663 941 1684 srnAERA
966 1655 1097 1684 maximi
1107 1653 1206 1686 orbes,

249 1694 345 1723 medii
367 1702 443 1722 inter
463 1694 491 1723 se
505 1694 684 1725 dividuntur
698 1705 703 1724 :
717 1694 764 1725 sed
776 1696 877 1735 potius
889 1696 945 1726 illo
957 1695 1070 1726 modo:
1090 1697 1163 1725 Non
1175 1694 1208 1724 &

247 1735 317 1765 sunt
341 1736 371 1764 in
384 1735 491 1774 sphaera
502 1737 630 1766 maximi
641 1736 729 1766 orbes
739 1756 748 1770 ‚
767 1737 799 1766 &
810 1738 840 1766 hi
852 1747 916 1767 non
927 1737 1021 1767 medii
1033 1738 1110 1767 inter
1121 1737 1149 1767 se
1162 1736 1204 1766 di-

247 1776 402 1806 viduntur.
426 1776 507 1817 Qid
519 1776 570 1810 est,
581 1778 661 1817 quod
674 1787 735 1808 non
749 1776 900 1818 poffitisto
911 1778 1005 1808 modo
1014 1788 1053 1808 ex
1065 1787 1209 1808 connexo

249 1816 400 1848 transferri
410 1817 443 1847 ad
455 1818 711 1857 conjunerionum
729 1821 919 1858 negationem
932 1825 941 1850 ?
965 1819 998 1849 &
1007 1819 1131 1859 quidem
1142 1819 1209 1848 aliis

248 1859 350 1889 modis
365 1859 480 1889 easdem
493 1868 538 1889 res
547 1857 649 1890 efferi-e
659 1859 826 1900 possumus.
851 1859 948 1890 Modo
959 1860 1045 1894 dixi,
1069 1860 1209 1899 Insphaera

250 1901 373 1929 maximi
393 1899 465 1930 orbes
476 1921 484 1934 ‚
511 1901 597 1929 medii
616 1902 688 1932 inter
704 1902 735 1941 se
751 1901 941 1931 dividuntur:
957 1901 1076 1943 possum
1097 1902 1207 1936 dicere,

252 1942 391 1982 Insphaera
402 1944 523 1971 maximi
534 1941 606 1972 orbes
616 1951 715 1977 erunt5
734 1941 853 1984 possum
867 1943 965 1974 dicere
980 1964 989 1978 ‚
1001 1943 1083 1985 Qia
1093 1944 1122 1973 in
1123 1943 1208 1983 spha-

249 1994 283 2013 ra
299 1983 503 2013 maximnm&
513 1992 611 2013 erunt:
631 1986 727 2015 Multa
737 1995 844 2027 genera
857 1986 924 2015 sunt
932 1985 1111 2016 enuntiandi
1124 2006 1132 2018 ,
1152 1995 1207 2016 nec

247 2026 346 2056 ulium
357 2025 509 2056 distortius
521 2046 529 2060 ‚
550 2026 641 2067 quam
652 2028 710 2057 hoc
721 2047 729 2061 ‚
751 2037 812 2068 quo
823 2025 1003 2068 Chryfippus
1016 2028 1110 2068 sperat
1117 2027 1210 2058 Chal—

247 2067 328 2097 daeos
345 2077 503 2098 contentos
519 2070 690 2099 Stoicorum
712 2069 795 2100 causa
803 2068 879 2099 fore.
902 2071 1031 2100 Illorum
1043 2079 1144 2100 tamen
1155 2079 1209 2099 ne-

248 2119 302 2139 mo
322 2110 360 2139 ira
381 2109 526 2150 loquitur.
551 2111 648 2150 majus
666 2110 802 2141 estenim
815 2112 865 2141 has
878 2113 1087 2142 contortiones
1096 2113 1209 2142 oratio-

208 2157 230 2189 9
248 2153 296 2180 nis
312 2170 320 2184 ,
339 2150 428 2191 quarn
452 2150 602 2191 signorum
613 2162 714 2186 ortus,
737 2153 1081 2194 obitusquewperdiscere.
1103 2153 1159 2184 Sed
1173 2152 1210 2183 ad

247 2192 331 2222 illam
360 2193 491 2222 Diodori
518 2203 749 2224 contentionem
769 2214 777 2228 ‚
799 2204 890 2235 quam
920 2197 969 2230 περὶ
987 2198 1093 2222 Sum-nv
1109 2195 1211 2236 appel—

250 2234 313 2264 lant
334 2243 532 2264 revertamur:
555 2237 586 2264 in
604 2245 660 2276 qua
678 2236 750 2277 quid
761 2237 853 2267 valeat
873 2236 929 2267 4id
941 2257 949 2271 ‚
967 2237 1048 2278 quod
1061 2235 1124 2267 fieri
1142 2237 1212 2278 pos-

248 2275 282 2305 sit
302 2295 311 2308 ,
342 2278 518 2316 anquiritur.
550 2277 647 2307 Placet
675 2280 766 2319 igitur
783 2278 924 2308 Diodoro
936 2300 944 2313 ‚
974 2279 1004 2308 id
1026 2279 1126 2309 solum
1146 2277 1210 2308 fieri

250 2315 343 2356 poffe,
357 2318 436 2358 quod
448 2327 495 2348 aut
505 2328 604 2347 verum
608 2319 659 2359 sit,
671 2328 720 2350 aut
730 2330 830 2348 verum
833 2320 972 2359 futurum
978 2320 1029 2361 fit.
1055 2322 1116 2360 Qi
1126 2320 1211 2350 locus

249 2361 367 2399 attingit
381 2360 456 2390 hanc
466 2359 664 2400 quaestionem
679 2381 687 2393 ‚
709 2362 798 2391 Nihil
813 2360 877 2391 fieri
891 2382 899 2396 ‚
922 2362 1003 2402 quod
1015 2372 1081 2392 non
1092 2360 1209 2392 neceffe

248 2399 339 2430 fuerit
354 2401 420 2435 :&,
438 2401 594 2443 Qidquid
605 2401 668 2432 fieri
680 2401 766 2443 poffir
779 2423 787 2437 ,
804 2403 833 2433 id
844 2402 959 2434 autess‘e
967 2404 1028 2443 jam
1040 2423 1048 2436 ,
1067 2403 1210 2434 autfutu-

249 2451 316 2471 rum
336 2440 414 2472 ess'e:
435 2453 490 2473 nec
508 2445 601 2484 magis
622 2446 804 2474 commutari
816 2454 853 2474 ex
862 2447 939 2475 veris
949 2447 980 2475 in
991 2444 1062 2475 falsa
1071 2454 1103 2475 ea
1113 2443 1206 2485 poss‘e,

249 2492 314 2522 qua:
335 2483 432 2514 futura
448 2485 515 2514 sunt
527 2505 535 2518 ,
556 2486 646 2526 quam
666 2496 698 2516 ea
710 2506 718 2519 ‚
739 2496 804 2526 quae
821 2485 897 2517 fas-Ita
918 2486 1002 2517 sunt:
1017 2486 1108 2516 sedin
1120 2485 1209 2517 fac‘tis

250 2525 518 2555 immutabilitatem
536 2537 669 2566 apparere
684 2548 692 2561 ‚
716 2530 749 2558 in
761 2527 868 2558 futuris
878 2528 1055 2569 quibusdam
1066 2528 1135 2569 quia
1146 2538 1209 2558 non

249 2575 407 2605 apparent,
429 2571 441 2595 5
456 2579 493 2598 ne
505 2568 596 2598 mess:
606 2569 728 2609 quidem
741 2570 836 2600 videri
850 2580 855 2598 :
876 2579 907 2600 ut
918 2571 950 2600 in
960 2580 997 2600 eo
1010 2590 1017 2604 ‚
1038 2573 1091 2611 qui
1102 2573 1209 2600 morti—

251 2606 316 2637 fero
326 2609 434 2639 morbo
446 2619 589 2649 urgeatur,
599 2621 704 2641 verum
717 2610 750 2642 fit
762 2631 770 2646 2
783 2613 841 2641 Hic
854 2614 1003 2642 morietur
1016 2613 1072 2642 hoc
1086 2611 1205 2642 morbo:

253 2656 282 2678 at
300 2650 355 2680 hoc
377 2650 458 2681 idem
480 2651 500 2681 fi
512 2653 580 2682 vere
594 2653 707 2684 dicatur
717 2655 749 2684 in
760 2663 796 2684 eo
812 2674 821 2688 ‚
841 2656 873 2685 in
886 2663 947 2695 quo
958 2656 1004 2685 vis
1014 2654 1116 2685 morbi
1129 2662 1210 2685 tanta

1225 109 1761 155 C1cERoN18

1216 189 1218 219 ἶ
1234 199 1298 220 non
1308 196 1440 229 appareat
1457 208 1465 221 ,
1485 188 1586 218 nihilo
1596 187 1699 218 minus
1709 187 1843 221 futurum
1856 189 1901 222 fit.
1925 192 1970 222 1ta
1984 188 2017 222 fit
2028 211 2037 225 ,
2059 192 2194 222 utcomi

1216 227 1217 274 i
1235 234 1363 262 mutatio
1383 239 1422 260 ex
1442 239 1514 260 vero
1533 231 1565 260 in
1587 229 1695 260 falsum
1720 240 1758 260 ne
1770 233 1801 262 in
1811 231 1911 263 futuro
1921 233 2044 274 quidem
2055 233 2116 264 ulla
2125 231 2192 264 fieri

1216 277 1217 304 l
1233 272 1330 314 possit.
1357 274 1448 305 Nam,
1460 271 1612 301 Morietur
1621 271 1714 313 Scipio
1725 292 1733 305 ,
1745 273 1834 303 talem
1845 276 1907 304 vim
1918 275 2015 309 habet,
2028 285 2070 309 ut,
2082 284 2194 316 quam-

1216 313 1217 331 *
1233 325 1323 356 quam
1339 313 1374 343 de
1385 313 1490 343 futuro
1501 314 1609 343 dicitur
1619 334 1627 347 ,
1642 322 1743 344 tamen
1758 324 1789 344 ut
1800 314 1829 344 id
1843 324 1905 345 non
1916 315 2001 355 poffit
2011 318 2148 348 converti
2159 318 2192 348 in

1216 394 1217 399 ¹
1236 357 1352 387 ralsum.
1365 355 1401 386 de
1413 356 1540 385 homine
1551 357 1634 385 enim
1644 355 1764 389 dicitur,
1773 358 1821 386 cui
1831 356 1943 387 necesse
1954 357 1998 388 est
2007 361 2097 389 mori.
2113 360 2162 389 Sic
2171 357 2193 389 st

1236 396 1644 431 diceretunMorieturnoiiku
1654 399 1686 427 in
1697 397 1838 428 cubiculo
1849 398 1903 428 suo
1912 401 2023 439 Scipio,
2033 402 2064 431 vi
2073 400 2196 440 oppres·

1216 436 1218 490 Ι
1238 441 1297 473 sus,
1309 440 1378 470 vere
1387 439 1544 471 diceretur,
1560 439 1588 469 id
1599 442 1684 469 enim
1694 438 1760 469 fore
1770 439 1929 474 diceretur,
1940 441 2021 480 quod
2032 437 2105 473 effet-
2112 442 2197 473 futu-

1216 496 1218 503 ν
1236 492 1312 512 rum:
1320 481 1459 520 futurum
1469 487 1565 510 autem
1571 480 1667 520 fuisti,
1679 492 1712 511 ex
1722 479 1954 523 e0‚qutafa‹5l·um
1964 481 2139 525 eft'‚ineelligi
2148 484 2196 514 de-

1216 530 1217 533 ’
1237 524 1291 553 ber.
1305 533 1360 553 nec
1373 525 1467 563 magis
1477 532 1536 553 erat
1544 533 1660 557 verum,
1673 526 1820 554 Morietur
1828 525 1939 563 Scipi0‚
1947 524 2038 564 quam
2049 527 2197 557 Morietur

1217 567 1219 604 ᾖ
1237 567 1290 596 illo
1303 565 1413 595 modo:
1438 562 1453 584 ⁶
1473 574 1527 595 nec
1544 564 1649 595 minus
1672 564 1787 596 neceffe
1801 567 1881 597 mori
1891 568 2083 606 Scipionem,
2103 567 2196 608 quam

1218 605 1220 643 ἶ,
1234 609 1288 638 illo
1301 607 1396 637 rnodo
1408 609 1503 637 mori:
1524 617 1580 637 nec
1592 609 1683 649 magis
1701 608 1894 638 immutabile
1904 617 1942 638 ex
1951 616 2023 638 vero
2035 609 2066 637 in
2076 607 2194 643 falsum,

1219 682 1220 686 Ἰ
1236 652 1362 678 Necatus
1377 647 1420 679 ef?
1438 649 1548 688 Scipio,
1561 649 1651 690 quam
1664 650 1827 680 Necabitur
1836 651 1936 689 Scipio
1949 660 1955 679 τ
1974 658 2040 682 nec,
2052 648 2122 680 cum
2133 652 2196 681 haee

1238 693 1276 722 ita
1291 690 1346 721 sint
1359 711 1366 724 ‚
1389 690 1432 721 est
1445 690 1528 721 causa
1543 711 1551 724 .
1571 701 1623 721 cur
1633 693 1780 732 Epicurus
1792 711 1801 725 ‚
1822 696 1836 719 7
1846 690 1941 722 fatum
1953 691 2142 724 extimescat,
2162 691 2198 723 δε

1237 734 1273 764 ab
1284 734 1392 763 atomis
1403 741 1482 773 petat
1491 732 1660 772 praefidium
1673 753 1682 767 ‚
1704 734 1808 774 easque
1818 733 1911 764 devia
1924 733 2048 764 deducat
2057 752 2066 767 ,
2091 733 2125 763 &
2134 742 2198 764 uno

1239 784 1372 815 tempore
1391 775 1528 815 suscipiat
1546 784 1592 805 res
1609 774 1681 805 duas
1698 775 1919 805 inenodabileis
1931 786 1936 804 :
1950 785 2058 808 unam,
2083 783 2116 805 ut
2137 773 2199 805 sme

1239 817 1325 848 causa
1344 815 1517 858 fiataliquid
1530 836 1538 849 ,
1558 826 1596 847 ex
1606 827 1667 858 quo
1683 815 1800 847 exsistet
1810 837 1817 851 ‚
1839 816 1919 847 utde
1933 817 2030 847 nihilo
2041 818 2198 857 quippiam

1241 858 1291 890 fiat
1301 879 1309 893 ,
1331 858 1412 899 quod
1424 868 1478 889 nec
1494 857 1546 898 ipsi
1559 879 1567 892 ‚
1587 869 1642 889 nec
1651 863 1791 900 cuiquam
1803 857 1923 899 physico
1934 858 2041 899 placet:
2061 859 2198 892 alteram,

1240 910 1272 931 ut
1283 920 1291 934 ‚
1312 900 1383 931 cum
1398 900 1459 930 duo
1469 900 1625 931 individua
1633 910 1684 941 per
1696 903 1871 931 inanitatem
1884 900 2014 931 ferantur
2025 900 2167 930 :alterum
2182 900 2201 932 ὲ

1241 944 1363 984 regione
1383 951 1542 972 moveatur
1554 962 1562 976 ,
1581 943 1707 973 alterum
1717 943 1859 973 declinet.
1883 943 1951 972 licet
1961 944 2045 972 enim
2057 944 2200 982 Epicur0‚

1241 984 1419 1016 concedenti
1440 993 1534 1014 omne
1545 987 1737 1015 enuntiatum
1747 980 1910 1014 aut'verum
1923 1003 1930 1017 ‚
1951 993 2000 1013 aut
2010 983 2117 1014 falsum
2129 982 2199 1018 effe,

1243 1035 1306 1056 non
1318 1027 1413 1056 vereri
1426 1045 1435 1058 ‚
1449 1035 1487 1055 ne
1499 1028 1605 1056 omnia
1616 1025 1676 1056 fato
1688 1024 1751 1055 fieri
1764 1024 1797 1055 fit
1807 1024 1920 1055 necesse
1932 1036 1938 1054 ε
1949 1035 2013 1055 non
2023 1027 2105 1056 enim
2115 1034 2202 1056 aeter-

1244 1069 1290 1098 nis
1299 1066 1390 1098 causls
1401 1075 1509 1097 naturae
1521 1065 1688 1097 neceffitate
1699 1066 1884 1097 mutantibus
1895 1076 2000 1097 verum
2011 1066 2053 1097 est
2063 1067 2107 1100 id.
2117 1066 2199 1108 quod

1243 1160 1315 1181 men
1326 1149 1388 1180 fine
1400 1149 1508 1181 causis:
1532 1150 1581 1181 sed
1591 1149 1713 1182 interest
1723 1152 1800 1181 inter
1811 1150 1907 1181 causas
1916 1149 2044 1184 fortuito
2053 1150 2204 1192 antegres-

1243 1192 1335 1226 saS‚&
1345 1193 1423 1222 inter
1431 1193 1529 1223 causas
1538 1192 1728 1223 cohibenteis
1738 1193 1772 1223 in
1783 1193 1812 1223 se
1819 1190 2014 1222 efficientiam
2024 1194 2200 1222 naturalem.

1242 1237 1286 1265 Ita
1297 1234 1330 1264 &
1339 1234 1456 1274 semper
1465 1244 1571 1266 verum
1580 1233 1640 1265 fuit
1654 1254 1662 1268 ‚
1675 1235 1824 1265 Morietur
1834 1235 1981 1274 Epicurus
1991 1253 2000 1268 ‚
2011 1232 2084 1264 curn
2095 1233 2156 1264 duo
2166 1233 2201 1265 δε

1243 1276 1425 1317 septuaginta
1441 1285 1536 1307 annos
1555 1277 1685 1311 vixerit,
1705 1277 1858 1307 Archonte
1868 1275 2034 1310 Pitharato;
2053 1284 2150 1316 neque
2158 1283 2203 1306 ta-

1245 1328 1317 1348 men
1327 1326 1410 1348 erant
1418 1320 1510 1350 causae
1519 1317 1620 1349 fatales
1631 1338 1640 1353 ,
1659 1328 1713 1350 cur
1723 1320 1764 1349 ita
1773 1317 1918 1348 accideret
1928 1327 1934 1346 ².
1947 1316 1994 1347 sed
2006 1316 2089 1357 quod
2099 1320 2138 1349 ita
2151 1326 2202 1352 ce-

1242 1358 1378 1393 cidifl'et,
1396 1361 1474 1390 certe
1492 1362 1629 1392 casurum
1642 1379 1651 1395 ‚
1671 1359 1743 1391 sicut
1760 1359 1886 1393 cecidit,
1907 1358 1973 1390 fuit.
1997 1361 2064 1389 Nec
2081 1360 2126 1394 ii,
2149 1360 2206 1400 qui.

1243 1402 1349 1433 dicunt
1362 1401 1560 1432 immutabilia
1569 1401 1618 1440 ff
1628 1422 1635 1436 ,
1660 1413 1719 1444 qua
1719 1402 1828 1442 futura
1836 1401 1902 1441 lint,
1914 1411 1970 1431 nec
1977 1399 2060 1441 poffe
2071 1395 2085 1420 ⁸
2094 1409 2203 1432 verum

1243 1443 1379 1475 futurum
1403 1446 1541 1475 converti
1549 1446 1582 1475 in
1591 1444 1699 1475 falsum
1711 1464 1720 1478 ‚
1736 1443 1788 1474 fati
1803 1441 2000 1474 neceffitatem
2010 1441 2202 1476 confirmant.

1246 1485 1294 1517 sed
1318 1485 1481 1516 verborum
1498 1488 1563 1517 vim
1581 1487 1822 1526 interpretantur.
1854 1488 1893 1515 At
1907 1504 1915 1519 ,
1935 1486 1988 1526 qui
2006 1484 2206 1515 introducunt

1245 1528 1398 1558 causarum
1419 1527 1526 1557 seriem
1550 1527 1763 1567 sempiternam
1776 1547 1784 1560 ‚
1805 1528 1828 1556 ii
1848 1534 1983 1556 mentem
2004 1526 2142 1556 hominis
2151 1536 2205 1555 vo-

1245 1569 1356 1598 luntate
1377 1566 1466 1597 libera
1483 1569 1639 1609 spoliatam
1651 1588 1660 1602 ,
1678 1566 1844 1599 neceffitate
1860 1566 1914 1597 fati
1933 1567 2120 1598 devinciunt.
2143 1567 2201 1599 Sed

1247 1611 1308 1640 haec
1318 1608 1472 1640 hadienus.
1496 1610 1564 1641 Alia
1574 1610 1743 1641 videamus.
1760 1608 2009 1640 concluditenim
2023 1607 2204 1650 Chrysippus

1246 1653 1305 1682 hoc
1315 1650 1410 1681 modo
1419 1671 1428 1685 ‚
1439 1654 1476 1682 Sr
1490 1661 1546 1682 EST
1561 1662 1668 1682 moa-us
1678 1661 1755 1682 suu:
1767 1660 1872 1681 causa
1887 1669 1896 1684 ‚
1918 1660 1983 1681 non
1992 1653 2095 1681 omnis
2105 1660 2206 1681 enun-

1247 1695 1330 1723 tiatio
1341 1712 1350 1727 ‚
1360 1692 1442 1733 quod
1454 1694 1549 1728 ἀξίωμα
1560 1693 1708 1724 ἀίειΙεέὶίεἰ
1717 1693 1869 1733 appellant
1878 1711 1887 1725 ‚
1908 1700 1958 1722 aut
1966 1702 2034 1722 vera
2045 1711 2055 1726 ,
2077 1701 2126 1723 aut
2135 1691 2207 1724 falsa

1247 1736 1311 1764 erit.
1332 1734 1429 1764 causas
1440 1736 1525 1764 enim
1537 1733 1714 1765 efficienteis
1723 1733 1806 1775 quod
1816 1742 1881 1764 non
1893 1733 2015 1764 habebit
2026 1753 2035 1767 ,
2049 1732 2078 1763 id
2089 1743 2143 1764 nee
2152 1743 2207 1764 ve-

1246 1785 1314 1806 rum
1323 1794 1331 1808 ‚
1353 1785 1409 1805 nec
1431 1774 1540 1805 falsum
1560 1777 1624 1806 erit.
1644 1777 1748 1806 omnis
1755 1784 1855 1806 autem
1866 1775 2035 1806 enuntiatio
2046 1795 2055 1810 ‚
2075 1783 2126 1806 aut
2136 1784 2206 1806 vera

1246 1825 1295 1847 aut
1314 1815 1384 1847 falsa
1402 1815 1453 1847 est.
1473 1826 1576 1848 motus
1596 1827 1665 1860 ergo
1679 1816 1739 1848 fine
1748 1817 1832 1848 causa
1841 1817 1942 1847 nullus
1952 1815 2004 1847 est.
2027 1816 2118 1858 Qod
2131 1815 2151 1846 fi
2165 1819 2208 1848 ita

1249 1857 1301 1892 est,
1312 1860 1417 1889 omnia
1429 1878 1438 1893 ‚
1450 1869 1516 1900 quae
1529 1859 1605 1890 fiunt
1617 1879 1626 1894 ,
1647 1858 1737 1891 caufis
1749 1858 1827 1890 fiunt
1836 1867 1902 1890 ante
1924 1857 2012 1889 reffis.
2032 1860 2062 1889 id
2072 1857 2092 1888 fi
2102 1860 2143 1889 ita
2150 1857 2206 1894 est,

1248 1901 1354 1931 omnia
1367 1921 1376 1934 ‚
1387 1899 1449 1931 fato
1461 1899 1548 1932 fiunt.
1568 1900 1815 1943 efficiturigitur‚
1835 1899 1896 1932 fato
1931 1902 1992 1934 eri,
2007 1909 2207 1942 quaecumque

1249 1941 1331 1972 fiant.
1355 1941 1415 1973 Hic
1425 1945 1559 1983 primurn
1577 1942 1596 1974 fi
1608 1945 1685 1974 mihi
1699 1945 1789 1974 libeat
1798 1941 1929 1974 assentiri
1942 1945 2074 1982 Epicuro
2085 1962 2093 1977 ‚
2106 1942 2139 1973 &
2153 1951 2210 1972 ne-

1247 1994 1314 2026 gare
1333 1994 1461 2015 omnem
1485 1989 1727 2017 enuntiationem
1744 1994 1794 2016 aut
1811 1994 1912 2015 veram
1933 1984 2011 2019 effe,
2033 1983 2206 2015 autfalsam:

1247 2035 1314 2057 eam
1337 2027 1451 2068 plagam
1463 2026 1566 2068 potius
1575 2030 1716 2069 accipiam
1727 2047 1735 2062 ‚
1756 2027 1847 2068 quam
1856 2027 1917 2057 fato
1927 2028 2033 2058 omnia
2042 2025 2206 2056 fiericom-

1248 2067 1386 2110 probem.
1407 2069 1459 2099 illa
1476 2071 1561 2100 enim
1579 2071 1726 2101 sententia
1745 2068 1859 2110 aliquid
1878 2068 1966 2099 habet
1982 2068 2206 2109 disputationis,

1249 2113 1311 2141 haec
1339 2109 1412 2141 vero
1439 2121 1503 2141 non
1533 2111 1576 2142 est
1593 2111 1771 2142 tolerabilis.
1800 2113 1898 2152 itaque
1915 2110 2073 2142 contendit
2088 2111 2211 2140 omneis

1248 2162 1360 2184 nervos
1373 2151 1552 2194 Chrysippus
1563 2174 1572 2188 ,
1600 2163 1632 2185 ut
1641 2153 1810 2195 persuadeat
1823 2174 1832 2188 ,
1852 2162 1929 2182 omne
1939 2153 2034 2188 ἀξίωμκ
2044 2159 2098 2181 aur
2108 2161 2208 2180 verum

1248 2194 1297 2233 effe
1306 2215 1315 2229 ,
1335 2202 1389 2224 aut
1402 2195 1525 2235 falsum.
1549 2198 1592 2226 Ut
1610 2198 1693 2225 enim
1715 2197 1859 2235 Epicurus
1875 2202 1994 2224 veretur
2005 2213 2013 2228 ,
2037 2204 2076 2224 ne
2087 2213 2096 2228 ‚
2118 2191 2139 2222 fi
2149 2195 2208 2224 hoc

1248 2236 1422 2268 conceflerit
1435 2257 1443 2271 ‚
1455 2237 1684 2268 concedendum
1696 2235 1742 2270 fit,
1752 2236 1813 2267 faro
1824 2235 1888 2266 fieri
1899 2255 1908 2270 ,
1919 2245 2116 2277 quaecumque
2126 2233 2183 2266 fian
2189 2243 2210 2265 t:

1249 2277 1290 2318 (fi
1301 2279 1385 2309 enim
1395 2280 1569 2310 alterutrum
1585 2289 1622 2310 ex
1636 2280 1799 2310 aeternitate
1808 2287 1914 2309 verum
1928 2277 1963 2307 sit
1973 2297 1982 2312 ‚
2005 2276 2063 2309 ess'e
2072 2276 2102 2307 id
2113 2278 2206 2307 etiarn

1250 2330 1364 2351 certum
1379 2331 1384 2349 :
1407 2321 1440 2351 &
1454 2341 1463 2356 ‚
1490 2320 1511 2350 sl
1521 2330 1634 2352 certum
1645 2341 1653 2356 ,
1668 2322 1756 2351 etiarn
1768 2318 1962 2350 necessarium
1975 2329 1980 2347 :
1992 2327 2031 2349 ita
2044 2318 2078 2348 &
2086 2315 2211 2348 neceffi-

1251 2370 1340 2393 tatem
1353 2383 1362 2396 ‚
1384 2362 1416 2392 &
1433 2362 1529 2393 fatum
1540 2362 1715 2394 confirmari
1723 2363 1825 2402 putat)
1850 2359 1887 2390 fic
1897 2357 2076 2400 Chryfippus
2087 2360 2209 2393 metuit,

1251 2414 1289 2434 ne
1303 2424 1311 2437 ,
1322 2402 1342 2433 fi
1354 2413 1416 2434 non
1425 2404 1594 2435 obtinuerit
1603 2424 1611 2439 ,
1623 2414 1716 2435 omne
1727 2423 1735 2437 ‚
1747 2403 1828 2444 quod
1837 2405 2013 2432 enuntietur
2023 2422 2032 2436 ,
2043 2409 2091 2432 aut
2101 2410 2209 2431 verum

1253 2443 1310 2475 esse
1323 2465 1332 2479 ,
1344 2449 1360 2472 9
1372 2455 1421 2475 aut
1431 2445 1537 2476 falsum
1551 2466 1560 2480 ,
1585 2455 1649 2476 non
1663 2454 1770 2479 teneat,
1780 2445 1885 2474 omnia
1899 2442 1959 2473 fato
1970 2441 2033 2473 fieri
2045 2441 2165 2483 poffint,
2176 2442 2212 2473 &

1251 2496 1289 2516 ex
1313 2485 1404 2517 caufis
1423 2489 1542 2518 aetemis
1561 2497 1660 2518 rerum
1683 2486 1862 2517 futurarum.
1885 2485 1942 2515 Sed
1961 2487 2107 2526 Epicurus
2117 2484 2212 2515 decli·

1250 2530 1372 2559 natione
1391 2531 1486 2559 atomi
1503 2531 1590 2560 vitari
1609 2527 1869 2560 farineceffitatem
1880 2535 1970 2567 putat.
1992 2530 2096 2569 Itaque
2107 2527 2211 2557 tertius

1248 2570 1374 2611 quidam
1388 2580 1489 2602 motus
1503 2573 1693 2602 oritur-extra
1705 2570 1825 2611 pondus
1835 2590 1845 2605 ,
1868 2569 1900 2599 &
1910 2569 2025 2610 plagam
2039 2589 2048 2603 ,
2070 2567 2143 2599 cum
2157 2567 2212 2598 de-

1247 2613 1341 2643 clinat
1350 2621 1471 2644 atomus
1480 2613 1628 2643 inrervauo
1637 2614 1765 2643 minimo.
1787 2612 1818 2642 id
1830 2611 1955 2652 appellat
1964 2614 2088 2643 ἐλάκιςον.
2111 2612 2210 2651 Qam

1245 2653 1482 2685 declinationem
1501 2654 1563 2686 sine
1586 2655 1671 2686 causa
1689 2652 1784 2686 fierisi
1795 2653 1899 2684 minus
1908 2653 2007 2684 verbis
2021 2672 2031 2687 ‚
2054 2661 2084 2682 re
2094 2653 2212 2721 cogitat·

2113 2701 2171 2722 con
2198 2707 2214 2713 -

271 2754 316 2790 .-¹-‘
337 2751 436 2786 chasm
445 2752 599 2784 cAfti'canum
618 2755 764 2787 Karthagine
781 2755 935 2788 potiturum]
957 2754 1044 2780 Ree'te
1065 2754 1103 2781 ita.
1121 2753 1185 2780 editi
1198 2755 1214 2780 d

255 2780 396 2827 Nerone,
416 2787 604 2824 respondetque
625 2789 680 2815 Pal.
701 2789 748 2816 sec.
766 2789 917 2816 castissimus
939 2790 1015 2816 liber.
1036 2790 1082 2816 alii
1101 2790 1209 2825 quidem

263 2818 429 2856 lxm-maginem
441 2839 449 2852 ,
468 2822 509 2847 led
521 2832 571 2850 non
591 2824 610 2850 ii
621 2831 674 2851 tani
685 2824 759 2852 bonae
777 2833 846 2853 notoe
858 2844 866 2858 ‚
889 2826 978 2861 itaque
997 2825 1095 2852 viderit
1113 2825 1146 2852 de
1164 2826 1214 2853 suis

262 2851 417 2879 Lambinus.

294 2895 321 2911 π..
341 2891 499 2930 Qnripenae
510 2895 543 2926 fic
562 2897 709 2930 mom-mun]
730 2897 861 2932 Vulgata:
885 2900 936 2923 Non
953 2898 983 2928 ὀ·
999 2898 1054 2923 huic
1062 2907 1127 2923 ven-e
1138 2917 1146 2929 ‚
1168 2897 1211 2924 sed

257 2930 349 2949 contra
362 2925 416 2950 1¹21.
428 2927 475 2951 lec.
496 2929 565 2955 l'ith.
577 2931 653 2957 Fabr.
666 2933 693 2958 Sc
709 2932 822 2959 ViE‘mrii
841 2933 998 2960 editionem.
1022 2942 1070 2960 nec
1079 2933 1211 2961 abludunt

257 2958 316 2984 Pil.
329 2967 390 2985 tert.
403 2969 490 2994 quart.
502 2963 527 2988 in
540 2965 644 2998 quibus,
657 2971 707 2993 Non
717 2972 778 2994 enim
788 2979 865 2996 vcnae.

297 3002 322 3029 3.
341 2997 465 3028 Iri-,ffbhaera
475 3003 570 3024 maximi
579 3003 642 3027 orbas
655 3021 661 3033 ,
682 3005 749 3030 medii
761 3024 768 3036 ‚
786 3006 852 3039 εἶχε]
875 3006 983 3032 Secutus
996 3004 1050 3032 sum
1062 3005 1164 3032 eosdem
1177 3005 1212 3032 li·
1233 3016 1235 3031 i

260 3029 338 3056 bros:
362 3040 418 3057 iiam
430 3035 576 3060 communis
588 3036 666 3063 lu-itio
679 3049 683 3064 ;
710 3042 734 3064 Si
744 3043 865 3073 insphaera
874 3045 974 3067 maximi
981 3044 1121 3075 orbcsfimt,
1131 3042 1210 3068 medii.

259 3065 477 3137 gpssdqnitilkptiam
490 3069 515 3095 in
528 3078 589 3096 mox
601 3070 765 3106 sequentibus
777 3077 876 3103 mutavi
889 3086 897 3108 ᾗ
910 3077 964 3104 feci
973 3077 1106 3105 codicibus
1117 3077 1210 3105 iisdem

315 3111 363 3128 eun
380 3112 386 3128 i
408 3112 446 3129 ns.

294 3144 323 3171 4.
336 3139 366 3165 ld
372 3139 562 3174 quodfieripcffi
573 3144 737 3179 anquiritan]
749 3145 791 3172 Sic
800 3146 966 3183 Pithoeauus‚
977 3158 1061 3185 neque
1073 3148 1142 3177 secus
1153 3148 1211 3177 cdi-

1232 2760 1234 2780 ζ
1256 2755 1294 2782 tio
1305 2754 1420 2781 Victor-ii
1430 2763 1510 2790 atque
1521 2755 1651 2782 Tui-nebi.
1673 2755 1793 2791 vulgata,
1803 2756 1915 2788 inquirit.
2060 2784 2066 2790 .
2181 2784 2186 2789 .

1294 2800 1320 2824 5.
1339 2794 1384 2826 ‘Rq
1391 2793 1459 2824 imffe
1466 2792 1558 2825 quidem
1566 2792 1673 2826 videri]
1687 2790 1822 2822 Lambini,
1832 2798 1914 2826 eaque
1922 2788 2024 2825 priores
2034 2784 2136 2821 aliquot
2145 2783 2214 2811 edit.

1255 2837 1284 2853 ne
1292 2836 1344 2853 nece
1363 2837 1373 2851 e
1382 2828 1483 2861 quidem.
2101 2857 2106 2861 .
2126 2856 2131 2861 ι

1291 2863 1310 2889 6
1315 2882 1320 2888 .
1372 2872 1396 2889 cc
1404 2866 1483 2889 mimis
1492 2866 1550 2889 mori
1558 2864 1639 2898 necff
1648 2862 1799 2896 scipionem]
1810 2863 1853 2888 Ita
1862 2859 1919 2887 Pal.
1930 2858 1980 2884 sec.
1990 2857 2018 2883 8<
2030 2858 2051 2884 F
2052 2856 2213 2884 abricianus.

1255 2898 1320 2926 editi
1333 2908 1341 2930 3
1361 2908 1404 2925 nec
1412 2902 1492 2925 minus
1499 2900 1582 2932 neceffi
1591 2903 1626 2926 eff
1634 2902 1692 2925 mori
1703 2901 1812 2932 Scipioni.

1291 2943 1322 2970 7.
1345 2938 1432 2961 Fatum
1449 2936 1592 2970 extimescat.
1603 2936 1619 2968 ]
1639 2934 1735 2962 Nihilo
1753 2932 1826 2969 pejus
1844 2930 1902 2957 Pal.
1922 2928 1974 2957 sce.
1996 2937 2027 2956 ac
2046 2929 2214 2963 Pithoeanus,

1233 2987 1235 3002 ,κ
1251 2972 1410 3005 pertimescat.

1289 3006 1317 3033 8.
1336 3011 1420 3033 Verum
1423 3007 1537 3040 futurum
1546 3007 1652 3032 con-verti
1657 3007 1684 3031 in
1694 3003 1811 3037 falsum]
1836 3002 1904 3030 Pali.
1915 3012 1989 3030 omn.
2000 3003 2028 3030 8<
2040 3002 2112 3030 Pith.
2127 3002 2155 3028 &
2165 3008 2216 3039 pu·

1233 3033 1235 3078 :
1255 3041 1348 3070 blicati
1361 3044 1376 3069 :i
1387 3042 1510 3069 Vic‘torio
1520 3047 1661 3067 converrere.

1243 1111 1282 1140 ita
1297 1110 1486 1139 enuntiatur:
1500 1108 1654 1148 Descendit
1666 1109 1695 1138 in
1704 1108 1899 1138 Academiam
1911 1108 2079 1138 Carneades:
2091 1118 2147 1139 nec
2159 1117 2204 1140 ta·
2222 1111 2225 1139 ζ

2226 1613 2270 1640 10

1290 3086 1318 3113 9.
1339 3079 1481 3112 Autfaffiim
1493 3097 1501 3109 ,
1511 3086 1555 3102 mn
1564 3082 1654 3107 teneat,
1663 3077 1861 3110 omniafatofieri
1871 3094 1878 3106 ‚
1889 3075 1956 3110 ὅγε]
1979 3075 2091 3101 Secutus
2102 3073 2156 3100 sum
2167 3072 2216 3099 Vi·
2255 3102 2261 3107 p

1253 3149 1300 3176 lud
1311 3160 1356 3177 mm
1365 3155 1455 3177 retreat.

2123 3189 2134 3209 ¹
2142 3200 2147 3207 .
2157 3182 2207 3206 Aut

1254 3112 1400 3141 &oi-ianam
1414 3133 1422 3145 ,
1441 3114 1503 3140 cuin
1513 3115 1603 3148 aperte
1613 3111 1646 3139 sic
1655 3111 1770 3140 exstaret
1780 3112 1808 3140 in
1819 3112 1904 3140 Palat.
1915 3111 1965 3139 sec.
1979 3111 2094 3148 vulgatis
2103 3109 2173 3137 abest
2182 3108 2219 3141 il-
