2360 3400
105 278 147 311 30
161 283 236 311 Non
246 277 338 318 pudet
357 278 446 318 igitur
457 275 616 323 pliyfifum‚
638 275 750 310 ias-eff,
767 276 981 316 speculatorem,
1001 283 1119 305 venato-

98 1666 135 1700 3¹

511 126 593 157 nn
660 111 1010 159 NATURA
1092 110 1136 156 D

160 197 218 229 alia
242 193 351 236 speeies
370 192 504 234 Junonis
532 192 651 233 Argivis
670 212 679 226 ‚
709 195 719 211 ¹
739 193 796 238 alia
814 193 971 224 Lanuinis.
1004 193 1042 223 Et
1060 194 1127 239 qui-

161 239 231 270 dem
249 236 420 267 alia‘nobis
442 234 606 274 Capitolini
624 253 633 268 ‚
661 235 717 265 alia
731 236 813 265 Attis
839 235 1004 265 Ammonis
1027 234 1125 277 Jovis.

162 330 273 362 remque
285 326 389 348 natura
400 318 437 348 ab
450 321 560 349 animis
573 318 791 350 consuetudine
801 319 929 350 imbutis
939 338 947 352 ‚
966 326 1064 358 petere
1077 326 1121 347 te-

160 362 341 396 stimonium
352 362 505 392 veritatis?
526 359 584 390 isto
598 362 681 390 enim
699 360 795 391 modo
811 360 910 390 dicere
926 359 1048 394 licebit,
1066 359 1122 400 Jo-

158 414 230 435 vem
245 403 360 443 semper
368 402 521 433 barbatum
532 421 541 436 ‚
552 402 727 442 Apollinem
742 403 856 442 semper
865 401 1035 432 imberbem
1045 420 1053 435 ‚
1065 410 1121 432 cae-

161 444 220 476 fios
237 445 343 476 oculos
355 446 501 475 Minervae
513 464 523 478 ‚
539 444 683 475 caeruleos
701 442 760 474 ess'e
770 446 918 484 Neptuni.
941 446 979 474 Et
997 442 1122 484 quidem

160 490 176 508 ²
188 488 315 518 Athenis
332 486 488 517 laudamus
500 487 670 518 Vulcanum
681 496 752 516 eum
765 506 774 520 ,
792 495 887 527 quern
904 484 1122 516 fecitAlcame-

161 539 232 560 nes:
253 530 286 559 in
296 538 358 570 quo
369 527 461 559 stante
470 548 479 562 ‚
491 536 577 569 atque
587 527 696 559 vestito
705 548 714 562 ‚
729 528 835 559 leviter
844 525 964 568 appiret
973 526 1122 559 claudica-

161 573 206 602 tio
216 581 279 602 non
291 570 447 602 deformis.
472 569 622 601 Claudum
632 571 723 611 igitur
735 570 913 601 habebimus
922 569 1013 600 deum
1027 590 1037 603 ,
1046 578 1123 610 quo-

160 615 245 644 niam
257 613 294 643 de
306 613 444 643 Vulcano
457 611 495 643 fic
507 614 685 651 accepimus.
709 615 772 653 Age
783 612 816 643 &
826 613 874 642 his
883 611 1040 642 vocabulis
1049 611 1122 641 deos

161 653 357 686 effe-facimus
367 674 375 688 ,
385 654 494 695 quibus
503 653 520 684 a
529 654 620 684 nobis
631 656 838 685 nominantur.
850 656 890 684 At
898 655 976 694 prim
982 652 1034 684 um
1045 661 1122 694 quot

161 698 330 728 hominum
340 697 469 738 linguae,
488 697 667 727 totnomina
677 696 816 726 deorum.
840 698 915 726 Non
926 697 1010 726 enim
1024 714 1032 728 ‚
1048 703 1122 724 uttu

161 739 296 769 Velleius
307 759 315 772 ‚
327 748 520 779 quocumque
531 739 649 769 veneris
661 759 669 772 ‚
682 737 719 768 fic
729 738 811 768 idem
823 739 854 767 in
864 738 949 768 Italia
956 737 1122 769 Vulcanus,

161 781 242 812 idem
254 783 286 811 in
298 780 398 811 Africa
408 800 417 814 ,
433 780 515 810 idem
526 781 558 810 in
568 780 722 819 Hispania.
745 780 866 810 Deinde
876 781 1043 809 nominum
1056 787 1121 808 non

159 832 287 864 magnus
295 831 486 852 numerus-ne
495 823 528 852 in
539 820 704 861 pontificiis
714 821 838 862 quidem
850 820 959 851 nostris
971 821 1115 850 :deorum

159 874 260 896 autem
271 863 512 894 innumerabilis.
535 866 584 892 An
596 861 655 892 sine
666 863 848 892 nominibus
861 863 951 893 sunt?
968 861 1046 892 istud
1055 863 1123 902 qui-

160 907 232 937 dem
252 906 292 935 ita
310 905 398 935 vobis
411 903 508 933 dicere
521 901 637 932 necess'e
649 903 700 933 est.
724 904 798 944 quid
812 905 895 933 enirn
910 905 1014 933 attinet
1025 923 1034 936 ,
1050 904 1122 933 cum

161 957 222 978 una
231 946 321 976 facies
329 943 363 975 sit
372 965 381 978 ,
403 945 488 984 plura
496 942 555 974 effe
565 946 713 976 nomina?
726 945 815 985 quam
828 945 942 975 bellum
955 954 1015 975 erat
1026 964 1034 978 ‚
1050 945 1123 974 Vel-

159 989 201 1019 lei
211 1008 220 1022 ‚
235 986 359 1025 confiteri
367 984 463 1028 potitis
470 986 572 1025 nescire
580 986 656 1028 quod
667 986 778 1026 neftires
788 1007 797 1020 ‚
813 986 903 1028 quarn
915 986 970 1018 ista
979 985 1122 1018 effutien-
1143 1002 1145 1015 1

160 1040 224 1064 tem
234 1029 370 1060 nauseare
383 1048 391 1062 ‚
403 1031 489 1069 atque
500 1028 597 1068 ipsum
609 1027 663 1059 fibi
674 1029 831 1069 displicere
841 1031 862 1068 Ξ,
874 1033 914 1059 Α1
924 1038 955 1060 tu
967 1028 1124 1059 10016101-

159 1073 222 1104 lem
240 1079 323 1111 putas
341 1069 419 1104 effe,
439 1080 489 1101 aut
502 1071 546 1100 tui
560 1069 677 1102 deum?
695 1069 834 1111 profecto
844 1081 1016 1111 nonputas.
1039 1071 1121 1113 Qid

159 1116 252 1156 ergo?
272 1112 367 1143 solem
379 1112 478 1142 dicam
489 1131 497 1146 ‚
513 1112 675 1142 autlunam
689 1132 698 1146 ‚
712 1121 761 1143 aut
771 1113 879 1143 caelum
893 1133 902 1146 ,
917 1113 1008 1145 deum
1022 1115 1033 1142 ?
1051 1123 1121 1154 ergo

159 1158 250 1189 etiam
270 1154 395 1184 beatum.
419 1154 537 1195 Qibus
550 1152 701 1185 fruentem
716 1154 943 1195 voluptatibus?
961 1156 994 1185 &
1007 1155 1121 1197 fizpien—

158 1206 227 1228 tem.
250 1198 310 1238 Qi
329 1194 425 1236 potest
441 1194 499 1226 ess'e
520 1197 552 1225 in
573 1196 724 1235 ejusmodi
743 1205 850 1227 trunco
865 1197 1026 1237 sapientia?
1049 1199 1122 1227 Haec

156 1239 253 1271 vestra
270 1240 346 1269 sunt.
369 1240 400 1268 Si
416 1238 507 1277 igitur
522 1247 578 1268 nec
593 1239 729 1269 humano
741 1238 805 1268 visu
818 1259 826 1272 ‚
846 1239 927 1280 quod
940 1239 1047 1269 docui:
1068 1248 1124 1269 nec

159 1281 258 1314 taliali
282 1290 340 1314 uo,
364 1280 446 1320 quod
465 1279 520 1310 tibi
538 1279 707 1319 persuasum
726 1279 786 1310 est:
804 1281 877 1321 quid
888 1280 1005 1311 dubitas
1017 1290 1121 1322 negare

160 1324 260 1354 deose
287 1324 322 1351 e?
345 1324 419 1351 Non
431 1320 529 1352 audes.
555 1322 702 1361 sapienter
715 1322 745 1352 id
760 1322 896 1363 quidem.
919 1321 970 1353 etsi
985 1323 1122 1353 hocloco

158 1376 211 1395 non
225 1363 361 1407 populum
379 1364 478 1392 metuis
493 1382 503 1396 ‚
527 1363 578 1403 sed
593 1364 662 1404 ipfits
678 1363 748 1393 deos.
788 1366 863 1394 novi
884 1374 940 1405 ego
959 1366 1123 1405 Epicureos

162 1410 176 1437 3
188 1416 295 1437 0101113
313 1404 405 1446 sigilla
423 1408 645 1435 numeranteis:
665 1415 848 1446 quamquam
859 1407 945 1436 videt
962 1407 1122 1436 3011001115

161 1449 282 1481 videri,
301 1448 467 1486 Epicurum
479 1465 487 1479 ‚
507 1455 546 1476 ne
564 1447 598 1475 in
616 1444 816 1476 offenfionem
829 1446 1059 1478 Atheniensium
1074 1458 1120 1478 ca—

158 1490 255 1522 deret,
268 1487 355 1517 verbis
364 1485 514 1527 reliquiffe
525 1486 597 1517 deos
609 1507 618 1520 ,
629 1497 657 1516 re
666 1486 822 1518 sustulisse.
845 1491 949 1529 Itaque
959 1491 991 1519 in
1004 1490 1067 1519 illis
1077 1489 1120 1519 se—

156 1531 244 1561 leffls
262 1529 326 1568 ejus
337 1549 346 1562 ‚
369 1528 570 1569 brevibusque
591 1529 748 1559 sententiis
759 1549 768 1562 ,
788 1539 860 1569 quas
877 1530 1030 1569 appellatis
1043 1533 1122 1565 arigim

155 1574 225 1608 δόξαις
238 1589 245 1603 ,
267 1571 329 1602 haec
341 1579 374 1600 ut
383 1572 494 1610 opinor
507 1590 515 1604 ,
534 1571 657 1610 4prima
669 1571 816 1601 sententia
826 1570 870 1601 est
883 1582 888 1600 z
913 1571 1002 1611 Qod
1010 1569 1123 1600 beatum

157 1613 198 1647 ὼν
211 1611 370 1643 immortale
389 1610 449 1645 0ἶέ,
471 1611 502 1641 id
517 1622 565 1641 nec
584 1610 668 1641 habet
680 1632 688 1647 ‚
709 1622 756 1642 nec
769 1611 880 1642 exhibet
893 1614 1029 1655 cuiquam
1042 1623 1123 1653 nego·

157 1655 242 1685 tium.
285 1657 322 1685 In
337 1655 391 1685 hac
403 1655 444 1685 113
456 1652 589 1694 exposita
602 1654 766 1688 sententia,
788 1655 857 1686 sunt
871 1657 922 1696 qui
934 1654 1122 1688 existiment,

159 1696 242 1738 quod
253 1696 307 1727 ille
324 1699 337 1724 5
346 1696 464 1726 inscitia
473 1696 564 1736 plane
573 1696 719 1737 loquendi
729 1695 846 1730 fecerit,
859 1695 961 1727 fecisse
971 1697 1122 1727 consulto.

157 1740 195 1769 de
213 1739 341 1769 homine
359 1738 494 1769 minime
512 1736 597 1768 vafro
617 1738 696 1768 male
713 1737 898 1768 existimant.
922 1738 1061 1768 Dubium
1080 1737 1124 1770 est

156 1781 241 1811 enim
249 1799 258 1815 ,
278 1779 382 1811 utrum
392 1779 470 1810 dicat
481 1778 596 1820 aliquid
607 1778 661 1809 iste
672 1779 793 1809 beatum
804 1779 1017 1810 &immortale
1029 1799 1038 1813 ‚
1058 1778 1076 1799 ⁶
1084 1789 1123 1810 an

156 1821 177 1852 si
197 1821 280 1863 quod
297 1820 333 1852 fit
345 1841 354 1855 ‚
373 1820 405 1852 id
418 1819 477 1851 effe
490 1821 673 1851 immortale.
698 1823 775 1851 Non
788 1821 1032 1852 animadvertunt
1045 1840 1054 1855 ,
1075 1819 1124 1851 hic

157 1874 228 1895 eum
243 1862 384 1904 ambigue
398 1863 535 1893 locutum
549 1860 622 1892 esse:
646 1862 696 1893 sed
716 1862 821 1892 multis
837 1863 903 1893 aliis
922 1863 1023 1899 locis„
1041 1862 1123 1893 &il-

157 1906 222 1936 lum
234 1925 242 1938 ‚
256 1905 288 1935 &
299 1904 511 1935 Metrodorum
521 1912 580 1934 tam
593 1905 690 1944 aperte
702 1924 710 1938 ,
723 1904 814 1945 quam
825 1904 928 1944 paullo
938 1904 1056 1934 301ἔῐο.
1071 1904 1123 1934 1110

155 1945 231 1978 vero
247 1947 323 1977 deos
341 1945 398 1977 effe
417 1954 515 1986 putat:
537 1956 591 1977 nec
606 1955 791 1987 quemquam
807 1946 869 1976 vidi
881 1967 890 1980 ,
909 1949 961 1988 qui
973 1947 1066 1988 magis
1079 1955 1121 1979 ea,

156 1998 227 2030 quae
236 1988 374 2019 timenda
384 1987 443 2019 efl'e
453 1996 575 2029 negaret
584 2007 592 2022 ‚
604 1991 724 2018 timeret
735 2010 744 2022 ‚
756 1998 887 2018 mortem
898 1988 968 2018 dico
979 2009 988 2022 ,
1000 1989 1031 2018 &
1042 1988 1124 2018 deos:

157 2031 270 2072 quibus
288 2030 455 2061 mediocres
474 2031 618 2060 homines
634 2040 699 2060 non
715 2032 755 2061 ita
773 2030 858 2060 valde
878 2039 1051 2060 moventur.
1076 2031 1122 2060 his

155 2073 210 2104 ille
226 2072 336 2104 clamat
351 2091 360 2106 ‚
390 2074 533 2102 omnium
559 2072 732 2102 mortalium
760 2074 890 2104 menteis
912 2070 970 2102 effe
990 2074 1125 2112 perteni-

156 2123 211 2145 tas.
234 2115 289 2144 Tot
306 2114 399 2144 millia
413 2114 621 2144 lacrocinantur
633 2133 642 2148 ‚
661 2121 749 2143 morte
759 2114 906 2155 propofira.
933 2114 994 2144 Alii
1006 2115 1124 2148 omnia,

155 2165 223 2198 quae
232 2153 372 2197 poss‘unt,
391 2154 460 2186 fana
475 2156 653 2195 compilant.
676 2156 775 2186 Credo
788 2176 797 2189 ,
816 2166 866 2186 aut
880 2156 950 2186 illos
966 2157 1072 2187 mortis
1082 2157 1121 2186 ti-

157 2208 230 2229 mor
240 2207 326 2230 terret
338 2218 347 2232 ‚
367 2206 416 2228 aut
433 2199 490 2228 hos
509 2199 678 2238 religionis.
702 2197 758 2228 Sed
769 2217 778 2232 ‚
795 2200 942 2238 quoniam
959 2208 1027 2228 non
1035 2198 1124 2228 audes

157 2239 240 2281 (jam
259 2242 345 2272 enim
364 2249 435 2270 cum
454 2239 518 2279 ipso
539 2242 672 2278 Epicuro
690 2239 807 2280 loquar)
830 2250 935 2282 negare
954 2238 1012 2270 effe
1033 2240 1124 2270 deos:

158 2282 234 2324 quid
246 2281 288 2314 est
298 2302 307 2316 ‚
321 2281 402 2323 quod
413 2290 441 2311 te
450 2281 596 2320 impediat
605 2289 654 2311 aut
665 2281 771 2315 solem,
783 2290 833 2312 aut
844 2281 960 2316 lunam,
970 2291 1021 2312 aut
1032 2291 1124 2312 mun·

160 2325 236 2356 dum
245 2343 254 2358 ,
266 2333 316 2355 aut
327 2333 462 2354 mentem
474 2324 605 2363 aliquam
616 2323 829 2363 sempiternam
841 2325 873 2354 in
883 2323 1010 2354 deorum
1021 2332 1124 2354 natura

157 2368 295 2406 ponere?
316 2368 497 2405 Numquam
509 2364 595 2398 vidi,
610 2366 728 2405 inquit,
741 2367 875 2396 animam
887 2368 1012 2396 rationis
1024 2385 1033 2400 ‚
1049 2376 1122 2396 con—

160 2407 280 2448 filiique
290 2409 464 2448 participem
474 2409 506 2437 in
517 2406 577 2437 ulla
589 2407 646 2437 alia
657 2427 665 2441 ‚
685 2405 738 2437 nisi
749 2409 882 2438 humana
892 2407 996 2451 figura.
1013 2434 1016 2436 .
1050 2408 1123 2438 uid?

161 2449 233 2480 solis
244 2449 465 2490 numquidnam
479 2468 488 2482 ‚
499 2457 549 2479 aut
558 2449 637 2479 lunae
649 2469 657 2483 ,
669 2458 718 2480 3111
728 2451 861 2490 quinque
870 2452 1034 2480 errantium
1069 2449 1123 2480 de—

159 2501 226 2521 rum
239 2490 336 2521 simile
346 2489 446 2521 vidisti
459 2493 471 2520 ,²
494 2490 538 2521 sol
546 2490 660 2521 duabus
670 2493 759 2521 unius
770 2492 854 2522 orbis
864 2492 979 2522 ultimis
990 2492 1122 2532 partibus

161 2531 310 2563 definiens
322 2541 441 2562 motum
455 2551 463 2565 ‚
482 2532 584 2562 cursus
600 2542 718 2563 annuos
731 2532 863 2564 conficit.
889 2534 990 2573 Hujus
999 2535 1075 2564 hanc
1085 2535 1124 2563 il-

161 2573 372 2605 lustrationem
389 2574 524 2611 ejusdem
540 2574 662 2605 incensa
674 2575 764 2605 radiis
778 2575 933 2607 menstruo
947 2576 1040 2615 spatio
1052 2577 1122 2606 luna

161 2616 306 2657 complet.
329 2617 472 2658 Qinquc
489 2625 592 2647 autern
608 2615 700 2647 stellae
714 2617 848 2648 eundem
857 2617 963 2648 orbem
975 2627 1124 2653 tenentes,

201 2734 225 2752 1.
248 2728 320 2754 ulia
328 2727 474 2761 Lanuinis]
495 2727 542 2753 Ine
561 2734 588 2753 te
605 2726 727 2753 omnium
737 2726 819 2753 libros
838 2725 940 2755 obsidet
953 2728 1061 2755 Latinis.
1079 2728 1119 2755 al·
1138 2734 1141 2746 ¹

161 2768 249 2789 terum
259 2770 366 2789 eruerat
377 2763 485 2798 quidem
497 2763 545 2789 Vir.
561 2763 632 2790 orius
645 2782 653 2796 ‚
673 2761 716 2788 sed
726 2763 805 2790 11011ιό
817 2762 874 2789 fere
886 2763 956 2797 sequi
970 2764 1065 2791 voluit.
1088 2764 1121 2792 sic

161 2805 249 2825 tamen
257 2797 318 2824 Pal.
329 2798 409 2826 nostri
420 2799 449 2825 80
459 2800 570 2825 SVouw.
582 2798 628 2826 nili
639 2798 710 2835 quod
720 2799 746 2825 in
760 2799 791 2825 iis
801 2799 893 2831 etiam,
904 2800 1018 2832 Les-vinis,
1029 2801 1057 2831 ᾤ’
1067 2803 1119 2826 La.

161 2834 245 2860 viniis.
264 2833 330 2871 quid
348 2835 469 2863 mirum?
487 2835 572 2862 adhuc
591 2836 708 2862 nondum
727 2834 914 2862 consenserunt
925 2837 1021 2862 Critici
1032 2839 1120 2863 Lanu-

161 2872 272 2897 viumne
280 2870 467 2907 dicendumssan
477 2874 622 2899 Lavinium.
644 2879 673 2899 at
682 2870 780 2899 ibidem
801 2871 902 2900 eximie
921 2872 1020 2900 cultam
1032 2872 1122 2910 Sospi-

162 2906 406 2938 taniJnotfifflTa'tis
418 2906 457 2936 v‘el
468 2908 502 2935 ex
513 2909 604 2935 Livio.

197 2949 228 2968 2.
246 2942 502 2971 osthenff'laudamm
511 2941 643 2971 Vulcanum
652 2954 703 2971 eum
715 2965 723 2977 ,
740 2944 807 2979 ὡς]
828 2943 943 2971 viftorii
962 2943 1046 2972 editio
1064 2947 1122 2972 lau-

162 2977 249 3040 gamtltje
260 2979 306 3040 (jff‘
322 2981 434 3017 cathenis
451 2983 584 3010 Vulcanum
601 2990 662 3008 eum.
678 2989 737 3017 quae
757 2991 808 3008 vox
827 2980 893 3009 item
912 2981 940 3009 in
960 2982 1029 3008 R&
1049 2981 1121 3009 duo-

183 3022 211 3041 115
244 3023 258 3040 3
284 3033 291 3040 .

201 3057 214 3084 3
226 3070 231 3075 .
251 3052 338 3077 Omnia
347 3051 423 3085 figula
432 3054 614 3085 numerantes]
635 3052 760 3090 Conjeeit
769 3054 800 3081 1‘.
813 3054 950 3081 Manutius
959 3062 1116 3086 venerantes,

160 3084 289 3122 illicoque
307 3086 402 3115 intulit
419 3087 470 3116 suis
489 3089 646 3118 Lambinus.
663 3097 692 3118 at
705 3091 814 3128 propius
831 3090 924 3118 literas
945 3090 1120 3123 Gulielmius,

162 3129 325 3149 mermes.
473 3129 475 3132 ’

195 3165 228 3191 4.
243 3160 329 3186 Prima
339 3156 715 3199 smieminrffi]⁴vifig.prior·:
733 3162 981 3194 sed'con-traomues
1002 3163 1122 3192 minno-

851 3236 869 3251 Χ

1165 126 1438 159 EORUM
1521 116 1769 162 L1n.1.
2000 134 2119 186 1119

1166 193 1230 224 aliae
1239 193 1363 234 propius
1375 194 1391 225 a
1406 196 1489 226 terris
1498 215 1507 230 ‚
1529 196 1593 227 aliae
1602 196 1751 228 remotius
1762 218 1771 234 ,
1794 199 1830 229 ab
1841 199 1946 231 iisdem
1957 201 2126 242 principiis,

1165 235 1330 275 disparibus
1343 238 1530 278 temporibus
1544 238 1646 269 eadem
1660 239 1936 279 spatiaconficiunt.
1960 245 2046 273 Num
2071 242 2124 273 uid

1166 276 1222 306 tale
1234 297 1242 311 ‚
1256 280 1383 318 Epicure
1394 299 1402 313 ‚
1418 279 1542 310 vidisti?
1565 282 1612 310 Ne
1623 280 1756 323 fitigitur
1766 283 1808 314 sol
1821 304 1830 316 ‚
1847 294 1885 314 ne
1896 284 1965 315 luna
1976 303 1985 319 ‚
2002 295 2040 315 ne
2078 284 2124 315 el·

1167 317 1201 362 lae
1214 329 1219 347 ι
1238 322 1381 360 quoniam
1395 322 1468 352 nihil
1481 321 1529 360 ff
1538 321 1632 363 porei?
1643 343 1651 357 ‚
1674 323 1810 366 m'ſsquod
1819 326 1974 367 attigimm-
1983 346 1992 361 ‚
2010 334 2064 356 arat
2073 326 2123 356 vi-

1163 359 1264 389 dimus.
1289 362 1392 399 Quid?
1412 363 1503 394 deum
1514 364 1611 404 ipsum
1624 374 1741 396 numne
1752 366 1879 398 vidisti?
1897 370 2048 410 curigitur
2057 378 2122 399 cre-

1164 400 1210 431 dis
1230 401 1309 432 effe?
1334 405 1476 435 tollamus
1487 415 1556 447 ergo
1568 409 1672 437 omnia
1684 426 1693 440 ,
1713 417 1778 448 quae
1796 414 1811 437 7
1821 418 1870 439 aut
1884 409 2006 441 historia
2020 410 2120 444 nobis,

1162 451 1211 472 3111
1232 453 1309 474 ratio
1328 455 1408 476 nova
1425 445 1516 477 affert.
1541 443 1554 466 S
1567 450 1607 478 Ita
1626 447 1678 482 sit,
1702 459 1734 480 ut
1752 450 1945 481 mediterranei
1962 462 2042 482 mare
2063 451 2123 482 effe

1164 494 1227 514 non
1237 485 1367 516 credant.
1391 491 1464 528 Qa:
1480 489 1545 519 sunt
1557 498 1641 520 tanrae
1652 492 1747 521 animi
1757 491 1896 533 angustiae
1909 513 1917 526 ,
1940 502 1971 524 ut
1982 513 1990 526 ,
2013 492 2033 523 fi
2043 495 2124 524 Seri-

1163 527 1216 566 phi
1227 536 1313 557 natus
1324 527 1396 557 effes
1408 550 1416 562 ‚
1437 540 1491 560 nec
1501 541 1644 571 umquam
1655 531 1781 574 egressus
1792 543 1829 564 ex
1840 535 1935 566 insula
1944 555 1954 568 ‚
1969 537 1999 565 in
2010 545 2068 576 qua
2079 536 2122 566 le-

1163 568 1302 608 pusculos
1313 588 1321 602 ,
1342 571 1570 612 vulpeculasque
1585 573 1657 613 saepe
1671 573 1791 605 vidiss‘es
1801 595 1809 610 ,
1835 586 1896 607 non
1911 576 2044 607 crederes
2058 577 2124 607 leo-

1164 619 1216 640 nes
1229 630 1238 643 ,
1255 610 1287 640 80
1297 613 1452 650 pantheras
1463 612 1518 643 effe
1531 633 1538 647 ,
1561 618 1575 640 9
1585 615 1655 646 cum
1669 617 1724 647 tibi
1735 637 1743 651 ,
1762 618 1864 658 quales
1876 616 1969 649 effent
1979 639 1988 653 ‚
2007 619 2125 649 dicere-

1165 655 1233 682 tur?
1256 650 1276 682 si
1290 651 1362 682 verb
1377 653 1413 684 de
1426 655 1584 695 elephanto
1595 658 1661 696 quis
1673 658 1803 694 diceret,
1823 662 1913 691 etiam
1924 660 2015 691 rideri
2026 669 2054 691 te
2068 670 2125 700 pu-

1165 696 1260 724 tares?
1282 697 1319 724 Et
1334 704 1365 724 tu
1380 696 1503 736 quidem
1517 717 1525 730 ‚
1545 699 1663 732 Vellei,
1684 710 1749 731 non
1761 700 1857 732 vestro
1870 711 1956 734 more
1967 723 1976 736 ,
1997 702 2047 733 sed
2060 703 2124 733 dia-

1164 734 1342 766 iec‘iicorum
1354 742 1431 777 (quie
1441 738 1577 768 funditus
1589 749 1661 775 gens
1671 741 1764 773 vestra
1776 753 1837 774 non
1848 745 1946 785 novit)
1955 746 2125 786 argumenti

1165 777 1342 807 sententiam
1355 779 1543 809 conclusisti:
1563 782 1661 810 Earsos
1675 782 1722 819 effi·
1741 784 1799 813 deos
1814 785 1950 817 sumsisti.
1973 785 2126 817 Concedi-

1165 829 1242 849 mus.
1266 822 1388 849 Beatum
1401 829 1498 850 aurem
1505 821 1564 862 fine
1576 831 1686 852 virture
1695 827 1829 855 neminem
1841 827 1889 865 effi
1899 827 1978 869 P0ffi·
2002 828 2037 859 ld
2046 838 2126 869 quo-

1163 871 1222 902 que
1233 861 1340 892 damus
1349 882 1357 895 ,
1370 862 1542 893 &libenter
1551 865 1684 904 quidem.
1709 868 1850 897 Virtutem
1861 877 1957 899 autem
1964 869 2023 911 fine
2030 870 2125 900 ratio-

1144 931 1145 934 ,
1163 914 1195 932 ne
1206 902 1323 939 constare
1335 915 1386 933 non
1402 904 1482 944 paff2.
1505 908 1676 938 Conveniat
1689 907 1719 938 id
1732 919 1851 950 quoque
1861 911 1974 942 necesse
1984 911 2036 943 est.
2059 912 2125 943 Ad-

1158 948 1262 986 jungis
1273 965 1281 978 ‚
1306 955 1355 974 7130
1365 948 1502 976 rationem
1512 947 1560 985 effe
1571 967 1580 982 ‚
1599 948 1653 990 nisi
1661 949 1690 978 in
1704 951 1930 992 o'iominufigura.
1955 956 2053 994 Qem
2066 953 2124 984 tibi

1164 988 1223 1017 hoc
1232 987 1372 1018 daturum
1384 992 1467 1028 putas
1479 992 1489 1018 ?
1503 989 1523 1019 si
1534 992 1616 1020 enim
1629 993 1669 1022 ita
1681 990 1772 1026 esset,
1783 995 1857 1035 quid
1867 1004 1943 1035 opus
1954 1005 2014 1026 erat
2023 1005 2049 1026 te
2059 1005 2126 1037 gra-

1163 1029 1257 1059 datim
1269 1028 1344 1060 istuc
1353 1033 1508 1070 pervenire
1519 1032 1609 1072 .²quid
1621 1042 1719 1064 autem
1732 1034 2009 1077 estistucgradatim
2020 1038 2030 1063 ?
2040 1038 2124 1068 sum-

1163 1070 1241 1101 fiffes
1252 1081 1303 1102 tuo
1314 1072 1390 1111 jure.
1415 1075 1497 1103 Nam
1511 1073 1526 1104 a
1543 1075 1634 1104 beatis
1648 1073 1682 1105 ad
1696 1077 1839 1108 virtutem
1850 1097 1859 1110 ‚
1879 1078 1895 1108 a
1908 1081 2016 1109 virtute
2029 1079 2065 1110 ad
2079 1089 2125 1111 13-

1164 1115 1280 1144 tionem
1300 1113 1390 1144 video
1410 1124 1437 1144 te
1453 1114 1564 1146 venifl'e
1577 1117 1725 1156 gradibus.
1749 1123 1776 1149 A
1787 1122 1902 1150 ratione
1911 1120 1946 1151 ad
1958 1122 2123 1151 humanam

1160 1153 1283 1195 figuram
1302 1165 1364 1196 quo
1383 1157 1478 1187 modo
1493 1158 1627 1189 accedis?
1647 1161 1828 1200 praecipitare
1842 1161 1917 1192 istuc
1926 1163 2050 1203 quidem
2063 1162 2119 1196 est,

1164 1207 1227 1227 non
1240 1197 1428 1228 descendere.
1452 1201 1518 1230 Nec
1530 1199 1604 1230 verb
1620 1202 1758 1242 intelligo
1772 1222 1780 1236 ‚
1800 1213 1852 1233 cur
1864 1204 2004 1234 maluerit
2013 1206 2127 1244 Epicu*

1162 1248 1212 1269 rus
1229 1238 1303 1269 deos
1321 1240 1485 1271 hominum
1506 1240 1629 1272 simileis
1649 1242 1747 1273 dicere
1760 1264 1768 1278 ‚
1789 1245 1879 1285 quam
1900 1246 2042 1276 homines
2051 1246 2127 1275 deo-

1163 1290 1243 1311 rum.
1258 1283 1380 1319 Quaeres
1390 1302 1398 1315 ‚
1413 1283 1486 1323 quid
1501 1282 1622 1314 interfit.
1637 1286 1668 1315 Si
1679 1287 1764 1315 enirn
1776 1287 1834 1317 hoc
1846 1287 1892 1316 illi
1903 1286 1999 1317 simile
2010 1286 2054 1322 fit,
2066 1286 2125 1318 ess‘c

1160 1322 1237 1352 illud
1248 1323 1317 1353 huic
1328 1323 1427 1354 video.
1450 1324 1506 1355 Sed
1523 1325 1580 1356 hoc
1590 1325 1660 1356 dico
1671 1347 1679 1360 ‚
1699 1337 1764 1357 non
1776 1329 1813 1358 ab
1825 1329 2005 1359 hominibus
2016 1329 2125 1360 formae

1161 1363 1286 1405 figuram
1306 1364 1419 1395 veniss‘e
1437 1366 1471 1396 ad
1489 1366 1571 1397 deos.
1594 1367 1637 1397 dii
1651 1368 1986 1411 enimfimperfuerunr,
2007 1371 2042 1404 (⁴9-
2059 1372 2124 1400 nari

1160 1407 1397 1447 numquamfhnr
1408 1427 1416 1440 ,
1439 1406 1458 1437 fi
1475 1408 1601 1449 quidem
1612 1412 1716 1440 aeterni
1730 1411 1799 1442 sunt
1811 1411 1916 1442 futuri.
1940 1422 1968 1443 at
1981 1413 2126 1444 homines

1162 1450 1233 1478 nati.
1257 1448 1325 1478 ante
1336 1450 1426 1489 igitur
1436 1450 1568 1481 humana
1575 1450 1675 1482 forma
1686 1472 1695 1485 ‚
1709 1453 1801 1493 quam
1813 1455 1956 1485 homines
1968 1474 1976 1488 ‚
1996 1464 2028 1485 ea
2040 1464 2127 1495 „qua

1161 1498 1242 1520 erant
1260 1488 1358 1520 forma
1375 1490 1418 1520 dii
1437 1492 1636 1523 immortales.
1661 1496 1735 1524 Non
1749 1496 1956 1536 ergoillorum
1968 1515 1977 1530 ‚
1998 1497 2124 1526 humana

1153 1531 1251 1570 forma
1265 1550 1272 1564 ,
1284 1531 1332 1561 sed
1343 1531 1439 1562 nostra
1451 1552 1459 1565 ‚
1473 1532 1577 1562 divina
1587 1534 1713 1564 dicenda
1724 1535 1773 1565 est.
1793 1535 1907 1566 Verum
1920 1537 1976 1567 hoc
1987 1537 2127 1577 quidem,

1164 1581 1195 1602 ut
1217 1572 1336 1602 voletis.
1360 1573 1436 1603 illud
1456 1583 1576 1614 quaero,
1599 1585 1666 1615 quae
1685 1575 1777 1606 fuerit
1795 1585 1873 1608 tanta
1893 1576 2023 1608 fortuna.
2046 1578 2127 1608 nihil

1162 1615 1246 1644 enim
1266 1615 1299 1643 in
1316 1623 1416 1644 rerum
1437 1624 1538 1645 natura
1552 1618 1669 1646 ratione
1682 1616 1796 1648 fastum
1811 1617 1869 1648 effe
1887 1618 1991 1649 vultis.
2015 1619 2129 1651 801113-

1163 1665 1237 1685 men
1253 1657 1320 1697 quis
1342 1654 1394 1686 iste
1411 1663 1509 1685 tantus
1523 1657 1623 1697 casus?
1646 1658 1725 1689 unde
1736 1667 1796 1690 tam
1808 1659 1883 1690 felix
1893 1661 2053 1691 concursus
2062 1671 2130 1692 ato·

1163 1706 1285 1728 morum
1297 1718 1306 1731 ‚
1326 1706 1359 1728 ut
1375 1698 1499 1738 repente
1513 1700 1654 1730 homines
1668 1700 1795 1732 deorum
1809 1701 1908 1732 forma
1923 1703 2129 1734 nascerentur?

1162 1739 1276 1770 semina
1286 1739 1412 1769 deorum
1423 1739 1562 1771 decidisse
1573 1741 1610 1772 de
1621 1742 1695 1771 caelo
1710 1745 1743 1772 10
1757 1752 1845 1774 terras
1858 1752 1996 1783 putamus
2006 1762 2015 1778 ‚
2041 1744 2073 1775 &
2088 1743 2130 1775 fic

1165 1782 1306 1811 homines
1317 1790 1434 1821 patrum
1445 1781 1568 1812 simileis
1579 1782 1744 1814 exstitisse?
1758 1785 1869 1815 vellem
1880 1785 2016 1816 diceretis
2029 1796 2035 1815 z
2052 1786 2128 1817 deo-

1163 1831 1232 1852 rum
1249 1823 1462 1863 cognationem
1482 1824 1671 1864 agnoscerem
1685 1835 1748 1856 non
1763 1828 1888 1857 invitus.
1912 1828 2001 1858 Nihil
2012 1828 2067 1859 tale
2079 1828 2131 1859 di-

1163 1865 1231 1893 citis
1243 1873 1249 1892 2
1263 1863 1313 1893 sed
1324 1863 1390 1893 casu
1403 1863 1460 1895 effe
1470 1864 1581 1895 facium
1595 1887 1603 1898 ,
1624 1875 1656 1896 ut
1665 1866 1792 1897 deorum
1803 1866 1915 1898 similes
1923 1867 2063 1900 ess'emus.
2089 1872 2129 1901 Et

1144 1918 1146 1928 ·
1163 1914 1247 1934 nunc
1264 1914 1438 1946 argumenta
1456 1907 1616 1946 quaerenda
1634 1908 1702 1938 sunt
1715 1928 1723 1942 ‚
1748 1909 1858 1950 quibus
1877 1911 1935 1941 hoc
1954 1910 2130 1942 refellatur?

1163 1955 1304 1977 UTINAM
1320 1956 1394 1976 TAM
1409 1956 1536 1978 FAcrLE
1555 1959 1624 1980 vera
1641 1951 1780 1981 invenire
1798 1950 1904 1991 possim
1916 1972 1926 1986 ,
1945 1962 2037 1993 quam
2055 1952 2128 1984 falsa

2146 709 2158 741 nst»)

1161 1991 1352 2019 convincere.
1376 1991 1499 2019 Etenim
1519 1990 1698 2022 enumerasti
1717 1995 1896 2024 memoriter
1914 2015 1924 2027 ‚
1952 1995 1985 2025 &
2005 1995 2127 2036 copiose
2148 1999 2188 2032 33

1163 2030 1208 2069 (ut
1219 2031 1296 2060 mihi
1306 2030 1429 2071 quidem
1441 2031 1579 2063 admirari
1592 2033 1716 2067 liberet,
1729 2036 1760 2064 in
1776 2036 1903 2066 homine
1913 2034 1970 2066 effe
1981 2039 2127 2069 Romano

1163 2081 1275 2104 tantam
1288 2072 1454 2113 scientiam)
1464 2074 1555 2115 usque
1567 2074 1582 2105 a
1593 2076 1688 2105 Thale
1699 2075 1819 2107 Milesio
1832 2077 1869 2108 de
1882 2087 1985 2109 natura
1997 2079 2129 2110 deorum

1163 2114 1415 2154 philosophorum
1430 2115 1601 2147 sententias.
1624 2118 1779 2149 Omnesne
1792 2119 1847 2150 tibi
1869 2119 1915 2150 illi
1933 2119 2058 2151 delirare
2071 2119 2127 2151 vifi

1165 2156 1253 2189 sunt,
1273 2158 1327 2197 qui
1342 2155 1402 2187 fine
1416 2158 1572 2192 manibus,
1595 2158 1763 2200 &pedibus
1781 2160 1916 2192 constare
1935 2161 2026 2192 deum
2043 2161 2127 2203 poffe

1163 2198 1359 2229 decreverunt
1378 2201 1388 2226 ?
1415 2209 1453 2229 ne
1472 2201 1531 2230 hoc
1548 2200 1673 2241 quidem
1686 2211 1741 2232 vos
1760 2202 2126 2239 movetconfideranteis,

1163 2250 1228 2281 quae
1239 2238 1272 2271 sit
1282 2241 1393 2271 utilitas
1405 2260 1413 2274 ‚
1436 2251 1561 2283 quaeque
1572 2246 1777 2283 opportunitas
1789 2247 1819 2274 in
1831 2246 1958 2276 homine
1969 2246 2128 2276 membro-

1163 2292 1230 2312 rum
1244 2302 1253 2315 ,
1273 2291 1305 2312 ut
1320 2282 1462 2322 judicetis
1473 2303 1482 2317 ‚
1501 2283 1626 2313 membru
1642 2285 1769 2315 humanis
1786 2286 1847 2316 deos
1863 2298 1914 2317 non
1934 2291 2030 2327 egere?
2049 2287 2124 2328 quid

1165 2327 1247 2354 enim
1259 2324 1383 2364 pedibus
1395 2334 1470 2364 opus
1480 2325 1523 2356 est
1534 2324 1593 2356 sine
1603 2327 1731 2368 ingressu
1746 2331 1758 2357 ?
1776 2328 1850 2369 quid
1862 2331 2002 2360 manibus
2014 2349 2023 2363 ,
2043 2328 2062 2359 si
2074 2332 2124 2359 ni-

1164 2366 1206 2396 hil
1216 2367 1538 2406 comprehendendum
1549 2369 1640 2409 ?quid
1649 2370 1761 2411 reliqua
1769 2371 1969 2411 descriptione
1980 2374 2127 2402 omnium

1163 2411 1297 2448 corporis
1306 2412 1433 2449 partium
1443 2428 1452 2443 ‚
1465 2411 1497 2440 in
1507 2420 1565 2450 qua
1572 2411 1651 2441 nihil
1661 2412 1761 2446 inane,
1774 2413 1852 2442 nihil
1862 2412 1923 2443 fine
1930 2413 2013 2444 causa
2022 2433 2032 2446 ,
2044 2413 2123 2444 nihil

1166 2450 1416 2490 supervacaneum
1431 2450 1493 2481 est?
1511 2455 1612 2493 Itaque
1629 2463 1746 2484 NULLA
1762 2463 1822 2484 ARS
1836 2456 1947 2485 imitari
1959 2455 2127 2491 sollertiam

1165 2501 1276 2522 naturae
1294 2492 1401 2532 potest.
1426 2493 1558 2524 Habebit
1575 2497 1666 2535 igitur
1682 2496 1815 2537 linguam
1836 2495 1908 2526 deus
1919 2516 1927 2529 ‚
1951 2496 1984 2526 &
1999 2506 2062 2527 non
2077 2497 2127 2527 lo-

1162 2544 1279 2575 quetur.
1304 2535 1422 2565 denteis
1436 2555 1446 2569 ‚
1460 2536 1589 2575 palatum
1602 2556 1610 2570 ,
1624 2536 1736 2567 fauceis
1746 2538 1867 2567 nullum
1878 2538 1913 2568 ad
1924 2539 2029 2569 usum:
2044 2549 2127 2580 quae-

1162 2586 1220 2616 que
1236 2578 1454 2615 procreationis
1467 2577 1550 2608 causa
1562 2587 1663 2608 natura
1677 2581 1794 2619 corpori
1808 2578 1928 2609 affinxit
1942 2601 1952 2613 ,
1969 2591 2002 2611 ea
2017 2579 2127 2612 frustra

1163 2617 1284 2649 habebit
1294 2618 1366 2649 deus
1377 2629 1382 2648 :
1393 2629 1449 2650 nec
1458 2629 1580 2650 exrema
1591 2622 1684 2662 magis
1693 2640 1702 2654 ‚
1716 2621 1806 2661 quam
1818 2624 1970 2656 interiora,
1981 2632 2044 2655 cor,
2055 2623 2126 2663 pul-

2001 2674 2124 2698 mones,

1159 2727 1236 2760 stros,
1249 2729 1277 2754 St
1292 2727 1437 2755 editionem
1450 2729 1575 2756 Vifi‘torii.

1197 2773 1224 2797 5.
1244 2765 1343 2796 lustitia
1360 2766 1431 2799 plan&
1439 2765 1571 2800 loquenda]
1594 2766 1739 2794 Lambinus
1751 2767 1868 2803 invexit,
1881 2768 1922 2796 vel
1932 2769 2067 2802 omnibus,
2079 2769 2124 2797 iu·

1159 2801 1229 2836 quit,
1243 2800 1317 2827 libris
1328 2801 1432 2833 invitis,
1440 2803 1577 2836 inscienzia.
1588 2803 1612 2829 in
1618 2802 1691 2830 scite.

1196 2837 1224 2864 6.
1245 2837 1438 2872 (Ληβιχιωλρι,
1448 2838 1472 2864 id
1481 2839 1521 2872 effe
1530 2840 1684 2874 immortale]
1706 2839 1786 2867 Haud
1802 2839 1873 2867 secus
1884 2840 1971 2868 Aldus
1981 2841 2080 2874 senior,
2090 2842 2122 2875 ἐξ

1158 2872 1296 2900 meterius
1309 2892 1317 2905 .,
1328 2873 1573 2910 adstipulanturque
1585 2876 1698 2902 VVouw.
1709 2876 1762 2903 duo
1773 2877 1835 2904 item
1849 2877 1916 2904 Pall.
1929 2878 1976 2905 nisi
1987 2878 2059 2915 quod
2069 2877 2121 2908 sec.

1160 2912 1267 2936 mortale.
1286 2910 1415 2946 posterius
1425 2910 1476 2938 cufi
1485 2910 1623 2942 addidere,
1628 2914 1660 2945 stt
1669 2914 1774 2945 beatum,
1783 2914 1810 2939 id
1817 2914 1858 2946 effe
1865 2916 1967 2941 Immort.

1194 2954 1222 2979 7.
1245 2950 1295 2972 Aut
1305 2948 1400 2978 historia
1409 2948 1483 2978 nobis,
1494 2954 1538 2974 aut
1548 2950 1608 2974 ratio
1617 2957 1679 2974 nova
1689 2948 1785 2982 affin]
1807 2949 1893 2977 Pal-at.
1903 2957 1967 2977 tert.
1978 2959 2052 2977 nawa.
2063 2951 2124 2978 Gu-

1159 2981 1277 3009 lielmius
1288 2982 1393 3018 legebat
1403 3002 1412 3015 ‚
1431 2984 1493 3009 nobis
1502 2992 1566 3010 noi-a
1578 3003 1586 3016 ,
1607 2991 1649 3009 aut
1660 2988 1722 3011 ratio
1740 2985 1819 3018 affin.
1840 2986 1977 3021 acquiesco
1995 2986 2128 3023 vulgatae,

1159 3019 1249 3046 nostra
1258 3019 1365 3054 quidem
1376 3019 1503 3055 posituri,
1515 3028 1572 3054 quac
1584 3020 1648 3047 &in
1659 3020 1824 3053 Vidini-iana,
1835 3022 1863 3048 δε
1876 3024 1902 3048 in
1915 3023 1983 3049 Pau.

1196 3053 1222 3080 8.
1247 3057 1320 3089 Irafit
1330 3062 1356 3080 nt
1367 3055 1531 3081 mediterranei
1543 3075 1550 3088 ,
1561 3055 1628 3090 eya]
1649 3056 1712 3083 Non
1724 3058 1814 3093 inepte
1825 3058 1897 3086 Pall.
1907 3059 1988 3086 nostri
2000 3069 2006 3086 :
2028 3061 2064 3085 ita
2076 3061 2122 3094 fir.

1157 3098 1188 3117 ut
1197 3089 1313 3117 affirmet
1322 3089 1438 3123 31161015
1459 3100 1510 3118 non
1524 3091 1644 3119 futurum
1655 3101 1665 3124 ς
1682 3092 1725 3119 sed
1736 3093 1859 3129 priesens,
1870 3094 1912 3121 sed
1922 3095 2102 3131 praeteritum.

1219 3147 1225 3153 .
1243 3130 1269 3153 Si
1278 3129 1322 3154 ribi
1338 3130 1421 3162 quales
1439 3129 1507 3163 cffim
1523 3129 1683 3166 dammum]
1704 3131 1800 3158 Metuo
1809 3141 1841 3159 ue
1851 3131 1902 3161 lint
1920 3132 1951 3160 ab
1961 3131 2126 3158 liberalitate

1157 3160 1191 3191 eit
1206 3162 1365 3200 triptotum,
1375 3172 1451 3192 voces
1462 3164 1516 3193 istae
1524 3173 1628 3193 omnes.
2078 3201 2129 3230 Sd

2043 3210 2068 3231 ι,
2101 3212 2105 3217 ,
