2337 3400
211 139 332 171 1020
613 114 685 160 M.
752 109 803 156 T
839 122 871 153 u·
906 121 935 152 L
971 121 1001 152 L
1039 121 1058 151 1
1094 120 1127 151 1·

206 203 366 236 dulcedine
373 198 458 229 omni
470 192 548 236 quafi
556 191 662 234 perfusi
674 196 879 221 moverentur.
900 196 979 228 Qris
992 196 1047 217 εετ
1057 195 1159 216 autem

208 247 318 286 dignus
329 241 453 271 nomine
466 237 600 266 hominis
613 254 622 266 ‚
641 243 693 273 qui
704 241 799 262 unum
810 231 892 260 diem
904 238 1002 259 totum
1013 229 1087 259 velit
1099 226 1158 258 esse

209 297 242 316 in
253 285 308 315 isto
318 290 422 322 genere
437 278 617 316 voluptatis?
634 275 792 312 Cyrenaici
802 272 927 312 quidem
939 280 1000 317 uon
1011 270 1156 301 recusant.

207 326 295 357 vestri
307 317 367 353 iiaec
378 317 587 351 verecundius:
600 317 645 346 illi
657 313 772 345 tortasse
782 311 1044 344 const.1ntms.st·d
1057 310 1164 342 lustre-

208 376 278 398 mus
295 367 398 394 animo
410 370 472 391 non
483 361 533 389 has
545 360 694 388 maximas
703 357 790 387 arteis
804 375 811 388 ,
833 355 941 395 quibus
951 355 1004 394 qui
1013 353 1160 386 carebant,

207 410 305 438 inertes
317 406 331 435 31
343 402 507 439 majoribus
518 399 754 430 nominabantur
767 408 771 426 :
783 396 831 427 sed
841 405 941 437 qua-ro
951 415 959 429 ‚
972 405 1048 425 num
1058 393 1162 425 existi-

207 458 274 480 mes
284 457 345 476 non
359 446 427 475 dico
439 446 612 474 Homerum
626 461 634 475 ,
655 440 871 470 Archilochum
885 458 893 471 ,
914 437 1073 467 Pindarum
1087 456 1095 470 ‚
1115 435 1163 466 sed

207 489 360 522 Phidiam,
376 485 562 524 Polycletum
573 504 582 517 ‚
603 483 722 513 Zeuxin
733 500 741 514 ‚
760 480 796 511 ad
816 481 981 519 voluptates
997 480 1085 509 arteis
1104 478 1167 508 suas

208 529 370 562 direxisse?
392 531 470 567 Ergo
486 525 592 566 opifex
614 528 624 543 ¹
641 521 772 564 plussibi
783 530 931 562 proponet
941 520 976 551 ad
986 519 1164 553 formarum,

207 573 299 615 quum
317 572 394 601 civis
419 568 570 598 excellens
588 566 623 596 ad
642 564 790 595 fastorum
800 562 1083 604 pulchritudinem?
1101 571 1166 601 qua:

208 623 308 645 autem
317 611 359 642 est
369 612 424 641 alia
431 609 514 640 causa
525 610 630 638 erroris
641 608 724 639 tanti,
737 615 795 636 tam
810 604 913 645 longe,
927 605 1042 644 lateque
1051 601 1162 635 diffusi,

206 655 263 686 nisi
282 653 363 695 quod
376 656 399 682 is
412 672 420 685 ‚
441 653 493 692 qui
505 650 690 689 voluptatem
701 649 856 678 summurn
870 647 985 677 bonum
997 644 1054 675 effe
1065 645 1167 675 decer-

206 707 272 731 nit,
295 705 357 725 non
376 704 446 725 curri
466 703 499 722 ea
517 701 594 732 parte
613 692 728 723 animi,
751 692 783 719 in
799 698 854 729 qua
865 687 942 718 inest
959 689 1052 720 ratio,
1075 696 1163 726 atque

206 737 382 770 consilium,
399 735 446 765 sed
456 744 526 764 cum
537 733 694 774 cupiditate
706 751 713 765 ,
725 731 756 760 id
769 730 822 764 est,
832 740 901 760 cum
913 730 1008 759 animi
1021 727 1166 758 leviffima

207 789 289 821 parte
312 778 474 808 deliberat?
498 785 598 816 quaero
619 776 703 804 enim
723 773 759 803 de
779 782 825 802 te:
845 770 866 801 si
890 772 957 801 sunt
974 770 1039 804 dii,
1058 779 1091 800 ut
1113 778 1166 799 vos

207 824 299 851 etiam
317 829 425 860 putatis
437 838 444 852 ‚
465 815 644 858 quiposl'unt
655 813 713 845 effe
726 815 801 844 beati
816 833 824 847 ,
842 812 912 843 cum
924 813 1088 852 voluptates
1099 821 1167 842 cor—

206 873 278 903 pore
297 863 447 902 percipere
467 869 530 889 non
541 857 672 898 poilint?
695 865 726 886 ut
738 854 759 885 si
770 854 829 885 fine
841 864 877 884 eo
887 864 994 895 genere
1005 854 1165 893 voluptatis

208 906 287 935 beati
298 905 377 936 sunt,
388 912 439 932 cur
450 899 579 931 similem
591 900 684 930 animi
698 898 829 928 usumin
839 896 968 935 sapiente
977 894 1035 925 ess'e
1045 895 1169 925 nolitis?

150 954 190 985 35
208 949 288 987 Lege
300 945 484 975 laudationes
495 963 505 976 ,
515 945 667 981 Torquate
679 959 687 973 ,
701 949 764 969 non
775 948 880 968 eorum
891 957 900 971 ,
913 937 1042 978 quisunt
1051 937 1086 967 ab
1098 939 1165 966 Ho-

206 998 293 1018 mero
302 986 410 1017 laudati
425 1006 432 1018 ,
445 994 508 1015 non
518 986 586 1022 Cyri
600 1002 608 1016 ‚
620 991 683 1012 non
695 979 820 1021 Agesilai
835 999 843 1013 ,
857 989 919 1009 non
930 978 1070 1009 Aristidis
1081 998 1089 1012 ‚
1102 987 1166 1008 non

205 1027 422 1060 Themistoclis
434 1047 443 1060 ,
463 1035 526 1055 non
535 1025 667 1063 Philippi
679 1043 687 1056 ‚
701 1032 764 1052 non
779 1021 958 1051 Alexandri:
972 1021 1033 1061 lege
1045 1019 1166 1050 nostro-

205 1081 275 1102 rum
298 1071 460 1100 hominum
474 1087 483 1100 ‚
507 1067 571 1106 lege
589 1064 691 1094 vestra:
710 1063 851 1093 familiae:
872 1064 1029 1092 neminem
1048 1061 1164 1091 videbis

204 1115 246 1143 ita
257 1112 406 1143 laudatum
431 1119 462 1139 ut
478 1108 587 1146 arti-fex
600 1106 714 1135 calluim-
724 1105 973 1147 comparandarum
984 1103 1167 1143 voluptatum

206 1154 361 1185 diceretur.
375 1156 388 1172 ²
401 1161 463 1182 non
475 1151 573 1189 elogia
583 1156 852 1178 monumentorum
866 1145 896 1175 id
908 1143 1170 1186 fignificant,velut

206 1197 265 1226 hoc
274 1195 308 1226 ad
320 1194 461 1234 portam?
481 1196 493 1219 3
506 1194 582 1221 UNo
594 1199 726 1220 oasscur
739 1197 914 1218 minutium
929 1195 1164 1216 CONSENTIUNT

208 1246 334 1268 caua-ss
354 1256 364 1268 ‚
394 1244 516 1265 rovum
540 1241 751 1262 PmMARmM
771 1239 891 1260 FUISSE.
913 1237 1040 1258 vntum.
1072 1227 1106 1256 Id
1126 1236 1165 1256 ne

205 1276 382 1310 consensisse
402 1277 438 1307 de
455 1276 593 1306 Calatino
611 1274 754 1313 plurimas
770 1273 885 1311 genteis
906 1269 1166 1309 arbitramunpri-

207 1322 334 1350 marium
349 1318 443 1361 populi
455 1315 541 1348 fuisse
552 1335 561 1350 ,
581 1314 663 1356 quod
676 1310 890 1354 praestantiffim
897 1321 928 1341 us
938 1309 1039 1341 fuisset
1050 1312 1084 1340 in
1092 1320 1165 1340 con-

207 1361 345 1393 ficiendis
363 1359 587 1400 voluptatibus?
609 1360 688 1397 Ergo
707 1357 740 1385 in
752 1357 789 1384 iis
798 1353 1035 1384 adolescentibus
1052 1352 1165 1382 bonam

204 1405 288 1444 spem
306 1401 364 1434 ess‘e
374 1403 510 1432 dicemus
519 1420 528 1434 ‚
553 1400 585 1429 &
596 1407 736 1438 magnam
747 1396 882 1426 indolem
894 1415 902 1429 ,
923 1404 999 1436 quos
1009 1394 1069 1424 suis
1079 1403 1165 1423 com-

206 1446 309 1476 modis
329 1445 542 1476 inservituros,
563 1441 596 1471 &
616 1438 763 1480 quidquid
776 1436 841 1478 ipsis
852 1437 1014 1477 expediat,
1034 1434 1166 1465 faRuros

205 1487 381 1518 arbitramur
401 1488 412 1515 ?
433 1494 538 1514 nonne
552 1482 711 1514 videmus,
743 1488 852 1520 quanta
872 1478 1052 1518 perturbatio
1063 1486 1163 1507 rerum

205 1530 350 1558 omnium
359 1526 556 1566 consequatur
565 1527 576 1553 ?
585 1532 692 1564 quanta
701 1519 837 1551 confusio
848 1521 982 1550 ?tollitur
991 1518 1163 1557 beneficium.-

208 1570 326 1600 tollitur
339 1568 458 1608 gratia:
471 1576 537 1607 quae
560 1566 628 1596 sunt
637 1563 759 1594 vincula
768 1561 948 1592 concordiae.
977 1571 1031 1590 nec
1040 1563 1137 1593 enim,
1148 1558 1169 1588 fi

245 1679 269 1697 ι.
288 1672 350 1695 Plus·
361 1670 405 1702 fibi
421 1665 554 1700 proponet]
578 1664 635 1691 Pal.
647 1670 751 1697 apponte.

244 1715 273 1732 2.
292 1709 352 1740 ‘Kon
360 1706 431 1736 elogia
440 1700 662 1732 monumentorum]
686 1698 819 1725 l’all.sex.
831 1700 926 1730 euquiaet.

1181 104 1728 157 thnnouxs

1198 196 1280 218 tuam
1298 187 1340 218 ob
1356 186 1472 217 causam
1492 188 1631 228 cuiquam
1651 190 1848 226 commodes,
1867 189 2055 222 beneficium-
2073 187 2162 221 iilud·

1202 228 1374 259 habendum
1384 227 1427 258 est
1438 248 1447 262 ‚
1469 229 1517 259 sed
1526 229 1682 261 faeneratio
1695 242 1765 263 :nec
1773 236 1863 274 gratia
1874 234 1974 264 deberi
1987 233 2102 263 videtur
2115 232 2156 264 ei,

1201 273 1253 311 qui
1273 270 1354 301 snam
1366 270 1407 300 ob
1417 270 1533 301 causim
1543 272 1795 304 commodaverit.
1818 277 1968 306 Maximus
1979 275 2050 305 vero
2061 276 2159 304 virtu-

1204 322 1248 342 tes
1267 311 1359 351 jacere
1369 314 1490 342 omneis
1502 311 1616 342 necesse
1627 312 1669 342 est
1678 332 1687 346 ‚
1707 315 1857 355 voluptate
1868 318 2056 347 dominante.
2078 318 2157 346 Sunt

1205 356 1293 384 etiam
1314 353 1514 393 turpitudines
1535 354 1693 393 plurimae,
1711 365 1776 396 quae
1793 361 1811 383 4
1827 357 1881 387 nisi
1900 358 2038 388 honestas
2058 363 2161 389 natura

1205 396 1372 436 plurimum
1394 395 1504 428 valeat,
1523 405 1576 426 cur
1595 405 1659 426 non
1683 397 1828 428 cadantin
1841 399 2002 438 sapientem
2016 420 2024 433 ‚
2045 395 2162 430 nonest

1206 437 1291 467 facile
1300 436 1472 467 defendere.
1495 440 1557 470 Ac,
1580 447 1619 467 ne
1631 438 1713 477 plura
1724 439 1904 478 compleaar
1917 442 1926 478 (
1939 442 2005 471 sunt
2018 443 2099 471 enim
2111 441 2162 470 in-

1207 479 1404 509 numerabilia
1418 479 1426 515 )
1447 478 1523 508 bene
1533 478 1646 509 laudata
1657 480 1751 508 virtus
1761 480 1914 521 voluptaris
1922 483 2017 511 aditus
2027 481 2162 511 interclu-

1205 521 1255 550 dat
1272 518 1366 558 net-effe
1384 518 1437 549 eff.
1459 519 1541 560 quod
1559 520 1707 560 jamame
1716 521 1883 561 exspcetare
1894 524 1971 552 noii-
1992 533 2054 554 tute
2066 526 2163 554 intro·

1207 563 1283 603 spice
1292 564 1325 592 in
1335 571 1469 592 mentem
1481 571 1561 592 tuam
1575 562 1636 602 ipse
1650 572 1655 591 :
1675 572 1800 603 eamque
1810 564 1897 593 omni
1908 566 2086 604 cogitatione
2096 574 2163 605 per-

1208 603 1343 637 traEtans,
1355 602 1544 643 percuutStare
1554 603 1615 643 ipse
1627 612 1665 637 te,
1676 605 1864 644 perpetuisne
1879 605 1966 634 malis
1976 609 1992 632 5
2000 607 2163 646 voluptati-

1209 646 1262 676 bus
1274 645 1430 685 perfruens
1440 664 1449 678 ‚
1470 647 1502 674 in
1511 654 1543 675 ea
1554 665 1562 678 ,
1575 655 1664 685 quam
1676 646 1750 685 saepe
1762 647 1917 686 usurpabas
1929 666 1937 680 ,
1948 648 2164 687 tranquillitate

1207 687 1311 727 degere
1329 697 1456 717 omnem
1475 695 1590 717 aeratem
1613 685 1673 717 sine
1691 687 1796 718 dolore
1809 708 1818 722 ,
1837 687 1964 718 assumto
1984 691 2074 718 etiam
2094 689 2168 722 illo.-

1206 728 1287 769 quod
1308 738 1362 758 vos
1380 728 1503 768 quidem
1519 728 1677 769 adjungere
1694 729 1814 763 soletis,
1838 730 1887 760 sed
1908 729 1969 760 fieri
1982 740 2044 759 non
2054 728 2164 769 potest,

1208 771 1266 800 {ine
1278 770 1393 801 doloris
1411 778 1495 800 metu
1508 780 1561 800 :an
1577 789 1585 802 ‚
1605 770 1677 800 cum
1692 770 1728 801 de
1738 772 1883 802 omnibus
1893 771 2032 812 gentibus
2046 771 2164 810 optime

1208 811 1373 845 mererere,
1394 811 1467 842 cum
1489 821 1581 852 opem
1602 813 1809 853 indigentibus
1822 832 1831 847 ,
1854 813 2038 853 salutemque
2058 813 2162 847 ferres,

1207 854 1255 883 vel
1278 854 1419 884 Herculis
1437 856 1550 894 perpeti
1571 863 1732 884 aerumnas.
1756 853 1794 885 sic
1813 857 1897 885 enim
1918 856 2049 891 majores
2068 853 2165 887 nostri

1207 895 1322 926 labores
1342 905 1405 926 non
1424 895 1585 937 fugiendos
1596 916 1610 929 ,.
1629 894 1792 926 tristiffimo
1803 905 1904 927 tamen
1918 897 2011 927 verbo
2029 905 2165 926 erumnas

1208 939 1298 967 etiarn
1311 939 1342 967 in
1355 937 1411 967 deo
1422 939 1667 968 nominaverunt.
1689 936 1705 957 ⁶
1716 940 1874 978 Exigerem
1889 949 1927 968 ex
1938 947 1965 968 te
1978 957 1986 972 ‚
2010 947 2169 978 cogerem*

1208 989 1266 1019 que
1277 998 1286 1012 ,
1299 987 1331 1009 ut
1342 978 1536 1020 responderes
1546 998 1554 1012 ,
1568 978 1622 1008 nifi
1632 989 1748 1009 vererer
1759 1000 1767 1012 ‚
1780 989 1816 1009 ne
1832 981 1994 1010 Herculem
2007 981 2105 1018 ipsum
2117 988 2165 1012 ea,

1207 1030 1273 1061 quae
1282 1030 1336 1060 pro
1349 1021 1442 1051 salute
1451 1022 1590 1060 gentium
1602 1021 1722 1050 summo
1734 1021 1832 1051 labore
1843 1020 1966 1062 geffiss'et
1977 1041 1985 1054 ‚
2000 1022 2165 1060 voluptatis

1206 1060 1406 1101 causageffiffe
1415 1062 1537 1091 diceres.
1561 1063 1637 1102 Qae
1646 1060 1718 1091 cum
1731 1062 1872 1092 dixissem
1884 1083 1892 1096 ‚
1916 1063 2040 1095 Habeo,
2063 1063 2164 1102 inquit

1207 1106 1376 1143 Torquatus
1389 1122 1397 1136 ‚
1418 1102 1452 1133 ad
1463 1112 1541 1141 quos
1554 1101 1605 1132 ista
1618 1102 1744 1132 referam
1757 1115 1761 1131 z
1773 1104 1805 1133 &
1817 1125 1825 1137 ,
1849 1114 2032 1144 quamquam
2047 1102 2165 1144 aliquid.

1207 1145 1267 1184 ipse
1286 1153 1419 1183 poteram
1430 1163 1438 1177 ‚
1460 1153 1562 1174 tamen
1580 1145 1717 1174 invenire
1733 1145 1813 1174 malo
1823 1149 1980 1185 paratiores
1990 1144 2165 1175 famili-areis

1207 1184 1335 1215 nostros.
1366 1185 1466 1216 Credo
1487 1187 1632 1224 Syronem
1653 1185 1729 1215 dicis
1749 1207 1757 1219 ,
1778 1188 1809 1216 &
1831 1187 2064 1219 Philodemum,
2089 1185 2168 1216 cum.

1207 1228 1341 1267 optimos
1352 1229 1436 1257 viros
1445 1247 1455 1261 ‚
1474 1235 1541 1257 tum
1551 1226 1739 1257 doffissimos
1750 1229 1901 1258 homines.
1925 1227 2020 1258 Refle
2033 1247 2041 1260 ,
2053 1229 2163 1268 inquit,

1208 1269 1362 1308 intelligis.
1385 1272 1447 1310 Age
1459 1269 1526 1299 saue
1537 1288 1546 1302 ‚
1567 1270 1703 1309 inquam,
1728 1270 1775 1300 scd
1787 1279 1844 1300 erat
1855 1272 1967 1310 aequius
1978 1290 1988 1302 ‚
2008 1272 2168 1299 Triarium·

1208 1311 1321 1351 aliquid
1341 1310 1377 1341 de
1400 1309 1499 1341 nostra
1509 1309 1839 1348 distensione-iudicare.
1861 1310 1985 1344 Immo,
2008 1312 2105 1352 inquit
2117 1321 2164 1340 ar-

1206 1352 1306 1382 ridens
1319 1372 1331 1386 ,
1346 1353 1488 1393 iniquum
1500 1373 1508 1386 ‚
1534 1353 1586 1383 hac
1603 1352 1730 1393 quidem
1752 1353 1789 1383 de
1800 1363 1840 1382 re.
1864 1362 1894 1383 tu
1904 1354 1986 1382 enim
2000 1352 2053 1382 ista
2062 1350 2165 1381 lenias.-

1208 1396 1256 1424 hic
1273 1397 1446 1424 Stoicorum
1467 1404 1552 1424 more
1570 1404 1625 1424 nos
1644 1402 1742 1424 vexat.
1766 1398 1851 1424 Tum
1863 1396 1997 1425 Triarius
2010 1413 2017 1425 ,
2036 1393 2163 1424 Posthac

1206 1435 1330 1477 quidem
1342 1455 1351 1470 ,
1374 1437 1472 1476 inquit
1484 1455 1494 1469 ‚
1510 1435 1662 1466 audacius.
1686 1446 1755 1465 nam
1777 1438 1837 1466 haec
1856 1437 1915 1475 ipsa
1933 1436 2010 1465 mihi
2028 1445 2117 1465 erunt
2128 1437 2166 1466 in

1208 1486 1328 1517 promtu
1340 1497 1348 1511 ‚
1369 1487 1435 1518 quae
1455 1476 1548 1506 modo
1560 1477 1659 1508 audivi
1672 1490 1681 1512 3
1699 1488 1755 1507 nec
1766 1487 1832 1507 ante
1842 1478 1992 1518 aggrediar
2002 1497 2010 1510 ,
2031 1480 2121 1516 quim
2133 1485 2173 1510 te,

1206 1518 1332 1552 abistis,
1353 1529 1427 1559 quos
1446 1517 1520 1548 dicis
1535 1539 1543 1551 ,
1562 1518 1742 1549 instrutfffflm
1764 1519 1878 1549 videro.
1904 1522 1976 1560 Qae
1987 1515 2059 1548 cuin
2068 1516 2164 1550 essent

1206 1559 1296 1593 dieta,
1310 1558 1403 1589 finem
1413 1559 1541 1590 fecimus
1553 1560 1585 1589 &
1596 1561 1783 1594 ambulandi,
1796 1561 1827 1590 Sc
1837 1560 2017 1600 disputandi.

1156 1665 1160 1668 “
1202 1661 1277 1696 cajus
1290 1662 1300 1688 ἓ
1318 1661 1456 1697 dispiciant
1465 1664 1607 1690 acutiores.

1236 1705 1264 1730 4.
1285 1699 1446 1730 Nisthoncslas
1454 1700 1571 1733 natura]
1596 1699 1920 1731 1³a11.0.homssanamra.·
1938 1698 2009 1734 quod
2021 1708 2071 1726 non
2083 1698 2167 1726 video·

245 1751 274 1775 ζ.
294 1745 340 1766 Uno
348 1749 385 1766 ore
403 1743 441 1764 cui
456 1741 560 1770 plurime
579 1731 749 1769 constristant]
771 1733 963 1760 Leaioiniiitis
976 1743 1047 1760 vera.
1067 1734 1164 1769 quippe
1184 1766 1186 1771 Ι
1203 1742 1250 1759 cur
1261 1733 1512 1761 excludidebuerir.

209 1777 268 1804 Pil.
279 1786 318 1802 or.
329 1782 417 1811 quart.
427 1774 515 1809 quint.
536 1772 604 1799 sext.
623 1781 667 1796 uno
676 1780 726 1796 cum
740 1772 856 1803 plurima.
867 1776 931 1795 tert.
952 1773 997 1795 Uno
1007 1772 1164 1801 cuiplm-r‘mae.
1184 1776 1186 1802 1

210 1814 261 1839 s.c.
273 1806 319 1838 buo
327 1813 485 1844 csmslurimae,
505 1806 710 1834 Restituennlnin
723 1804 808 1831 foriun
821 1815 826 1830 ε
851 1807 946 1830 Unicum
962 1807 1066 1837 plurim:
1076 1806 1167 1837 confin-
1185 1810 1187 1834 ξ

210 1857 219 1875 t
232 1856 274 1875 nm
287 1868 294 1880 ,
312 1858 334 1879 &
343 1858 361 1873 sv
383 1845 434 1873 Sed
445 1843 508 1881 quid
519 1843 537 1871 si
556 1843 600 1870 sub
612 1842 660 1868 illo
678 1851 722 1867 um
733 1850 783 1866 cum
801 1840 897 1867 lateret
909 1849 1005 1867 nonien
1024 1847 1106 1876 portoe
1117 1840 1167 1867 ali-

543 1951 634 2012 M.
725 1949 1125 2010 TULLii

895 2057 898 2061 ’
1113 2058 1168 2112 D

1242 1777 1268 1800 5.
1287 1770 1449 1800 Voluptatibm·
1464 1770 1613 1804 perf-nens]
1636 1770 1678 1796 Sic
1688 1770 1756 1797 Pall.
1769 1777 1883 1806 quatuor
1893 1769 1995 1806 priores
2008 1789 2018 1802 ‚
2037 1779 2089 1797 non
2103 1777 2165 1804 per-

1199 1806 1281 1839 fluens
1293 1811 1321 1829 nt
1333 1812 1410 1831 antea
1420 1805 1486 1831 edit.

1240 1839 1269 1866 6.
1288 1842 1504 1876 Engo-emesam]
1525 1841 1581 1870 Pal.
1592 1851 1634 1879 pr.
1645 1843 1768 1877 Eligerem.
1787 1851 1820 1870 :tn
1832 1841 1938 1870 voluit?
1956 1843 2089 1869 Elicerem..

1220 1950 1833 2012 thERONis.

1208 2060 1254 2114 E
1614 2063 1616 2065 ,

265 2158 674 2220 FINIBUS
741 2154 1278 2218 BONORUM
1345 2153 1474 2213 ET
1539 2150 2102 2228 MALORUM·‚

1126 2260 1168 2304 A

474 2336 539 2412 Β
711 2337 795 2414 R
976 2336 1064 2414 U

1204 2259 1247 2304 D

1245 2333 1590 2412 Tu
1760 2332 1903 2411 Μζ.

639 2455 1021 2510 LIBER
1132 2454 1722 2510 TERTIUS.

335 2714 353 2746 ἓ,
380 2723 396 2742 Ι
416 2715 446 2736 a

214 2861 362 2892 *filantem
375 2883 384 2896 ²
404 2875 441 2895 ex
452 2868 522 2897 eave
535 2877 631 2899 natam
645 2868 776 2898 laetitiam
791 2888 799 2901 ‚
821 2868 910 2908 quam
921 2867 1094 2907 gravitatem
1105 2868 1171 2896 ani-

391 2776 396 2782 ,
420 2762 449 2775 Α.
476 2742 637 2782 impudens
648 2763 657 2777 ,
669 2742 804 2773 fivirtuti
816 2742 929 2772 diutius
940 2749 1101 2782 repugnet,
1120 2749 1170 2771 aut
1187 2733 1189 2751 ¹

397 2794 404 2801 ‘
477 2782 497 2814 fi
516 2783 651 2815 honestis
666 2784 799 2824 jucunda
816 2792 994 2823 anteponat,
1013 2791 1062 2813 aut
1072 2782 1169 2822 pluris
1188 2807 1189 2816 ἕ

478 2824 536 2856 effe
554 2826 716 2856 contendat
737 2825 954 2856 *dulcedinem
974 2826 1111 2864 corporis
1131 2826 1189 2862 ti-=3

438 2590 451 2601 ι·
481 2578 694 2607 omem-rem
713 2574 854 2617 equidem
867 2594 875 2609 ,
886 2576 975 2604 Brute
987 2595 995 2607 ,
1011 2572 1031 2603 si
1045 2572 1105 2613 ipsa
1117 2582 1170 2613 pro
1185 2573 1188 2604 l
1206 2572 1241 2603 &
1254 2576 1268 2593 ²
1279 2572 1336 2602 suis
1348 2572 1376 2602 se
1388 2570 1501 2602 finibus
1514 2571 1781 2612 tenerejubeamus
1791 2591 1800 2606 ‚
1817 2581 1854 2602 ne
1864 2571 2021 2603 blanditiis
2031 2569 2112 2612 ejus,
2126 2569 2165 2600 il-

436 2624 447 2634 ‘
480 2618 509 2648 se
530 2618 667 2658 loquatur
681 2638 690 2652 ‚
713 2628 768 2648 nec
788 2626 851 2647 tam
869 2617 1044 2657 pertinaceis
1063 2616 1168 2645 habeat
1186 2615 1189 2661 ζ
1204 2614 1385 2654 lecebrisque
1407 2614 1584 2653 impediatur
1603 2614 1771 2654 disputandi
1794 2614 1944 2644 severitas.
1967 2612 2168 2656 quaerendum-

477 2668 618 2701 patronos
633 2679 641 2693 ,
663 2657 868 2690 concessuram
888 2658 1038 2691 arbitror,
1061 2658 1170 2687 convi-
1187 2667 1189 2698 2

436 2708 439 2713 ‘
477 2701 556 2732 &am
568 2701 720 2741 superiore
731 2701 826 2734 libro,
840 2700 986 2741 dignirati.
1009 2700 1123 2729 etenim
1136 2697 1170 2729 sit
1187 2709 1189 2732 ξ

1206 2655 1249 2687 est
1267 2657 1351 2686 enim
1364 2676 1371 2688 ‚
1392 2656 1443 2685 ubi
1466 2654 1500 2685 sit
1519 2655 1594 2685 illud
1615 2656 1769 2685 summum
1784 2655 1920 2691 bonum,
1942 2655 2022 2696 quod
2035 2656 2163 2694 reperire

1207 2698 1351 2727 volumus
1362 2718 1369 2730 ,
1383 2699 1526 2737 quoniam
1541 2697 1571 2726 &
1582 2698 1718 2737 voluptas
1728 2698 1764 2727 ab
1775 2707 1812 2727 eo
1819 2706 1933 2728 remota
1943 2696 2001 2730 est,
2015 2695 2048 2725 &
2057 2695 2170 2725 eadem·

1204 2738 1266 2770 fere
1277 2749 1379 2770 contra
1390 2749 1441 2769 eos
1452 2739 1511 2769 dici
1523 2736 1643 2779 possunt
1653 2759 1662 2773 ‚
1684 2740 1735 2779 qui
1748 2741 1925 2769 vacuitatem
1939 2737 2053 2768 doloris
2067 2735 2163 2766 finem

1207 2782 1360 2811 bonorum
1383 2780 1439 2810 esse
1457 2781 1626 2811 voluerunt.
1666 2783 1733 2810 Nec
1752 2779 1825 2810 verb
1845 2783 1882 2810 ite
1906 2779 2003 2809 ullum
2022 2777 2166 2817 probetur

1205 2824 1348 2863 summum
1367 2822 1467 2852 bonum
1479 2842 1487 2856 ‚
1508 2830 1542 2851 ut
1565 2824 1671 2851 virtute
1691 2830 1784 2851 careat
1792 2831 1804 2848 :
1822 2830 1878 2860 qua
1897 2819 1978 2850 nihil
1991 2819 2087 2859 potest
2103 2817 2163 2849 effe'

1207 2864 1402 2904 praestantius.
1431 2867 1528 2904 [taque
1541 2873 1723 2904 quamquam
1744 2864 1776 2892 in
1795 2871 1832 2891 eo
1850 2861 2006 2894 sermone,
2026 2863 2170 2901 quicum·

218 2905 264 2934 mi
277 2921 286 2936 >
305 2913 389 2944 atque
399 2907 606 2939 constantiam.
629 2919 716 2952 quare
732 2910 817 2939 illam
830 2908 954 2950 quidem
968 2908 1170 2942 dimittamus,
1187 2910 1189 2928 ¹
1208 2910 1366 2948 Torquato
1386 2905 1427 2936 est
1447 2907 1585 2939 habitus,
1604 2915 1668 2935 non
1686 2901 1798 2933 remiffi
1816 2901 1932 2932 fuimus
1950 2913 1957 2932 :
1981 2912 2084 2933 tamen
2102 2903 2166 2933 haec

218 3018 429 3071 1.DUIccdrncm
439 3022 534 3052 corporis
544 3024 687 3053 tm'llanrem,
697 3033 726 3048 ex
736 3032 792 3048 eave
802 3031 885 3049 natam
895 3022 1028 3056 [ariciam]
1041 3022 1083 3047 Sic
1095 3021 1163 3048 I’all.

302 3055 419 3089 quinque
431 3073 438 3084 ‚
451 3055 496 3080 nili
508 3056 577 3090 quod
588 3057 698 3084 immissa
708 3059 811 3094 copula,
828 3060 857 3089 ὠν
867 3060 1010 3084 titillantem.
1029 3065 1055 3084 at
1064 3057 1166 3098 primus

211 3088 272 3120 ille,
283 3098 329 3116 nec
340 3090 460 3130 copulam
470 3091 587 3125 agnoscit
598 3110 608 3125 ,
618 3102 665 3120 nec
676 3093 784 3122 verbum
794 3097 946 3131 titillantem5
965 3103 1043 3131 quani
1054 3094 1165 3130 scriptu-

210 3134 270 3154 nm
279 3124 414 3154 habuerim
424 3134 473 3161 pro
486 3135 556 3155 vcra.

2069 2946 2168 2974 acrior

1425 2997 1955 3007 Μ
2012 2998 2016 3002 .
2063 2998 2103 3002 --
2122 2998 2174 3002 -.-

1251 3029 1278 3046 2.
1298 3021 1387 3054 Suis-sc
1399 3021 1492 3054 finibus·
1500 3025 1576 3042 tenere
1586 3015 1739 3050 jubeamus]
1761 3015 1855 3042 Lectio
1867 3016 1964 3043 nonest
1976 3016 2082 3042 sincera.
2103 3024 2164 3042 nam

1216 3056 1272 3082 Pal.
1283 3056 1362 3091 prim.
1380 3055 1595 3088 petercjubeamm.
1617 3051 1681 3078 sext.
1697 3053 1783 3085 firosfi‘
1796 3055 1859 3085 fines
1867 3059 1942 3084 petere
1956 3053 2093 3086 jubeamus.
2112 3051 2164 3090 stef

1214 3098 1282 3131 tertz
1291 3089 1477 3126 quar-t..quiut.
1497 3085 1574 3114 tedere
1585 3088 1723 3120 jubeamur.
1742 3086 1811 3118 illud
1824 3094 1902 3121 patre
1911 3087 2115 3116 examinandum
2127 3087 2168 3114 est

1213 3128 1325 3165 pensius-

2078 3158 2175 3192 »9124
