2316 3395
180 882 228 916 29

245 130 313 190 76
665 124 1164 177 M.“Tv1;1„11

242 208 306 239 dire
315 206 462 239 Roscium
475 227 483 241 ,
495 202 567 238 c‘um
579 207 618 238 ita
627 206 715 241 dicat,
727 208 755 238 se
766 207 861 237 adhuc
872 203 996 247 reperire
1006 206 1201 246 discipulum,

243 254 336 291 quem
345 249 468 291 quidem
478 250 615 290 probaret
625 269 634 283 ‚
653 248 780 290 potuisse
794 251 952 279 neminem
965 259 971 278 :
993 258 1057 279 non
1067 247 1129 289 quo
1139 258 1204 278 non

243 290 340 322 ess'ent
348 291 470 333 quidam
480 292 659 332 probabiles,
679 290 727 320 scd
738 292 806 331 quia
817 289 838 320 si
847 290 960 331 aliquid
971 289 1066 320 modo
1078 289 1149 321 ess'et
1157 291 1206 320 vi-

245 335 280 364 tii
292 333 323 363 id
333 332 408 363 ferre
419 333 478 373 ipse
490 343 553 363 non
560 331 666 372 poss'et.
697 334 809 361 Nil-1111
829 341 885 362 its-r
904 334 987 362 enim
998 341 1059 362 tam
1070 331 1183 373 insigne
1194 350 1202 365 ‚

245 384 373 407 nectam
383 374 417 405 ad
431 375 658 405 diuturnitatem
678 375 834 403 memoriae
853 373 956 404 stabile
967 395 975 407 ,
995 374 1084 415 quam
1099 374 1130 404 id
1142 393 1151 408 ,
1172 375 1204 403 in

244 427 308 458 quo
319 416 430 457 aliquid
441 414 722 455 offenderis.1taque
733 424 764 445 ut
773 414 809 444 ad
819 416 896 445 hanc
905 414 1137 446 similitudinem
1148 416 1204 445 hu-

243 460 292 498 jus
311 458 464 488 histrionis
483 478 491 490 ,
511 458 672 486 oratoriam
692 456 813 486 laudem
831 457 993 498 dirigamus
1005 478 1014 491 ,
1036 457 1182 487 videtisne
1195 476 1202 490 ‚

245 499 337 541 quam
348 499 425 529 nihil
436 499 471 529 ab
480 508 518 528 eo
528 518 536 531 ,
552 496 606 527 nisi
616 496 745 537 perscore
757 518 766 532 ,
786 500 864 528 nihil
875 497 931 528 nisi
941 509 1012 529 cum
1024 499 1142 529 summa
1151 508 1204 528 ve-

246 540 360 571 nustate
372 539 442 570 fiat?
462 540 537 569 nihil
550 537 605 569 nisi
615 541 664 573 ita,
676 549 708 570 ut
718 539 828 574 deceat,
842 540 874 570 ὃς
884 543 928 570 uti
939 543 1058 570 omneis
1070 548 1201 572 moveat,

245 591 332 624 atque
351 580 498 612 delectet?
517 584 618 622 ltaque
629 582 688 612 hoc
694 582 756 621 jam
768 581 820 612 diu
830 581 874 612 est
884 583 1059 612 consecutus
1069 602 1077 615 ,
1100 591 1132 612 ut
1142 602 1150 615 ,
1173 583 1206 611 in

247 634 311 666 quo
320 624 443 664 quisque
453 621 580 653 artificio
591 623 761 657 excelleret,
772 625 797 653 is
807 626 840 653 in
853 625 905 654 suo
915 634 1022 665 genere
1032 624 1148 663 Rufi-ius
1158 623 1206 652 di-

246 674 369 696 ceretur.
394 667 481 695 Hanc
490 674 547 705 ego
556 665 777 695 absolutionem
788 685 797 699 ,
809 665 1087 706 perfectionemque
1099 668 1132 695 in
1141 675 1206 695 om-

246 716 310 737 tore
320 704 484 736 desiderans
494 726 502 740 ,
515 708 531 737 a
542 717 600 748 qua
609 707 669 747 ipsc
680 706 770 747 longe
781 708 885 737 absum
895 728 903 741 ‚
915 707 993 737 facio
1004 707 1205 747 impudenter.

247 750 325 778 mihi
336 750 421 778 enim
431 749 503 778 volo
513 749 639 790 ignosci,
651 757 756 778 ceteris
765 750 826 788 ipse
836 759 900 779 non
910 749 1043 790 ignosco.
1063 751 1145 778 Nam
1155 749 1208 788 qui

247 800 313 820 non
332 789 428 829 potest
437 810 445 824 ,
466 793 519 831 qui
529 790 639 820 vitiose
650 789 739 824 facit,
759 800 850 831 quem
871 791 1001 831 denique
1021 800 1086 820 non
1105 789 1188 819 decet
1198 809 1206 822 ‚

247 833 329 861 hunc
340 831 385 870 (ut
393 832 577 872 Apollonius
593 832 725 872 jubebat)
735 832 769 861 ad
780 832 811 862 id
823 852 832 866 2
845 832 926 873 quod
936 832 1030 861 facere
1040 829 1127 871 poffit
1137 851 1145 864 ‚
1156 831 1210 860 de-

249 873 432 904 trudendum
450 882 534 914 puto.
568 876 655 903 Num
665 883 697 903 tu
708 875 815 913 igitur,
840 875 940 914 inquit
949 873 1096 912 Sulpicius
1108 893 1116 906 ,
1136 882 1186 902 me
1199 891 1207 905 ,

248 924 299 946 aut
318 916 400 945 hunc
412 918 531 946 Cottam
543 936 551 949 ‚
574 916 619 952 ius
628 916 718 945 civile
728 935 737 949 ‚
757 923 808 945 aut
816 925 880 945 rem
892 914 1150 954 militaremjubes
1162 913 1210 943 dt-

248 958 327 988 scere
340 960 351 986 ?
373 967 443 987 nam
454 959 521 998 quis
531 957 565 987 ad
576 956 629 987 ista
638 958 756 987 summa
766 977 774 990 ,
787 966 873 998 atque
884 959 917 986 in
928 958 1015 986 omni
1024 966 1131 997 genere
1141 965 1209 995 per-

247 998 328 1030 ἒεᾶει
337 998 433 1038 potest
441 1001 595 1039 pervenire
607 1001 618 1027 ?
640 1001 722 1028 Tum
733 999 784 1028 ille
798 1018 807 1031 ,
819 1001 883 1039 Ego
892 997 966 1028 vero
975 1019 983 1032 ,
998 1000 1097 1038 inquit
1106 1017 1114 1031 ‚
1126 995 1209 1038 quod

248 1043 284 1071 in
293 1041 382 1071 vobis
391 1043 537 1083 egregiam
548 1040 697 1081 quandam
708 1060 716 1073 ,
738 1050 771 1070 ac
779 1042 947 1080 praeclaram
959 1040 1097 1069 indolem
1116 1039 1151 1069 ad
1162 1038 1209 1068 di-

247 1082 382 1113 cendum
401 1081 458 1113 ess'e
479 1084 627 1123 cognovi,
648 1081 761 1112 idcirco
780 1083 843 1112 haec
862 1082 987 1122 exposui
1006 1083 1111 1111 omnia
1122 1091 1128 1110 :
1152 1090 1208 1110 nec

249 1127 346 1166 magis
356 1125 391 1154 ad
402 1134 453 1154 eos
464 1123 655 1154 deterrendos
664 1143 673 1156 ‚
694 1125 746 1164 qui
757 1133 821 1153 non
829 1122 947 1163 poffent
956 1143 965 1157 ‚
986 1122 1077 1164 quam
1086 1122 1121 1153 ad
1132 1131 1186 1152 vos
1197 1142 1206 1155 ,

246 1168 300 1208 qui
311 1165 442 1206 possetis,
450 1165 617 1194 exacuendos
625 1165 854 1195 accommodavi
864 1167 1034 1196 orationem
1044 1174 1144 1194 meam
1157 1174 1162 1192 :
1174 1164 1207 1194 &

269 1206 417 1248 uanqt'iam
434 1209 467 1237 in
485 1216 612 1248 utroque
629 1206 763 1237 vestrum
775 1208 930 1237 summum
949 1205 1007 1236 esse
1027 1208 1186 1247 ingenium
1197 1225 1206 1238 ‚

247 1218 441 1290 studiumque
450 1250 597 1289 perspexi,
608 1258 710 1279 tamen
719 1250 792 1283 haec,
803 1258 868 1290 quae
877 1249 987 1279 suntin
998 1248 1092 1287 specie
1102 1245 1203 1287 posita,

247 1291 284 1322 de
295 1291 404 1332 quibus
415 1291 497 1331 plura
506 1289 622 1321 fortaffe
633 1290 699 1321 dixi
710 1310 718 1324 ,
730 1290 821 1332 quam
832 1291 929 1321 solent
939 1291 1036 1320 Graeci
1044 1289 1142 1319 dicere
1152 1309 1160 1322 ,
1174 1290 1207 1318 iri

246 1342 276 1364 te
291 1353 300 1367 ,
319 1333 449 1373 Sulpici,
469 1332 573 1362 divina
584 1333 662 1363 sunt.
687 1335 751 1373 Ego
759 1334 844 1362 enim
855 1334 1013 1362 neminem
1024 1351 1033 1364 ,
1054 1341 1111 1361 nec
1120 1340 1208 1360 motu

248 1377 382 1414 corporis
393 1395 401 1408 ‚
413 1385 510 1415 neque
519 1375 582 1414 ipso
592 1374 704 1408 habitu,
715 1384 802 1415 atque
812 1374 911 1404 forma
919 1376 1076 1414 aptiorem,
1088 1383 1144 1402 nec
1152 1382 1208 1402 vo-

247 1426 281 1448 ce
290 1417 472 1456 pleniorem,
483 1425 533 1446 aut
543 1417 711 1446 suaviorem
720 1417 798 1446 mihi
807 1416 914 1453 videor
921 1414 1044 1448 audiss'e,
1055 1425 1130 1455 quae,
1142 1416 1209 1455 qui-

249 1459 305 1489 bus
317 1458 332 1488 Ξι
342 1467 444 1488 natura
457 1460 577 1488 minora
585 1458 650 1488 data
660 1459 727 1488 sunt
738 1479 746 1491 ,
759 1466 859 1488 tamen
870 1457 945 1487 illud
954 1455 1064 1498 ass‘equi
1074 1454 1206 1496 poss'unt,

250 1509 284 1530 ut
293 1502 330 1530 iis
343 1521 351 1533 ,
372 1510 436 1541 quae
447 1500 573 1530 habeant
582 1520 591 1533 ,
615 1500 736 1530 modice
748 1501 780 1530 ὃς
790 1501 917 1529 scienter
926 1508 1046 1529 utantur
1056 1518 1064 1531 ,
1086 1499 1118 1528 δε
1130 1506 1209 1527 utne

249 1541 399 1572 dedeceat.
433 1541 467 1571 Id
479 1544 563 1572 enim
574 1541 617 1572 est
633 1541 769 1572 maxime
789 1541 947 1572 vitandum
959 1561 966 1574 ,
988 1541 1020 1570 &
1030 1540 1066 1570 de
1077 1541 1136 1569 hoc
1146 1548 1208 1569 uno

251 1583 384 1614 minime
404 1583 446 1613 est
463 1583 550 1614 facile
567 1586 724 1624 praecipere
736 1604 744 1617 ,
765 1593 829 1613 non
844 1584 921 1612 mihi
932 1581 1027 1612 modo
1039 1602 1048 1615 ,
1068 1583 1119 1621 qui
1138 1579 1210 1610 sicut

251 1636 331 1656 unus
338 1624 554 1667 paterfamilids
562 1646 571 1659 ,
591 1626 638 1655 his
648 1626 684 1655 de
694 1626 781 1655 rebus
791 1625 900 1665 loquor
910 1644 918 1658 ‚
939 1623 989 1654 sed
999 1632 1089 1653 etiam
1099 1621 1152 1663 ipsi
1163 1623 1210 1652 illi

251 1668 379 1698 Roscio:
393 1678 486 1709 quem
496 1668 569 1708 saepe
577 1667 667 1697 audio
679 1667 786 1700 dicere,
796 1676 883 1706 caput
891 1665 949 1696 esse
959 1667 1027 1696 artis
1037 1686 1045 1699 ,
1058 1667 1209 1694 Ducem:

274 1709 334 1739 uod
345 1719 446 1740 tamen
456 1719 553 1740 unum
564 1709 596 1739 id
605 1709 662 1740 effe
674 1729 681 1743 ,
693 1709 774 1750 quod
785 1708 858 1738 tradi
867 1716 924 1738 arte
934 1718 998 1738 non
1008 1706 1103 1748 pollit-
1131 1705 1187 1737 Sed
1199 1726 1208 1740 ‚

251 1720 273 1781 a
285 1752 382 1792 placet
391 1772 399 1785 ‚
412 1752 584 1782 sermonem
595 1750 656 1782 alio
666 1750 876 1782 transferamus
887 1771 894 1784 ,
907 1751 940 1780 δε
949 1749 1051 1780 nostro
1061 1759 1146 1779 more
1156 1749 1210 1777 ali-

251 1793 373 1834 quando
385 1814 393 1827 ‚
406 1804 469 1824 non
479 1795 629 1824 rhetorico
641 1815 650 1827 ‚
661 1795 832 1836 loquamur.
864 1791 1080 1824 Minim13vero
1092 1812 1101 1826 ,
1111 1792 1211 1831 inquit

252 1839 360 1869 Cotta,
381 1846 463 1866 nunc
479 1838 564 1866 enim
575 1837 673 1876 tejam
687 1846 848 1866 exoremus
856 1833 972 1866 necess'e
982 1834 1024 1865 est
1034 1855 1042 1868 ,
1063 1836 1212 1875 quoniam

251 1879 363 1908 retines
373 1887 428 1907 nos
438 1879 471 1908 in
482 1879 540 1908 hoc
550 1877 650 1908 studio
662 1899 670 1912 ,
691 1889 746 1908 nec
755 1878 888 1908 adalram
899 1877 1026 1907 dimittis
1045 1886 1136 1907 artem
1147 1895 1156 1909 ‚
1177 1883 1210 1905 ut

251 1919 341 1950 nobis
351 1920 483 1959 explices
493 1940 503 1954 ‚
521 1920 668 1960 quidquid
678 1919 721 1950 est
731 1940 739 1953 ,
761 1920 839 1950 istud
849 1940 858 1953 ‚
878 1919 960 1960 quod
978 1927 1010 1948 tu
1030 1920 1063 1948 in
1079 1917 1209 1948 dicendo

249 1970 347 2001 potes.
371 1971 469 2002 neque
486 1964 570 1991 enim
590 1963 693 1992 sumus
710 1964 804 1992 nimis
823 1962 904 1992 avidi
918 1972 924 1990 :
942 1960 995 1990 ista
1005 1970 1053 1990 tua
1062 1959 1209 1990 mediocri

250 2003 423 2044 eloquentia
441 2005 578 2034 contenti
598 2003 700 2033 sumus
712 2024 720 2037 ,
740 2003 832 2044 idque
842 2013 879 2033 ex
889 2011 916 2033 te
927 2004 1088 2044 quaerimus
1107 2000 1116 2041 (
1129 2010 1160 2032 ut
1170 2011 1208 2031 iie

249 2045 319 2086 plus
328 2054 384 2074 nos
393 2043 579 2086 assequamur
588 2065 597 2079 ,
617 2045 709 2086 quam
720 2046 900 2086 quantulum
911 2047 986 2075 tuin
996 2043 1125 2075 dicendo
1136 2042 1208 2074 affe-

251 2096 340 2117 cutus
351 2087 395 2126 es)
414 2089 560 2128 quoniam
571 2107 580 2121 ,
599 2097 666 2127 quae
677 2086 693 2117 a
702 2097 803 2117 natura
812 2087 976 2127 expetenda
985 2088 1053 2117 sunt
1062 2107 1074 2121 ⁷
1093 2096 1125 2117 ea
1134 2086 1210 2116 dicis

251 2137 317 2158 non
326 2129 420 2158 nimis
431 2127 526 2158 deesse
536 2129 626 2159 nobis
636 2149 646 2162 ‚
656 2129 728 2169 quid
738 2137 876 2168 practerea
885 2127 942 2158 effe
952 2128 1143 2167 affiamendnm
1151 2138 1209 2168 pu-

251 2180 294 2200 tes
306 2173 317 2199 ?
339 2173 424 2200 Tum
433 2168 548 2200 Craffus
557 2169 688 2200 arridens
699 2190 707 2205 ,
720 2171 803 2212 Qud
812 2171 927 2205 censes,
938 2172 1036 2211 inquit
1046 2173 1140 2204 Cotta,
1153 2168 1209 2200 nisi

250 2211 386 2242 studium
398 2230 407 2244 ,
425 2211 457 2241 &
467 2212 604 2242 ardorem
615 2212 777 2253 quemdam
787 2214 896 2242 amoris
908 2215 918 2242 ?
938 2211 997 2242 fine
1007 2222 1068 2253 quo
1085 2211 1157 2241 cum
1174 2213 1207 2241 in

249 2255 312 2284 vita
331 2253 410 2283 nihil
426 2252 590 2294 quidqulin
608 2264 675 2294 egre
697 2256 761 2284 ium
772 2273 781 2287 ,
803 2262 868 2284 tum
888 2254 965 2284 certe
987 2255 1045 2284 hoc
1057 2274 1065 2287 ,
1085 2253 1166 2294 quod
1178 2262 1207 2283 tu

252 2296 380 2336 expetis,
391 2305 485 2325 nemo
495 2306 638 2336 umquam
647 2265 821 2336 assequetur.
832 2298 940 2336 Neque
951 2294 1022 2325 vero
1033 2305 1086 2325 vos
1096 2294 1131 2325 ad
1141 2305 1206 2324 eam

253 2347 318 2368 rem
328 2337 418 2366 video
428 2336 485 2367 este
496 2337 697 2367 cohortandos
709 2349 714 2366 2
734 2347 810 2378 quos
823 2357 832 2371 ,
852 2335 923 2367 cum
934 2338 1010 2366 mihi
1020 2346 1139 2377 quoque
1149 2335 1208 2366 sitis

251 2377 375 2409 ‘molesti
386 2399 394 2412 ,
408 2380 500 2408 nimis
510 2381 600 2409 etiam
611 2378 729 2419 flagrare
740 2380 879 2420 intelligo
888 2378 1056 2419 cupiditate.
1069 2378 1126 2408 Sed
1137 2388 1208 2418 pro-

251 2418 334 2451 feelo
344 2423 473 2451 SrumA
490 2421 570 2450 nihil
590 2422 714 2461 prosunt
730 2421 927 2461 perveniendi
937 2421 1038 2461 aliquo
1047 2419 1103 2450 nisi
1113 2419 1187 2449 illud
1198 2439 1207 2452 ,

253 2462 334 2503 quod
346 2472 382 2492 eo
391 2482 399 2496 ,
412 2460 474 2502 quo
483 2462 637 2496 intendas,
648 2462 739 2497 ferat,
752 2463 946 2503 deducatque,
958 2463 1107 2503 cognoris.
1129 2464 1210 2502 Qa—

251 2514 283 2534 re
295 2523 303 2537 ,
315 2506 460 2544 quoniam
471 2505 548 2534 mihi
558 2505 655 2535 levius
664 2505 816 2545 quoddam
826 2515 903 2535 onus
913 2506 1072 2544 imponitis
1083 2524 1092 2537 ,
1109 2513 1207 2543 neque

252 2555 292 2575 ex
302 2555 351 2574 me
362 2545 398 2574 de
409 2548 532 2576 oratoris
541 2555 599 2576 arte
611 2567 620 2580 ,
641 2546 689 2576 sed
708 2547 744 2577 de
761 2547 816 2577 hac
832 2557 900 2577 mea
909 2567 918 2581 ,
939 2546 1210 2587 quantulacumque

254 2586 298 2617 est
307 2606 316 2620 ,
335 2586 470 2617 facultate
486 2590 616 2628 quaeritis
627 2609 635 2622 ,
648 2598 799 2628 exponam
809 2589 896 2618 vobis
906 2588 1077 2629 quamdam,
1088 2597 1152 2617 non
1163 2595 1212 2617 aut

251 2628 493 2669 perreconditam
504 2649 513 2662 ,
535 2639 584 2659 aut
592 2630 675 2660 valde
685 2629 842 2660 difficilem
853 2650 862 2664 ,
882 2639 931 2660 aut
940 2628 1131 2670 magnificam
1142 2648 1150 2662 ,
1163 2637 1212 2658 aut

250 2679 372 2711 gravem
382 2672 529 2700 rationem
540 2672 765 2702 consuetudinis
775 2682 860 2706 meae,
877 2682 933 2713 qua
941 2671 1096 2712 quondam
1108 2670 1211 2700 solitus

251 2712 320 2742 sum
331 2713 386 2744 uti,
396 2710 467 2741 cum
479 2713 556 2741 mihi
566 2715 599 2742 in
609 2712 665 2743 isto
676 2713 777 2744 studio
785 2715 892 2744 versari
902 2713 1081 2744 adolescenti
1093 2712 1207 2742 licebat.

251 2755 338 2783 Tum
347 2753 498 2793 Sulpicius
510 2773 518 2786 ,
537 2756 563 2783 O
572 2754 654 2784 diem
665 2775 673 2788 ,
686 2758 771 2785 Cotta
780 2776 790 2789 ‚
801 2756 891 2786 nobis
901 2775 910 2790 ,
922 2757 1041 2796 inquit,
1052 2762 1187 2794 optatum
1202 2755 1207 2782 !

274 2794 334 2824 uod
353 2798 438 2824 enim
458 2804 554 2835 neque
570 2795 695 2837 precibus
704 2807 850 2838 umquam
860 2818 869 2832 ‚
889 2807 953 2835 nec,
963 2796 1114 2837 mfidiana'o
1127 2816 1136 2830 ‚
1153 2805 1209 2826 nec

246 2805 408 2876 accurando
423 2834 532 2877 affequi
543 2841 648 2877 potui,
668 2848 716 2872 ut,
733 2839 805 2880 quid
816 2838 928 2870 Ctaffiis
937 2848 1051 2880 ageret,
1063 2838 1210 2869 meditan-

253 2877 284 2908 di
297 2898 305 2910 ‚
318 2887 367 2907 aut
376 2877 497 2908 dicendi
508 2880 589 2909 caufii
601 2899 609 2912 ,
629 2890 693 2911 non
704 2880 800 2911 modo
809 2881 910 2913 videre
920 2882 997 2912 mihi
1008 2901 1016 2915 ,
1038 2881 1087 2911 sed
1098 2890 1136 2911 ex
1146 2881 1209 2921 ejus

252 2919 392 2959 scriptore
402 2939 410 2953 ,
424 2920 456 2950 ὃς
467 2919 579 2951 Ιυᾶὶοτο
588 2920 718 2962 Diphilo
728 2923 863 2964 suspicari
874 2924 996 2958 liceret,¹
1017 2923 1049 2953 id
1060 2923 1142 2963 spero
1152 2932 1208 2953 nos

292 3051 301 3068 1
310 3062 316 3067 .
334 3046 473 3084 Dfspcflsm‘
491 3054 561 3079 atque
577 3050 728 3083 componere]
746 3049 788 3074 Sic
799 3049 867 3075 Pall.
878 3059 968 3077 omnes
979 3051 1005 3076 8(
1017 3050 1139 3087 primitus
1148 3049 1209 3076 cusi.

255 3078 357 3113 Vulgatl
369 3080 466 3107 exinde
475 3082 600 3115 dtsponcre.

290 3123 319 3140 2.
337 3118 376 3140 Ea
386 3120 520 3143 exercitam>
527 3118 656 3152 quadam]
670 3119 737 3145 Pau.
747 3119 813 3146 nihil
826 3122 942 3152 variant,
953 3121 998 3148 nifi
1010 3121 1080 3157 quod
1092 3130 1156 3148 unus
1168 3121 1211 3147 in-

253 3149 335 3185 dicet,
345 3151 409 3181 alias
420 3153 473 3190 legi
482 3155 583 3189 quidm.
601 3154 746 3184 Lambinus
758 3156 867 3186 excudit
871 3177 879 3191 ,
885 3165 997 3191 [rato-ea
1006 3161 1141 3186 exercitatio
1150 3167 1213 3194 «μκ-
1252 3163 1314 3193 ptus
1326 3176 1336 3190 ,
1344 3157 1364 3185 fi
1373 3166 1426 3195 non
1437 3156 1520 3185 fallit.
1539 3165 1600 3185 nam
1610 3155 1669 3185 lane
1678 3156 1748 3184 Pan.
1758 3163 1861 3188 omnes,
1871 3156 2020 3190 adsta-{mm

1249 205 1308 238 ess'e
1317 205 1438 248 adeptos
1449 226 1457 240 ,
1469 204 1573 237 omnia
1595 218 1631 238 ue
1641 207 1704 248 jam
1714 217 1753 238 ex
1763 206 1828 248 ipso
1839 208 1924 248 ‚quae
1934 205 1990 238 diu
1997 205 2149 247 cupimus,
2157 213 2212 237 co-

1250 250 1399 291 gnituros.
1422 251 1505 279 Tum
1516 252 1581 279 Crai
1595 249 1631 279 'us
1643 270 1651 283 ‚
1673 252 1765 290 Atqui
1777 249 1919 283 arbitror,
1936 250 2067 288 Sulpici,
2080 247 2152 277 cum
2162 249 2213 278 ηυξ

1251 291 1341 321 dieris
1351 311 1360 325 ‚
1382 300 1446 320 non
1457 300 1518 321 tam
1529 299 1556 321 te
1566 292 1629 321 haec
1638 291 1854 322 admiraturum
1864 311 1872 324 ,
1893 301 1958 332 quae
1975 291 2081 320 dixero
2092 309 2101 323 ‚
2122 294 2213 330 quam

1250 332 1493 363 existimaturum
1503 352 1511 366 ,
1533 341 1598 362 tum
1610 353 1619 365 .
1643 331 1716 363 cum
1736 343 1769 362 ea
1778 333 1878 363 audire
1890 332 2028 372 cupiebas
2040 351 2049 365 ,
2071 332 2189 361 causam
2199 349 2210 365 ‚

1251 385 1302 405 cur
1320 383 1441 414 cuperes
1454 394 1462 407 ,
1483 384 1547 404 non
1565 372 1661 404 fuisse.
1695 375 1783 406 Nihil
1793 376 1878 404 enim
1889 374 1987 404 dicam
1999 372 2188 403 reconditum
2200 391 2212 407 ‚

1252 416 1332 446 nihil
1342 415 1563 456 exspe6latione
1574 415 1668 446 vestra
1678 415 1817 456 dignum,
1830 417 1909 445 nihil
1919 425 1968 446 aut
1977 415 2149 445 inauditum
2157 423 2212 444 vo-

1251 457 1297 488 bis
1308 477 1317 491 ,
1337 466 1386 488 aut
1396 459 1537 497 cuiquam
1548 466 1677 487 novum.
1710 460 1792 487 Nam
1803 456 1951 496 principio
1962 457 2038 487 illud
2049 477 2057 490 ,
2077 455 2159 497 quod
2168 453 2211 486 est

1251 500 1377 529 homine
1388 501 1420 528 in
1442 508 1522 528 enuo
1535 517 1543 531 ,
1556 498 1773 539 liberaliterque
1785 498 1909 528 educato
1919 498 2046 539 dignum
2057 518 2066 531 ‚
2084 508 2148 527 non
2158 507 2212 527 ne-

1250 541 1326 581 gabo
1339 550 1388 570 me
1398 509 1453 569 issa
1462 541 1606 569 omnium
1618 542 1795 569 communia
1805 559 1813 573 ,
1837 540 1869 569 &
1879 543 2005 570 contrita
2013 547 2155 578 praecepta
2164 538 2212 568 di-

1249 581 1352 612 diciffe
1364 593 1369 610 2
1392 581 1532 612 Primssm
1542 601 1551 614 ,
1571 588 1684 610 oratoris
1694 581 1816 620 officium
1826 579 1883 610 effe
1894 601 1902 614 ,
1923 581 2021 610 dicere
2039 580 2074 610 ad
2093 581 2212 619 persua-

1250 623 1386 654 dendum
1396 622 1621 653 accommodate
1634 633 1639 651 z
1652 622 1762 653 deinde
1771 621 1828 652 effe
1840 632 1968 652 omnem
1979 624 2211 654 orationem,aut

1251 665 1287 695 dc
1300 664 1427 695 infinit-„e
1436 667 1479 694 rei
1488 663 1653 705 quaestione
1664 684 1671 697 ‚
1692 661 1752 693 sine
1772 662 1974 704 designatione
1993 664 2188 703 personarum
2198 681 2208 696 ,

1253 707 1285 737 &
1295 716 1468 747 temporum
1480 718 1489 740 5
1507 715 1556 736 aut
1568 705 1604 736 de
1616 716 1645 735 re
1656 707 1743 735 certis
1753 707 1785 735 in
1802 706 1935 744 personis
1947 725 1955 739 ,
1974 715 2007 735 ac
2025 704 2212 745 temporibus

1253 749 1356 778 locata.
1376 751 1413 778 ln
1424 757 1547 788 utraque
1556 757 1655 777 autem
1666 757 1707 780 re,
1718 747 1865 787 quidquid
1877 749 1909 776 in
1919 746 2148 777 controversiam
2158 756 2211 776 ve-

1253 792 1326 823 niat,
1340 792 1373 819 in
1384 800 1420 820 eo
1430 791 1521 830 quaeri
1532 789 1624 819 solere
1635 809 1643 822 ,
1654 798 1704 818 aut
1713 787 1866 818 factumne
1878 786 1920 822 sit,
1933 797 1991 822 aut,
2003 787 2023 818 si
2033 787 2075 818 cst
2083 787 2211 822 factum,

1253 833 1339 871 quale
1350 830 1403 864 sit,
1425 839 1475 860 aut
1485 832 1574 860 etiam
1585 840 1646 870 quo
1655 832 1781 860 nomine
1792 839 1934 863 vocetur,
1953 839 2001 860 aut
2011 851 2019 864 ‚
2039 829 2124 870 quod.
2132 839 2212 859 non-

1254 873 1332 902 nulli
1342 872 1456 902 addunt
1465 891 1473 906 ,
1496 871 1613 901 rectene
1624 871 1738 901 factum
1749 870 1805 901 ess'e
1816 871 1963 902 videatur.
1996 871 2140 902 Exfistere
2158 881 2212 901 au-

1255 923 1316 944 tem
1327 911 1539 944 controversias
1549 915 1641 943 etiam
1650 923 1688 942 ex
1703 914 1803 953 scripti
1814 915 2057 953 interpretatione
2069 934 2079 946 ‚
2099 918 2131 943 i'n
2149 923 2212 953 quo

1253 965 1303 986 aut
1312 955 1453 997 ambigue
1464 955 1536 996 quid
1547 954 1580 985 sit
1590 955 1730 994 scripturn
1743 975 1751 988 ‚
1772 964 1820 984 aut
1830 955 1976 985 contrarie
1986 975 1994 989 ‚
2016 964 2064 986 aut
2075 957 2114 985 ita
2125 975 2134 988 ‚
2154 965 2186 985 ut
2195 954 2213 985 ὲ

1254 997 1399 1027 sententia
1417 998 1560 1036 scriptum
1579 995 1713 1026 dissideat
1723 1007 1728 1025 ε
1748 998 1794 1026 his
1805 1006 1904 1027 autem
1913 997 2059 1027 omnibus
2078 997 2211 1036 partibus

1253 1038 1385 1079 subjefflta
1401 1039 1538 1080 quaedam
1555 1037 1613 1068 esse
1623 1047 1796 1079 argumenta
1805 1041 1932 1078 propria.
1963 1039 2021 1070 Sed
2039 1039 2189 1069 causarum
2201 1058 2210 1072 ‚

1253 1091 1317 1122 quae
1329 1079 1386 1111 sint
1395 1080 1411 1110 a
1420 1083 1580 1110 communi
1590 1078 1756 1120 quaestione
1769 1080 1907 1120 sejuiiCtae
1919 1101 1927 1114 ‚
1946 1090 2054 1120 partim
2064 1081 2215 1118 injudicicc

1253 1123 1359 1153 versari
1371 1142 1380 1156 ,
1399 1124 1507 1162 partim
1526 1124 1559 1152 in
1576 1119 1820 1150 deliberationibus
1828 1133 1839 1148 .·
1859 1121 1916 1151 effe
1936 1125 2025 1152 etiarn
2044 1132 2136 1162 genus
2155 1131 2215 1152 tei·-

1254 1166 1332 1194 tium
1343 1185 1351 1198 ,
1363 1164 1444 1204 quod
1457 1166 1490 1192 in
1502 1163 1645 1191 laudandis
1653 1182 1662 1195 ‚
1674 1173 1721 1192 aut
1732 1164 1920 1203 vituperandis
1930 1165 2106 1193 hominibus
2115 1174 2214 1203 pone-

1256 1215 1351 1235 retur:
1371 1205 1526 1245 certosque
1537 1203 1594 1233 effe
1604 1205 1688 1233 locos
1699 1223 1708 1237 ,
1719 1204 1826 1244 quibus
1837 1206 1870 1234 in
1877 1205 1998 1244 judiciis
2008 1214 2167 1240 uteremur,
2178 1208 2213 1237 in

1254 1247 1361 1288 quibus
1372 1248 1490 1287 aequitas
1500 1247 1653 1285 quaeritur:
1668 1245 1742 1274 alios
1752 1247 1785 1275 in
1796 1245 2072 1280 deliberationibus,
2082 1250 2134 1288 qui
2143 1244 2212 1278 om-

1255 1299 1308 1319 nes
1317 1288 1353 1318 ad
1364 1290 1526 1318 utilitatem
1536 1284 1859 1327 dii·igereutureorun?‚
1873 1289 1980 1329 quibus
1990 1288 2150 1319 confilium
2161 1290 2213 1321 da-

1255 1340 1355 1360 remus
1368 1340 1373 1358 :
1394 1330 1467 1360 alios
1478 1331 1552 1359 item
1563 1331 1596 1358 in
1606 1328 1827 1360 laudationibus
1837 1350 1845 1364 ,
1867 1333 1900 1360 in
1910 1331 2018 1371 quibus
2028 1331 2063 1361 ad
2072 1332 2219 1371 persona-.

1254 1382 1323 1402 rum
1340 1372 1515 1413 dignitatem
1535 1372 1639 1401 omnia
1656 1372 1846 1402 referrentur.
1878 1375 2016 1414 Cumque
2028 1372 2100 1403 effer
2108 1375 2212 1404 omnis

1255 1416 1379 1444 oratoris
1389 1415 1446 1447 vis,
1456 1423 1489 1443 ac
1497 1412 1616 1442 facultas
1628 1414 1660 1441 in
1671 1415 1804 1453 quinque
1814 1417 1921 1453 parteis
1931 1414 2086 1445 distributa
2096 1435 2104 1448 ‚
2117 1424 2150 1445 ut
2158 1415 2211 1446 de-

1255 1457 1336 1486 beret
1344 1457 1469 1495 reperire
1478 1453 1613 1494 primum
1625 1474 1632 1487 ,
1653 1454 1726 1494 quid
1744 1456 1856 1485 diceret
1867 1477 1878 1488 ,η
1897 1456 2005 1486 deinde
2015 1458 2138 1487 inventa
2148 1467 2212 1488 non

1257 1497 1356 1528 solum
1368 1497 1473 1527 ordine
1484 1517 1492 1530 ‚
1506 1496 1554 1526 sed
1565 1498 1655 1525 etiam
1667 1506 1827 1526 momento
1836 1498 1967 1538 quodam
1980 1519 1988 1532 ,
2002 1499 2213 1539 atquejudicio

1258 1542 1266 1558 ¹
1280 1539 1446 1579 dispensare
1456 1558 1464 1571 ,
1485 1547 1571 1578 atque
1591 1547 1774 1577 componere
1786 1549 1791 1567 :
1815 1547 1878 1568 tum
1891 1550 1922 1569 ea
1935 1539 2065 1581 denique
2085 1540 2191 1571 vestire
2201 1561 2212 1576 ,

1255 1590 1340 1621 atque
1351 1590 1456 1610 ornare
1466 1589 1599 1609 oratione
1612 1590 1617 1608 z
1629 1578 1696 1619 post
1705 1583 1854 1610 memoria
1863 1581 1963 1621 saepire
1977 1593 1982 1611 :
1993 1584 2028 1612 ad
2039 1592 2212 1614 extremum

1255 1632 1338 1664 agere
1351 1632 1422 1652 cum
1433 1621 1575 1662 dignitate
1585 1641 1593 1654 ‚
1606 1622 1638 1651 &
1648 1621 1799 1651 venustate
1811 1633 1817 1651 ε
1832 1625 1923 1653 etiam
1933 1624 1983 1654 illa
1992 1633 2164 1664 cognoram,
2177 1625 2212 1655 δε

1255 1674 1423 1704 acceperam
1434 1684 1442 1697 ,
1455 1672 1523 1693 ante
1534 1662 1625 1703 quam
1637 1663 1673 1693 de
1683 1674 1713 1693 re
1723 1663 1892 1694 diceremus
1902 1685 1911 1698 ,
1929 1664 2020 1696 initio
2030 1666 2214 1696 conciliandos

1256 1716 1362 1736 eorum
1373 1703 1430 1735 esse
1441 1707 1570 1738 animos,
1582 1707 1633 1745 qui
1644 1704 1796 1735 audirent:
1809 1706 1916 1737 deinde
1926 1718 1990 1737 rem
2001 1707 2212 1738 demonstran-

1256 1748 1324 1778 dam
1338 1758 1343 1776 :
1362 1746 1461 1787 postea
1469 1744 1699 1776 controversiam
1710 1746 1951 1779 constituendam
1963 1760 1968 1778 ;
1992 1758 2057 1779 tum
2068 1749 2100 1779 id
2109 1770 2118 1784 ,
2129 1747 2212 1791 quod

1257 1800 1312 1820 nos
1323 1789 1548 1820 intenderemus
1561 1809 1569 1822 ,
1589 1787 1837 1819 confirmandum
1851 1800 1856 1818 :
1875 1789 1943 1830 post
1952 1810 1960 1824 ‚
1976 1801 2041 1832 quae
2051 1795 2155 1822 contra
2163 1791 2212 1822 di-

1255 1840 1391 1863 cerentur
1401 1851 1410 1865 ,
1422 1830 1584 1861 refellenda
1596 1841 1601 1859 ε
1613 1839 1747 1861 extrema
1756 1840 1856 1861 autem
1867 1834 2012 1866 oratione,
2027 1843 2069 1866 ea,
2081 1844 2146 1876 quae
2156 1843 2211 1873 pro

1255 1874 1344 1904 nobis
1356 1872 1448 1903 effent
1458 1893 1466 1906 ,
1477 1871 1686 1912 amplificanda
1695 1892 1703 1905 ‚
1718 1873 1750 1903 Sc
1761 1873 1910 1914 augendu
1921 1884 2044 1916 quaeque
2055 1875 2149 1905 essent
2155 1885 2212 1916 pro

1255 1916 1424 1947 adversariis
1435 1934 1443 1948 ,
1456 1913 1645 1946 infirmanda,
1656 1922 1742 1954 atque
1751 1913 1921 1956 frangenda-
1944 1917 2108 1947 Audieram
2119 1920 2211 1948 etiam

1254 1968 1318 1999 quae
1330 1957 1366 1987 de
1376 1958 1520 1986 orationis
1530 1953 1619 1995 ipfius
1628 1958 1814 1985 ornamentis
1823 1957 2015 1992 traderentur3
2029 1960 2060 1988 in
2069 1969 2126 1999 qua
2136 1969 2210 1999 prae—

1255 2001 1362 2041 cipitur
1371 2000 1448 2038 prim
1455 1996 1505 2026 um
1518 2017 1526 2030 ‚
1548 2006 1579 2027 ut
1588 1995 1659 2036 pure
1673 2017 1681 2030 ‚
1703 1998 1735 2027 ὃς
1746 1999 1851 2028 Latine
1863 2000 2036 2040 loquamur:
2056 2000 2164 2032 deinde
2177 2010 2210 2032 ut

1254 2041 1341 2085 plane
1353 2039 1526 2074 &dilucide
1541 2049 1546 2069 :
1567 2048 1634 2070 tum
1644 2039 1805 2071 urei-nate:
1825 2040 1892 2081 post
1909 2041 1945 2072 ad
1963 2052 2067 2073 rerum
2081 2043 2210 2084 dignita-

1255 2097 1318 2117 teni
1327 2084 1391 2127 apte
1405 2106 1415 2119 ‚
1434 2085 1467 2116 ὃς
1475 2082 1554 2124 quafi
1564 2082 1670 2114 decore
1683 2093 1688 2112 :
1709 2080 2056 2125 fi-ngularumqueienim
2066 2094 2210 2125 praeceptae

1254 2138 1425 2170 cognoram.
1456 2128 1651 2168 Qinetiam,
1671 2134 1739 2164 quae
1747 2125 1880 2155 maixime
1890 2129 2008 2166 propria
2018 2125 2112 2157 essent
2121 2137 2208 2158 natu-

1254 2181 1292 2200 rae
1304 2191 1311 2203 ‚
1334 2179 1437 2200 tamen
1445 2170 1492 2198 his
1502 2166 1569 2208 ipsis
1580 2175 1670 2196 artem
1677 2165 1802 2196 adhiberi
1812 2167 1957 2198 videram.
1981 2178 2056 2199 nam
2067 2168 2103 2198 de
2112 2168 2208 2199 aetio-

1254 2222 1291 2241 ne
1303 2233 1312 2244 ,
1333 2212 1367 2241 &
1375 2211 1412 2241 de
1422 2212 1571 2240 memoria
1578 2210 1714 2250 quaedam
1725 2208 1825 2239 brevia
1835 2221 1843 2243 3
1866 2210 1916 2240 sed
1927 2221 2033 2252 magna
2043 2220 2113 2241 cum
2123 2221 2210 2241 exer-

1253 2255 1392 2283 citatione
1402 2260 1541 2292 praecepta
1550 2251 1705 2292 gustatam.
1737 2254 1773 2280 In
1784 2252 1830 2281 his
1841 2254 1924 2282 enim
1934 2251 1997 2283 fere
2008 2253 2095 2283 rebus
2105 2255 2210 2283 omnis

1254 2294 1381 2324 istomm
1398 2292 1548 2323 artificum
1567 2292 1702 2323 doctrina
1710 2293 1838 2323 versatur
1850 2313 1858 2326 ‚
1879 2304 1969 2334 quam
1980 2304 2034 2335 ego
2045 2293 2064 2324 fi
2075 2295 2153 2324 nihil
2163 2293 2210 2324 di-

1255 2347 1321 2366 cam
1330 2336 1477 2375 adjuvare,
1489 2337 1626 2364 mentiar.
1649 2334 1736 2364 habet
1746 2337 1828 2364 enim
1840 2336 1975 2375 quaedam
1986 2334 2064 2376 quafi
2073 2335 2108 2366 ad
2119 2346 2207 2367 com-

1255 2377 1446 2408 monendum
1457 2385 1617 2409 oratorem,
1628 2375 1689 2417 quo
1699 2376 1831 2416 quidque
1840 2377 1992 2411 referam&
2002 2376 2064 2419 quo
2074 2380 2209 2411 intuens,

1254 2419 1290 2450 ab
1299 2430 1336 2449 eo
1347 2439 1355 2453 ‚
1367 2418 1579 2459 quodcumque
1588 2416 1641 2447 sibi
1652 2418 1838 2457 proposuerit
1847 2439 1856 2452 ,
1875 2419 1978 2450 mimis
1991 2421 2114 2450 aberret.
2147 2422 2210 2450 Ve-

1255 2460 1324 2491 rum
1333 2471 1389 2501 ego
1398 2461 1473 2490 hanc
1484 2462 1548 2493 vim
1558 2460 1696 2500 intelligo
1706 2458 1764 2489 effe
1773 2462 1806 2489 in
1813 2470 1966 2501 praeceptis
1975 2462 2132 2495 omnibus,
2144 2471 2209 2492 non

1255 2512 1288 2533 ut
1296 2513 1329 2533 ea
1338 2503 1428 2532 secuti
1439 2511 1566 2532 oratores
1577 2522 1585 2534 ‚
1606 2501 1785 2542 eloquentiae
1796 2502 1915 2533 laudem
1929 2502 1986 2533 sint
2001 2503 2098 2543 adepu'
2110 2523 2118 2537 ‚
2139 2503 2187 2533 sed
2198 2523 2210 2537 ‚

2235 258 2276 293 31

2233 1932 2276 1965 32

1255 2555 1320 2585 quae
1339 2545 1389 2574 sua
1406 2545 1508 2583 sponte
1520 2545 1661 2573 homines
1670 2543 1844 2583 eloquentes
1852 2544 2001 2578 facerent,
2023 2556 2055 2576 ea
2063 2545 2209 2585 quosdam
2231 2552 2235 2555 ⁴

1257 2583 1418 2616 observasse
1431 2606 1439 2619 ‚
1451 2594 1536 2626 atque
1547 2585 1576 2614 id
1586 2583 1686 2625 egiss'e.
1711 2583 1748 2614 sic
1758 2584 1816 2614 effe
1826 2596 1889 2616 non
1900 2587 2104 2627 eloquentiam
2115 2596 2153 2616 ex
2163 2597 2211 2616 ar-

1257 2627 1352 2658 tificio
1361 2648 1370 2660 ‚
1381 2627 1430 2658 sed
1439 2626 1596 2665 artificium
1607 2637 1641 2654 ex
1650 2626 1806 2666 eloquentia
1815 2635 1916 2656 natum
1925 2639 1935 2655 .·
1953 2628 2035 2669 quod
2046 2638 2146 2658 tamen
2156 2648 2164 2661 ,
2178 2636 2211 2658 ut

1256 2668 1323 2699 :inte
1337 2669 1413 2702 dixi,
1426 2679 1489 2698 non
1499 2669 1601 2707 ejicio.
1615 2667 1666 2698 Est
1674 2670 1759 2698 enim
1769 2670 1859 2698 etiam
1870 2668 1890 2698 fi
1900 2670 2002 2699 minus
2013 2668 2209 2700 neceffarium

1257 2711 1291 2741 ad
1303 2711 1379 2740 bene
1390 2710 1669 2743 diceudum‚tamen
1679 2709 1714 2739 ad
1725 2710 1969 2750 cognoscendum
1979 2721 2043 2741 non
2053 2711 2210 2741 illiberale.

1256 2757 1270 2773 ²
1282 2756 1323 2783 Ea
1333 2754 1504 2782 exercitatio
1514 2751 1650 2792 quaedam
1659 2751 1844 2790 suscipienda
1856 2753 1943 2782 vobis
1955 2752 2012 2782 est:
2024 2763 2208 2794 quamquam

1256 2805 1310 2825 vos
1319 2794 1444 2835 quidem
1453 2793 1633 2836 jampridem
1643 2791 1711 2828 estis
1720 2794 1754 2827 in
1764 2793 1850 2826 cursu
1862 2804 1867 2822 :
1887 2794 1937 2825 sed
1946 2796 1984 2825 iis
1992 2815 2001 2829 ,
2021 2797 2074 2836 qui
2085 2798 2097 2822 3
2109 2797 2211 2836 ingre-

1256 2837 1379 2868 diuntur
1398 2839 1430 2868 in
1449 2837 1577 2868 stadium
1588 2858 1597 2871 ,
1618 2839 1729 2878 quique
1738 2848 1771 2868 ea
1781 2858 1789 2872 ‚
1807 2848 1873 2878 quae
1881 2838 1992 2879 agenda
2000 2838 2069 2868 sunt
2078 2839 2111 2867 in
2118 2836 2186 2867 foro
2199 2857 2209 2870 ‚

1257 2889 1408 2921 tunquam
1428 2881 1462 2909 in
1481 2882 1542 2910 acie
1553 2900 1562 2914 ‚
1582 2879 1705 2920 poisunt
1718 2882 1808 2909 etiam
1819 2890 1900 2910 nunc
1910 2881 2122 2909 exercitatione
2131 2877 2210 2919 quasi

1256 2921 1368 2952 ludicra
1375 2921 1548 2962 praediscere
1557 2941 1566 2956 ,
1587 2931 1619 2952 ac
1628 2920 1778 2952 meditari.
1805 2923 1891 2952 Hanc
1900 2921 1994 2961 ipsam
2003 2940 2013 2954 ‚
2032 2923 2133 2961 inquit
2141 2921 2211 2951 Sul-

2103 2971 2211 3002 picius,

1254 3048 1318 3074 dam.
1339 3048 1499 3075 Gulielmius
1510 3048 1618 3084 putabat
1628 3047 1769 3083 legendum
1781 3066 1790 3079 ‚
1800 3049 1829 3078 ὠ·
1837 3050 1972 3074 exercitatio
1982 3067 1990 3080 ‚
2000 3049 2052 3079 &15-
2070 3048 2101 3073 P.
2112 3048 2211 3074 Manu-

1255 3085 1306 3111 tius
1317 3084 1388 3121 publi
1393 3094 1432 3110 cai
1440 3085 1461 3111 it
1473 3103 1480 3115 ‚
1490 3086 1540 3118 ejm
1549 3087 1683 3110 exercitatio
1691 3084 1794 3118 quaedam
1806 3102 1813 3114 ,
1823 3093 1874 3113 eme

1291 3129 1305 3156 3
1312 3140 1318 3146 .
1337 3120 1504 3154 Ingredizmtur
1511 3123 1539 3146 in
1540 3120 1647 3153 stadium
1657 3139 1665 3151 ‚
1675 3121 1742 3153 &eff
1757 3119 1836 3145 Haud
1848 3119 1925 3145 aliter
1937 3118 2061 3146 Lambini
2071 3118 2138 3146 liber
2149 3117 2212 3145 scri-

2147 3199 2171 3217 i.
2184 3192 2212 3216 t-i·
