2301 3395
130 257 173 291 16

193 114 248 145 10

190 189 263 212 meri
271 175 476 209 transferetur:
495 184 559 206 rem
571 193 579 207 ‚
589 173 692 204 locum
705 192 713 205 ,
723 179 841 210 ternpus
851 176 918 199 ante
926 167 1030 198 oculos
1040 174 1144 207 ponet,

193 230 225 251 ut
234 222 267 254 ii,
279 221 330 261 qui
340 218 471 251 audient,
482 215 656 247 existiment
664 223 713 244 aut
723 222 786 243 non
795 209 931 251 potuisse,
943 218 991 239 aut
1000 219 1064 239 non
1073 207 1148 238 fuis-

192 263 222 293 se
233 263 304 292 utile
317 271 381 292 rem
394 263 425 290 in
433 259 584 300 judicium
594 258 706 286 venire.
751 250 905 283 Conceffio
915 250 958 281 est
968 271 976 285 ,
999 259 1149 292 perquam

195 305 283 335 nobis
294 303 408 345 ignosci
418 301 610 342 postulamus.
631 307 664 327 ea
673 295 819 326 dividitur
828 295 858 323 in
870 294 1077 334 purgationem
1088 312 1096 326 ‚
1118 291 1151 321 &

194 346 443 386 deprecationem.
466 343 602 382 Purgatio
611 338 653 368 est
665 358 673 372 ,
685 335 756 367 cum
766 333 904 366 consulto
914 334 930 364 a
940 334 1028 364 nobis
1037 333 1150 364 fastum

195 397 349 429 negamus.
373 388 414 416 Ea
424 384 567 415 dividitur
577 383 609 410 in
619 377 865 410 necessitudinem
877 397 885 410 ,
906 375 1059 406 fortunam
1070 396 1079 410 ,
1091 377 1151 405 im-

194 429 394 470 prudentiam.
427 426 463 456 de
483 427 528 454 liis
548 420 683 463 primum
701 420 832 460 partibus
851 417 1072 449 ostendendum
1091 416 1150 447 est:

195 470 306 501 deinde
317 469 352 499 ad
363 468 601 508 deprecationem
613 461 824 493 revertendum
833 460 960 490 videtur.
1001 457 1150 491 Primum,

194 511 442 542 considerandum
452 508 494 538 est
505 528 514 541 ,
525 515 625 537 utrum
633 513 679 546 per
690 503 800 544 culpam
808 511 934 532 ventum
946 500 979 531 sit
989 503 1021 531 in
1031 498 1153 531 necessi—

194 554 345 586 tudinem,
356 561 431 581 num
442 550 561 590 culpam
571 545 715 577 veniendi
725 542 906 575 neceffitudo
916 543 1026 574 fecerit.
1057 544 1154 573 Dein-

195 595 233 626 de
242 593 437 636 quaerendum
448 590 491 622 est
500 611 509 625 ‚
521 599 616 630 ecquo
627 587 721 618 modo
730 588 776 617 vis
788 587 838 616 illa
846 587 932 616 vitari
952 586 1082 625 potuerit
1094 605 1101 617 ,
1121 593 1155 613 ac

198 638 298 667 levari.
322 634 444 665 Deinde
455 635 479 663 is
489 653 498 667 ,
519 634 573 673 qui
583 633 616 660 in
625 627 870 660 neceffitudinem
882 627 998 658 causam
1008 624 1152 658 conferet,

197 678 373 718 expertusne
383 674 416 706 sit
426 695 434 710 ,
454 674 528 716 quid
546 671 648 703 contra
667 670 760 702 facere
771 691 779 704 ‚
799 679 847 699 aut
867 670 1033 710 excogitare
1051 665 1154 708 posset.

198 719 319 750 Deinde
329 739 338 753 ,
358 728 434 749 num
444 726 509 758 quae
520 715 572 746 sus
589 715 702 744 iciones
712 722 749 743 ex
759 710 953 751 conjeshirali
964 709 1156 740 constitutio-

199 771 237 792 ne
248 762 322 791 trahi
331 758 441 801 possint
449 779 457 794 ‚
483 767 548 799 quae
568 754 724 802 ignificent
734 775 742 788 ,
766 754 796 784 id
815 751 935 793 consulti>
953 751 1066 782 fafitum
1087 748 1155 783 effe,

199 803 280 845 quod
290 799 452 834 necessario
462 797 597 831 accidisse
607 797 725 827 dicitur.
748 795 868 825 Deinde
879 815 888 829 ‚
908 792 929 824 si
948 792 1082 823 maxime
1103 802 1158 822 ne-

199 843 341 876 ceffitudo
351 844 498 885 quaepiam
509 840 608 874 fuerit,
626 842 634 858 ¹
649 839 848 868 conveniatne
861 846 926 866 eam
938 836 1004 866 satis
1016 835 1156 865 idoneam

200 887 318 918 causam
336 887 441 927 putari.
464 885 494 915 Si
504 891 604 913 autem
614 880 803 923 imprudentia
813 888 878 908 reus
890 879 918 908 se
928 875 1056 918 peccasse
1068 876 1156 908 dicet,

200 927 336 970 primum
345 935 490 969 quaeretur
500 945 508 958 ‚
528 923 630 954 utrum
640 924 770 962 potuerit
778 921 850 951 scire
860 940 868 954 ‚
899 930 936 950 an
946 929 1009 949 non
1018 919 1157 958 potuerit.

199 969 333 1003 Deinde,
344 967 447 999 utrum
457 967 523 997 data
533 965 564 995 sit
575 974 671 1004 opera,
683 972 715 993 ut
726 964 844 993 sciretur
856 983 864 996 ,
876 971 913 992 an
926 971 996 991 non.
1027 959 1158 992 Deinde,

201 1011 304 1043 utrum
314 1011 380 1041 casu
391 1010 536 1042 nescierit,
548 1017 585 1037 an
595 1007 688 1046 culpa.
712 1014 783 1035 nam
805 1013 865 1043 Qi
888 1013 925 1033 sa
944 1011 1093 1032 PROPTER
1115 1002 1161 1030 vi-

202 1064 279 1085 num
290 1073 299 1089 2
310 1061 359 1083 aut
368 1061 503 1083 amorem
516 1070 524 1083 ,
543 1057 592 1079 aut
601 1047 787 1077 iracundiam
797 1044 903 1086 fugisse
912 1046 1060 1075 rationem
1070 1043 1159 1075 dicet,

202 1097 228 1126 is
239 1097 334 1126 animi
344 1095 422 1124 vitio
431 1092 583 1123 videbitur
594 1087 716 1119 nescisse
727 1108 735 1122 ‚
756 1098 819 1118 non
839 1086 1049 1127 imprudentia.
1072 1094 1161 1125 quare

203 1147 268 1168 non
286 1135 487 1176 imprudentia
506 1134 533 1163 se
552 1131 693 1162 defendet
702 1150 710 1164 ‚
739 1133 753 1149 ²
764 1129 813 1160 sed
832 1129 917 1168 culpa
935 1126 1161 1158 contaminabit.

204 1178 325 1211 Deinde
335 1175 530 1217 conjeEturali
541 1172 754 1204 constitutione
764 1179 911 1212 quaeretur
921 1190 929 1203 ‚
942 1168 1044 1199 utrum
1055 1168 1162 1212 scierit,

203 1231 242 1252 an
253 1220 431 1262 ignoraverit
443 1230 451 1252 3
463 1218 496 1247 &
506 1214 746 1247 considerabitur,
758 1213 861 1243 satisne
873 1210 1058 1253 imprudentia
1067 1212 1164 1249 praeii-

204 1263 249 1293 dii
267 1261 370 1292 debeat
387 1259 445 1290 esse
456 1279 464 1294 ,
489 1262 502 1286 3
513 1257 584 1288 cum
603 1255 716 1287 faetum
736 1253 793 1285 esse
812 1252 927 1284 constet
949 1251 1162 1292 imprudenter.

206 1303 286 1335 (lum
298 1303 482 1342 infortunam
492 1300 574 1330 causa
583 1297 752 1329 conferetur
762 1317 770 1330 ‚
802 1297 834 1326 ὃς
844 1306 877 1325 ea
886 1305 915 1325 re
927 1293 1067 1324 defensor
1076 1295 1164 1333 igno-

205 1347 249 1378 sci
261 1355 312 1376 reo
323 1345 402 1374 dicet
410 1351 555 1383 oportere,
567 1340 671 1370 eadem
682 1340 786 1369 omnia
795 1337 935 1368 videntur
943 1334 1164 1367 consideranda,

208 1398 274 1430 quae
284 1387 320 1417 de
331 1384 543 1416 necessitudine
554 1383 717 1422 praescripta
729 1381 803 1410 sunt.
835 1383 853 1406 4
863 1380 984 1409 Etenim
1003 1386 1112 1407 omnes
1122 1377 1167 1405 hae

207 1439 264 1460 tres
275 1437 368 1469 partes
378 1427 560 1468 purgationis
570 1427 646 1454 inter
657 1424 684 1453 se
696 1421 834 1452 finitimae
844 1421 912 1451 sunt
922 1440 930 1453 ‚
962 1422 1036 1449 utin
1046 1419 1166 1448 omneis

209 1471 315 1502 eadem
324 1469 386 1500 fere
397 1466 506 1509 possint
515 1464 745 1497 accommodari.
775 1465 849 1493 Loci
869 1471 1050 1506 communes
1069 1470 1101 1490 in
1119 1460 1166 1489 his

208 1511 299 1544 causis
313 1521 319 1541 :
334 1510 519 1541 Accusatoris
531 1506 633 1538 con'tra
643 1516 723 1539 eum,
735 1507 797 1546 qui,
809 1503 881 1535 cum
894 1504 920 1534 se
930 1501 1059 1543 peccasse
1070 1499 1167 1532 confi-

211 1563 313 1587 teatur,
324 1562 426 1583 tamen
435 1548 692 1589 orationejudices
703 1548 882 1577 demoretur.
916 1544 1089 1575 Defensoris
1102 1563 1110 1577 ,
1131 1542 1168 1572 dc

211 1597 396 1627 humanitate
408 1614 416 1628 ,
431 1591 649 1623 misericordia:
671 1597 904 1619 VOLUNTATEM
925 1589 958 1617 in
968 1585 1111 1616 omnibus
1123 1594 1168 1614 re-

211 1639 268 1668 bus
279 1636 400 1678 spthari
411 1635 584 1666 convenire,
599 1633 630 1662 &
640 1642 704 1672 quae
714 1629 852 1660 consulto
861 1628 937 1659 fasta
946 1638 1009 1659 non
1019 1626 1076 1657 sint
1087 1647 1094 1661 ‚
1112 1630 1124 1653 5
1135 1636 1167 1657 ea

212 1679 308 1711 fraudi
318 1677 374 1708 efl'e
385 1687 448 1707 non
458 1685 602 1717 oportere.
647 1674 863 1713 Deprecatione
875 1680 1004 1704 utemur,
1015 1668 1086 1699 cum
1096 1667 1170 1698 fate-

213 1723 316 1752 bimur
325 1729 381 1749 nos
391 1716 528 1759 peccasse,
540 1727 637 1757 neque
646 1715 675 1745 id
688 1714 901 1754 imprudenter,
913 1721 962 1743 aut
970 1712 1105 1744 fortuitu,
1120 1718 1169 1740 aut

214 1759 375 1794 necessario
386 1759 484 1790 seciss'e
495 1759 631 1789 dicemus
643 1778 650 1790 ,
665 1757 696 1787 &
708 1765 808 1786 tamen
818 1756 931 1796 ignosci
941 1754 1030 1784 nobis
1040 1752 1171 1792 postula-

213 1806 325 1836 bimus.
351 1801 410 1833 Hic
418 1799 593 1842 ignoscendi
604 1801 678 1829 ratio
686 1800 825 1839 quaeritur
835 1807 873 1826 ex
883 1798 919 1826 iis
931 1796 1004 1826 locis
1016 1815 1024 1828 ,
1044 1793 1063 1823 fi
1073 1796 1167 1834 plura,

214 1855 264 1877 aut
283 1846 396 1884 majora
414 1844 503 1883 qffi'cz'a
514 1862 523 1876 ,
542 1841 632 1882 quam
644 1838 790 1870 maleficia
800 1858 808 1872 ,
829 1837 1010 1868 videbuntur
1019 1835 1150 1866 constare
1163 1846 1168 1864 :

214 1887 294 1930 siqua
302 1889 407 1919 virtus,
418 1894 467 1915 aut
479 1884 618 1915 nobilitas
630 1884 685 1912 erit
694 1884 727 1911 in
736 1891 774 1911 eo
786 1902 794 1915 ‚
806 1882 856 1921 qui
869 1878 1061 1919 supplicabit:
1085 1877 1104 1907 fi
1114 1887 1170 1918 qua

214 1931 278 1971 spes
287 1931 351 1961 erit,
363 1928 429 1957 usui
438 1926 574 1956 futurum
585 1945 593 1958 ,
614 1923 634 1953 fi
644 1922 704 1953 fine
714 1923 860 1962 supplicio
871 1920 1046 1952 discesserit:
1069 1918 1089 1949 fi
1110 1920 1169 1958 ipse

214 1973 266 2002 iiie
277 1968 595 2010 supplex,mansuetus‚
603 1966 635 1996 &
646 1966 814 1995 misericors
825 1965 858 1994 in
868 1961 1060 2003 potestatibus
1072 1960 1172 1991 osten—

215 2013 300 2044 detur
308 2010 393 2042 i'mss‘e
407 2022 412 2039 z
433 2009 453 2040 si
463 2020 496 2040 ea
506 2030 513 2042 2
525 2019 589 2049 quae
598 2008 731 2047 peccavit
741 2026 749 2040 ,
760 2015 824 2036 non
834 2005 906 2035 odio
917 2025 926 2038 ‚
937 2014 1033 2045 neque
1044 2002 1172 2033 crudeli-

214 2065 270 2085 tate
284 2075 292 2087 ,
314 2053 361 2084 sed
381 2052 471 2092 officio
489 2052 522 2081 &
540 2050 623 2080 resto
642 2048 741 2079 studio
751 2055 924 2078 commotus
935 2046 1023 2076 fecit:
1044 2044 1064 2074 si
1075 2045 1123 2074 tali
1135 2044 1171 2074 de

216 2096 300 2126 causa
308 2095 372 2125 aliis
383 2103 501 2134 quoque
511 2094 649 2133 ignotum
660 2089 714 2119 est:
736 2088 756 2118 si
767 2089 845 2119 nihil
854 2089 890 2118 ab
900 2098 936 2118 eo
946 2088 1069 2127 periculi
1082 2086 1171 2116 nobis

216 2137 352 2168 futurum
362 2134 532 2166 videbitur,
552 2131 572 2161 si
585 2142 655 2161 eum
667 2129 789 2160 missum
799 2129 981 2159 fecerimus:
1004 2127 1024 2156 si
1034 2127 1115 2157 nulla
1124 2135 1172 2156 aut

215 2179 232 2210 Ξι
251 2177 358 2208 nostris
375 2175 492 2206 civibus
503 2194 510 2208 ,
532 2183 582 2203 aut
599 2173 635 2202 ab
652 2172 749 2212 aliqua
757 2172 812 2200 alia
821 2173 940 2200 civitate
947 2170 1125 2208 vituperatio
1136 2177 1173 2196 ex

215 2230 251 2250 ea
263 2230 292 2249 re
304 2219 484 2258 suscipietur.
507 2217 581 2246 Loci
590 2222 780 2244 communes,
792 2211 827 2242 de
837 2213 1032 2243 humanitate,
1042 2209 1172 2242 fortuna,

221 2260 432 2292 misericordia,
444 2267 544 2287 rerum
555 2266 622 2286 com
628 2257 804 2285 mutatione.
829 2255 885 2283 His
894 2253 969 2282 locis
979 2251 1123 2281 omnibus
1133 2260 1171 2280 ex

219 2303 368 2333 contrario
377 2301 508 2330 uteturis
519 2318 527 2331 ,
547 2300 598 2338 qui
608 2295 709 2327 contra
719 2296 813 2329 dicet,
837 2305 907 2324 cum
927 2292 1171 2333 amplificatione,

219 2346 252 2375 &
262 2343 486 2374 enumeratione
497 2342 638 2370 omnium
649 2346 846 2378 peccatorum.
862 2339 933 2365 Haec
942 2336 1035 2368 causa,
1048 2334 1173 2372 judicia-

220 2388 257 2417 lis
269 2385 331 2415 fieri
343 2395 405 2414 non
415 2381 521 2423 potest,
533 2383 605 2411 utin
615 2382 715 2420 primo
725 2379 802 2408 libro
812 2377 999 2409 ostendimus
1013 2375 1078 2406 :sed
1089 2373 1170 2415 quod

220 2427 316 2470 potest
326 2427 374 2456 vel
383 2425 419 2456 ad
430 2425 575 2457 senatum,
588 2423 637 2452 vel
646 2421 681 2451 ad
692 2419 850 2451 confilium
860 2421 974 2453 venire,
985 2428 1049 2448 non
1059 2418 1121 2447 Visa
1129 2416 1172 2447 est

220 2467 440 2510 supersedenda.
465 2469 541 2496 Cum
552 2464 567 2494 a
579 2464 666 2494 nobis
676 2465 789 2492 crimen
800 2471 954 2491 removere
964 2460 1113 2492 volemus,
1125 2466 1173 2488 aut

218 2522 252 2542 in
272 2521 327 2539 rem
337 2530 345 2544 ,
368 2518 417 2539 aut
436 2510 467 2538 in
477 2507 613 2537 hominem
622 2504 714 2535 nostri
724 2505 834 2545 peccati
844 2503 959 2533 causam
970 2501 1170 2531 conferemus.

221 2555 252 2584 Si
261 2552 344 2582 causa
353 2553 386 2581 in
395 2551 555 2580 hominem
565 2546 744 2580 conferetur,
754 2545 948 2587 quaerendum
959 2546 1013 2574 erit
1023 2541 1170 2584 primum,

586 96 671 140 An
704 91 1133 142 Hiram-inruit«,
1169 87 1366 135 Ltmm
1400 86 1742 135 Saeturnus.

1194 168 1362 209 potueritne
1371 176 1647 208 tantum‚quantum
1656 176 1723 197 reus
1734 164 1964 200 demonstrabit,
1971 165 2006 199 is,
2018 164 2051 196 in
2060 166 2151 207 quem

1194 210 1276 241 causa
1285 209 1454 240 conferetur
1463 230 1472 244 ,
1485 210 1518 239 δε
1527 219 1694 250 ecquonam
1706 208 1801 238 modo
1810 217 1860 238 aut
1868 207 1993 238 honeste
2004 228 2012 242 ‚
2032 218 2081 238 aut
2091 206 2151 239 sine

1194 252 1326 292 periculo
1336 253 1465 292 potuerit
1474 249 1575 282 obsisti
1587 262 1592 280 t
1612 249 1633 280 fi
1643 249 1779 280 maxime
1790 251 1828 280 ita
1839 249 1873 279 sit
1882 270 1890 284 2
1910 260 1985 280 num
1995 260 2029 279 ea
2037 259 2067 280 re
2077 259 2153 280 con-
2188 280 2191 282 ,
2213 281 2219 283 „

1194 293 1259 323 cedi
1270 303 1320 323 reo
1330 295 1491 323 conveniat
1500 313 1509 327 ,
1528 291 1611 334 quod
1619 290 1720 322 alieno
1729 291 1856 322 indu&u
1866 291 1978 322 fecerit.
2001 290 2109 321 deinde
2119 293 2153 322 in

1195 334 1429 374 conjeeturalem
1447 335 1576 365 trahetur
1593 332 1823 364 controversiam
1843 354 1852 367 ,
1875 331 1891 359 ⁶
1911 334 1944 364 δε
1961 332 2132 364 edisseretur
2142 352 2152 368 ,

1196 387 1271 407 num
1289 375 1428 407 consulto
1445 375 1559 406 fastum
1571 374 1612 406 fit.
1641 377 1672 406 Si
1681 376 1805 405 causain
1814 384 1879 405 rem
1889 375 2036 416 quandam
2048 374 2156 405 conseq

1196 426 1275 448 retur
1285 438 1292 452 ‚
1317 419 1350 448 &
1360 419 1422 448 haec
1431 418 1535 448 eadem
1544 416 1607 447 fere
1616 437 1624 451 ‚
1638 417 1671 447 &
1682 418 1788 447 omnia
1797 437 1806 450 ,
1818 427 1882 458 quae
1893 417 1929 447 de
1939 415 2152 447 necessitudine

1194 462 1388 500 praecepimus
1400 480 1409 493 ,
1429 458 1639 490 consideranda
1647 467 1744 489 erunt.
1788 461 1958 499 QouiAM
1977 459 2041 488 satis
2051 457 2153 488 osten-

1197 500 1269 532 diffe
1288 501 1428 531 videniur
1438 521 1446 534 ,
1467 501 1576 542 quibus
1592 500 1900 541 argumentationibus
1919 502 1951 529 in
1970 510 2153 541 unoquoque

1197 553 1303 584 genere
1324 543 1414 573 caus-<e
1433 542 1580 578 iudicialis
1602 544 1645 571 uti
1655 543 1829 572 conveniret
1840 553 1849 575 ¹,
1871 542 2012 582 consequi
2023 541 2152 575 videtur,

1199 594 1230 615 ut
1240 585 1401 615 doceamus
1411 604 1419 618 ‚
1430 583 1690 625 quemadmodum
1700 583 1775 623 ipsas
1785 591 2054 624 argumentationes
2066 593 2155 613 orna-

1199 627 1238 660 te,
1251 627 1284 656 &
1293 627 1426 657 absolute
1439 625 1557 656 trastare
1568 623 1719 665 poffimus.
1744 634 1815 654 nam
1825 623 1886 654 fere
1899 635 1965 654 non
1976 623 2099 654 difficile
2111 623 2155 654 est

1199 670 1346 702 invenire,
1358 667 1430 709 quid
1441 666 1474 697 sit
1482 668 1573 698 causae
1582 667 1757 706 adjumento
1770 676 1776 695 ι
1787 664 2007 696 difficillimum
2018 665 2091 696 vero
2102 664 2156 700 est,

1200 712 1360 740 inventum
1371 709 1490 752 expolire
1499 730 1507 743 ,
1532 709 1565 739 δε
1574 708 1710 749 expedite
1721 709 1924 748 pronuntiare.
1946 709 2008 737 haec
2016 710 2099 738 enirn
2111 717 2158 738 res

1200 751 1279 785 facit,
1291 760 1324 782 ut
1334 762 1430 792 neque
1440 751 1563 784 diutius,
1574 753 1665 791 quam
1678 751 1742 781 satis
1753 749 1787 780 sit
1796 770 1806 784 ,
1822 752 1854 779 in
1864 749 1975 780 eisdem
1987 750 2060 779 locis
2071 760 2158 780 com-

1202 803 1367 826 moremur,
1379 803 1475 833 neque
1486 792 1595 823 eodeni
1605 792 1773 822 identidem
1783 791 1973 822 revolvamur
1983 812 1991 824 ,
2003 801 2100 832 neque
2111 792 2159 821 in-

1202 836 1337 865 choatam
1348 836 1638 876 argumentationem
1650 834 1864 875 i·elinquamuS‚
1876 843 1973 874 neque
1984 834 2159 863 incommo*

1202 876 1239 906 de
1250 876 1285 906 ad
1296 877 1385 906 aliam
1395 876 1534 916 deinceps
1544 877 1733 906 transeamus.
1763 879 1863 916 Itaque
1874 877 1928 904 hac
1938 877 2052 905 ratione
2063 875 2096 905 ὃς
2106 872 2159 914 ipfi

1203 917 1375 948 meminisse
1385 919 1562 958 poterimus,
1573 917 1645 959 quid
1655 928 1778 958 quoquo
1788 918 1856 947 loco
1866 917 2031 946 dixerimus
2042 937 2051 950 ,
2066 917 2098 946 &
2108 927 2161 946 au-

1202 960 1281 990 ditor
1291 958 1361 990 cum
1373 962 1464 990 totius
1473 960 1564 990 causae
1574 980 1583 993 ,
1613 969 1677 989 tum
1689 959 1918 999 uniuscujusque
1929 960 2162 999 argumentatio·

1202 1004 1248 1032 nis
1260 1001 1501 1032 distributionem
1512 1003 1660 1041 percipere
1671 1022 1680 1035 ,
1700 1002 1733 1031 δι’.
1751 999 1924 1031 meminiss‘e
1942 1002 2059 1040 poterit.
2083 1003 2163 1040 Ergo

1202 1041 1426 1077 absolutissima,
1439 1044 1471 1073 δε
1481 1041 1691 1084 pei·fe6tiffima
1700 1044 1916 1083 argumentatio
1923 1041 1969 1071 ‘est
1978 1052 2011 1072 ea
2021 1062 2029 1075 ,
2052 1052 2118 1082 quae
2129 1044 2163 1072 in

1203 1086 1337 1126 quinque
1357 1087 1461 1125 parteis
1480 1085 1522 1115 est
1531 1084 1687 1115 distributa
1696 1105 1705 1119 ‚
1728 1083 1959 1125 propositionem
1972 1104 1979 1117 ‚
2002 1086 2162 1116 rationem,

2175 455 2214 488 18

1204 1136 1327 1157 rationis
1337 1125 1604 1157 confirmationem
1615 1147 1623 1161 ,
1635 1128 1865 1156 exornationem
1876 1145 1885 1159 ,
1904 1126 2163 1164 complexionem.
2181 1145 2184 1149 ,

1205 1166 1369 1208 Propositio
1381 1168 1423 1199 est
1434 1188 1442 1201 ‚
1462 1178 1514 1208 per
1523 1178 1613 1210 quam
1623 1168 1811 1198 ostendimus
1822 1168 1995 1197 summatim
2010 1187 2018 1200 ‚
2036 1166 2108 1207 quid
2120 1164 2163 1199 sit,

1204 1209 1284 1252 quod
1294 1209 1416 1249 probare
1426 1210 1579 1240 volumus.
1602 1211 1693 1240 Ratio
1702 1229 1710 1243 ‚
1729 1208 1773 1239 est
1782 1209 1865 1239 causa
1876 1229 1884 1242 ,
1895 1219 1958 1249 quae
1970 1207 2166 1242 demonstrat,

1207 1261 1313 1281 verum
1326 1249 1384 1281 effe
1394 1251 1423 1281 id
1435 1251 1515 1292 quod
1529 1251 1716 1282 intendimus
1727 1271 1736 1285 ,
1748 1251 1831 1280 brevi
1843 1250 2037 1290 subjectione.
2060 1252 2166 1280 Ratio-

1208 1294 1255 1323 nis
1265 1291 1457 1323 confirmatio
1467 1292 1510 1323 est
1520 1303 1551 1324 ea
1561 1313 1570 1327 ‚
1590 1303 1655 1334 quae
1663 1292 1798 1333 pluribus
1808 1300 1976 1332 argumentu-
1995 1291 2167 1322 corroborat

1208 1335 1336 1364 breviter
1353 1333 1516 1374 expositam
1535 1337 1692 1365 rationem.
1721 1336 1889 1365 Exornatio
1905 1334 1947 1363 est
1958 1354 1966 1367 ,
1985 1344 2043 1374 qua
2052 1335 2167 1363 urimur

1206 1378 1248 1406 rei
1260 1375 1451 1406 honestandae
1463 1396 1472 1410 ‚
1493 1376 1526 1406 &
1535 1376 1803 1417 collocupletandae
1811 1376 1894 1406 causa
1903 1395 1911 1409 ‚
1932 1375 2108 1405 confirmata
2118 1385 2164 1404 ar-

1207 1419 1442 1459 gumentatione.
1461 1418 1644 1459 Complexio
1654 1417 1707 1452 est,
1717 1428 1782 1459 quae
1791 1417 1946 1448 concludit
1955 1417 2091 1450 breviter,
2104 1416 2170 1447 col-

1209 1460 1304 1500 ligens
1314 1461 1420 1499 parteis
1429 1462 1706 1501 argumentationis.
1760 1460 1852 1490 Hisce
1862 1461 1952 1500 igitur
1960 1460 2093 1500 quinque
2103 1468 2167 1498 pai·-

1208 1502 1288 1531 tibus
1301 1520 1309 1534 ‚
1322 1509 1355 1531 ut
1363 1499 1576 1532 absolutiffime
1587 1510 1706 1532 utamur
1717 1521 1725 1535 ‚
1749 1502 1808 1531 hoc
1818 1501 1912 1531 modo
1923 1500 2113 1530 tractabimus
2123 1510 2168 1530 ar-

1207 1544 1477 1584 gumentationem.
1507 1546 1528 1572 C
1527 1544 1626 1583 aufizm
1635 1542 1798 1580 ostendemus
1808 1540 1905 1583 Ulyffi
1913 1541 2011 1576 fuisse,
2022 1552 2110 1582 quare
2120 1543 2170 1572 in-

1209 1583 1357 1615 terfecerit
1375 1586 1496 1624 Ajacem
1510 1595 1515 1614 z
1538 1587 1702 1616 inimicum
1720 1586 1803 1616 enim
1821 1586 2001 1615 acerrimum
2019 1584 2055 1614 de
2066 1583 2170 1614 medio

1209 1626 1314 1657 tossere
1331 1627 1451 1657 volebat
1462 1637 1467 1655 :
1487 1626 1503 1657 a
1512 1638 1572 1668 quo
1583 1626 1635 1657 sibi
1645 1637 1709 1657 non
1718 1628 1826 1667 injuria
1835 1626 1991 1657 summum
2000 1625 2170 1666 periculum

1211 1668 1376 1698 metuebat:
1399 1668 1520 1699 videbat
1529 1670 1583 1699 illo
1594 1669 1744 1699 incolumi
1755 1689 1764 1703 ,
1777 1669 1804 1699 se
1814 1668 2004 1698 incolumem
2014 1678 2078 1697 non
2088 1666 2171 1698 sutu-

1211 1719 1279 1740 rum
1292 1721 1297 1739 z
1322 1710 1540 1750 speiabatiliius
1550 1719 1646 1741 morte
1657 1711 1686 1740 se
1695 1711 1818 1741 salutem
1829 1709 1882 1740 sibi
1891 1719 2073 1749 comparare.
2095 1718 2171 1739 con-

1212 1752 1352 1785 sueverat,
1365 1750 1385 1781 fi
1391 1762 1457 1792 jure
1467 1762 1530 1783 non
1541 1761 1662 1792 poterat,
1668 1754 1770 1793 quavis
1780 1752 1889 1791 injuria
1898 1753 2027 1781 inimico
2039 1752 2170 1781 exitium

1213 1794 1377 1824 machinari
1390 1803 1394 1822 :
1415 1795 1463 1823 cui
1482 1796 1524 1824 rei
1536 1800 1550 1822 7
1561 1804 1643 1824 mors
1653 1794 1776 1834 indigna
1785 1792 1949 1823 Palamedis
1959 1791 2172 1822 testimonium

1213 1835 1270 1865 dat.
1304 1838 1381 1875 Ergo
1393 1835 1425 1865 ὅ(
1435 1844 1534 1865 metus
1544 1836 1668 1876 periculi
1678 1835 1846 1865 hortabatur
1854 1844 1926 1864 eum
1937 1835 2110 1864 interimere
2121 1854 2130 1868 ,
2155 1833 2172 1865 ὲ

1213 1886 1274 1919 quo
1284 1877 1463 1917 supplicium
1474 1879 1627 1907 verebatur
1638 1888 1643 1906 ;
1665 1877 1697 1907 &
1707 1876 1894 1907 consuetudo
1904 1875 2046 1916 peccandi
2057 1896 2065 1910 ‚
2077 1876 2172 1906 male-

1214 1919 1276 1949 ficii
1295 1918 1473 1958 suscipiendi
1490 1919 1662 1949 removebat
1679 1918 1908 1948 dubitationem.
1950 1919 2067 1947 OMNES
2086 1919 2171 1947 enim

1214 1959 1286 1991 cum
1297 1962 1427 1990 minima
1435 1969 1551 2000 peccata
1558 1970 1629 1991 cum
1639 1961 1722 1991 causa
1731 1960 1894 2000 suscipiunt
1905 1980 1913 1993 ‚
1934 1967 1999 1988 tum
2018 1957 2091 1989 vero
2109 1959 2172 1992 illa,

1213 2013 1278 2044 quae
1288 2002 1385 2032 multo
1395 2005 1529 2032 maxima
1538 2003 1606 2033 sunt
1615 2001 1876 2042 maleficia‚aliquo
1886 2009 1966 2031 certo
1978 2001 2174 2033 emolumen-

1215 2053 1247 2074 to
1257 2044 1340 2074 duffi
1351 2044 1494 2083 suscipere
1504 2052 1659 2074 conantur.
1682 2046 1712 2074 Si
1723 2044 1835 2073 multos
1846 2042 2008 2072 induxitin
2017 2036 2172 2081 peccatum

1214 2087 1348 2125 pecuniae
1361 2086 1420 2124 spes
1433 2105 1440 2118 ‚
1453 2084 1476 2114 -fi
1487 2085 1656 2124 complures
1667 2085 1773 2115 scelere
1781 2084 1810 2114 se
1820 2084 2100 2113 contaminaveiunt
2112 2085 2173 2114 im-

1214 2128 1288 2166 perii
1307 2126 1466 2165 cupiditate
1476 2145 1484 2159 ,
1507 2124 1527 2155 fi
1546 2126 1635 2156 multi
1654 2125 1713 2154 [eve
1723 2125 1911 2168 compendium
1929 2124 2030 2154 fraude
2041 2127 2177 2155 maxima

1215 2175 1479 2197 commutaverunt
1490 2177 1495 2195 :
1506 2169 1555 2196 cui
1568 2169 1681 2196 mirum
1692 2167 1841 2197 videbitur
1852 2187 1860 2201 ,
1873 2161 1887 2185 3
1898 2165 1987 2195 istum
1998 2165 2013 2195 a
2024 2165 2176 2197 maleficio

1215 2217 1333 2248 propter
1349 2209 1524 2238 acerrimam
1543 2207 1742 2239 formidinem
1761 2219 1824 2238 non
1843 2205 2012 2247 temperasse
2025 2211 2035 2237 ?
2064 2210 2173 2239 Virum

1216 2247 1409 2279 fortissimum
1422 2270 1430 2282 ,
1442 2251 1682 2290 integerrimum,
1698 2252 1928 2280 inimicitiarum
1939 2247 2176 2290 persequentiffi-

1217 2301 1315 2325 mum,
1327 2292 1435 2330 injuria
1446 2289 1618 2325 lacessitum,
1630 2293 1671 2321 ira
1681 2294 1853 2325 excitatum,
1864 2292 1960 2321 horno
1970 2291 2104 2325 timidus,
2117 2300 2175 2321 no-

1215 2343 1297 2365 cens,
1308 2333 1443 2362 conscius
1454 2333 1498 2362 sui
1508 2336 1616 2373 peccati
1628 2353 1636 2367 ‚
1662 2337 1676 2360 9
1689 2332 1846 2364 insidiosus
1860 2354 1868 2367 ‚
1881 2335 2045 2363 inimicum
2056 2333 2176 2363 incolu-

1217 2385 1300 2404 mem
1312 2373 1368 2404 effe
1379 2374 1493 2404 noiuit:
1517 2376 1566 2404 cui
1575 2375 1694 2405 tandem
1705 2376 1762 2405 hoc
1773 2377 1886 2405 mirum
1897 2374 2070 2405 videbitur?
2092 2378 2174 2405 Nam

1215 2414 1367 2455 cumferas
1375 2414 1470 2451 bestias
1480 2416 1635 2447 videamus
1645 2417 1764 2447 alacreis
1775 2438 1783 2451 ‚
1801 2418 1833 2447 &
1845 2416 1954 2447 emeras
1963 2416 2080 2451 vadere,
2091 2425 2124 2446 ut
2132 2417 2177 2446 al-

1215 2459 1269 2488 teri
1289 2456 1387 2487 bestiae
1407 2467 1533 2488 noceant
1544 2479 1552 2491 ‚
1574 2469 1637 2489 non
1647 2458 1689 2489 est
1698 2459 1874 2489 incredibile
1884 2457 2049 2498 putandum
2060 2477 2070 2492 ,
2089 2458 2176 2488 istius

1215 2510 1334 2540 quoquc
1354 2501 1490 2529 animum
1503 2521 1510 2534 ‚
1534 2499 1631 2530 ferum
1644 2521 1652 2533 ,
1664 2501 1824 2531 ‘crudelem
1835 2520 1843 2534 ‚
1862 2509 1948 2541 atque
1959 2500 2176 2533 inhumanum,

1220 2544 1247 2561 ¹0
1256 2540 1362 2582 cupide
1374 2541 1409 2571 ad
1419 2543 1538 2571 inimici
1548 2544 1713 2582 pernicicm
1723 2542 1892 2583 proselitum
1905 2552 1911 2571 z
1932 2541 2091 2582 praesertim
2103 2540 2177 2572 cum

2028 2585 2061 2612 in
2075 2582 2179 2613 bestiis

264 2661 287 2678 1.
306 2653 463 2676 conveniatne
480 2657 530 2673 cam
542 2648 605 2680 satis
623 2647 727 2672 idoneam
747 2649 840 2677 (nigram
848 2644 958 2677 putari]
981 2644 1020 2668 lta
1040 2642 1107 2667 Pali.
1127 2649 1180 2667 tres

224 2688 327 2725 priores
336 2686 364 2711 8<
375 2686 461 2721 quint.
472 2684 498 2709 &
511 2682 676 2709 Fabricianus
688 2690 696 2712 3
719 2690 803 2716 neque
823 2679 892 2706 secus
912 2679 973 2706 edd.
993 2679 1093 2715 primm.
1114 2676 1181 2703 iilud

222 2723 318 2758 eausam
328 2732 379 2748 non
390 2727 521 2756 comparet
533 2719 558 2745 in
571 2718 637 2744 Pali.
649 2724 736 2753 quart.
747 2724 792 2743 aut
801 2715 886 2742 sexto.

261 2772 290 2789 2.
307 2762 352 2788 sed
368 2762 436 2793 culm
453 2758 644 2791 contaminabit]
666 2756 778 2783 Addunt
799 2755 865 2782 Pan.
887 2763 940 2782 tres
960 2755 988 2781 ὅτ
1000 2751 1180 2785 Fabricianus,

220 2799 352 2834 pzrfivxam,
363 2795 496 2832 quomodo
506 2802 593 2820 tamen
605 2793 672 2820 nulli
683 2792 759 2824 editi,
770 2793 796 2819 1η
808 2792 900 2829 quibus
912 2792 1118 2817 contaminabitur.

262 2847 289 2875 3.
308 2841 364 2863 Cum
368 2838 462 2871 sallum
471 2836 510 2868 effe
519 2833 787 2867 const.2t1mprudemcr.]
819 2831 919 2859 Addidi
930 2841 963 2857 ex
976 2829 1127 2858 Fabriciano
1136 2831 1183 2855 im-

220 2875 351 2909 prudenter
362 2892 369 2905 ,
390 2881 448 2909 quae
460 2880 509 2897 vox
522 2869 644 2897 excidisse
657 2868 760 2895 videtur
773 2889 779 2901 ‚
801 2878 885 2905 neque
896 2868 930 2894 est
941 2874 1036 2904 praetei·
1046 2875 1112 2892 rem.
1133 2869 1183 2891 Gu-

226 2912 337 2936 litlminr.

264 2953 292 2978 4.
312 2946 404 2970 Etenim
413 2952 487 2968 omner
497 2943 529 2968 he
538 2949 586 2966 tres
593 2948 673 2974 parics
684 2941 853 2975 sufflationis]
864 2941 962 2966 Vocem
974 2947 1049 2964 omnes
1061 2937 1144 2973 recepi
1157 2937 1181 2963 in

229 2988 399 3012 contextum,
409 2980 470 3015 quia
479 2977 598 3004 disertim
609 2974 1072 3003 exstarct'm1'n1.1110u1'1e11u‘12n‘is
1084 2974 1110 3000 δε
1122 2972 1182 3000 edd.

249 3026 332 3044 rimis.

228 3028 245 3054 F
267 3063 292 3086 5.
312 3055 350 3079 Ea
362 3050 446 3085 fraudi
463 3050 555 3084 effenrm
564 3048 688 3083 oportere]
710 3047 778 3073 Pau.
790 3047 868 3074 nostri
880 3056 970 3074 omnes
983 3067 991 3078 ‚
1009 3050 1034 3072 in
1045 3046 1185 3080 iisfiandcm

228 3089 268 3123 affi-
278 3099 321 3114 non
331 3094 438 3152 σέσηπε.
459 3085 529 3122 quod
539 3095 592 3114 non
603 3084 750 3122 improbem
760 3083 794 3112 ob
803 3083 947 3112 editionem
960 3082 1084 3116 meroni,
1096 3083 1124 3109 in
1135 3091 1186 3118 qua

230 3133 296 3152 lttm
309 3133 332 3152 Vl
355 3131 409 3152 tur.

1255 2641 1283 2666 6.
1304 2644 1336 2666 Et
1346 2642 1488 2673 vdigscretur,
1499 2651 1554 2666 num
1564 2642 1659 2670 consulto
1671 2661 1679 2674 ‚
1689 2643 1756 2677 Gya]
1778 2642 1920 2668 Sicorimes
1931 2639 1992 2666 libri
2002 2638 2100 2675 scripti.
2120 2639 2180 2672 edis-

1215 2678 1291 2712 firere
1303 2696 1310 2708 ,
1330 2678 1557 2712 argumentatione
1568 2677 1723 2713 distiti'irere.
2164 2684 2165 2688 ¹

1257 2721 1283 2746 7.
1305 2717 1372 2739 Mors
1382 2713 1478 2746 indigna
1486 2715 1619 2739 ‘Pafamedia
1629 2717 1777 2745 testimonium
1792 2713 1860 2746 dats]
1879 2712 1942 2738 Vox
1961 2711 2056 2737 ultima
2074 2719 2125 2737 non
2136 2710 2180 2736 in-

1222 2748 1281 2774 fluit
1292 2748 1404 2775 suaviter
1415 2750 1440 2775 in
1452 2750 1534 2775 aureis
1548 2761 1553 2776 :
1566 2750 1653 2786 estque
1663 2751 1689 2777 in
1702 2751 1758 2777 Pal.
1768 2759 1808 2786 pr.
1819 2745 2072 2782 tiesiimoniumpraebet.
2093 2745 2180 2774 forsan

1224 2792 1333 2820 utraque
1345 2786 1379 2811 est
1392 2786 1405 2811 11
1418 2785 1542 2811 librariis.
2163 2791 2168 2796 ·

1252 2821 1278 2846 8.
1290 2824 1358 2854 Iflrnn
1369 2820 1383 2846 ἃ
1395 2822 1567 2855 ηιιώήαόῶτ.
1578 2820 1837 2856 remfe2·a,(ll*.]Maluit
1845 2821 1912 2853 istum
1923 2818 2180 2853 maleficiossulielni.

1258 2865 1287 2891 9.
1308 2858 1439 2891 Infidiqsm,
1449 2861 1568 2883 immicum
1578 2860 1618 2889 effl-
1627 2861 1759 2883 itzcohtmem
1768 2857 1867 2890 nolum]
1890 2856 1956 2881 Haec
1965 2854 2116 2890 perturbata
2126 2854 2181 2880 im*-

1223 2894 1370 2919 mutatione
1380 2892 1490 2918 (1111111111
1502 2902 1594 2919 vocum
1610 2912 1618 2925 ‚
1638 2894 1671 2919 sie
1681 2894 1751 2930 iegas
1763 2904 1768 2920 :
1781 2892 2039 2924 Invidiosus-inlautum
2057 2889 2181 2925 Respon-

1223 2928 1286 2955 dent
1298 2928 1366 2954 enim
1379 2929 1430 2954 illis
1442 2928 1515 2964 supra
1525 2929 1613 2964 positis
1626 2949 1633 2961 ,
1643 2930 1734 2962 injuria
1742 2931 1876 2963 Iaceffitum,
1886 2930 1926 2952 ira
1935 2928 2071 2951 excitatum.
2093 2925 2110 2951 ii
2121 2925 2181 2960 quis

1224 2972 1311 2990 tamen
1323 2965 1423 2990 lumult
1433 2966 1548 2997 infidiosm
1561 2984 1568 2996 ‚
1580 2965 1659 2992 liceto
1672 2985 1679 2998 ,
1689 2965 1752 2992 dum
1763 2965 1812 2991 hoc
1822 2969 1924 2990 maneat
1937 2980 1946 2994 ‚
1956 2959 2120 2988 scribendum
2131 2960 2182 2987 effe

1224 3000 1344 3026 inimicia.
1364 3000 1396 3025 fic
1407 3000 1579 3027 Gulielmius.

1265 3045 1305 3071 ¹0,-
1326 3037 1411 3069 Cupidi-
1421 3036 1454 3060 ad
1463 3039 1550 3061 immisi
1564 3040 1688 3069 pemiciem
1703 3035 1857 3071 profiHum]
1878 3032 2013 3060 Convenit
2023 3031 2072 3057 hoc
2082 3040 2140 3057 cum
2151 3031 2185 3059 eo

1219 3076 1306 3108 iver-bo
1317 3075 1386 3111 quod
1397 3076 1423 3102 in
1437 3073 1574 3110 nigor-05¹0<
1585 3076 1631 3108 est,
1641 3077 1728 3102 vadere
1740 3095 1748 3108 ,
1758 3075 1849 3102 malim
1859 3081 1946 3100 tamen
1953 3073 2097 3105 provellum.
2118 3080 2183 3107 pro-

1227 3115 1330 3144 vehitur
1341 3117 1411 3144 cuim
1421 3117 1523 3144 animus
1533 3116 1573 3145 ir».
1581 3124 1626 3144 aut
1637 3115 1780 3153 cupiditate
1792 3135 1801 3149 ‚
1810 3107 2055 3151 nonpioficiscitur.

2088 3147 2186 3181 „91ae

2189 1470 2252 1504 19*
