2316 3395
237 151 300 198 60
664 143 1161 195 MTutnn

235 230 253 262 Ξι
264 230 365 272 culpa:
386 232 419 264 &
430 241 467 263 ex
479 230 531 263 suo
540 231 668 262 nomine
677 240 877 262 communem
888 230 1053 260 hominum
1064 227 1197 259 infirmi-

237 282 328 304 tatem
347 272 428 315 posse
446 274 594 304 damnari.
624 273 743 304 Deinde
772 275 888 302 Nmin
916 280 1098 301 tumemus
1125 268 1194 303 ess'e,

236 325 327 356 quarn
337 326 407 348 eum
420 336 429 349 ,
448 318 500 357 qui
519 317 604 355 culpa
613 323 705 345 careat
713 334 721 348 ,
742 314 889 353 supplicio
908 323 972 343 non
990 322 1094 343 carere.
1119 313 1194 342 Loci

233 366 335 388 autem
346 368 527 388 communes
542 357 716 387 accusatoris
728 375 736 389 ,
756 366 834 385 unus
845 365 878 385 in
889 353 1074 385 confessione
1087 374 1094 387 ‚
1111 354 1143 384 δε
1153 354 1195 383 al-

235 407 298 433 ter,
310 408 417 443 quanta
426 399 551 440 potestas
562 397 703 438 peccandi
713 397 915 438 relinquatur,
937 394 958 426 s1
967 396 1061 426 semel
1073 395 1193 426 institu-

237 449 303 471 tum
315 446 367 475 nt,
388 451 492 471 utnon
503 440 539 470 de
556 439 635 470 fano
647 459 656 472 ‚
676 438 724 469 sed
735 438 772 468 de
780 437 944 470 faEticausa
960 447 1115 479 quaeratur.
1142 437 1194 467 de·

236 481 365 512 fensoris
384 481 559 522 conquestio
578 482 752 511 calamitatis
768 481 831 520 ejus
842 501 851 514 ,
871 490 937 521 quae
947 491 1010 510 non
1020 480 1106 520 culpa
1117 499 1125 512 ‚
1146 478 1194 508 sed

237 525 269 553 vi
282 525 394 559 majore
403 523 528 564 quadam
539 522 694 555 acciderit,
706 522 739 552 δε
749 521 786 552 de
795 521 922 552 fortunae
933 521 1085 562 potestate,
1097 522 1128 551 δε
1138 521 1195 550 ho-

239 568 361 595 minum
373 565 545 595 infirmitate
558 585 566 597 ,
578 564 610 594 &
621 566 663 594 uti
674 565 762 594 suum
771 565 901 592 animum
910 574 973 594 non
982 571 1113 592 eventum
1123 572 1196 592 con-

238 605 365 637 siderent
381 609 416 636 In
426 606 535 647 quibus
545 606 691 636 omnibus
698 605 947 647 conquestionem
958 606 1075 636 suarum
1086 614 1195 648 aerum-

238 658 358 680 narum,
371 649 402 677 ὃ(
413 647 597 678 crudelitatis
607 647 838 678 adversariorum
850 647 1091 688 indignationem
1103 644 1193 676 inesse

239 689 402 729 oportebit.
426 692 471 719 Ac
479 691 638 720 neminem
649 691 748 720 mirari
758 692 929 722 conveniet,
943 687 962 718 fi
973 698 1021 719 aut
1031 691 1063 718 in
1074 690 1119 717 his
1130 708 1138 720 ‚
1148 695 1197 717 aut

238 732 273 760 in
291 731 356 761 aliis
367 732 516 771 exemplis
535 732 634 771 scripti
644 740 764 772 quoque
781 729 1012 761 controversiam
1024 729 1196 770 adjunEham

237 772 365 802 videbit.
389 774 461 815 Qo
476 773 514 803 de
531 783 639 815 genere
657 772 725 812 post
744 774 800 803 erit
817 772 906 802 nobis
924 773 1076 813 separatim
1095 771 1198 801 dicen-

239 813 314 844 dum
325 834 333 847 ‚
355 823 506 854 propterea
514 813 597 856 quod
606 814 742 855 quaedam
750 825 858 856 genera
866 815 1016 844 causarum
1029 834 1037 846 ,
1057 812 1199 852 simplici—

240 864 285 886 ter
296 876 304 888 ‚
326 856 358 886 ὃς
367 866 407 886 ex
425 857 514 887 suavi
523 855 745 886 considerantur
765 867 770 884 :
790 855 926 897 quaedam
939 865 1039 886 autern
1050 854 1104 884 sibi
1114 853 1195 884 aliud

239 907 359 938 quoque
379 897 500 939 aliquod
519 896 724 928 controverslae
762 908 836 928 enus
854 897 1014 928 aflhmunt.
1046 900 1143 938 Qare
1163 905 1198 924 0-

240 940 366 969 mnibus
383 941 513 981 cognitis
524 960 533 974 ,
550 950 615 970 nor-1
624 942 681 969 erit
698 939 729 969 di
766 940 823 969 cilo
835 941 868 970 in
877 948 1120 980 unamquamque
1130 947 1197 967 cau-

238 981 301 1010 sam
314 980 468 1012 transferre
478 1002 487 1016 ,
498 981 580 1023 quod
591 991 629 1011 ex
638 991 674 1011 eo
684 991 803 1022 quoque
810 991 917 1022 genere
929 982 1092 1011 conveniet
1104 990 1110 1009 z
1122 988 1154 1009 ut
1164 981 1196 1008 in

237 1023 287 1052 his
298 1024 446 1063 exemplis
457 1021 652 1054 concessionis
664 1023 740 1054 inest
760 1023 904 1054 omnibus
915 1024 1013 1063 scripti
1023 1031 1196 1053 controver-

239 1062 277 1094 fia
286 1074 318 1094 ea
327 1084 335 1098 ‚
360 1075 426 1106 qua:
435 1075 473 1095 ex
483 1066 591 1105 scripto
603 1066 636 1095 δε
645 1065 791 1096 sententia
810 1068 1000 1096 nominatur:
1022 1065 1068 1095 sed
1078 1065 1148 1105 quia
1157 1062 1193 1092 de

240 1105 430 1137 conceffione
442 1107 640 1147 loquebamur
651 1127 659 1141 ,
679 1109 712 1137 in
721 1118 789 1138 eam
798 1117 940 1148 praecepta
950 1106 1099 1137 dedimus.
1125 1106 1196 1135 Alio

237 1157 339 1178 autem
351 1149 420 1178 loco
430 1149 466 1179 de
477 1150 585 1189 scripto
604 1150 792 1180 &sententia
809 1149 955 1180 dicemus.
980 1151 1072 1178 Nunc
1082 1149 1114 1177 in
1126 1148 1197 1177 alte-

239 1198 301 1219 ram
312 1189 508 1220 concessionis
517 1199 628 1230 partem
638 1189 908 1222 considerationem
919 1190 1123 1220 intendemus.
1135 1192 1198 1219 De-

238 1234 367 1271 precatio
377 1231 420 1262 est
430 1252 438 1266 ‚
460 1234 490 1262 in
501 1243 558 1274 qua
568 1243 632 1263 non
642 1231 773 1262 defensio
785 1232 854 1263 faeti
867 1253 874 1265 ,
896 1232 946 1263 sed
957 1231 1131 1273 ignoscendi
1141 1240 1195 1271 po-

240 1272 357 1303 stulatio
367 1276 548 1305 continetur.
555 1277 623 1305 Hoc
631 1285 726 1316 genus
734 1276 788 1304 vix
797 1276 830 1304 in
838 1274 954 1315 judicio
963 1274 1081 1313 probari
1090 1271 1195 1313 potest,

239 1313 309 1345 ideo
319 1314 401 1355 quod
421 1318 445 1346 C
460 1326 484 1346 o
498 1326 520 1345 N
538 1326 557 1345 c
573 1326 593 1346 E
613 1327 626 1346 s
646 1327 658 1347 s
674 1326 693 1346 o
710 1326 842 1356 peccato,
854 1314 977 1346 difficile
987 1314 1030 1346 est
1040 1315 1076 1345 ab
1085 1324 1133 1347 eo,
1145 1315 1197 1354 qui

239 1366 430 1397 peccatorum
440 1358 555 1388 vindex
566 1356 624 1388 effe
634 1358 769 1391 debemur
780 1358 924 1399 ignoscat,
935 1359 1104 1397 impetrare.
1117 1359 1197 1397 Qa-

238 1408 269 1428 re
279 1407 359 1438 parte
369 1399 433 1439 ejus
444 1401 559 1440 generis
571 1419 580 1434 ,
600 1398 671 1430 cuin
681 1401 797 1430 causam
807 1410 870 1429 non
888 1401 921 1429 in
940 1409 976 1429 eo
995 1398 1195 1429 constitueris,

243 1442 286 1470 uti
307 1440 419 1471 licebit.
444 1444 487 1471 Ut
496 1440 516 1471 fi
532 1452 587 1481 pro
597 1441 699 1482 aliquo
709 1442 787 1472 clato
799 1462 807 1474 .
826 1450 875 1471 aut
883 1440 955 1471 forti
964 1442 1031 1470 viro
1043 1462 1050 1473 ‚
1071 1440 1154 1478 cujus
1165 1441 1198 1468 in

243 1482 463 1522 rempublicam
474 1483 567 1513 multa
577 1482 632 1513 sint
642 1482 796 1517 beneficia,
806 1483 920 1513 dixeris
934 1494 939 1512 z
950 1481 1036 1522 possis
1049 1502 1057 1515 ,
1068 1481 1139 1512 cum
1150 1483 1198 1511 vi-

240 1523 337 1554 dearis
346 1535 410 1555 non
420 1527 464 1555 uti
474 1525 680 1565 deprecatione
691 1545 700 1559 ‚
720 1527 763 1555 uti
774 1534 875 1555 tamen
886 1544 894 1558 ‚
913 1524 948 1555 ad
958 1525 1039 1554 hunc
1049 1523 1121 1553 mod
1127 1533 1177 1553 um
1191 1533 1196 1550 z

237 1564 331 1607 Qod
350 1565 371 1595 si
381 1586 390 1600 ,
406 1566 524 1606 judices
534 1587 542 1600 ‚
562 1567 611 1597 hic
628 1577 682 1606 pro
692 1567 752 1596 suis
764 1565 919 1597 beneficiis
929 1587 937 1600 ‚
958 1576 1012 1607 pro
1025 1566 1077 1596 suo
1088 1564 1196 1598 studio,

235 1607 320 1648 quod
330 1609 364 1638 in
374 1618 428 1638 vos
447 1608 550 1639 habuit
561 1609 676 1649 semper
686 1629 694 1643 ‚
718 1609 768 1638 tali
788 1609 841 1638 suo
852 1617 987 1648 tempore
999 1628 1007 1641 ‚
1028 1607 1196 1637 multorum

239 1649 362 1679 suorum
387 1649 466 1680 reste
484 1649 632 1681 faEiorum
649 1651 732 1681 causa
742 1670 751 1684 ‚
770 1650 820 1679 cmi
836 1649 936 1679 desiero
955 1658 988 1680 ut
1005 1649 1196 1690 ignoscerctis

235 1690 400 1730 postularet
411 1711 419 1725 ‚
434 1696 442 1711 ¹
455 1700 516 1722 tam
528 1692 656 1732 dignum
666 1691 760 1722 vestra
770 1691 998 1722 mansuetudine
1011 1712 1019 1725 ‚
1029 1690 1120 1732 quam
1134 1692 1195 1720 vir-

236 1741 299 1766 tute
310 1734 398 1769 liuius
409 1732 481 1764 ess'et
489 1754 498 1767 ‚
517 1734 629 1770 iudices
641 1755 648 1767 ,
661 1733 676 1764 a
686 1734 773 1764 vobis
783 1734 860 1764 hanc
868 1743 933 1763 rem
946 1754 953 1766 ,
974 1735 1033 1763 hoc
1041 1732 1193 1773 postulan-

238 1783 266 1804 te
278 1795 286 1807 ,
307 1776 467 1815 impetrari.
491 1775 612 1806 Deinde
621 1786 725 1816 augere
744 1774 888 1805 beneficia
898 1775 1002 1806 licebit
1012 1795 1021 1809 ,
1042 1774 1197 1814 &judices

238 1826 291 1856 pei·
300 1816 401 1846 locum
413 1827 616 1848 communem
628 1821 642 1837 ²
653 1817 687 1848 ad
698 1817 873 1858 ignoscendi
883 1818 1069 1847 voluntatem
1079 1816 1194 1846 ducere.

239 1861 336 1898 Quare
348 1859 406 1888 hoc
415 1869 509 1898 genus
521 1880 529 1894 ,
542 1870 723 1901 quamquam
736 1859 899 1899 injudiciis
909 1870 972 1890 non
981 1859 1110 1890 versatur
1121 1879 1129 1892 ,
1142 1856 1196 1888 nifi

240 1900 366 1941 quadam
377 1911 415 1930 ex
426 1910 505 1940 parte
526 1910 532 1930 2
554 1910 655 1931 tamen
666 1904 735 1942 quia
744 1902 777 1931 δε
787 1912 851 1941 pars
862 1903 921 1941 ipsa
937 1900 1107 1932 inducenda
1116 1910 1196 1930 non-

240 1951 408 1982 numquam
419 1941 461 1972 est
472 1963 480 1976 ,
494 1943 570 1973 &in
582 1943 682 1973 senatu
692 1963 700 1976 ‚
721 1951 771 1973 aut
780 1942 906 1973 consilio
918 1944 992 1983 saepe
1002 1945 1089 1973 omni
1105 1944 1136 1972 in
1145 1952 1197 1982 ge-

237 1993 308 2012 nere
325 1983 490 2018 trae'landa,
512 1984 586 2014 inid
597 1994 715 2025 quoque
724 1994 866 2024 praecepta
884 1995 1043 2025 ponemus.
1072 1987 1153 2014 Nam
1163 1986 1197 2013 in

241 2025 362 2058 senatu,
383 2026 416 2055 δε
432 2027 466 2055 in
484 2024 611 2056 confilio
622 2026 658 2056 de
669 2027 791 2066 Siphace
810 2027 862 2056 diu
872 2026 1070 2057 deliberatum
1087 2025 1148 2059 est3
1164 2026 1197 2055 &

237 2066 275 2097 de
293 2068 528 2108 Q--Numitorio
537 2068 625 2098 Pullo
634 2068 710 2108 apud
731 2069 766 2098 L.
778 2070 936 2108 Opimium
948 2088 955 2102 ,
979 2069 1011 2098 δε
1021 2069 1084 2108 ejus
1101 2065 1197 2097 consi-

238 2108 316 2138 hum
337 2108 390 2138 diu
409 2108 526 2138 dietum
537 2108 588 2139 est.
614 2112 652 2139 Et
662 2111 755 2150 magis
764 2111 797 2138 in
806 2112 865 2140 hoc
874 2110 998 2150 quidem
1010 2108 1196 2150 ignoscendi,

237 2149 328 2189 qulam
346 2150 548 2191 cognoscendi
565 2150 726 2190 postulatio
744 2151 847 2180 valuit.
870 2161 941 2181 nam
961 2152 1077 2190 sem-per
1091 2152 1197 2180 animo

235 2191 323 2223 bono
341 2191 414 2221 sein
424 2192 572 2231 populum
584 2194 677 2222 Rom.
689 2190 776 2221 fuiffe
787 2202 852 2221 non
871 2201 931 2221 tam
949 2191 1036 2222 facile
1046 2191 1195 2231 probabat,

238 2231 276 2262 cu
284 2243 313 2262 m
323 2233 519 2270 conjecturali
530 2233 746 2264 constitutione
757 2242 904 2267 uteretur,
915 2232 1006 2274 quam
1017 2242 1048 2263 ut
1058 2253 1069 2265 ,
1079 2241 1198 2273 propter

238 2273 385 2314 posterius
395 2273 576 2305 beneficium
587 2296 596 2309 ,
618 2274 670 2306 fibi
690 2275 908 2316 ignosceretur,
929 2274 1001 2304 cum
1013 2274 1197 2314 deprecatio-

179 2332 193 2364 3
201 2332 220 2362 5
241 2318 289 2346 nis
300 2318 406 2356 parteis
416 2316 594 2357 adjungeret.
641 2316 799 2356 Oportebit
814 2317 904 2358 igitur
913 2326 983 2345 eum
997 2336 1007 2349 ‚
1025 2317 1077 2356 qtti
1096 2313 1149 2345 sibi
1167 2323 1198 2344 ut

240 2358 409 2399 ignoscatur
418 2379 426 2390 ,
437 2357 599 2397 postulabit
607 2378 616 2392 ,
625 2368 865 2389 commemorare
875 2356 897 2387 fi
905 2368 962 2399 qua
973 2358 1020 2387 sua
1028 2358 1137 2396 poterit
1147 2356 1199 2385 be-

239 2397 359 2433 neficia,
371 2400 403 2430 &
413 2398 433 2429 si
444 2401 552 2439 poterit
560 2420 568 2433 ,
580 2399 737 2430 ostendere
749 2419 757 2432 ,
768 2410 800 2429 ea
810 2401 922 2438 majora
931 2398 991 2429 effe
1002 2420 1010 2432 ‚
1022 2397 1113 2438 quam
1124 2398 1196 2429 haec,

243 2451 309 2483 quae
318 2440 526 2482 delique1·it‚ut
535 2442 602 2481 plus
612 2442 649 2471 ab
658 2451 695 2471 eo
708 2439 771 2470 boni
780 2439 869 2482 quam
880 2440 948 2469 malt
959 2439 1130 2480 profeEtum
1141 2437 1199 2468 effe

243 2482 378 2513 videatur
390 2493 394 2511 :
405 2482 515 2513 deinde
526 2485 680 2523 majorum
690 2483 811 2513 suorum
822 2481 966 2512 beneficia
977 2503 986 2515 ‚
1007 2481 1027 2511 si
1037 2491 1094 2522 qua
1103 2480 1198 2510 exsta—

239 2525 319 2554 bunt
328 2544 336 2558 ,
347 2523 476 2564 proferre
490 2535 495 2554 2
506 2524 628 2555 Deinde
637 2524 793 2555 ostendere
803 2545 811 2557 ‚
833 2534 898 2554 non
907 2523 981 2554 odio
994 2544 1002 2557 ‚
1023 2533 1120 2563 neque
1131 2532 1197 2551 cru-

239 2565 360 2597 delitate
376 2565 477 2596 fecisse
487 2566 570 2606 quod
578 2566 700 2598 fecerit,
724 2565 772 2596 sed
783 2575 833 2596 aut
842 2565 965 2596 stultitia
975 2585 983 2599 ,
1000 2573 1050 2595 aut
1066 2563 1198 2603 impulsu

239 2607 363 2642 alicuius
375 2627 383 2640 ,
404 2615 454 2637 aut
470 2608 568 2647 aliqua
579 2607 701 2637 honesta
713 2628 720 2640 ,
740 2616 790 2637 aut
797 2607 946 2647 probabili
965 2607 1048 2636 causa
1070 2617 1075 2635 2
1096 2604 1198 2636 Postea

240 2649 395 2689 polliceri,
407 2648 439 2678 &
449 2649 627 2679 confirmare
639 2670 646 2683 ‚
659 2650 687 2679 se
698 2650 731 2679 &
740 2650 800 2678 hoc
809 2657 929 2689 peccato
940 2647 1086 2680 donum,
1099 2647 1131 2676 δε
1145 2647 1198 2676 be—

241 2688 353 2720 neficio
362 2699 467 2719 eorum
483 2710 491 2722 ‚
511 2692 562 2730 qui
574 2689 625 2720 fibi
637 2692 811 2732 ignoverint
822 2711 829 2723 ‚
852 2689 1084 2722 confirmatum,
1110 2689 1199 2718 omni

241 2740 376 2770 tempore
386 2730 401 2760 a
411 2731 462 2760 tali
475 2734 586 2761 ratione
596 2731 770 2762 abfuturum
784 2742 789 2760 z
807 2732 926 2762 Deinde
937 2732 1019 2771 spem
1029 2729 1195 2763 ostendere,

240 2773 342 2813 aliquo
353 2772 382 2803 se
392 2774 425 2803 in
434 2773 517 2806 loco,
529 2783 640 2814 magno
651 2776 689 2804 iis
699 2794 708 2808 ‚
719 2775 771 2814 qui
781 2771 834 2803 fibi
844 2771 1042 2804 concesserint
1051 2792 1060 2807 ,
1072 2772 1138 2802 usui
1146 2770 1196 2800 fu-

283 2893 306 2910 ι.
325 2884 382 2909 Tam
392 2885 484 2917 dignum
493 2885 574 2916 ’vesstra
582 2885 757 2917 manliae-tudine
767 2904 775 2916 ,
786 2885 853 2919 eya]
876 2886 986 2911 Secutus
1007 2883 1061 2910 sum
1073 2883 1206 2910 ViStoria-

243 2929 305 2946 narn
318 2938 326 2951 ,
335 2920 376 2945 cui
388 2919 459 2945 favet
469 2920 548 2945 ctiam
560 2919 643 2946 editio
654 2921 772 2956 princeps
785 2940 792 2952 ,
809 2921 873 2947 item
886 2921 943 2947 Pal.
955 2928 1018 2947 tert.
1030 2929 1089 2946 nam
1100 2929 1140 2955 pr.
1151 2927 1207 2945 runc

242 2957 347 2987 dmum,
356 2955 407 2984 (lje.
418 2962 444 2981 at
456 2954 505 2981 sec.
515 2962 594 2980 tamen
603 2956 696 2987 ditinum
705 2959 785 2988 'vestra
794 2957 970 2989 manfitet1cdine
983 2976 992 2988 ,
1000 2956 1093 2989 dignum
1103 2958 1204 2986 virture,

242 2992 294 3022 &ru
314 2989 384 3025 quod
395 2990 502 3026 quidem
514 2991 591 3017 restat
601 2991 626 3017 in
640 2991 745 3026 vulgatu
757 3011 764 3022 ,
785 2992 826 3017 {ed
839 2992 924 3021 reiicit
934 2993 1015 3019 etiam
1025 2991 1108 3017 codex
1120 2992 1203 3018 Grev.

243 3026 309 3055 item
321 3026 387 3052 liber
397 3026 604 3060 Augustanus,in
617 3036 669 3061 quo
681 3027 852 3053 nihilomiuus
866 3035 1076 3059 1·emanet,ramen
1084 3036 1134 3063 pro
1143 3035 1202 3052 ram.

281 3071 310 3088 ι.
329 3062 370 3089 Ad
385 3063 509 3096 Ignofiende'
519 3064 663 3088 voluntatem
672 3063 780 3098 ducere]
801 3064 857 3099 Pal.
868 3073 908 3099 pr.
918 3065 1036 3089 inducere.
1047 3062 1096 3089 sec.
1107 3063 1204 3088 deduce-

244 3107 270 3124 re
281 3117 290 3129 ,
300 3097 370 3133 quod
382 3098 409 3123 St
419 3098 445 3124 in
457 3097 522 3124 edit.
533 3099 627 3133 prima,

282 3142 308 3168 3.
329 3135 436 3167 Autjam
444 3132 460 3159 iz
470 3135 597 3166 majoribus
605 3136 630 3158 in
639 3134 721 3166 primis
733 3154 740 3165 ,
750 3135 817 3168 dyc]
830 3135 898 3161 Pall.
910 3135 1022 3171 repetita
1034 3134 1126 3161 vocula
1137 3153 1146 3166 ‚
1157 3142 1202 3160 aut

239 3170 369 3205 inprimis.
389 3168 524 3199 Greveub.
541 3171 668 3204 majonbus
677 3171 829 3206 ‹impr-imis,-
849 3171 985 3208 quomodo
995 3170 1164 3201 emendatum
1173 3171 1202 3200 in

1242 144 1769 190 Cicanonrs

1239 234 1352 256 turum.
1376 224 1494 260 Postea,
1507 224 1528 255 fi
1537 224 1657 256 facultas
1667 227 1723 257 erit
1735 247 1743 260 ,
1756 225 1784 256 se
1794 234 1844 257 aut
1852 225 2108 269 consanguineum
2120 228 2134 255 3
2144 232 2194 258 au:

1235 268 1301 307 jam
1318 267 1333 298 ὲ
1353 267 1517 305 majoribus
1539 269 1677 308 inprimis
1686 271 1819 298 amicum
1839 267 1896 299 efl‘e
1906 268 2122 300 demonstrabit
2132 281 2140 303 3
2161 269 2194 300 &t

1237 309 1472 350 amplitudinem
1485 310 1542 339 suae
1559 310 1725 340 voluntatis
1736 330 1745 344 ,
1767 311 1799 340 &
1809 311 1996 341 nobilitatem
2015 320 2131 353 generis
2142 320 2196 341 eo-

1238 361 1317 384 rum,
1331 353 1382 392 qui
1395 351 1424 381 se
1433 351 1548 381 salvum
1558 351 1656 381 velint
1664 372 1673 384 ‚
1686 352 1717 382 &
1728 352 1903 393 dignitatem
1914 352 2068 383 ostendere
2081 373 2091 386 ,
2102 353 2135 383 &
2145 362 2194 383 ce-

1238 402 1296 423 tera
1306 403 1350 425 ea,
1363 403 1428 433 quae
1438 393 1570 432 personis
1580 392 1615 423 ad
1626 392 1827 426 honest-atem,
1839 394 1871 424 &
1881 394 2115 433 amplitudinem
2125 394 2194 425 sunt

1237 434 1374 465 attributa
1384 454 1392 467 ‚
1414 444 1485 464 cum
1495 433 1708 474 conquestione
1720 455 1728 468 ,
1748 433 1809 465 sine
1818 438 1981 476 arrogantia
1991 438 2023 466 in
2035 437 2062 466 se
2073 434 2129 465 efl'e
2141 435 2193 465 de-

1239 475 1437 508 monstrabit,
1455 485 1487 505 ut
1497 476 1612 505 honore
1623 478 1722 515 potius
1732 476 1832 517 aliquo
1845 497 1853 510 ‚
1871 477 1961 517 quam
1971 477 2035 507 ullo
2047 478 2193 517 supplicio

1237 517 1345 558 dignus
1355 515 1412 546 ess'e
1422 517 1556 547 videatur
1573 527 1578 545 t
1600 517 1721 547 Deinde
1731 527 1842 548 ceteros
1852 518 1980 558 proferre
1993 539 2004 551 ,
2014 519 2121 559 quibus
2131 528 2194 546 ma-

1230 560 1294 598 jora
1303 557 1407 587 desim
1422 557 1558 589 concessa
1566 556 1631 588 sint.
1655 561 1698 590 Ac
1713 559 1847 589 multum
1857 558 1992 599 proficiet
2004 580 2012 593 ,
2034 558 2055 589 fi
2065 560 2092 590 se
2103 559 2196 589 mise-

1238 600 1388 630 ricordem
1398 602 1430 629 in
1440 599 1630 640 potestate‚&
1639 600 1820 640 propensum
1830 602 1864 632 ad
1875 601 2094 640 ignoscendum
2105 599 2194 630 fuisse

1238 641 1383 672 ostendet.
1407 646 1504 682 Atque
1524 642 1622 681 ipsum
1639 642 1714 672 illud
1724 651 1880 682 peccatum
1890 644 1944 672 erit
1954 642 2191 673 extenuandum.

1239 692 1270 713 ut
1283 684 1373 724 quiim
1386 682 1543 713 mininum
1555 682 1684 713 obfuisse
1694 683 1848 718 videatur,
1870 684 1903 714 &
1913 692 1964 713 aut
1972 694 2055 724 turpe
2068 705 2075 717 ,
2087 693 2137 714 aut
2147 686 2194 714 in.-

1239 726 1312 755 utile
1328 724 1606 757 demonstrandum,
1625 726 1674 755 tali
1684 725 1720 755 de
1732 726 1859 755 homine
1871 726 2050 766 supplicium
2067 726 2194 756 sumere-

1240 767 1360 797 Deinde
1380 768 1453 796 locis
1472 766 1688 797 communibus
1700 767 1935 797 misericordiam
1953 777 2066 808 captare
2076 777 2198 807 oporte-

1241 809 1285 838 bit
1294 818 1332 839 ex
1342 810 1378 838 iis
1387 810 1541 848 praeceptis
1551 828 1559 842 ‚
1579 818 1644 848 quae
1653 811 1684 838 in
1693 811 1794 848 primo
1804 810 1882 839 libro
1893 810 1960 840 sunt
1968 808 2109 849 exposita.
2132 808 2195 839 Ad·
2216 815 2229 848 3
2239 807 2261 840 6

1239 850 1383 880 versarius
1394 859 1494 880 autern
1505 850 1659 880 maleia6ffl
1668 850 1799 890 augebit:
1812 852 1890 881 nihil
1900 851 2105 891 imprudenter
2115 871 2124 885 ,
2145 850 2195 881 sed
2290 856 2293 857 ’

1242 894 1347 921 omnia
1355 901 1394 921 ex
1402 891 1572 921 crudelitate
1584 911 1592 925 ,
1612 892 1644 921 &
1655 893 1767 922 malitia
1775 891 1851 923 faeta
1860 893 1948 922 dicet.
1973 894 2076 933 Ipsum
2088 894 2195 922 immi-

1243 933 1423 964 sericordem
1434 953 1442 967 ,
1464 933 1497 963 δε
1516 933 1675 972 superbum
1692 932 1780 964 fuiss'e
1791 955 1799 967 ‚
1820 935 1852 964 &
1870 933 1891 964 si
1909 944 2018 975 poterit
2034 955 2042 968 ,
2059 934 2198 964 ostendet

1243 976 1359 1015 semper
1366 977 1530 1005 inimicum
1538 973 1673 1008 fuiss‘e,&
1682 978 1816 1006 amicum
1829 975 1892 1006 fieri
1901 977 1988 1007 nullo
1997 976 2092 1006 modo
2102 974 2193 1017 posse.

1242 1019 1271 1047 Si
1283 1015 1428 1047 beneficia
1436 1016 1565 1056 proferet
1577 1028 1582 1045 :
1593 1027 1641 1047 aut
1650 1018 1747 1058 aliqua
1757 1018 1792 1048 de
1802 1019 1884 1048 causa
1892 1018 1969 1049 faeta
1979 1038 1987 1051 ,
2000 1029 2063 1048 non
2073 1027 2195 1058 propter

1242 1059 1481 1089 benivolentiam
1492 1058 1709 1089 demonstrabit
1719 1080 1727 1093 2
1748 1063 1766 1086 4
1780 1069 1829 1090 aut
1838 1060 1937 1100 postea
1947 1060 2053 1090 odium
2064 1058 2121 1090 effe
2131 1069 2196 1089 acre

1241 1101 1409 1141 susceptum
1422 1121 1429 1133 ,
1443 1109 1492 1131 aut
1502 1101 1554 1130 illa
1563 1103 1667 1131 omnia
1678 1100 1834 1132 maleficiis
1845 1101 1904 1132 effe
1914 1102 2026 1132 deleta:
2040 1110 2088 1132 aut
2098 1102 2196 1131 levio-

1241 1153 1270 1172 ra
1280 1141 1425 1172 beneficia
1437 1163 1444 1176 ,
1456 1142 1546 1182 quam
1558 1141 1704 1173 maleficia
1717 1154 1722 1171 ι
1733 1152 1798 1176 aut,
1818 1146 1872 1174 Co
1883 1154 1910 1174 M
1934 1155 1951 1174 B
1961 1154 1981 1174 ε
1990 1154 2010 1173 N
2020 1154 2040 1174 ε
2049 1154 2068 1173 F
2079 1154 2090 1173 1
2102 1153 2120 1172 c
2132 1153 2143 1173 1
2157 1154 2168 1172 1
2180 1153 2194 1173 s

1241 1185 1339 1214 honos
1349 1184 1466 1214 habitus
1478 1182 1577 1224 stupro
1588 1183 1739 1214 maleficio
1748 1195 1870 1224 poenam
1881 1186 1898 1215 s
1894 1188 1957 1215 umi
1968 1194 2111 1225 oportere.
2129 1187 2193 1215 De-

1240 1226 1313 1256 inde
1323 1235 1406 1264 turpe
1415 1224 1486 1258 efl‘e,
1496 1235 1546 1255 aut
1554 1226 1661 1255 inutile
1672 1246 1682 1258 ,
1693 1227 1816 1266 ignosci.
1833 1227 1963 1260 Deinde,
1977 1227 2013 1257 de
2022 1237 2083 1268 quo
2093 1234 2125 1256 ut
2134 1236 2192 1266 po·-

1240 1266 1324 1297 testas
1334 1266 1406 1297 efl‘et
1417 1287 1425 1300 ‚
1436 1268 1510 1306 saepe
1519 1269 1665 1306 optarint,
1680 1269 1712 1297 in
1722 1277 1793 1297 eum
1802 1267 1945 1308 potestate
1954 1279 2019 1298 non
2029 1270 2071 1299 uti
2081 1288 2090 1302 ‚
2111 1269 2194 1298 sum-

1242 1319 1323 1339 mam
1333 1307 1390 1338 ess'e
1402 1307 1560 1338 stultitiam
1573 1319 1577 1336 z
1599 1308 1632 1338 &
1641 1311 1768 1350 cogitare
1778 1319 1913 1350 oportere
1921 1331 1930 1344 ‚
1949 1320 2041 1351 quem
2053 1312 2193 1340 animum

1244 1353 1276 1381 in
1294 1360 1366 1380 eum
1376 1371 1385 1384 ‚
1404 1351 1451 1379 vel
1470 1350 1555 1390 quale
1573 1349 1680 1379 odium
1698 1351 1862 1382 habuerint.
1887 1354 1986 1382 Locus
1996 1361 2097 1382 autem
2107 1362 2193 1382 com-

1242 1394 1344 1422 munis
1355 1393 1429 1425 erit,
1441 1393 1609 1433 indignatio
1618 1390 1759 1422 maleficii
1770 1405 1778 1427 3
1795 1394 1827 1423 δε
1838 1394 1910 1424 alter
1919 1415 1927 1427 ,
1944 1404 2049 1424 eorum
2060 1396 2094 1424 M
2107 1404 2119 1423 1
2134 1404 2147 1424 s
2159 1404 2194 1423 E-

1242 1444 1263 1463 n
1275 1444 1294 1464 E
1304 1444 1326 1463 R
1339 1444 1350 1463 1
1369 1442 1505 1473 oportere
1514 1453 1523 1466 ,
1544 1436 1597 1474 qui
1606 1443 1728 1473 propter
1734 1433 1888 1466 fortunam
1900 1456 1908 1469 ,
1927 1446 1992 1466 non
2000 1445 2120 1476 propter
2129 1446 2194 1466 ma-

1240 1477 1336 1506 litiam
1346 1477 1379 1505 in
1389 1475 1518 1505 miseriis
1528 1473 1593 1504 sint.
1616 1478 1770 1517 Qoniam
1782 1479 1871 1517 igitur
1887 1480 1921 1508 in
1939 1479 2069 1519 generali
2080 1476 2194 1508 consti-

1239 1519 1358 1547 tutione
1368 1516 1482 1560 tamdiu
1491 1526 1610 1556 propter
1626 1519 1691 1556 ejus
1709 1521 1837 1557 partium
1857 1520 2086 1550 multitudinem
2106 1529 2194 1549 com-

1243 1568 1449 1592 rnoramur‚ne
1459 1561 1536 1588 torte
1547 1560 1684 1589 varietate
1697 1560 1729 1590 &
1740 1559 1981 1591 diffimilitudine
1992 1572 2092 1591 rerum
2103 1561 2194 1591 didu-

1241 1600 1306 1631 etus
1317 1601 1402 1636 alicuj
1407 1610 1439 1630 us
1458 1602 1578 1630 animus
1590 1602 1622 1629 in
1631 1602 1782 1641 quendam
1792 1613 1923 1633 errorem
1932 1602 2078 1633 deferatur
2097 1614 2102 1632 :
2119 1602 2197 1644 quid

1243 1644 1336 1672 etiam
1347 1642 1436 1672 nobis
1446 1652 1484 1672 ex
1493 1652 1530 1672 eo
1538 1652 1644 1684 genere
1654 1642 1742 1673 restet
1749 1663 1758 1677 ,
1770 1644 1803 1674 δε
1812 1655 1899 1685 quare
1908 1644 2012 1681 restet,
2024 1645 2195 1676 admonen-

1241 1684 1316 1715 dum
1325 1684 1452 1714 videtur.
1473 1684 1682 1725 Juridicialem
1692 1686 1808 1716 causam
1820 1685 1877 1716 esse
1887 1687 2058 1717 dicebamus
2069 1707 2078 1720 ,
2094 1689 2127 1717 in
2137 1695 2195 1727 qua

1241 1730 1317 1768 :equi
1336 1727 1476 1767 &iniqui
1484 1735 1602 1761 natura,
1622 1729 1739 1766 praemii
1753 1737 1802 1758 aut
1818 1738 1916 1768 poenae
1925 1731 1999 1759 ratio
2008 1737 2199 1770 quaereretur.

1243 1773 1296 1799 Eas
1306 1769 1403 1799 causas
1414 1789 1423 1801 ,
1443 1770 1476 1797 in
1485 1769 1594 1809 quibus
1604 1768 1640 1798 de
1650 1779 1737 1809 aequo
1755 1770 1788 1800 &
1798 1772 1904 1811 iniquo
1913 1773 2054 1812 quaeritur
2069 1791 2078 1804 ‚
2098 1779 2194 1809 expo·

1243 1812 1366 1842 suimus.
1400 1808 1503 1840 Restat
1512 1820 1593 1840 nunc
1603 1830 1612 1843 ‚
1626 1819 1657 1840 ut
1668 1811 1704 1840 de
1711 1814 1836 1850 praemio
1848 1832 1856 1846 ,
1869 1813 1902 1842 &
1912 1814 1950 1842 de
1958 1822 2050 1852 poena
2060 1814 2193 1851 explice-

1245 1863 1322 1883 mus.
1346 1853 1415 1883 sunt
1423 1854 1508 1881 enim
1518 1852 1622 1882 multae
1630 1853 1723 1883 causae
1731 1873 1739 1887 ,
1760 1864 1825 1895 quae
1834 1864 1872 1884 ex
1881 1856 1998 1894 praemii
2007 1854 2133 1891 alicujus
2142 1864 2197 1894 pe-

1243 1897 1351 1925 titione
1361 1893 1507 1924 constant.
1530 1904 1602 1924 nam
1614 1894 1646 1924 ὅ(
1655 1895 1732 1933 apud
1751 1896 1758 1932 j
1763 1895 1864 1926 udices
1874 1899 1910 1926 de
1921 1898 2045 1936 praemio
2056 1896 2130 1935 saepe
2147 1906 2201 1925 ac-

1244 1938 1411 1968 cusatorum
1422 1938 1561 1977 quaeritur
1571 1956 1579 1969 ,
1591 1936 1624 1965 &
1634 1935 1649 1966 a
1658 1937 1759 1967 senatu
1770 1958 1781 1970 ,
1789 1946 1840 1967 aut
1853 1937 1981 1968 consilio
1988 1938 2110 1978 aliquod
2122 1947 2198 1978 pree—

1246 1982 1344 2009 mium
1355 1979 1429 2018 saepe
1439 1979 1558 2018 petitur.
1581 1980 1625 2008 Ac
1636 1980 1795 2009 nerninem
1806 1982 1965 2010 conveniet
1972 1979 2118 2012 arbitrari,
2128 1989 2200 2013 1205,

1244 2020 1316 2052 cum
1333 2020 1454 2061 aliquod
1472 2020 1648 2060 exemplum
1659 2030 1810 2061 ponamus
1825 2021 1907 2063 quod
1926 2023 1959 2052 in
1976 2021 2077 2052 senatu
2085 2029 2197 2062 agatur,

1244 2063 1281 2093 ab
1287 2062 1423 2103 judiciali
1440 2072 1546 2103 genere
1562 2063 1773 2103 exemplorum
1785 2063 1928 2093 recedere.
1952 2062 2103 2103 chuid
2113 2064 2199 2094 enim

1245 2105 1281 2135 de
1300 2105 1428 2134 homine
1444 2104 1600 2143 probando
1611 2124 1620 2138 ,
1643 2113 1692 2134 aut
1706 2104 1909 2144 improbando
1928 2104 2055 2137 dicitur,
2075 2103 2147 2134 cum
2161 2103 2198 2135 ad

1245 2155 1311 2175 eam
1323 2144 1492 2175 diCtionem
1504 2164 1512 2177 ‚
1533 2146 1747 2176 sententiarum
1777 2156 1876 2187 uoque
1893 2149 1967 2176 ratio
1984 2144 2200 2177 accommode-

1245 2196 1292 2217 tur
1302 2206 1310 2220 ,
1322 2186 1352 2216 id
1363 2196 1426 2216 non
1436 2206 1445 2219 ,
1463 2185 1483 2215 fi
1492 2196 1543 2225 per
1552 2187 1705 2217 sententiae
1714 2157 1884 2219 digionem
1894 2190 1990 2229 agitur
1999 2208 2007 2222 ‚
2027 2187 2199 2218 deliberati-

1245 2238 1320 2258 vum
1330 2226 1372 2257 est
1384 2238 1389 2255 z
1403 2227 1450 2257 sed
1461 2230 1530 2268 quia
1538 2227 1575 2258 de
1584 2229 1712 2259 homine
1721 2228 1857 2260 statuitur
1867 2251 1875 2264 ,
1884 2230 2023 2270 judiciale
2034 2229 2077 2261 est
2086 2229 2200 2260 haben-

1246 2269 1327 2299 dum·
1363 2271 1501 2299 Omnino
1520 2279 1619 2299 autem
1637 2273 1689 2311 qui
1707 2271 1865 2310 diligenter
1881 2274 2024 2303 omniurn
2044 2272 2199 2302 causarum

1246 2313 1310 2341 vim
1323 2330 1331 2343 ‚
1353 2310 1385 2339 &
1396 2319 1531 2340 naturam
1548 2315 1742 2352 cognoverit,
1761 2317 1773 2340 5
1793 2313 1864 2344 cum
1874 2323 1980 2356 genere
1991 2312 2091 2354 primo
2103 2333 2111 2347 ‚
2131 2321 2197 2343 tum

1245 2354 1335 2383 etiam
1346 2354 1444 2382 torma
1453 2361 1499 2382 eas
1510 2353 1657 2394 intelliget
1666 2353 1809 2385 diffidere.
1835 2358 1946 2386 Ceteris
1955 2365 2056 2386 autem
2066 2354 2198 2396 partibus

1245 2403 1323 2434 aptas
1334 2396 1412 2423 inter
1429 2394 1457 2423 se
1467 2396 1588 2425 omneis
1600 2414 1608 2428 ‚
1628 2396 1660 2425 &
1670 2396 1760 2427 aliam
1771 2399 1803 2427 in
1813 2397 1902 2428 aliam
1921 2399 2104 2437 implicatam
2115 2395 2203 2427 vide-

1245 2436 1299 2466 bit.
1323 2437 1355 2464 N
1358 2445 1416 2464 unc
1435 2435 1470 2465 de
1486 2438 1618 2475 praemiis
1637 2436 1868 2470 confideremus.
1890 2441 1926 2470 L.
1936 2440 2073 2470 Licinius
2086 2436 2202 2469 Crassus

1247 2487 1266 2507 c
1284 2487 1303 2507 o
1323 2487 1345 2507 s.
1371 2477 1516 2517 quosdam
1532 2479 1564 2507 in
1574 2480 1709 2509 citeriore
1721 2480 1817 2511 Gallia
1827 2501 1835 2514 ,
1856 2480 1943 2511 nullo
1952 2479 2061 2512 illustri
2073 2500 2081 2514 ‚
2104 2489 2201 2520 neque

1245 2528 1325 2549 certo
1335 2518 1408 2548 duce
1422 2539 1430 2551 ,
1451 2529 1548 2560 neque
1568 2530 1604 2550 eo
1623 2523 1751 2552 nomine
1763 2543 1771 2555 ‚
1792 2532 1889 2564 neque
1908 2532 2039 2553 numero
2049 2521 2200 2562 praeditos,

1246 2569 1278 2590 ut
1297 2561 1380 2602 digni
1398 2559 1491 2591 efl'ent
1502 2581 1511 2594 ‚
1534 2564 1586 2602 qui
1603 2561 1685 2598 hostes
1701 2564 1807 2604 populi
1824 2567 1918 2595 Rom.
1937 2562 1996 2594 effe
2013 2563 2201 2594 dicerentur:

1245 2601 1327 2643 quod
1339 2611 1439 2632 tamen
1449 2602 1674 2634 excurfionibus
1688 2625 1696 2639 ‚
1709 2605 1741 2635 ὃς
1752 2607 1916 2636 latrociniis
1926 2604 2066 2637 infestam
2076 2606 2204 2645 provin·

1244 2647 1323 2674 ciam
1334 2643 1690 2678 redde1·ent‚conse&atus
1700 2646 1752 2680 est,
1766 2647 1799 2677 ὃς
1808 2646 1949 2678 confecit:
1961 2650 2095 2678 Romam
2105 2646 2204 2677 rediit:

1245 2687 1434 2726 triumphum
1444 2686 1480 2715 ab
1490 2687 1589 2717 senatu
1599 2686 1737 2727 postulat.
1766 2687 1824 2719 Hic
1832 2709 1840 2722 ‚
1854 2698 1887 2718 ut
1897 2689 1972 2718 &in
1982 2688 2202 2728 deprecatione,

1247 2729 1325 2757 nihil
1345 2728 1380 2758 ad
1400 2737 1456 2757 nos
1467 2730 1589 2763 attinet,
1607 2730 1774 2760 rationibus
1795 2731 1828 2760 &
1838 2729 2094 2761 infirmationibus
2113 2732 2207 2760 ratio-

1248 2780 1325 2800 num
1337 2769 1562 2810 supponendis,
1581 2770 1844 2811 adjudicationem
1853 2775 2009 2813 pervenire
2025 2783 2029 2801 :
2049 2780 2206 2843 propter?

2111 2823 2174 2853 quo
2196 2832 2206 2847 ,

2217 1817 2258 1850 37

1252 2883 1309 2908 Pal.
1321 2890 1385 2909 tert.
1397 2882 1554 2920 videturque
1565 2884 1680 2920 probass'e
1691 2885 1863 2912 Gulielmius.
1883 2885 2029 2912 maluissem
2039 2895 2090 2922 ego
2100 2895 2159 2913 cum
2170 2886 2206 2913 li-

1251 2917 1298 2944 bro
1309 2919 1464 2952 Augustano
1475 2938 1482 2950 ‚
1494 2919 1510 2945 si
1521 2922 1649 2952 majoribus
1654 2922 1748 2952 primis.

1284 2962 1312 2987 4.
1331 2958 1382 2980 Aut
1387 2957 1463 2987 postea
1472 2956 1546 2981 odium
1555 2956 1595 2987 effi·
1605 2964 1658 2980 acre
1662 2956 1791 2989 fiqfteptum
1803 2975 1810 2987 ‚
1821 2956 1887 2990 (ly-a]
1900 2956 1958 2982 Pal.
1967 2957 2047 2993 prim.
2059 2959 2089 2983 ab
2099 2958 2208 2990 refissee-

1243 2997 1321 3022 prum.
1343 2989 1391 3015 lec.
1411 2997 1474 3016 tert.
1493 2993 1539 3016 hac
1549 2991 1715 3023 restheptum.
1736 2999 1879 3027 utrumque
1890 2991 1966 3018 habet
1977 3002 2029 3027 quo
2040 2992 2064 3019 se
2076 3000 2181 3019 tueatur
2192 3003 2202 3024 3

1248 3024 1390 3061 praesertim
1402 3025 1540 3056 ultimum,
1551 3025 1622 3061 quod
1633 3027 1659 3052 8<
1671 3034 1805 3064 comparet
1815 3028 1840 3054 in
1849 3027 1998 3063 ampliffimi
2011 3028 2103 3056 Caroli
2113 3029 2204 3056 Recti-

1245 3061 1344 3096 lingeri
1356 3061 1514 3088 membranis
1526 3061 1680 3088 Ulricianis.

1284 3106 1310 3131 5.
1325 3100 1383 3122 Cum
1388 3106 1469 3130 genere
1474 3097 1575 3131 prima]
1587 3099 1646 3124 Vox
1656 3098 1730 3130 primb
1740 3107 1791 3125 nou
1802 3098 1885 3124 exstat
1896 3099 1922 3125 iu
1934 3099 1989 3125 ullo
2000 3099 2067 3126 Pall.
2077 3100 2154 3127 habet
2165 3108 2205 3126 ta-

1246 3143 1306 3160 men
1317 3132 1400 3160 editio
1410 3134 1540 3169 princeps·
1558 3133 1694 3162 Grevenb.
1704 3133 1814 3170 praefert
1824 3153 1833 3169 ‚
1838 3143 1920 3168 genere
1924 3136 2000 3169 primia
2008 3137 2038 3168 ὠ·
2038 3138 2121 3172 firma
2130 3156 2140 3170 ,
2151 3136 2204 3164 sane

1243 3169 1292 3200 illo
1303 3179 1353 3198 mm
1365 3189 1374 3204 ,
1383 3177 1429 3198 aut
1439 3177 1489 3198 tum
1498 3172 1580 3199 ctiam,
2144 3189 2148 3192 -

2112 3217 2135 3237 1.
2146 3211 2204 3237 Cum
