2316 3395
185 2344 228 2369 21

1133 85 1138 98 Ι

230 215 379 256 polliceor
387 222 436 244 me
445 212 728 249 demonstraturum,
743 215 790 245 sed
803 225 879 248 tum,
893 215 964 246 cum
976 216 1082 251 doceo,
1096 218 1129 248 ὃς
1139 227 1196 247 ex-

233 257 325 297 plano
339 266 345 284 t
365 264 512 285 attentum
521 256 603 290 verb,
615 256 717 286 erebi-b
731 266 792 286 tota
800 256 917 286 afflone
930 259 1097 289 excitandis
1109 269 1196 289 men-

237 298 315 329 tibus
328 297 541 334 iudicummon
552 301 648 337 prima
657 298 885 327 denuntiatione
896 298 1013 329 efficere
1025 299 1192 340 pofl'umus.

234 340 304 381 Jam
325 338 397 369 vero
418 341 615 369 narrationem
635 337 716 378 quod
732 339 841 377 jubent
859 339 1055 372 verisimilem
1067 341 1124 372 effe
1133 364 1142 375 ,
1165 343 1198 372 δε

238 389 377 421 apertam,
391 381 423 410 δε
434 381 566 413 brevem,
578 379 657 409 rofre
668 389 724 409 nos
735 380 910 411 admonent.
934 383 1015 423 quod
1027 384 1197 415 haeenarra-

241 424 332 452 tionis
346 424 438 463 magis
449 431 553 461 putant
562 419 619 450 effe
628 423 757 460 propria,
769 423 859 462 quam
870 426 961 454 totius
971 428 1126 460 orationis,
1134 426 1198 456 val-

240 465 277 494 de
297 464 373 492 mihi
396 463 535 492 videntur
547 472 650 492 errare.
674 465 866 504 omninoque
877 467 909 495 in
919 466 977 496 hoc
987 470 1089 497 omnis
1100 467 1142 498 est
1152 477 1198 497 er-

241 515 290 537 ror
301 525 308 537 ,
329 503 410 544 quod
430 503 605 533 existimant
613 524 621 536 ,
642 503 799 542 artificium
817 504 874 535 effe
894 508 952 537 hoc
971 509 1122 548 quoddam
1134 519 1197 539 non

242 545 382 576 diffimile
393 554 557 575 ceterorum
570 565 578 577 2
591 545 763 584 cujusmodi
773 547 808 576 de
817 548 880 587 ipso
888 549 955 588 jure
966 551 1048 580 civili
1061 550 1197 580 hesterno

239 587 289 623 die
312 585 423 616 Ciass'us
441 589 587 627 componi
605 586 688 626 posse
708 588 823 619 dicebat
835 599 840 617 t
863 599 895 620 ut
912 601 1018 632 genera
1028 603 1092 622 reru
1098 603 1127 621 m
1138 595 1198 631 pri-

241 628 330 658 mum
341 637 574 667 exponerentur,
588 630 618 658 in
628 639 689 669 quo
699 631 808 660 vitium
818 630 872 664 est,
880 630 899 661 fi
909 643 1003 673 genus
1015 634 1112 663 ullum
1126 644 1199 673 prae—

242 672 435 700 termittatur:
457 669 565 700 deinde
576 668 761 711 singulorum
772 682 917 712 generum
926 684 1019 713 partes
1031 696 1038 708 ,
1052 677 1083 704 in
1095 685 1155 715 quo
1166 676 1198 705 δε

241 709 336 741 deesse
355 711 485 751 aliquam
502 721 615 751 partem
628 732 636 745 ,
650 712 682 742 &
693 713 826 752 superare
838 734 846 747 ‚
858 715 1039 745 mendosum
1050 716 1091 746 est
1104 728 1108 744 :
1133 726 1198 746 tum

240 752 403 782 verborum
424 756 567 783 omnium
587 752 779 784 definitiones
791 775 798 788 ,
819 757 852 786 in
871 757 979 797 quibus
1000 768 1097 798 neque
1105 757 1200 788 abesse

242 794 406 835 quidquam
417 794 502 825 decet
512 815 520 829 ,
540 805 637 836 neque
655 795 828 826 redundare.
872 798 927 827 Sed
940 800 998 828 hoc
1008 798 1027 828 fi
1040 802 1072 829 in
1080 800 1145 839 jure
1156 801 1199 829 ci—

244 836 316 869 vili,
328 834 349 864 fi
358 837 448 866 etiam
458 838 491 866 in
500 839 596 876 parvis
608 857 616 870 ,
629 846 676 867 aut
687 838 889 868 mediocribus
899 840 985 870 rebus
996 840 1147 871 doffiores
1157 842 1202 871 as—

242 878 325 918 sequi
335 876 472 917 poss‘unt:
496 888 560 909 non
568 878 650 908 idern
661 879 757 909 sentio
767 889 845 910 tanta
855 882 908 910 hac
919 883 951 910 in
960 892 1002 916 re,
1013 891 1132 924 tamque
1142 885 1204 912 im-

246 920 350 949 mensa
368 918 449 959 poss'e
469 917 543 950 fieri.
566 922 618 950 Sin
636 929 735 950 autem
757 923 808 961 qui
822 921 1014 952 arbitrantur:
1035 924 1203 954 deducendi

247 960 361 991 suntad
372 971 434 995 eos,
446 963 497 1002 qui
508 963 570 991 haec
581 961 698 991 docent.
722 964 897 1002 omniajam
911 965 1054 1004 explicata
1063 986 1072 999 ‚
1095 966 1127 996 δε
1137 976 1204 1006 per-

245 1003 340 1043 polita
357 1000 552 1043 ass'equentur.
586 1006 661 1033 Sunt
672 1005 755 1033 enim
766 1006 1002 1036 innumerabiles
1014 1008 1050 1037 de
1060 1008 1107 1037 his
1116 1008 1203 1038 rebus

245 1044 316 1074 libri
328 1063 337 1078 ,
356 1054 452 1085 neque
462 1044 553 1074 abditi
566 1065 573 1077 ,
593 1055 690 1085 neque
700 1045 826 1075 obscuri.
850 1047 906 1077 Sed
918 1047 1055 1083 videant,
1070 1049 1141 1090 quid
1153 1060 1205 1079 ve—

248 1087 314 1118 lint,
327 1085 361 1115 ad
373 1085 582 1115 ludendumne
593 1106 600 1119 ,
612 1096 649 1116 an
660 1086 694 1116 ad
703 1087 900 1127 pugnandum
913 1099 992 1120 arma
1001 1090 1057 1121 sint
1066 1092 1202 1121 sumturi.

247 1127 351 1156 ..Aliud
358 1129 441 1156 enirn
452 1137 557 1168 pugna,
571 1128 603 1157 &
613 1129 687 1157 acies
699 1139 704 1157 1
715 1129 796 1159 aliud
805 1129 903 1164 ludus,
916 1134 1094 1173 campusque
1104 1133 1205 1163 noster

250 1167 400 1198 desiderat.
423 1171 564 1198 Attamen
575 1179 619 1199 ars
629 1170 691 1208 ipsa
700 1170 812 1202 ludicra
822 1181 988 1208 armorum,
999 1175 1203 1217 &gladiatori‚

250 1210 284 1240 &
295 1210 385 1239 militi
396 1209 517 1249 prodest
527 1210 639 1251 aliquid
655 1222 659 1240 ;
679 1212 727 1242 sed
738 1214 859 1243 animus
870 1225 953 1248 acer,
970 1216 1003 1246 δε
1011 1217 1139 1256 praesens
1150 1237 1158 1250 ‚
1172 1217 1205 1247 δε

246 1259 350 1281 acutus
360 1251 442 1281 idem
455 1260 540 1292 atque
551 1253 684 1282 versutus
695 1254 827 1285 invi6los
838 1257 919 1286 viros
929 1256 1022 1288 efficit
1030 1278 1038 1292 ,
1050 1268 1115 1288 non
1124 1257 1205 1288 diffi-

247 1294 336 1322 cilius
356 1300 415 1322 arte
433 1294 502 1334 conj
508 1293 604 1324 unffi.
638 1296 735 1337 Qare
748 1306 804 1337 ego
816 1296 869 1327 tibi
880 1307 1029 1329 oratorem
1039 1299 1145 1337 ficiam
1157 1303 1206 1330 in-

247 1333 370 1364 stituam
381 1354 389 1367 ›
401 1333 420 1363 fi
430 1344 567 1374 potuero,
580 1337 692 1376 utquid
704 1336 818 1368 efficere
828 1338 925 1377 poffit,
937 1340 1005 1371 ante
1014 1343 1203 1381 perspiciam.

248 1378 294 1406 'Sit
305 1378 388 1406 enirn
400 1378 477 1406 mihi
490 1381 498 1396 ¹
513 1376 619 1406 tinam
629 1377 728 1407 litteris
739 1391 747 1413 3
757 1380 883 1411 audierit
890 1382 1015 1422 aliquid,
1027 1384 1140 1425 legerit,
1154 1383 1205 1414 ista

247 1418 310 1457 ipsa
329 1426 470 1457 praecepta
487 1421 633 1459 acceperit
645 1430 649 1448 z
672 1421 792 1451 tentabo
809 1423 881 1463 quid
901 1423 1002 1454 deceat
1010 1445 1018 1458 ‚
1038 1425 1109 1466 quid
1120 1435 1204 1459 voce,

250 1459 324 1500 quid
335 1459 462 1493 viribus,
472 1461 545 1501 quid
557 1461 669 1500 spirim,
681 1463 753 1502 quid
763 1463 864 1505 lingua
876 1464 991 1496 efficere
1000 1466 1094 1505 poffit.
1118 1469 1147 1496 Si
1159 1469 1207 1497 in-

250 1501 382 1542 telligam
392 1500 474 1540 poss'e
483 1502 518 1532 ad
529 1503 665 1532 summos
674 1507 830 1543 pervenire
842 1516 847 1533 ε
870 1517 933 1537 non
944 1506 1044 1538 solum
1057 1510 1205 1542 hortabor,

248 1551 284 1572 ut
293 1542 433 1576 elaboret,
446 1543 494 1573 sed
505 1546 594 1574 etiam
606 1564 614 1578 ,
629 1543 649 1574 si
660 1547 707 1575 vir
715 1555 835 1588 quoque
845 1549 922 1578 mihi
935 1549 1033 1579 bonus
1043 1551 1204 1584 videbitur,

250 1584 421 1614 obsecrabo.
431 1593 548 1616 tantum
560 1596 614 1627 ego
625 1587 657 1616 in
667 1588 832 1619 excellente
843 1599 968 1625 oratore,
980 1591 1128 1622 &eodem
1139 1595 1206 1622 viro

249 1625 334 1655 bono
345 1645 354 1659 ‚
373 1636 456 1666 pono
466 1626 523 1657 ess'e
532 1630 703 1658 ornamenti
715 1632 859 1662 universa:
870 1634 993 1662 civitati.
1026 1635 1078 1663 Sin
1089 1634 1206 1663 videbi—

248 1676 296 1697 tur
306 1687 314 1700 ,
325 1666 398 1697 cum
408 1670 512 1699 omnia
524 1670 640 1699 summa
650 1668 753 1701 fecerit
763 1692 771 1705 ‚
795 1682 894 1703 tamen
905 1674 939 1704 ad
951 1674 1129 1705 mediocreis
1140 1686 1206 1706 ora-

249 1718 326 1739 tores
338 1707 395 1739 esse
406 1718 566 1740 venturus:
588 1714 760 1750 permittam
769 1713 821 1754 ipfi
833 1735 841 1748 ,
861 1716 933 1755 quid
946 1717 1019 1746 velit
1031 1729 1040 1750 3
1061 1717 1205 1747 molestus

247 1760 429 1791 magnopere
438 1753 440 1755 ’
448 1761 512 1781 non
530 1762 591 1782 ero.
625 1754 677 1782 Sin
687 1754 776 1793 plane
787 1756 956 1787 abhorrebit
966 1778 975 1791 ,
997 1758 1029 1788 &
1039 1761 1093 1788 erit
1104 1759 1205 1789 absur-

247 1792 319 1822 dus:
340 1801 373 1822 ut
390 1793 419 1822 se
433 1795 585 1823 contineat
595 1814 604 1827 ,
625 1804 674 1824 aut
684 1795 720 1825 ad
730 1797 809 1827 aliud
822 1797 953 1829 studium
964 1799 1115 1830 transferat
1124 1821 1132 1834 ‚
1153 1801 1204 1831 ad-

247 1833 394 1863 monebo.
427 1844 497 1864 nam
517 1845 616 1876 neque
634 1838 658 1865 is
670 1857 678 1870 ,
698 1840 749 1877 qui
760 1841 875 1878 optime
886 1840 984 1879 potest
995 1861 1002 1874 ,
1027 1842 1205 1872 deserendus

245 1874 311 1905 ullo
322 1875 416 1905 modo
427 1875 469 1905 est
477 1876 492 1906 a
504 1878 711 1908 cohortatione
722 1880 820 1910 nostra
832 1893 840 1915 3
861 1892 956 1922 neque
966 1885 991 1912 is
1002 1904 1010 1916 ,
1031 1886 1082 1924 qui
1092 1884 1203 1924 aliquid

245 1916 353 1957 potest,
366 1916 558 1948 deterrendus
570 1929 574 1947 :
595 1919 676 1959 quod
687 1921 812 1952 alterum
825 1943 832 1956 ,
851 1925 1012 1953 divinitatis
1022 1926 1099 1954 mihi
1108 1927 1205 1965 cujus-

247 1958 318 1988 dam
337 1957 472 1988 videtur:
492 1960 618 1990 alterum
629 1981 638 1994 ‚
658 1962 706 1990 vel
724 1972 788 1992 non
807 1964 901 1994 facere
920 1966 1001 2006 quod
1012 1977 1077 1996 non
1087 1968 1202 2006 optime

247 1998 347 2040 poffis,
358 1999 508 2031 velfacere
519 2002 600 2042 quod
610 2012 673 2032 non
682 2002 805 2042 peffime
814 2005 914 2040 facias,
925 2009 1108 2037 immanitatis
1118 2020 1128 2036 .·
1148 2018 1204 2039 ter-

248 2044 327 2072 tium
337 2040 408 2070 verb
419 2042 504 2076 illud,
515 2045 641 2074 clamare
652 2045 755 2075 contra
764 2047 855 2087 quarn
866 2048 975 2081 deceat,
992 2049 1024 2079 &
1035 2053 1126 2090 qnam
1136 2051 1203 2090 pos—

248 2081 295 2116 sit,
306 2084 443 2112 hominis
452 2083 503 2117 est,
517 2093 549 2115 ut
559 2094 601 2119 tu,
615 2087 727 2120 Catule,
739 2091 752 2106 ²
762 2089 798 2118 de
808 2089 939 2130 quodam
950 2091 1145 2122 declamatore
1157 2092 1203 2122 di-

246 2123 321 2155 xisti
331 2144 339 2158 ‚
351 2123 482 2155 stultitiae
492 2127 550 2156 suae
559 2128 800 2167 quamplurimos
809 2131 906 2161 testeis
917 2132 1084 2163 domestico
1093 2143 1203 2172 praeco-

246 2167 302 2196 nio
313 2166 495 2207 colligentis.
516 2170 564 2197 De
575 2169 632 2198 hoc
646 2171 753 2210 igitur,
773 2174 824 2211 qui
834 2173 980 2206 erittalis,
1001 2183 1034 2204 ut
1043 2175 1203 2205 cohortan-

247 2207 304 2237 dus
316 2227 324 2241 ,
346 2207 586 2250 adiuvandusque
606 2209 639 2240 fit
651 2231 658 2244 ‚
679 2213 718 2241 ita
737 2213 896 2252 loquamur
905 2234 912 2247 ,
933 2223 965 2244 ut
976 2216 1002 2244 ei
1012 2215 1159 2245 tradamus
1171 2226 1204 2246 ea

247 2248 402 2282 duntaxat,
413 2259 479 2290 quae
489 2260 545 2280 nos
556 2252 623 2282 usus
634 2252 746 2287 docuit,
766 2263 799 2284 ut
809 2255 896 2284 nobis
907 2255 1032 2286 ducibus
1043 2258 1143 2286 veniat
1151 2255 1199 2290 eo,

246 2300 309 2332 quo
320 2289 381 2320 fine
390 2291 465 2321 duce
484 2291 536 2331 ipfi
554 2296 748 2332 pervenimus
758 2315 766 2329 ,
790 2298 935 2336 quoniam
955 2297 1081 2327 meliora
1098 2297 1203 2328 docere

249 2342 312 2362 non
323 2330 487 2372 possumus.
506 2336 614 2374 Atque,
628 2345 660 2365 ut
669 2336 685 2366 a
694 2335 836 2367 familiari
845 2337 947 2368 nostro
961 2338 1109 2371 exordiar,
1122 2341 1203 2369 hunc

249 2384 305 2415 ego
318 2394 327 2407 ‚
340 2375 441 2404 Catule
452 2395 460 2407 ,
471 2376 639 2415 Sulpicium
652 2398 660 2410 ,
681 2377 816 2417 primum
827 2381 860 2408 in
869 2380 951 2410 causa
959 2380 1080 2420 parvula
1089 2380 1203 2410 adoles-

248 2416 406 2446 centulum
415 2416 529 2451 audivi,
540 2428 623 2452 voce,
636 2419 668 2449 δε
676 2419 786 2453 forma,
796 2421 924 2451 &motu
934 2424 1077 2461 colporiS,
1089 2423 1121 2452 &
1134 2422 1203 2452 reli-

247 2459 317 2498 quis
328 2457 414 2487 rebus
424 2467 527 2498 aptum
535 2459 570 2489 ad
583 2461 640 2490 hoc
650 2471 773 2495 munus,
786 2462 822 2492 de
832 2472 892 2502 quo
903 2473 1079 2503 quaerimus:
1094 2466 1202 2494 cratio-

248 2509 288 2529 ne
298 2507 396 2529 autem
407 2501 538 2531 celeri&
546 2504 692 2533 concitata
702 2523 710 2536 ‚
733 2503 825 2544 (quod
837 2512 896 2534 erat
904 2505 1042 2545 ingeniiz)
1063 2505 1095 2535 δε
1106 2505 1202 2535 vei-bis

248 2538 509 2572 effervescentibus
518 2563 526 2576 ‚
540 2542 573 2573 &
581 2544 681 2583 paullo
691 2544 825 2576 nimium
835 2545 1069 2576 redundantibus
1080 2567 1088 2579 ,
1111 2546 1202 2587 (quod

250 2590 310 2611 erat
321 2584 420 2611 aetatis:
432 2584 442 2623 )
454 2594 517 2613 non
528 2585 594 2615 sum
603 2586 779 2626 aspernatus.
809 2588 888 2617 Volo
909 2590 994 2617 enim
1012 2589 1040 2618 se
1060 2588 1156 2628 efferat
1175 2589 1203 2617 in

247 2623 411 2663 adolescente
412 2625 592 2663 foecundam.
611 2638 684 2658 nam
692 2627 822 2664 facilius,
834 2628 904 2661 sicut
914 2631 947 2660 in
957 2630 1078 2664 vitibus,
1092 2634 1102 2658 3
1115 2640 1204 2661 revo-

659 138 730 186 M.
800 136 1156 185 TULL11
1237 139 1763 188 Cicanou1s

1244 227 1347 249 cantur
1355 229 1400 252 ea,
1411 229 1475 260 quae
1489 219 1547 249 sese
1557 221 1691 249 nimium
1701 218 1917 260 profuderunt,
1929 218 2019 262 quam
2029 219 2049 251 fi
2059 222 2136 253 nihil
2145 231 2198 254 va-

1246 261 1287 291 let
1296 263 1432 291 materies
1444 282 1451 293 ‚
1465 271 1544 290 nova
1563 261 1708 291 sarmenta
1726 262 1840 292 cultura
1855 264 2035 292 excitantur,
2065 265 2107 294 ita
2124 265 2198 295 volo

1245 301 1302 332 effe
1313 303 1345 332 in
1355 302 1539 333 adolescente
1551 323 1559 336 ,
1582 302 1661 332 unde
1680 303 1793 343 aliquid
1812 312 1977 343 amputem.
2012 306 2087 335 NON
2107 314 2198 336 EN1M

1245 354 1363 374 Ροτεετ
1382 346 1414 373 in
1432 354 1469 373 eo
1486 342 1544 373 effe
1562 343 1662 374 succus
1673 344 1832 374 diuturnus
1843 365 1851 377 ‚
1871 344 1953 385 quod
1964 347 2057 375 nimis
2067 347 2201 378 celeriter

1245 385 1287 415 est
1309 388 1509 416 maturitatem
1528 384 1701 415 assecutum.
1733 386 1804 416 Vidi
1816 385 1913 416 statim
1925 386 2061 417 indolem
2074 407 2082 420 ,
2103 398 2202 429 neque

1244 426 1345 457 dimisi
1355 436 1472 466 tempus
1483 447 1490 460 ,
1514 426 1545 455 ὃς
1556 423 1626 456 eum
1637 427 1703 456 sum
1713 428 1883 457 cohortatus
1893 447 1900 461 ,
1920 437 1951 457 ut
1970 427 2073 458 forum
2090 428 2143 459 fibi
2154 433 2202 460 lu-

1245 469 1319 499 dum
1330 477 1445 508 putaret
1454 466 1511 497 effe
1521 467 1557 497 ad
1567 468 1743 498 discendum
1757 479 1762 497 2
1787 468 1960 508 magistrum
1970 478 2069 500 autem
2080 491 2088 504 ,
2108 481 2200 512 quem

1244 511 1335 539 vellet
1345 530 1353 542 ,
1367 510 1502 549 eligeret:
1524 519 1573 537 me
1583 509 1707 549 quidem
1722 508 1742 538 fi
1752 510 1865 539 audiret
1875 530 1883 542 ‚
1904 512 1939 539 L.
1952 510 2096 541 Ci-ass'um.
2119 512 2201 552 quod

1246 551 1298 581 iste
1308 553 1430 590 arripuit
1439 570 1447 584 ,
1471 551 1552 579 &ita
1563 550 1622 579 sese
1632 549 1780 580 fasturum
1791 550 1983 581 confirmavit
1995 571 2003 584 ‚
2014 561 2099 592 atque
2111 563 2200 584 etiam

1246 592 1362 622 addidit:
1372 612 1380 625 ,
1399 593 1497 632 gratiae
1516 591 1629 620 scilicet
1650 592 1732 621 causa
1743 612 1751 625 ,
1772 602 1822 621 me
1832 602 1950 632 quoque
1961 591 2013 622 fibi
2025 594 2201 636 magistrum

1246 633 1393 664 futurum.
1418 635 1478 663 Vix
1489 642 1585 662 annus
1596 631 1792 662 intercesserat
1801 633 1837 663 ab
1847 635 1906 663 hoc
1917 634 2053 665 sermone
2065 638 2203 666 cohorta-

1247 677 1339 706 tionis
1350 685 1424 705 meae
1439 696 1447 707 ‚
1462 673 1533 704 cum
1544 673 1597 704 iste
1607 675 1751 704 accusavit
1762 677 1796 704 C.
1809 675 1989 705 Norbanum
2000 696 2007 709 ,
2022 676 2203 708 defendente

1247 727 1308 747 me.
1331 727 1396 747 non
1414 716 1457 746 est
1475 715 1617 746 credibile
1627 735 1635 749 ‚
1657 715 1729 757 quid
1742 714 1876 746 intereffe
1886 718 1963 746 mihi
1975 716 2007 747 fit
2017 719 2115 748 visum
2126 722 2205 749 inter

1248 769 1318 788 eum
1331 779 1340 791 ,
1355 760 1483 799 quitum
1494 766 1552 787 erat
1562 777 1569 790 ‚
1584 757 1616 786 &
1627 760 1678 797 qui
1688 768 1768 787 anno
1780 766 1846 787 ante
1857 756 1960 787 fuerat.
1983 762 2113 789 omnino
2124 763 2155 790 in
2166 761 2204 790 il-

1248 800 1298 830 lud
1310 809 1403 840 genus
1414 809 1484 829 eum
1496 797 1584 829 Craffi
1595 798 1790 839 magnificum
1800 820 1808 833 ,
1822 809 1907 839 atque
1916 800 2087 839 praeclarum
2101 810 2206 831 natura

1248 841 1307 881 ipsa
1318 841 1459 871 ducebat:
1481 840 1530 870 sed
1551 850 1583 869 ea
1602 850 1665 870 non
1684 841 1749 870 satis
1759 839 1901 880 proficere
1911 841 2049 881 potuisset
2060 863 2067 876 ,
2087 842 2142 873 nifi
2152 854 2203 873 eo-

1249 884 1319 913 dem
1332 903 1340 916 ,
1350 887 1369 909 4
1379 881 1476 912 studio
1488 902 1497 914 ⁷
1511 890 1598 922 atque
1608 883 1777 912 imitatione
1786 881 1936 912 incidisset
1946 904 1954 917 ,
1966 893 2051 924 atque
2062 887 2101 915 ita
2108 886 2206 916 dicere

1249 922 1415 955 consueffet
1426 944 1434 958 ,
1450 932 1482 954 ut
1492 932 1552 953 tota
1562 931 1664 953 mente
1675 922 1807 953 Crass'um
1819 944 1827 957 ,
1847 933 1933 965 atque
1944 935 1995 955 om
2001 936 2031 955 ni
2040 929 2144 956 animo
2156 930 2207 957 in-

1249 974 1391 996 tueretur.
1436 968 1513 1007 Ergo
1523 966 1582 995 hoc
1592 963 1625 995 sit
1635 967 1769 1004 primum
1780 967 1812 994 in
1822 969 1973 1006 praeceptis
1984 971 2071 1001 meis,
2106 977 2138 998 ut
2153 969 2206 998 de-

1251 1007 1454 1038 monstremus
1465 1027 1473 1041 ,
1489 1017 1580 1047 quem
1589 1008 1723 1036 imitetur
1732 1027 1740 1040 ,
1763 1010 1896 1048 atqueita
1907 1028 1915 1041 ‚
1930 1017 1961 1037 ut
1972 1029 1980 1041 ‚
1994 1019 2058 1049 quae
2070 1010 2204 1041 maxime

1250 1050 1397 1080 excellant
1407 1051 1441 1078 in
1451 1059 1487 1078 eo
1498 1069 1507 1082 ,
1529 1058 1620 1088 quem
1631 1048 1798 1078 imitabitur
1806 1069 1814 1082 ‚
1834 1059 1866 1079 ea
1875 1049 2096 1090 diligentissime
2107 1053 2206 1091 perse-

1249 1101 1363 1132 quatur.
1388 1100 1452 1121 turn
1463 1091 1579 1120 accedat
1588 1092 1772 1123 exercitatio,
1783 1100 1841 1130 qua
1852 1091 1940 1120 illum
1952 1112 1959 1125 ,
1970 1102 2061 1133 quem
2073 1093 2140 1123 ante
2154 1093 2206 1123 de-

1250 1135 1353 1174 legerit
1363 1152 1371 1166 ,
1384 1131 1533 1162 imitando
1544 1130 1676 1172 effingat,
1689 1140 1774 1172 atque
1784 1134 1822 1161 ita
1831 1135 1978 1171 exprimat
1986 1154 1993 1166 ,
2007 1144 2071 1163 non
2082 1143 2114 1164 ut
2125 1136 2206 1165 mul-

1252 1184 1297 1205 tos
1307 1176 1472 1204 imitatores
1482 1174 1556 1212 saepe
1567 1175 1708 1213 cognovi,
1718 1175 1770 1212 qui
1781 1182 1829 1202 aut
1837 1184 1878 1206 ca,
1891 1184 1955 1213 quae
1967 1173 2065 1205 facilia
2075 1176 2206 1209 sunt‚aut

1252 1219 1343 1247 etiarn
1356 1216 1418 1248 illa,
1430 1225 1495 1256 quae
1506 1213 1641 1254 insignia,
1653 1224 1684 1244 ac
1693 1214 1778 1253 paene
1788 1215 1905 1253 vitiosa,
1916 1216 2124 1247 conse&antur
2132 1220 2205 1248 imi—

1251 1258 1351 1288 tando.
1383 1257 1471 1287 Nihil
1483 1255 1524 1286 est
1533 1255 1650 1285 facilius
1663 1275 1670 1288 ,
1690 1255 1781 1295 quam
1791 1255 1937 1286 amictum
1947 1259 2058 1288 imitari
2067 1259 2205 1298 alicujus,

1251 1310 1300 1330 aut
1311 1299 1481 1332 statum,aut
1493 1307 1624 1327 motum.
1647 1298 1677 1326 Si
1688 1296 1761 1326 vero
1771 1299 1860 1327 etiam
1872 1299 1978 1328 vitiose
1988 1299 2099 1340 aliquid
2108 1301 2161 1334 est,
2173 1301 2204 1331 id

1252 1343 1369 1372 sumere
1381 1361 1389 1375 ,
1409 1341 1484 1370 &in
1494 1350 1530 1369 eo
1539 1338 1685 1369 vitiosum
1696 1337 1752 1367 effe
1764 1358 1773 1371 ,
1790 1349 1853 1368 non
1864 1349 2007 1380 magnum
2017 1341 2077 1375 est,
2098 1352 2130 1372 ut
2140 1343 2204 1376 ille,

1252 1385 1304 1424 qui
1316 1392 1397 1412 nunc
1407 1383 1508 1415 etiam,
1521 1378 1623 1410 amiffa
1633 1389 1707 1409 voce
1717 1400 1726 1413 ,
1740 1379 1835 1410 5'furit
1844 1383 1877 1410 in
1888 1391 1950 1421 rep.
1963 1381 2062 1413 Fufius
2074 1404 2083 1416 ‚
2094 1394 2202 1414 nervos

1251 1428 1284 1455 in
1294 1423 1422 1454 dicendo
1433 1426 1466 1453 C.
1480 1422 1618 1452 Fimbriae
1630 1441 1638 1455 ‚
1657 1431 1733 1462 quos
1745 1430 1844 1452 tamen
1854 1422 2015 1454 habuitille
2025 1445 2034 1458 ,
2055 1435 2120 1455 non
2130 1424 2204 1456 affe-

1250 1469 1352 1508 quitur
1363 1477 1367 1494 :
1392 1467 1451 1495 oris
1470 1466 1644 1504 pravitatem
1655 1483 1663 1496 ‚
1688 1463 1721 1492 &
1730 1463 1890 1493 verborum
1902 1464 2092 1497 latitudinem
2103 1468 2205 1497 imita-

1253 1518 1308 1538 tur.
1332 1507 1381 1537 sed
1391 1516 1491 1536 tamen
1501 1506 1552 1535 ille
1562 1515 1618 1535 nec
1628 1504 1756 1545 deligere
1767 1505 1862 1539 scivit,
1875 1506 1958 1546 cujus
1968 1506 2155 1546 potiffimum
2167 1508 2204 1539 fi-

1254 1550 1334 1579 milis
1345 1547 1424 1582 esset,
1437 1549 1512 1577 &in
1521 1557 1558 1576 eo
1569 1546 1644 1586 ipso,
1654 1557 1747 1587 quem
1757 1546 1918 1588 delegerat,
1930 1550 2041 1579 imitari
2052 1552 2142 1580 etiam
2155 1553 2204 1580 vi-

1251 1594 1290 1621 tia
1300 1591 1408 1621 voluit.
1437 1591 1496 1630 Q
1506 1597 1604 1618 autem
1615 1590 1654 1618 ita
1662 1588 1760 1621 faciet,
1772 1597 1805 1617 ut
1815 1598 1941 1629 oportet,
1953 1589 2089 1630 primum
2099 1592 2206 1633 vigilet

1251 1631 1364 1662 necesse
1383 1630 1425 1661 est
1444 1633 1477 1660 in
1486 1629 1645 1671 deligendo
1658 1640 1663 1658 :
1686 1629 1794 1659 deinde
1805 1651 1813 1664 ,
1835 1641 1926 1671 quem
1937 1632 2074 1671 probavit
2082 1653 2090 1667 ,
2112 1636 2145 1663 in
2154 1644 2204 1667 eo,

1251 1685 1314 1715 quae
1327 1672 1462 1703 maxime
1474 1673 1667 1704 excellent,ea
1674 1671 1896 1713 diligentissime
1907 1674 2102 1714 persequatur.
2121 1675 2226 1720 Qide

1252 1718 1335 1746 enim
1348 1716 1439 1745 causae
1452 1714 1577 1744 censetis
1588 1711 1644 1743 effe
1657 1733 1664 1747 ,
1688 1723 1740 1742 cur
1749 1720 1839 1742 aetates
1848 1715 2009 1745 extulerint
2018 1714 2136 1757 singulae
2146 1719 2205 1747 fin-

1250 1758 1317 1799 gula
1333 1756 1424 1797 prope
1441 1765 1548 1797 genera
1557 1754 1677 1785 dicendi
1689 1757 1700 1784 ?
1721 1755 1803 1796 quod
1813 1765 1877 1785 non
1888 1765 1948 1786 tarn
1958 1756 2044 1787 facile
2054 1760 2087 1787 in
2096 1758 2206 1788 nostris

1251 1799 1414 1829 oratoribus
1424 1796 1579 1838 poffumus
1588 1796 1719 1836 judicare
1733 1798 1820 1837 ,quia
1830 1798 1944 1837 scripta,
1955 1808 1993 1828 ex
2006 1799 2206 1840 qtiibusjudi-

1251 1844 1333 1871 cium
1354 1838 1416 1870 fieri
1436 1838 1531 1880 poss'et
1539 1859 1548 1872 ,
1569 1848 1633 1868 non
1654 1838 1750 1868 multa
1767 1838 1835 1868 sane
1847 1841 2033 1880 reliquerunt
2042 1861 2051 1874 ,
2070 1841 2160 1882 quam
2171 1844 2206 1872 in

1253 1884 1362 1913 Graecis
1375 1893 1380 1911 :
1401 1891 1439 1911 ex
1458 1890 1589 1921 quorum
1601 1880 1712 1919 scriptis
1724 1899 1732 1913 ‚
1753 1880 1894 1920 cujusque
1905 1883 1997 1911 aetatis
2008 1892 2073 1923 quae
2083 1883 2204 1914 dicendi

1252 1923 1535 1962 ratio,voluntasque
1544 1921 1644 1955 fuerit,
1655 1922 1782 1963 intelligi
1793 1921 1899 1961 potest.
1923 1922 2129 1964 Antiquiffimi
2139 1924 2202 1955 fere

1252 1968 1328 1999 sunt,
1340 1975 1470 2006 quorum
1480 1963 1604 2004 quidem
1615 1963 1717 2002 scripta
1727 1963 1881 1996 constent,
1898 1965 2023 1995 Pericles
2033 1986 2041 1999 ‚
2052 1975 2136 2007 atque
2148 1966 2204 1996 Al-

1251 2007 1437 2039 cibiaden&
1447 2006 1550 2035 eadem
1562 2014 1644 2035 aetate
1653 2004 1846 2044 Thucydides
1858 2026 1867 2037 ,
1879 2005 2001 2036 subtiles
2010 2027 2019 2040 ‚
2030 2010 2129 2042 acuti,
2138 2008 2205 2038 bre—

1250 2059 1301 2080 ves
1312 2061 1321 2083 3
1341 2049 1494 2078 sententiis
1503 2049 1597 2087 magis
1607 2066 1615 2080 ,
1635 2046 1727 2087 qu‘am
1737 2046 1835 2076 verbis
1844 2047 2035 2078 abundantes.
2062 2051 2137 2079 Non
2147 2059 2210 2089 po-·

1251 2089 1350 2121 tuiffet
1359 2089 1497 2121 accidere²
1510 2098 1543 2118 ut
1554 2098 1650 2118 unum
1660 2086 1730 2118 effet
1739 2090 1882 2117 omnium
1889 2098 1992 2129 genus,
2003 2088 2058 2118 nifi
2068 2090 2201 2131 aliquem

1251 2131 1304 2162 fibi
1314 2138 1514 2171 proponerent
1523 2129 1557 2159 ad
1569 2128 1750 2158 imitandum.
1771 2129 1930 2158 Consecuti
1940 2130 2008 2160 sunt
2017 2132 2071 2161 hos
2083 2134 2200 2166 Critias,

1251 2175 1456 2203 Theramenes
1466 2191 1474 2204 2
1495 2169 1604 2209 Lysias.
1628 2170 1723 2199 multa
1732 2168 1823 2208 Lyfiae
1834 2170 1937 2210 scripta
1948 2171 2016 2202 sunt
2026 2192 2034 2205 ‚
2054 2174 2202 2204 nonnulla

1251 2215 1351 2244 Critiae
1362 2234 1370 2246 ,
1383 2212 1419 2242 de
1429 2213 1620 2242 Theramene
1629 2210 1812 2240 audivimus.
1836 2221 1944 2242 omnes
1954 2215 2044 2243 etiam
2055 2223 2121 2244 tum
2131 2216 2204 2245 reti-

1251 2255 1360 2285 nebant
1377 2254 1467 2283 illurn
1485 2251 1501 2272 ⁶
1511 2252 1614 2282 Pericli
1633 2252 1754 2282 succum
1765 2272 1773 2285 ,
1795 2252 1843 2282 sed
1864 2263 1946 2284 erant
1953 2256 2055 2294 paullo
2066 2257 2204 2287 uberiore

1252 2295 1315 2326 filo.
1349 2298 1422 2325 Ecce
1440 2294 1496 2324 tibi
1514 2302 1636 2323 exortus
1654 2292 1696 2323 est
1705 2293 1843 2324 Isocrates
1855 2315 1863 2327 ,
1885 2295 2023 2337 magister
2031 2296 2157 2328 istorum
2168 2308 2205 2328 o—

1251 2340 1373 2367 mnium
1385 2357 1393 2370 ‚
1413 2337 1498 2373 cujus
1508 2335 1524 2364 ὲ
1536 2334 1608 2364 ludo
1619 2355 1626 2367 ,
1651 2343 1791 2374 tanquam
1809 2345 1847 2365 ex
1866 2346 1934 2377 equo
1947 2339 2062 2377 Trojano
2075 2360 2086 2372 ‚
2102 2345 2116 2368 7
2127 2341 2204 2370 meri

1249 2381 1397 2419 principes
1407 2380 1545 2407 exierunt
1557 2387 1561 2405 2
1584 2376 1631 2406 sed
1641 2386 1747 2406 eorum
1757 2379 1864 2416 partim
1876 2380 1908 2408 in
1917 2389 2037 2419 pompa,
2053 2383 2206 2420 partimin

1250 2422 1311 2451 acie
1322 2418 1450 2449 illustres
1459 2417 1516 2448 effe
1527 2418 1696 2448 voluerunt.
1736 2420 1838 2459 Itaque
1857 2419 1890 2449 ὃς
1909 2421 1954 2450 illi
1962 2440 1972 2454 ,
1995 2423 2205 2462 Theopompi,

1251 2463 1374 2502 Ephori,
1387 2459 1514 2493 Philisti,
1525 2462 1687 2492 Naucratae,
1700 2460 1850 2500 multique
1860 2462 1910 2491 alii
1920 2464 2032 2492 naturis
2042 2463 2182 2495 differunt
2195 2475 2202 2494 2

1250 2505 1404 2534 voluntate
1413 2510 1512 2533 autem
1523 2497 1536 2520 8
1547 2500 1656 2531 similes
1668 2502 1745 2534 sunt,
1763 2501 1795 2531 ὃς
1807 2511 1884 2532 inter
1895 2503 1953 2533 sese
1963 2504 2095 2544 magistri
2107 2517 2112 2535 :
2124 2506 2157 2536 &
2166 2508 2201 2539 ii,

1250 2545 1339 2586 quise
1350 2543 1384 2574 ad
1395 2543 1489 2573 causas
1501 2544 1711 2575 contulerunt,
1725 2551 1757 2572 ut
1767 2543 1989 2575 Demosthenes
1998 2565 2006 2579 ‚
2026 2547 2202 2587 Hyperides,

1250 2589 1401 2626 Lycurgus
1413 2605 1420 2618 ,
1432 2586 1586 2615 AEschines
1598 2605 1605 2617 ‚
1619 2585 1786 2614 Dinarchus
1798 2605 1806 2618 ,
1826 2585 1935 2626 aliique
1944 2588 2113 2627 complures
2123 2609 2137 2623 ,.
2152 2588 2204 2619 etii

1250 2628 1366 2660 interse
1376 2637 1456 2668 pares
1467 2637 1532 2658 non
1549 2626 1690 2661 fuerunt,
1711 2634 1810 2658 tamen
1828 2626 1898 2658 sunt
1915 2638 2023 2659 omnes
2043 2632 2076 2660 in
2093 2630 2203 2661 eodem

2128 2682 2208 2702 veri-

290 2768 313 2786 i.
332 2761 428 2786 ‘nntius
436 2762 535 2796 literis]
557 2765 659 2790 Contra
671 2764 797 2792 Budaeum
810 2766 894 2793 isthoec
904 2766 1019 2803 explicat
1030 2767 1060 2793 Ρ.
1072 2766 1206 2794 Ἣὲὶοήυε

249 2794 319 2822 libro
331 2805 359 2822 x.
370 2797 432 2822 Var.
443 2796 506 2823 left.
518 2808 572 2834 cap.
587 2799 628 2825 18.

287 2840 315 2856 2.
334 2835 368 2857 Dc
375 2832 473 2865 quodam
482 2834 660 2870 declamatore]
674 2837 758 2864 Palat.
769 2837 818 2864 sec.
831 2846 893 2865 tert.
909 2846 995 2874 quart.
1006 2839 1033 2865 &
1045 2839 1116 2876 seqq.
1137 2847 1167 2866 ut
1176 2840 1205 2866 δε

249 2867 364 2893 Memm.
376 2868 457 2894 chart.
469 2871 611 2903 clamatorq
623 2873 693 2907 quod
706 2873 847 2901 notandum
861 2875 967 2910 putabat
978 2875 1149 2902 Gulielmius.

287 2900 313 2937 3¹.
333 2907 482 2929 Revocanmr
499 2915 526 2931 ea
538 2925 546 2937 ,
563 2908 630 2941 ὡς]
652 2908 776 2936 Ridicule
788 2911 932 2937 Lambinus
943 2911 1050 2943 conjicit
1061 2913 1205 2945 resecantur.

248 2947 391 2963 revocamur
407 2940 477 2965 enim
489 2950 544 2975 qua:
555 2938 578 2967 se
590 2943 698 2970 nimium
711 2945 894 2980 prodiderunt.
920 2947 1048 2982 Virgilius
1061 2958 1066 2974 :
1087 2951 1115 2973 In
1133 2949 1205 2982 quas-

249 2982 339 3007 cunqne
350 2984 418 3000 ‘voces
428 2983 506 3007 artes,
516 2979 583 3002 haud
591 2980 786 3013 tardafiquetttr.
807 2983 967 3009 Gulielmius
974 3004 979 3009 .

286 3017 314 3041 4.
332 3011 412 3036 Studio
430 3019 500 3044 atquc
518 3016 646 3039 imitatione
663 3018 802 3050 mmmmm]
824 3018 889 3044 Haec
906 3019 941 3045 est
961 3018 1040 3045 leffio
1056 3019 1124 3046 Pall.
1142 3019 1206 3046 item

251 3044 322 3071 Pitli.
334 3046 362 3070 Sc
373 3047 596 3075 Memmizniorum
610 3069 617 3081 ‚
637 3060 687 3076 non
706 3054 837 3086 intendiffiw
848 3073 856 3085 ,
877 3055 948 3090 quod
966 3065 999 3082 ex
1019 3055 1103 3082 nescio
1114 3055 1207 3091 quibus

251 3080 308 3107 mss‘.
320 3081 411 3107 eruisse
422 3082 446 3108 se
456 3082 551 3110 adserit
564 3085 718 3113 Lambinus.

287 3126 313 3150 5.
335 3120 403 3143 Furit
411 3121 436 3144 in
446 3126 494 3151 rep.
506 3122 611 3156 Fifius]
624 3122 710 3149 Aldus
722 3124 814 3160 Nepos
824 3126 948 3161 expressit
959 3129 1052 3161 Fufius,
1064 3127 1133 3164 quod
1146 3127 1209 3154 item

248 3151 276 3184 in
288 3152 355 3181 Pall-
366 3153 506 3193 plerisque.
527 3157 606 3187 restat
617 3165 706 3189 tamen
719 3159 834 3191 alterum
844 3162 872 3193 iii
883 3164 970 3198 quint.
980 3173 1009 3193 ac
1020 3163 1085 3201 stpt,
1094 3173 1154 3193 uani
1164 3173 1206 3203 pr.

1248 2768 1274 2793 8<
1287 2767 1335 2794 sec.
1346 2767 1412 2795 istud
1423 2769 1575 2805 exemplum
1586 2767 1707 2794 omisere.
2012 2801 2017 2807 .
2095 2800 2101 2806 .

1283 2804 1311 2830 6.
1330 2807 1417 2830 'Pericli
1428 2806 1550 2838 flamm]
1571 2805 1659 2840 Vulgo
1668 2804 1782 2835 ‘Per-ielis,-
1802 2802 1844 2829 sed
1863 2803 1977 2829 alterum
1995 2801 2085 2842 vifitur
2095 2810 2121 2841 in
2134 2800 2203 2840 l'all.

1248 2839 1304 2866 fere
1314 2840 1435 2867 omnibus
1449 2860 1456 2872 ‚
1468 2842 1493 2866 Sc
1506 2840 1660 2871 Gallicanis,
1671 2840 1811 2866 Gnlielmii
1822 2839 1922 2865 duobus
1935 2858 1943 2870 ,
1955 2838 2068 2873 denique
2078 2836 2205 2877 editioni-

1248 2876 1294 2902 bus
1307 2876 1630 2912 exoletis.;idiiotavitque
1641 2876 1673 2902 sic
1683 2876 1736 2911 legi
1748 2876 1773 2902 in
1788 2874 1970 2902 vetustioribus
1982 2873 2140 2900 membranis
2153 2873 2206 2898 Ri-

1251 2912 1325 2942 vius;
1344 2913 1416 2945 cujus
1427 2913 1618 2947 Castigationes
1630 2910 1803 2938 consulendae.
1973 2947 1978 2952 .
2045 2945 2050 2950 ἱ
2144 2944 2153 2948 ⁵
2182 2944 2188 2948 ι

1284 2956 1311 2981 7.
1331 2950 1547 2982 ,Mei-lprimipcs]
1561 2948 1693 2974 Produxit
1704 2946 1769 2974 istud
1781 2947 1895 2982 primum
1907 2947 1936 2972 P.
1947 2944 2094 2986 Vi&orius,
2107 2954 2152 2980 qui
2167 2953 2206 2985 vi-

1249 2983 1342 3010 dentur
1353 2983 1421 3009 libro
1434 2993 1524 3010 xViii.
1536 2985 1621 3019 raph.
1634 2984 1719 3019 sicque
1729 2990 1784 3009 erat
1796 2982 1827 3009 ad
1837 2991 1911 3008 oram
1924 2981 1980 3007 l'al.
1991 2988 2152 3016 quai·t1,cmn
2164 2990 2205 3007 ni-

1251 3019 1287 3045 hil
1299 3020 1354 3049 eius
1366 3020 1424 3045 loco
1434 3019 1551 3045 liaberet.
1572 3029 1630 3046 nani
1641 3020 1686 3045 alii
1700 3039 1707 3051 ,
1718 3021 1968 3051 inmcmerfprincipes.

1287 3050 1315 3081 8:
1333 3057 1496 3089 simmei-sime,
1506 3066 1535 3085 U
1544 3057 1656 3088 intersis:
1666 3055 1794 3089 magystrI]
1806 3053 1920 3080 Restitni
1932 3053 2000 3078 hunc
2010 3052 2097 3093 locum
2108 3051 2203 3093 ePall.

1250 3090 1352 3117 duobus
1363 3092 1390 3117 8:
1402 3090 1515 3117 totidem
1526 3092 1669 3117 Gallicanis
1683 3111 1691 3122 ,
1705 3099 1790 3126 neque
1801 3088 1955 3116 recedebant
1964 3095 2045 3114 ceteri
2057 3088 2136 3129 nostri
2147 3087 2206 3114 mss.

1251 3135 1296 3153 ant
1315 3128 1461 3164 antiquitus
1472 3126 1537 3155 editi
1550 3147 1558 3161 ‚
1577 3137 1655 3164 quain
1667 3126 1740 3164 quod
1754 3133 1904 3163 repeterent
1913 3124 1980 3153 illud
1990 3124 2019 3156 ὁ·
2036 3144 2043 3157 ,
2054 3132 2135 3153 etiam
2144 3131 2206 3151 aute

1253 3165 1366 3198 magg'stri.
2148 3204 2159 3224 Ι
2184 3197 2212 3221 w
