2297 3389
415 163 670 209 Ornia-10
710 169 828 202 pao
866 153 1043 200 Domo
1080 153 1232 210 Sua,
1272 169 1346 201 AD
1384 153 1796 203 Ponriricas.

516 275 613 339 M.
697 275 1197 336 TULLIUS

2009 165 2105 217 457

1298 275 1484 335 Cic
1524 266 1718 337 E'Ro

1000 374 1235 430 PRO

228 474 597 550 DOMO
671 474 944 551 SUA,
1012 473 1163 539 AD
1241 461 2008 542 PONTIFICES.

544 605 892 653 oRATio
968 601 1692 651 VICESIMANONA,

401 759 483 789 ribus
494 757 603 788 nostris
613 759 736 786 inventa
744 774 753 788 ,
777 762 863 793 atque
874 751 1008 781 instituta
1019 751 1097 781 sunt:

401 810 467 831 tum
478 797 731 838 nihilpraeclaiius
742 814 750 828 ‚
768 795 859 835 quam
870 792 953 834 quod
963 802 1017 823 vos
1033 792 1097 823 eos-

398 842 469 872 dem
497 841 531 870 &
556 838 754 879 religionibus
782 836 909 866 deorum
938 836 1097 865 immorta-

305 877 353 916 ζμ
396 884 473 913 1111111
486 902 493 914 .
516 881 549 911 &
566 880 692 910 summae
712 878 837 918 reipubl.
854 875 973 917 praeess‘e
991 877 1098 907 volue-

396 933 467 954 runt
487 934 492 952 :
519 931 552 952 ut
570 919 747 961 amplissimi
760 940 770 954 ‚
794 920 826 949 &
843 917 997 949 clariss'imi
1014 920 1096 949 cives

395 974 489 1005 remp.
504 964 581 994 bene
599 962 752 1005 gerend03
775 960 953 1002 ¹pontifices
971 961 1095 1000 religio-

103 1035 105 1037 >
137 1020 190 1041 nes
200 1011 343 1050 sapienter
352 1005 591 1046 interpretando,
612 1014 706 1045 remp.
721 1005 939 1034 conservarent.
964 1000 1055 1042 de
1074 1000 1094 1030 fi

137 1053 204 1082 ullo
224 1059 357 1090 tempore
377 1052 505 1091 ²magna
522 1047 604 1078 causa
623 1045 806 1077 sacerdotum
827 1045 931 1085 populi
942 1044 1095 1084 Rom.ju-

136 1094 218 1125 dicio
229 1112 237 1126 ‚
254 1102 288 1122 ac
304 1090 445 1131 potestate
463 1089 573 1120 versata
589 1088 650 1119 est:
671 1089 733 1118 haec
740 1085 878 1128 profe&o
889 1095 966 1117 tanta
977 1084 1018 1115 est
1030 1105 1038 1119 ‚
1061 1094 1095 1115 ut

136 1136 240 1166 omnis
255 1133 368 1173 reipub.
381 1132 527 1174 dignitas,
546 1132 691 1161 omniurn
709 1131 824 1160 civium
840 1129 915 1159 salus
926 1148 934 1161 ‚
956 1129 1015 1157 vita
1027 1148 1034 1160 .
1056 1127 1094 1156 li-

134 1176 230 1207 bertas
239 1196 248 1209 ,
260 1185 314 1206 arae
325 1195 333 1208 ,
346 1174 426 1208 foci,
438 1174 480 1204 dii
492 1182 612 1213 penates
623 1193 631 1205 ‚
647 1172 727 1202 bona
739 1192 746 1206 ‚
762 1170 891 1201 fortuna:
903 1191 911 1203 ,
925 1169 1093 1203 domicilia,

133 1217 237 1249 vestrae
248 1218 396 1257 sapientiae
407 1236 415 1249 ‚
429 1215 498 1246 fidei
510 1236 518 1250 ,
532 1214 729 1256 p0testatique
737 1211 896 1244 commissa
906 1232 914 1245 ‚
925 1211 1094 1252 creditaque

133 1259 193 1290 effe
210 1259 376 1290 videantur.
416 1258 514 1287 Vobis
531 1257 681 1287 hodierno
702 1255 750 1285 die
770 1253 1018 1285 constituendum
1039 1252 1091 1287 est,

133 1301 238 1332 utrum
258 1300 378 1341 posthac
396 1301 560 1333 amenteis‚
583 1309 616 1329 ac
631 1297 762 1338 perditos
781 1295 965 1338 magistratus
979 1297 1094 1335 impro-

134 1342 246 1374 borum
257 1363 266 1377 ,
277 1353 310 1373 ac
318 1343 527 1373 sceleratorum
537 1342 651 1371 civium
662 1338 797 1380 praesidio
808 1338 918 1368 nudare
928 1358 936 1371 ‚
955 1348 992 1368 an
1003 1339 1093 1368 etiam

134 1385 264 1416 deorum
274 1384 494 1414 immortalium
505 1382 635 1423 religione
643 1391 754 1410 armare
762 1380 885 1410 malitis.
909 1382 990 1409 Nam
1008 1378 1028 1408 fi
1044 1379 1094 1408 illa

134 1427 216 1457 labes
229 1446 237 1459 ,
258 1436 291 1456 ac
308 1424 430 1456 flamma
446 1424 564 1464 reipub.
576 1424 663 1454 suum
681 1423 769 1452 illum
784 1420 959 1463 pestiferum
975 1441 984 1454 ‚
1003 1421 1035 1451 &
1046 1419 1096 1450 fu-

132 1468 253 1498 nestum
263 1467 447 1498 tribunatum
458 1487 467 1501 ‚
481 1476 574 1507 quem
587 1467 721 1506 aequitate
736 1465 868 1494 humana
878 1465 955 1493 tueri
964 1472 1030 1492 non
1040 1472 1096 1502 po—

131 1509 206 1543 test,
226 1509 330 1540 divina
347 1509 495 1549 religione
513 1506 700 1538 defenderit:
718 1507 782 1537 aliae
800 1507 986 1536 caeremoniae
1005 1504 1096 1534 nobis

131 1561 220 1582 erunt
231 1572 239 1585 ‚
251 1552 301 1582 alii
311 1550 456 1581 antistites
466 1550 593 1581 deorum
603 1550 824 1580 immortalium
836 1568 845 1581 ,
860 1547 910 1577 alii
920 1549 1095 1587 interpretes

127 1594 313 1635 religionum
333 1592 514 1633 requirendi.
545 1591 697 1622 sinautem
709 1590 804 1621 vestra
821 1589 995 1620 auci-oritate
1012 1609 1021 1622 ,
1050 1589 1094 1619 sa-

127 1637 301 1676 pientiaque
312 1655 320 1668 ,
332 1633 491 1675 pontifices
502 1655 511 1668 ,
527 1645 559 1665 ea
569 1654 577 1668 ,
593 1644 658 1675 quae
668 1632 770 1663 furore
781 1631 992 1672 improborum
1004 1632 1037 1660 in
1048 1641 1095 1661 re-

129 1677 203 1718 pub.
213 1677 250 1708 ab
258 1678 325 1707 aliis
336 1675 467 1716 oppressa
476 1696 485 1711 ,
496 1676 533 1706 ab
543 1677 609 1707 aliis
619 1676 741 1710 deserta,
754 1675 790 1705 ab
799 1675 865 1704 aliis
871 1673 1001 1714 prodita,
1013 1671 1093 1714 gesta

129 1720 218 1753 sunt,
234 1718 459 1749 rescinduntur:
478 1719 644 1752 eritcausa‚
662 1715 884 1748 curconsilium
896 1715 1047 1756 majorum
1059 1716 1092 1745 in

127 1759 317 1801 ampliffimis
330 1762 405 1791 viris
417 1759 453 1791 ad
463 1760 623 1792 sacerdotia
630 1759 799 1801 deligendis
810 1778 818 1792 ‚
832 1759 899 1799 jure
910 1777 918 1792 ‚
939 1767 971 1788 ac
980 1755 1092 1787 merito

87 1801 116 1825 ⁰
127 1803 244 1833 laudare
253 1801 409 1842 poffimus.
431 1802 488 1833 Sed
499 1822 508 1836 ‚
528 1804 675 1844 quoniam
685 1803 737 1832 ille
748 1801 874 1832 demens
885 1820 893 1833 ‚
915 1798 935 1829 si
952 1809 985 1830 ea
995 1820 1003 1833 ,
1023 1809 1089 1840 quae

89 2068 110 2093 μ

129 1854 187 1886 ego
199 1854 251 1884 per
263 1844 318 1874 hos
332 1843 395 1874 dies
409 1846 443 1874 111
456 1844 558 1874 senatu
571 1844 608 1874 de
621 1854 682 1884 rep.
694 1842 766 1874 sensi
780 1863 788 1877 ,
808 1840 998 1882 vituperasset
1009 1861 1017 1875 ,
1036 1842 1089 1871 ali-

129 1896 222 1927 quem
236 1886 265 1915 se
282 1886 398 1916 aditum
413 1885 448 1916 ad
465 1888 560 1916 aureis
578 1885 687 1916 vestras
704 1884 762 1915 effe
776 1885 950 1915 habiturum
965 1885 1090 1924 putavit:

129 1929 272 1958 omittam
281 1927 423 1957 ordinem
432 1927 552 1958 dicendi
563 1937 684 1957 meum:
695 1926 882 1967 respondebo
893 1927 1030 1955 hominis
1040 1924 1091 1955 fu·-

129 1968 201 2000 riosi
214 1979 277 1999 non
287 1969 437 2003 elationi,
457 1979 515 2009 qua
528 1970 582 1998 ille
596 1971 642 1999 uti
658 1979 721 1999 non
736 1967 834 2008 potest
843 1989 853 2002 .
875 1967 925 1998 sed
935 1968 1090 2001 convicio,

129 2013 215 2048 cujus
227 2012 473 2040 exercitationem
485 2010 556 2040 cum
567 2010 752 2040 intolerabili
761 2010 926 2049 petulantia
940 2029 948 2042 ,
969 2017 1034 2038 tum
1045 2017 1092 2038 et-

130 2054 191 2083 iam
202 2052 342 2083 diuturna
353 2052 525 2092 impunitate
533 2053 680 2082 munivit.
725 2054 769 2081 Ac
781 2049 918 2092 primum
930 2050 1007 2080 illud
1021 2050 1036 2080 ὲ
1049 2059 1090 2084 te,

129 2096 257 2124 homine
268 2095 377 2124 vesano
388 2114 396 2127 ,
416 2104 449 2124 ac
463 2093 579 2124 furioso
590 2114 599 2127 ,
617 2095 758 2134 requiro,
778 2103 843 2134 quae
862 2102 890 2123 te
910 2101 987 2123 tanta
1004 2101 1092 2132 poena

129 2145 251 2166 tuorum
262 2134 666 2177 scelerum‚flagitiorumqtie
685 2144 823 2168 vexet‚ut
832 2136 887 2164 hos
899 2134 985 2164 taleis
995 2136 1087 2167 viros,

129 2180 182 2218 qui
192 2188 255 2208 non
266 2176 365 2208 solum
377 2175 510 2207 consiliis
521 2178 580 2207 suis
591 2197 600 2211 ,
623 2177 672 2207 sed
684 2177 866 2216 etiamspecie
876 2177 935 2217 ipsit
945 2195 953 2210 ,
965 2175 1093 2218 dignita—

129 2229 192 2250 tem
202 2221 273 2259 reip.
285 2218 431 2249 sustinent
442 2240 451 2252 ,
472 2218 556 2260 quod
567 2229 622 2260 ego
632 2221 664 2249 in
676 2220 820 2249 sententia
830 2217 955 2248 dicenda
965 2218 1090 2248 salutem

128 2262 245 2292 civium
255 2271 325 2291 cum
338 2261 454 2290 honore
465 2264 522 2290 Cn.
533 2263 672 2301 Pompeii
682 2262 900 2301 conjunxerim
911 2279 920 2294 ‚
940 2261 1018 2289 mihi
1033 2258 1092 2289 effe

129 2304 219 2333 iratos
229 2323 238 2337 ‚
259 2303 292 2333 &
305 2302 386 2333 aliud
409 2305 421 2329 3
435 2303 471 2332 de
485 2303 604 2333 summa
613 2305 671 2332 hoc
682 2311 817 2342 tempore
829 2303 978 2343 religione
989 2302 1093 2331 sensu—

127 2346 197 2379 ros,
216 2355 248 2375 ac
256 2354 306 2375 me
316 2344 435 2375 absente
443 2345 608 2378 senserint,
627 2344 776 2375 arbitrere.
800 2343 894 2374 Fuisti
906 2352 936 2374 tu
949 2363 957 2378 ‚
978 2344 1089 2383 inquit,

127 2387 205 2427 apud
224 2385 382 2427 pontifices
393 2387 543 2427 superior:
561 2386 681 2426 sedjam
693 2407 702 2420 ‚
716 2388 887 2427 4quoniam
901 2393 928 2415 te
946 2385 981 2415 ad
992 2394 1090 2425 popu-

125 2429 192 2459 lum
202 2427 357 2459 contulisti
367 2448 374 2462 ‚
391 2426 425 2458 fis
437 2427 563 2458 inferior
572 2448 581 2462 ‚
594 2427 709 2458 necess‘e
719 2428 772 2459 est.
805 2431 889 2458 Itane
900 2426 972 2457 verb
985 2429 994 2456 ?
1007 2426 1090 2467 quod

127 2472 162 2500 in
173 2471 309 2510 imperita
318 2470 514 2501 multitudine
525 2470 567 2500 est
577 2469 801 2501 vitiosiffimum
813 2489 821 2504 ‚
839 2470 965 2499 varietas
974 2489 983 2502 ,
998 2469 1030 2499 &
1041 2471 1090 2499 in-

127 2512 295 2542 constantia
305 2531 313 2546 ‚
335 2512 368 2542 &
378 2512 480 2542 crebra
491 2533 499 2546 ,
520 2522 661 2554 tanquam
671 2511 882 2552 tempestatum
894 2532 903 2545 ,
921 2510 959 2541 sic
969 2511 1090 2541 senten-

128 2555 235 2584 tiarum
249 2573 257 2587 ,
276 2556 475 2584 commutatio
488 2575 496 2588 ‚
514 2555 572 2585 hoc
589 2563 620 2584 tu
635 2554 670 2584 ad
686 2555 742 2584 hos
757 2553 912 2584 transferas
925 2573 933 2587 ‚
956 2563 1032 2594 quos
1052 2552 1089 2583 ab

129 2595 329 2626 inconstantia
337 2597 462 2636 gravitas
472 2616 480 2630 ,
502 2596 518 2626 a
528 2596 689 2626 libidinosa
704 2597 848 2626 sententia
861 2604 977 2626 certum
995 2595 1027 2625 &
1037 2594 1090 2624 de-

127 2636 250 2667 finitum
260 2637 309 2676 jus
319 2638 501 2678 religionum
512 2658 520 2672 ‚
539 2637 667 2668 vetustas
678 2637 890 2677 exemplorum
902 2657 910 2670 ‚
930 2635 1089 2667 auEtoritas
1105 2662 1106 2669 ,

124 2679 290 2709 litterarum
307 2699 315 2713 ‚
336 2688 669 2721 monumentorumque
688 2680 838 2709 deterret?
861 2682 952 2709 Tune
971 2688 1002 2708 es
1022 2679 1086 2712 ille,

127 2722 246 2762 inquit,
266 2731 328 2762 quo
346 2721 462 2751 senatus
479 2731 575 2752 carere
591 2732 654 2752 non
673 2723 790 2762 potuit?
811 2730 902 2761 quem
913 2720 987 2750 boni
1002 2720 1089 2750 luxe-

123 2766 213 2794 runt?
224 2773 316 2805 quem
327 2763 400 2803 resp.
413 2762 587 2795 desideravit
595 2766 606 2793 ?
614 2774 677 2805 quo
684 2762 823 2794 restituto
831 2783 842 2796 ,
855 2763 972 2793 senatus
983 2761 1086 2793 audio-

130 2887 140 2904 1
149 2878 320 2931 .P0nri[fices‚
330 2877 476 2911 religionen]
496 2878 538 2903 Sic
548 2877 669 2914 plerique
680 2877 812 2904 Pausiam
823 2876 858 2902 :ili
881 2883 928 2902 uot
938 2875 1035 2901 habent
1048 2884 1087 2901 re-

200 2915 291 2946 ligiones
301 2915 447 2946 religionihm
459 2933 467 2945 ,
478 2914 571 2940 omiffo
582 2923 613 2939 co
620 2916 757 2948 Pontifices.
770 2920 836 2939 vett.
847 2886 909 2938 eiid.
918 2914 1038 2945 pontifices
1050 2920 1087 2936 re-

127 2951 218 2982 hgiones
229 2951 357 2982 religiones.
378 2950 554 2986 Panthagatus
565 2950 692 2985 conjecit,
706 2951 856 2983 religicfiffimi
866 2950 984 2982 religiones
996 2967 1004 2979 ,
1015 2946 1087 2983 quod

129 2984 222 3011 invasit
232 2984 387 3012 Lambinus.

165 3029 194 3046 2.
214 3022 304 3053 Magna
314 3021 384 3054 causti
394 3022 544 3055 sacerdotum
555 3042 563 3054 ,
581 3022 648 3056 &c.]
680 3023 721 3048 Ira
731 3021 801 3048 Pau.
820 3021 847 3046 8<
859 3020 951 3046 Abalae
961 3019 1029 3047 liber
1040 3028 1088 3047 nec

131 3065 184 3082 non
196 3057 223 3081 S.
234 3055 360 3086 meroris,
371 3064 449 3093 atque
459 3058 543 3084 editio
553 3060 650 3095 prima,
662 3058 713 3084 sine
722 3057 904 3095 praepositione
914 3060 950 3083 in.

168 3100 181 3127 3
188 3111 195 3117 .
214 3093 343 3124 Desnmmn
351 3094 494 3127 horrempore
504 3097 608 3128 religione
620 3115 628 3127 ‚
637 3095 704 3129 ἐγω]
729 3094 787 3121 Pal.
798 3103 882 3121 nonus
893 3095 963 3128 hujus
972 3093 1089 3126 temporis.

130 3134 226 3164 quarto
238 3134 350 3162 utraque
363 3137 413 3154 vox
423 3129 504 3157 deest.

132 3197 139 3203 Ι
166 3170 194 3204 43.
202 3198 206 3203 Ι
213 3164 326 3203 Qonitim
337 3170 358 3188 tt
367 3165 400 3190 ad
407 3168 515 3199 populum
523 3166 666 3202 contulisti.]
684 3165 833 3195 'Lambinus
841 3166 877 3193 ad
883 3166 1026 3201 Pompejum.
1047 3163 1089 3191 sed

129 3206 222 3226 snum
234 3197 356 3226 omnibus
366 3199 424 3228 mss‘.

355 724 375 748 fl
398 719 428 748 U
440 726 466 746 M
486 715 579 746 multa
589 714 736 745 divinitus
749 733 758 746 ‚
776 709 935 752 pontifices
945 730 953 743 ,
974 708 990 740 ὲ
1002 708 1100 749 majo-

1138 749 1297 790 prodidisti
1312 753 1323 778 ?
1345 750 1496 780 Nondum
1515 750 1552 781 de
1566 761 1633 781 mea
1647 752 1792 783 sententia
1801 754 1878 784 dico.
1901 755 2101 794 impudentiae

1116 817 1118 830 ,Ἰ
1139 791 1275 832 primum
1289 792 1478 831 respondebo
1493 801 1560 823 1οκ.
1606 795 1698 824 Hunc
1713 795 1822 834 igitur,
1842 795 1958 826 funesta
1969 807 2043 836 reip.
2052 805 2100 835 pe-

1116 831 1118 857 !
1132 833 1197 871 stis,
1218 835 1300 863 hunc
1313 843 1343 863 tu
1358 835 1458 864 civem
1474 833 1553 864 ferro
1564 854 1573 868 ‚
1593 834 1626 865 &
1639 837 1729 865 armis
1741 856 1749 869 ‚
1770 836 1802 866 ὃς
1815 838 1961 867 exercitus
1975 846 2098 870 terrore.

1139 876 1173 906 &
1182 876 1344 905 consulum
1355 876 1463 905 scelere
1474 895 1483 909 ,
1501 876 1534 906 δε
1544 875 1803 907 audaciffimomm
1816 879 1978 908 hominum
1991 881 2100 912 minis.

1138 918 1290 948 servorum
1301 916 1431 951 delefi’tm
1441 916 1606 948 obseffionc
1616 919 1813 960 templorum,
1825 922 2019 959 occupatione
2028 919 2100 954 fori.

1138 957 1324 1000 oppressione
1334 961 1422 989 curiae
1432 980 1440 994 ‚
1453 959 1550 990 domo
1560 981 1568 994 ‚
1580 960 1612 990 ὃς
1621 963 1723 1001 patria.
1739 971 1776 990 ne
1785 971 1855 991 cum
1866 962 2015 1001 improbis
2025 962 2104 995 boni

1137 1001 1218 1031 ferro
1229 1001 1408 1031 dimicarent
1419 1022 1427 1035 ‚
1449 1001 1552 1032 cedere
1561 1002 1666 1033 curasti
1679 1022 1686 1037 ,
1707 1012 1797 1044 quem
1813 1001 1829 1033 a
1843 1003 1943 1033 senatu
1955 1022 1963 1036 ‚
1982 1013 2073 1044 quem
2083 1005 2100 1035 11

1138 1044 1228 1073 bonis
1238 1042 1384 1073 omnibus
1396 1062 1404 1076 ,
1419 1049 1511 1084 quem
1523 1044 1539 1073 ὲ
1549 1043 1657 1075 cuneta
1667 1046 1749 1075 Italia
1759 1043 1953 1076 desideratum
1965 1065 1973 1078 ‚
1988 1044 2100 1075 arceffie

1138 1094 1203 1115 tum
1215 1105 1223 1119 ‚
1238 1093 1410 1115 revocatum
1423 1105 1432 1119 ‚
1443 1086 1652 1117 conservandae
1662 1089 1733 1127 reip.
1744 1086 1828 1117 causa
1839 1106 1847 1120 ,
1860 1084 2014 1116 confiteris
2027 1089 2037 1114 ?
2060 1090 2100 1117 Ac

1136 1129 1221 1157 enim
1236 1129 1268 1156 in
1282 1128 1417 1157 senatum
1432 1129 1537 1158 venire
1548 1147 1556 1161 ‚
1579 1130 1610 1158 in
1622 1129 1797 1169 capitolium
1810 1130 1916 1158 intrare
1926 1128 2102 1158 turbulento

1137 1169 1192 1199 illo
1203 1169 1252 1199 die
1261 1179 1326 1199 non
1337 1168 1476 1200 debuisti.
1502 1173 1565 1211 Ego
1575 1169 1648 1200 vero
1660 1180 1757 1211 neque
1765 1171 1857 1204 veni,
1875 1171 1908 1200 ἅτ
1920 1173 1936 1197 5
1944 1170 2038 1200 domo
2049 1180 2101 1200 me

1136 1213 1219 1241 tenui
1232 1231 1240 1245 ,
1259 1210 1406 1252 quamdiu
1417 1210 1612 1241 turbulentum
1625 1220 1732 1253 tempus
1743 1211 1818 1242 fuit:
1835 1211 1909 1243 cum
1920 1213 2019 1243 servos
2032 1221 2102 1243 tuos

1136 1251 1196 1283 ⁶ad
1214 1256 1347 1293 rapinam
1360 1273 1369 1287 ‚
1390 1253 1425 1284 ad
1444 1253 1599 1285 bonorum
1618 1255 1732 1284 caedem
1752 1263 1867 1294 paratos
1879 1274 1888 1287 ,
1909 1264 1979 1285 cum
1991 1254 2042 1284 illa
2052 1263 2101 1286 tua

1133 1296 1452 1329 conscele1·atorum,ac
1461 1296 1649 1336 perditorum
1663 1306 1767 1330 manu,
1785 1305 1925 1330 armatos,
1937 1299 1970 1326 111
1978 1298 2102 1336 Capito-
2138 1333 2142 1339 ἱ

1134 1337 1212 1366 1111111
1224 1346 1324 1367 tecum
1333 1336 1447 1367 venisse
1457 1337 1618 1372 constabat,
1629 1338 1711 1379 quod
1722 1337 1794 1368 cum
1806 1339 1883 1368 mihi
1898 1339 2095 1372 nuntiaretur,

1133 1379 1193 1409 scio
1214 1389 1263 1408 me
1283 1378 1369 1408 domi
1390 1378 1543 1414 mansisse,
1566 1380 1598 1410 ὃς
1612 1380 1690 1414 tibi,
1710 1380 1966 1426 &gladiatoribus
1980 1382 2100 1410 tuisin-

1134 1420 1296 1452 staurandae
1305 1421 1394 1451 caedis
1403 1421 1578 1462 potestatem
1595 1432 1659 1452 non
1669 1421 1781 1453 fecisse.
1803 1420 1904 1462 postea
1914 1422 2005 1462 quam
2019 1423 2099 1452 mihi

1134 1465 1308 1493 nuntiatum
1326 1462 1367 1493 est
1381 1483 1390 1496 ,
1413 1464 1561 1504 populum
1577 1466 1674 1494 Rom.
1695 1466 1728 1495 in
1750 1464 1936 1504 Capitolium
1949 1484 1958 1497 ,
1979 1472 2100 1503 propter

1134 1515 1251 1535 metum
1263 1525 1271 1538 ‚
1286 1513 1371 1545 atque
1382 1506 1519 1545 inopiam
1534 1507 1575 1535 rei
1589 1505 1810 1540 frumentariae,
1825 1504 2018 1536 convenisse:
2037 1507 2102 1535 rni-

1134 1546 1244 1577 nistros
1253 1555 1354 1576 autem
1365 1546 1510 1577 scelerum
1519 1556 1642 1578 tuorum
1653 1549 1825 1588 perterritos
1838 1567 1846 1581 ‚
1866 1549 1974 1587 partim
1987 1545 2100 1577 amiss'is

1137 1589 1261 1630 gladiis,
1282 1590 1391 1628 partim
1413 1591 1542 1629 ereptis,
1564 1588 1732 1631 diffugisse:
1756 1591 1828 1620 veni
1842 1599 1909 1620 non
1924 1588 2023 1620 solum
2039 1587 2102 1619 sine

1136 1631 1207 1661 ullis
1218 1631 1332 1671 copii8‚
1354 1640 1386 1661 ac
1399 1641 1511 1666 manu,
1529 1630 1638 1662 verum
1659 1633 1750 1662 etiam
1771 1641 1842 1662 cum
1859 1633 1962 1672 paucis
1980 1633 2100 1662 amicis.

1134 1676 1183 1703 An
1199 1682 1274 1714 ego,
1294 1671 1366 1702 cum
1376 1676 1407 1703 P.
1418 1673 1566 1704 Lentulus
1582 1673 1709 1707 consul,
1732 1672 1849 1714 optime
1862 1673 1899 1704 de
1918 1683 1968 1704 me
1981 1693 1990 1707 ,
2011 1683 2044 1704 ac
2062 1673 2101 1704 de

1131 1725 1191 1754 rep.
1203 1716 1331 1745 meritus
1341 1734 1349 1748 ,
1369 1713 1441 1746 cum
1453 1715 1638 1755 QMetellus
1651 1735 1659 1749 ‚
1678 1717 1749 1756 qui,
1771 1715 1843 1746 cum
1856 1725 1942 1746 meus
1952 1716 2102 1745 inimicus

1132 1755 1222 1790 esset,
1242 1756 1330 1787 frater
1348 1765 1435 1792 tuus,
1459 1758 1492 1788 &
1510 1755 1686 1788 dissensioni
1703 1756 1812 1788 nostrae
1823 1777 1831 1791 ‚
1850 1757 2029 1797 &precibus
2040 1759 2103 1787 tuie

1131 1799 1254 1830 salutem
1267 1819 1276 1833 ‚
1297 1808 1329 1829 ac
1346 1799 1525 1840 dignitatem
1540 1809 1640 1830 meam
1656 1798 1846 1840 praetulissiet,
1867 1810 1917 1829 me
1927 1797 2103 1829 arce-{serent

1130 1842 1163 1872 in
1174 1842 1310 1872 senatum
1323 1851 1329 1870 :
1354 1841 1426 1872 cum
1439 1850 1518 1872 tanta
1528 1841 1696 1872 multitudo
1706 1842 1822 1872 civium
1837 1849 1896 1871 tam
1907 1843 2019 1872 recenti
2030 1840 2102 1871 offi-

1129 1885 1180 1914 cio
1196 1883 1252 1913 suo
1271 1892 1321 1913 me
1339 1883 1374 1914 ad
1395 1882 1581 1914 referendam
1600 1885 1725 1925 gratiam
1743 1884 1929 1913 nominatim
1946 1891 2101 1914 vocarent:

1131 1935 1195 1955 non
1205 1927 1340 1955 venirem
1353 1946 1362 1959 ,
1382 1924 1453 1955 cum
1464 1925 1628 1965 pracsertim
1642 1934 1669 1955 te
1679 1925 1743 1964 jam
1753 1925 1840 1954 illinc
1850 1935 1919 1955 cum
1933 1933 1980 1955 tua
1991 1924 2099 1966 fugiti-

1130 1977 1240 1997 vorum
1251 1976 1343 1997 manu
1354 1965 1508 1997 disceffiffe
1517 1966 1666 1997 constaret
1679 1970 1689 1996 ?
1712 1964 1771 1996 Hic
1788 1974 1818 1996 tu
1828 1976 1879 1996 me
1890 1968 1982 1996 etiam
1998 1966 2100 1996 custo-

1130 2009 1200 2038 dem
1210 2027 1221 2042 ,
1240 2007 1491 2048 defensoremque
1501 2009 1662 2048 Capitolii,
1684 2008 1929 2049 templorumque
1939 2010 2097 2042 omnium,

1129 2049 1248 2080 hostem
1260 2049 1450 2090 Capitolinum
1461 2050 1607 2090 appellare
1619 2050 1705 2080 ausus
1716 2060 1745 2079 cs
1757 2069 1765 2084 ,
1787 2049 1870 2090 quod
1882 2071 1890 2084 ,
1911 2048 1983 2079 cum
1999 2052 2031 2080 in
2039 2053 2100 2080 Ca-

1129 2091 1239 2131 pitolio
1264 2091 1400 2121 senatum
1425 2091 1486 2122 duo
1508 2091 1645 2122 consules
1668 2091 1811 2122 haberent
1830 2111 1839 2126 ‚
1875 2091 1912 2121 eo
1935 2093 2098 2122 venirem?

1131 2137 1310 2164 UTRUMNE
1327 2132 1369 2163 est
1388 2142 1507 2173 tempus
1524 2132 1666 2174 aliquod,
1690 2143 1751 2174 quo
1772 2135 1806 2163 in
1825 2134 1961 2164 senatum
1979 2132 2098 2164 venisse

1131 2184 1214 2215 turpe
1228 2174 1282 2205 sit?
1301 2185 1338 2205 an
1356 2185 1401 2205 res
1419 2176 1471 2206 illa
1490 2175 1555 2206 talis
1576 2184 1656 2208 erat,
1676 2175 1713 2205 de
1730 2185 1786 2216 qua
1804 2175 1960 2216 agebatur,
1981 2185 2015 2205 ut
2028 2185 2094 2205 rem

1129 2218 1222 2257 ipsam
1234 2216 1387 2256 repudiare
1400 2237 1408 2251 ‚
1430 2217 1463 2247 &
1474 2226 1524 2246 eos
1537 2237 1545 2250 ‚
1566 2218 1617 2257 qui
1627 2217 1750 2259 agebant
1760 2237 1769 2251 ,
1790 2217 1994 2248 condemnare
2003 2217 2097 2247 debe-

1140 709 1255 738 ritatem
1275 706 1439 738 restitutam
1458 708 1658 748 putabamus?
1675 720 1765 752 quam
1784 713 1918 752 primum
1937 712 2102 743 adveniens
2138 723 2147 728 ‘

2121 789 2145 840 ωας.

1129 2269 1194 2289 rem
1208 2260 1219 2286 ?
1261 2257 1401 2289 Primum
1415 2259 1484 2289 dico
1495 2259 1636 2289 senatoris
1649 2258 1706 2289 ess'e
1719 2259 1793 2289 boni
1804 2279 1813 2292 ‚
1834 2259 1951 2299 semper
1963 2261 1995 2289 in
2010 2260 2094 2290 sena—
2111 2272 2133 2303 4

1131 2310 1196 2331 tum
1206 2302 1311 2330 venire
1324 2311 1329 2329 ε
1348 2310 1404 2330 nec
1414 2310 1483 2330 cum
1497 2301 1542 2330 his
1552 2301 1664 2333 sentio,
1684 2302 1736 2342 qui
1748 2300 1879 2332 statuunt
1889 2300 1994 2331 minus
2004 2301 2094 2332 bonis

1130 2342 1317 2382 temporibus
1329 2343 1361 2372 in
1370 2342 1506 2373 senatum
1519 2341 1572 2382 ipfi
1584 2352 1648 2372 non
1658 2344 1762 2373 venire
1775 2353 1780 2372 :
1801 2353 1867 2372 non
1878 2343 2092 2384 intelligentes,

1127 2385 1204 2415 hanc
1214 2385 1298 2414 suam
1309 2385 1438 2414 nimiam
1448 2385 1700 2424 perseverantiam
1713 2405 1722 2418 ‚
1741 2386 1938 2415 vehementer
1947 2387 1983 2414 iis
1992 2405 2000 2418 ‚
2015 2395 2094 2426 quo-

1107 2426 1108 2433 *
1127 2436 1193 2456 rum
1204 2429 1343 2457 animum
1363 2426 1516 2456 offendere
1533 2427 1715 2460 voluerunt,
1736 2435 1845 2468 gratam
1859 2448 1867 2461 ‚
1884 2427 2092 2466 &jucundam

1125 2466 1222 2498 fuifl‘e.
1246 2472 1286 2498 At
1297 2470 1380 2499 enim
1393 2469 1539 2498 nonnulli
1549 2477 1670 2509 propter
1679 2470 1825 2499 timorem
1837 2488 1845 2502 ‚
1870 2468 1952 2509 quod
1963 2469 1991 2498 se
2003 2470 2036 2498 111
2047 2470 2093 2498 se-

1128 2519 1198 2541 natu
1209 2509 1275 2540 tuto
1286 2521 1350 2540 non
1367 2509 1424 2540 effe
1434 2510 1648 2541 arbitrabantur
1658 2530 1667 2544 ,
1686 2509 1888 2540 discesserunt.
1912 2520 1977 2539 non
1991 2519 2094 2550 repre-

1127 2552 1243 2582 hendo:
1257 2563 1312 2583 nec
1320 2562 1433 2593 quaero,
1445 2552 1574 2582 fueritne
1583 2552 1696 2592 aliquid
1704 2551 1992 2592 pertimescendum.
2002 2561 2089 2592 puto,

1125 2595 1197 2633 7fito
1209 2605 1350 2636 quemque
1359 2592 1503 2622 arbitram
1520 2594 1617 2622 timere
1626 2600 1754 2634 oportere.
1777 2603 1831 2623 cur
1839 2603 1894 2635 ego
1905 2604 1968 2623 non
1979 2595 2092 2624 timue-

1124 2637 1185 2667 rim
1195 2656 1204 2670 ,
1226 2639 1333 2677 quaeris
1347 2641 1357 2666 ?
1379 2637 1450 2675 quia
1469 2644 1496 2665 te
1515 2636 1601 2665 illinc
1618 2633 1720 2664 abiisse
1735 2633 1896 2666 constabat.
1920 2638 1980 2665 Cur
1989 2655 1997 2669 ,
2016 2634 2091 2667 cum

1124 2679 1182 2708 viri
1193 2678 1267 2708 boni
1278 2677 1422 2708 nonnulli
1433 2679 1562 2716 putarint
1573 2696 1581 2710 ‚
1606 2676 1672 2706 tuto
1684 2676 1712 2706 se
1722 2678 1755 2706 in
1766 2676 1867 2707 senatu
1877 2676 1934 2707 esse
1943 2687 2006 2707 non
2017 2678 2090 2718 pos-

1127 2720 1156 2750 se
1166 2740 1174 2753 ‚
1193 2730 1248 2761 ego
1259 2730 1322 2749 non
1334 2719 1416 2749 idem
1426 2719 1590 2749 senserim?
1613 2721 1672 2748 Cur
1683 2738 1691 2751 ‚
1711 2718 1783 2750 cum
1795 2729 1850 2760 ego
1859 2729 1909 2749 me
1918 2718 2089 2750 existimas-

1124 2762 1186 2792 sem
1198 2761 1264 2791 tuto
1276 2762 1407 2791 omnino
1417 2762 1580 2791 incivitate
1594 2758 1652 2790 ess'c
1671 2755 1685 2780 8
1696 2770 1761 2791 non
1774 2759 1862 2803 poffe
1875 2781 1884 2795 ‚
1904 2761 1978 2791 illuc
1994 2763 2089 2791 irem?

1970 2813 2008 2833 an
2018 2804 2088 2834 aliis

1166 2884 1192 2909 5.
1212 2879 1279 2901 Domo
1288 2884 1321 2900 me
1331 2874 1422 2907 tenui]
1445 2873 1533 2908 Vulgo
1547 2873 1606 2899 domi
1616 2893 1624 2906 ,
1644 2871 1686 2900 scd
1701 2880 1794 2900 contra
1813 2882 1904 2900 omnes
1925 2871 2093 2900 membrana:

1122 2912 1156 2942 v&
1167 2911 1316 2947 antiquitus
1328 2910 1475 2947 impress'os.

1164 2948 1191 2973 6.
1214 2948 1268 2975 <Ad
1280 2951 1390 2980 rapinam
1403 2966 1411 2978 ,
1430 2946 1463 2972 ad
1471 2947 1580 2971 honorum
1598 2946 1702 2982 caedem]
1725 2945 1782 2973 1³21.
1794 2955 1857 2973 non.
1877 2953 1959 2982 atque
1979 2942 2093 2972 Erfurd.

1130 2984 1164 3009 ad
1174 2987 1269 3016 impiam
1276 2984 1389 3016 predam.
1994 2989 1995 2992 ¹

1166 3028 1194 3053 7.
1220 3024 1263 3044 Suo
1274 3028 1383 3053 quemque
1393 3019 1516 3044 arbitratu
1527 3020 1606 3043 timei-e
1614 3018 1666 3053 ομ]
1689 3017 1769 3044 Haud
1782 3018 1860 3044 aliter
1871 3016 2095 3045 s.v55t.Ah.Pal.

1132 3065 1229 3083 11011115.
1250 3062 1354 3090 recepta
1366 3054 1459 3086 legno,
1471 3054 1618 3087 arbitriofiao
1628 3064 1738 3088 qroemque
1746 3058 1798 3080 tim.

1169 3091 1196 3117 8.
1216 3095 1278 3125 ‘Rcin
1286 3091 1409 3123 poffedlluc
1419 3093 1477 3115 irem
1489 3090 1522 3124 ?]
1543 3091 1574 3115 1‘.
1587 3091 1723 3117 Manutius
1734 3093 1748 3116 e
1760 3090 1861 3125 Batgoei
1875 3089 1921 3116 ms.
1930 3091 1965 3115 illo
1974 3099 2019 3115 non
2027 3091 2097 3115 item?

1134 3126 1245 3154 Erfurd.
1257 3127 1345 3158 habet,
1353 3129 1389 3152 illi
1398 3127 1527 3159 [insi-rum,
1538 3125 1609 3161 quod
1619 3127 1646 3152 ὃζ
1658 3128 1685 3154 iu
1697 3126 1765 3154 Pall-
1776 3136 1847 3155 nono
1858 3136 1866 3159 5
1879 3125 1920 3154 sed
1932 3126 2002 3152 idem
2010 3125 2095 3152 etiam

1133 3163 1212 3192 habet
1222 3163 1281 3191 loco
1291 3165 1397 3197 existima
1418 3162 1533 3197 c711,Ji71fi
1551 3163 1597 3188 em.

1530 3233 1633 3262 Mmm
2006 3232 2100 3258 i.Duo
