2295 3400
103 856 152 881 22
169 846 345 877 videantur..

161 100 260 163 252‘
598 100 671 149 M.
750 99 1105 149 Tunnrr

166 183 257 222 gione
266 178 468 212 consecratum
480 199 488 214 ‚
507 178 622 210 violare
633 179 749 211 noluit:
768 188 801 212 tu
818 181 1014 221 Syracusanos
1032 191 1130 212 unum

166 222 249 254 diem
269 221 379 253 festum
401 226 410 242 ¹
424 222 572 252 Marcellis
593 223 744 261 impartire
762 221 885 253 noluisti
899 234 906 256 3
926 233 976 263 pei·
995 233 1072 264 quos
1083 224 1130 254 illi

168 264 267 304 adepti
278 264 363 297 sunt,
384 273 537 293 utceteros
549 261 711 297 diessestos
722 267 826 303 agitare
838 263 965 304 possent.
997 269 1036 295 At
1057 264 1129 295 vero

165 307 340 346 praeclarum
351 305 433 335 diem
444 305 502 334 illis
513 303 668 344 reposuisti
680 325 688 339 ,
700 308 797 335 Verrea
809 315 842 336 ut
851 315 986 347 agerent,
1012 307 1044 337 &
1055 315 1086 338 ut
1095 307 1131 337 ad

165 358 239 377 eum
251 347 346 379 diem,
359 357 422 388 qua·
434 347 528 379 sacris,
539 347 694 386 epulisque
705 357 780 387 opus
789 346 895 381 essent,
906 350 939 377 in
949 349 1132 388 complureis

167 399 264 419 annos
275 389 449 419 locarentur.
464 388 590 422 sedium
603 390 635 418 in
646 397 724 419 tanta
733 388 817 419 istius
829 388 1016 429 impudentia
1027 392 1132 420 remit-

168 431 295 460 tendum
306 430 418 470 aliquid
429 429 556 462 videtur,
569 439 606 459 ne
615 432 721 460 omnia
728 431 946 461 contendamus
957 452 965 465 ‚
978 442 1016 462 ne
1026 434 1132 463 omnia

166 481 239 502 tum
250 471 355 501 dole-ie
366 481 448 512 agere
458 471 623 501 videamur.
646 481 717 502 narn
729 482 778 502 me
788 472 862 507 dies,
872 483 947 506 vox,
957 473 1047 504 latera
1056 472 1132 503 defi-

166 515 248 542 ciant
259 533 268 546 ,
279 511 299 542 si
310 513 366 542 hoe
377 523 458 543 nunc
470 512 727 544 vociferarivelim
738 535 746 547 ‚
759 514 851 555 quam
863 515 1008 545 miserum
1020 534 1028 548 ‚
1050 515 1132 545 indi-

164 564 321 595 gnumque
332 553 374 588 fit,
386 554 471 585 istius
484 557 611 585 nomine
621 554 697 595 apud
708 565 758 586 eos
768 556 850 585 diem
861 555 971 587 festum
981 555 1039 587 effe
1050 576 1057 590 ,
1078 559 1131 597 qui

165 597 227 627 sese
237 596 323 626 istius
331 606 418 636 opera
427 595 562 626 funditus
575 595 721 632 exstinctos
729 596 777 635 effi·
786 598 974 628 arbitrentur.
989 601 1015 629 O
1026 602 1133 628 Verrea

165 639 302 678 praeclara
311 657 319 670 ,
343 641 357 657 ²
367 648 517 679 quoquam
528 637 548 667 si
558 637 697 669 acceffistr
709 659 717 672 ‚
740 638 805 680 quo
813 649 877 670 non
886 640 1020 670 attuleris
1030 649 1130 670 tecum

166 678 260 709 istum
271 680 353 710 diem
367 682 372 708 !
387 682 500 710 etenim
510 690 600 721 quam
609 689 641 710 tu
652 680 793 714 domum,
803 691 893 721 quam
905 682 1010 711 urbem
1022 681 1132 714 adiisti,

168 721 254 762 quod
264 721 369 751 fanum
381 721 510 762 denique
522 741 530 755 ,
551 722 631 762 quod
641 732 706 752 non
713 723 850 752 eversum
861 743 869 756 ‚
888 732 974 764 atque
983 723 1133 753 eittersum

165 764 322 803 reliqueris
334 766 345 792 ?
360 773 448 804 quare
458 764 643 803 appellentur
654 763 722 794 sane
732 763 786 794 ista
794 767 901 795 Verrea
912 784 920 798 ,
943 775 1009 805 quae
1021 775 1084 794 non
1096 774 1134 794 ex

168 807 298 834 nomine
309 825 318 838 ,
342 808 354 832 3
367 805 415 835 sed
425 815 463 835 ex
471 805 630 840 manibus,
650 815 812 846 naturaque
830 815 880 836 tua
896 805 1057 836 constituta
1076 804 1134 835 esse

383 849 491 887 QAM
511 855 638 877 FAciLE
656 856 780 877 SERPAT
799 848 908 886 injuria
918 867 925 880 ‚
947 848 981 877 &
990 847 1134 887 peccandi

168 888 372 918 consuetudo:
393 889 484 929 quam
500 899 563 919 non
580 888 667 919 facile
680 891 872 928 reprimatur,
893 889 993 919 videte
1006 889 1130 926 iudices.

168 930 254 960 Bidis
263 930 412 970 oppidum
422 930 473 971 est,
479 939 567 960 tenue
579 930 657 963 sane,
670 940 733 960 non
744 930 833 971 long-L⁴
845 931 860 960 a
870 929 1022 970 Syracusis.
1034 931 1134 969 Hujus

167 971 260 1013 longe
273 974 390 1011 primus
398 974 526 1003 civitatis
537 971 579 1001 est
588 974 736 1011 Epicrates
743 973 879 1013 quidam.
914 974 995 1002 Huic
1014 972 1134 1002 heredi-

168 1022 212 1043 tas
231 1024 285 1043 11-s
301 1016 537 1055 quingentorum
554 1014 690 1043 millium
709 1022 827 1044 venerat
842 1013 857 1044 a
871 1015 996 1043 muliere
1007 1014 1133 1054 quadam

170 1057 341 1096 propinqua
352 1075 360 1088 ,
372 1065 457 1096 atque
466 1057 504 1085 ita
512 1056 681 1095 propinqua
692 1075 700 1088 ,
713 1064 745 1084 ut
755 1065 788 1085 ea
798 1054 910 1085 etiamsi
922 1054 1055 1091 intestata
1064 1053 1136 1084 effer

171 1106 291 1128 mortua
301 1116 309 1129 ‚
331 1099 499 1136 Epicratem
510 1096 690 1126 Bidinorum
700 1097 816 1138 legibus
826 1097 966 1127 heredem
978 1096 1034 1127 effe
1044 1107 1135 1136 opor-

169 1147 257 1169 teret.
280 1140 397 1168 Recens
407 1139 584 1178 syracusana
594 1146 654 1168 erat
664 1138 715 1167 illa
724 1148 768 1169 res
779 1159 788 1172 ‚
809 1149 898 1179 quam
915 1138 982 1168 ante
1003 1139 1135 1169 demon-

170 1180 273 1213 stravi,
285 1180 322 1210 de
334 1180 474 1209 Heraclio
483 1180 661 1219 Syracusano
671 1199 678 1213 ‚
690 1181 743 1220 qui
754 1179 823 1209 bona
834 1191 885 1209 non
896 1180 1053 1220 perdidisset
1065 1201 1072 1213 .
1085 1179 1138 1220 nisi

169 1223 197 1251 ei
210 1221 476 1259 veniffitheredzras.
501 1223 582 1252 Huic
591 1231 711 1262 quoque
721 1224 846 1261 Epicrati
859 1231 999 1256 venerat,
1016 1231 1049 1252 ut
1058 1222 1134 1255 dixi,

169 1263 329 1293 hereditas.
359 1265 495 1304 Cogitate
514 1272 668 1302 coeperunt
688 1264 750 1302 ejus
771 1265 889 1293 inimici
901 1283 909 1297 ‚
932 1264 1137 1294 nihilominus

171 1304 283 1335 eodem
293 1315 415 1344 praetore
427 1305 506 1334 hunc
515 1306 608 1334 everti
618 1304 706 1334 bonis
717 1303 810 1344 poffe,
826 1309 844 1331 4
853 1315 914 1346 quo
928 1305 1082 1336 Heraclius
1093 1306 1137 1335 es-

172 1347 219 1377 set
229 1347 356 1377 eversus.
380 1356 443 1375 rem
455 1345 572 1376 occulte
582 1345 743 1376 instituunt
755 1357 760 1375 ;
772 1347 807 1377 ad
820 1350 943 1377 Verrem
953 1357 1004 1386 per
1013 1347 1077 1386 ejus
1088 1348 1138 1376 in-

172 1396 313 1428 terpretes
324 1387 470 1418 defernnt.
494 1390 533 1418 ita
543 1388 626 1418 causa
634 1391 831 1428 componitur
842 1409 851 1421 ,
872 1391 986 1419 utitem
995 1388 1137 1429 palaestri-

173 1438 212 1460 επ
229 1433 242 1458 5
253 1429 394 1460 Bidenses
412 1437 544 1469 peterent
563 1429 599 1459 ab
614 1431 746 1469 Epicrate
759 1430 953 1461 hereditatem
965 1450 973 1463 ‚
992 1429 1139 1471 quemad-

174 1471 307 1502 modum
316 1469 479 1511 palaestritae
489 1471 659 1511 Syracusani
669 1471 705 1501 ab
715 1472 856 1502 Heraclio
864 1470 1010 1511 petiss'ent.
1035 1474 1138 1502 Num-

170 1523 265 1554 quam
283 1523 338 1543 vos
357 1521 515 1553 praetorem
536 1522 596 1543 tarn
612 1512 813 1552 palaestricum
829 1513 961 1544 vidistis..
981 1512 1090 1544 verum
1100 1515 1140 1543 ita

171 1553 346 1595 palaestritas
356 1553 543 1588 defendebat,
555 1563 588 1584 ut
597 1554 632 1584 ab
642 1554 703 1584 illis
714 1555 768 1594 ipsi:
775 1554 885 1584 unctior
895 1555 1066 1586 discederet.
1085 1556 1138 1595 qui

173 1596 276 1627 statim
288 1594 304 1616 ⁶
312 1593 383 1626 curn
395 1594 585 1636 praesensisset
593 1615 601 1629 ‚
613 1595 696 1634 jubet
706 1597 825 1627 cuidam
837 1598 959 1627 suorum
968 1598 1137 1627 amicorum

171 1639 328 1668 numerari
348 1648 401 1668 1—1-s
422 1647 524 1668 Lxxx.
552 1643 622 1667 7res
640 1638 783 1668 occultari
801 1638 867 1669 satis
885 1648 951 1669 non
968 1637 1059 1679 posse.
1088 1647 1140 1678 per
1162 1645 1164 1651 ¹

171 1679 339 1721 quemdam
349 1689 466 1711 eorum,
478 1681 530 1720 qui
540 1678 723 1713 interfuerat,
738 1677 770 1710 fit
779 1682 928 1720 Epicrates
938 1682 1055 1711 certior.
1075 1681 1137 1710 Pri—

175 1720 232 1751 mo
244 1721 391 1763 negligere
405 1741 413 1754 ,
433 1721 466 1751 &
476 1730 671 1751 contemnere
682 1723 789 1760 coepit,
811 1721 895 1762 quod
914 1722 995 1752 causa
1009 1722 1137 1761 prorsus,

173 1758 191 1783 Β
201 1763 283 1804 quod
294 1763 433 1803 disputari
445 1761 551 1802 posset,
563 1763 641 1792 nihil
653 1762 787 1793 habebat.
808 1763 939 1797 Deinde,
949 1773 1019 1793 curn
1029 1762 1064 1793 de
1076 1765 1140 1792 He·
1163 1758 1164 1769 ³

170 1805 264 1836 raclio
284 1807 424 1846 cogitaret
433 1824 441 1837 ,
462 1804 495 1834 &c
512 1803 598 1834 istius
616 1804 778 1834 libidinem
795 1804 892 1835 noss'er
903 1825 911 1838 ‚
930 1803 1140 1835 commodiffi—

176 1856 264 1876 mum
274 1848 387 1886 putavit
396 1844 453 1875 effe
464 1845 501 1875 de
509 1847 665 1885 provincia
674 1845 752 1876 clam
763 1847 843 1877 abire
854 1858 859 1876 2
870 1849 968 1887 itaque
979 1846 1056 1877 fecit.
1067 1856 1139 1886 pro-

110 1893 155 1928 23
174 1887 271 1918 fectus
290 1887 333 1918 est
347 1889 510 1929 Rhegium.
555 1887 645 1928 Qod
656 1886 708 1917 ubi
719 1887 855 1918 auditum
865 1888 907 1918 est
918 1909 927 1922 ‚
948 1887 1067 1918 aestuare
1077 1888 1136 1921 illi,

175 1932 230 1971 qui
238 1929 379 1960 dederant
388 1931 556 1968 pecuniam.
579 1937 681 1968 putare
700 1929 773 1958 mhi!
779 1929 905 1972 agipoffe
915 1949 923 1962 ‚
947 1928 1057 1969 absente
1068 1930 1139 1971 Epi-

173 1978 261 2002 crate.
285 1981 356 2001 nam
369 1971 523 2001 Heraclius
532 1979 597 2000 tum
607 1969 728 2002 affuerat
738 1991 747 2004 ,
767 1970 838 2001 cum
850 1970 985 2012 primum
996 1971 1055 2001 dati
1071 1971 1139 2001 sunt

170 2012 307 2054 judices:
328 2012 430 2042 dehoc
442 2033 455 2046 ‚
470 2013 522 2053 qui
533 2021 599 2042 ante
608 2011 744 2052 quamin
760 2013 809 2052 jus
826 2013 942 2043 aditum
961 2012 1050 2046 esset,
1068 2012 1137 2042 ante

176 2054 270 2096 quam
281 2054 410 2094 denique
421 2055 539 2083 mentio
551 2052 758 2084 controversiae
767 2053 843 2085 faSta
853 2054 924 2085 esset
933 2075 942 2088 ‚
957 2053 1136 2088 disceffiss'et,

177 2096 322 2136 putabant
330 2096 409 2125 nihil
419 2097 464 2136 agi
475 2094 566 2135 poss'e.
577 2096 721 2125 homines
729 2096 886 2137 Rhegium
894 2094 1135 2136 proficiscuntur,

175 2139 345 2177 Epicratem
354 2140 558 2167 conveniunt:
577 2136 781 2167 demonstrant
793 2138 822 2167 id
833 2158 841 2170 ‚
864 2137 1008 2178 quodille
1020 2137 1138 2171 sciebat,

175 2180 206 2210 se
216 2183 296 2209 911-s
311 2188 401 2208 Lxxx
413 2177 524 2208 dedisse
536 2188 541 2207 :
561 2188 666 2219 rogant
675 2188 744 2208 eum
757 2198 765 2212 ,
778 2188 810 2209 ut
820 2178 873 2208 fibi
882 2179 923 2212 id,
935 2179 1015 2219 quod
1027 2177 1138 2218 abipfis

175 2219 281 2252 abiss'et
289 2222 435 2260 pecuniae,
446 2228 545 2250 curet:
564 2220 600 2250 ab
610 2220 669 2250 sese
679 2228 779 2250 caveat
790 2240 798 2253 ‚
817 2220 1077 2260 quemadmodum
1089 2231 1141 2251 ve-

177 2263 230 2294 lit:
247 2261 283 2292 de
293 2262 345 2291 illa
354 2262 514 2292 hereditate
526 2271 596 2291 cum
609 2262 743 2301 Epicrate
753 2264 910 2291 neminem
921 2260 978 2292 efl'e
989 2261 1135 2292 asturum.

178 2305 328 2344 Epicrates
339 2304 481 2332 homines
491 2303 597 2333 multis
609 2302 708 2333 verbis
719 2302 734 2333 ὲ
746 2303 774 2332 se
785 2303 863 2333 male
874 2312 1008 2343 acceptos
1016 2301 1138 2333 dimisit:

176 2345 307 2376 redeunt
316 2345 362 2374 illi
371 2346 491 2384 Rhegio
500 2344 651 2384 Syracusas
663 2354 668 2372 :
686 2346 772 2384 queri
782 2354 853 2374 cum
864 2345 968 2374 multis
976 2365 986 2377 2
1005 2346 1044 2374 ita
1054 2343 1138 2377 uelit,

176 2389 348 2427 incipiunt:
368 2386 428 2416 sese
448 2388 477 2405 ¹0
488 2395 543 2416 ›fr-⁵
556 2395 649 2416 Lxxx
660 2384 828 2416 nummum
839 2385 944 2416 frustra
952 2384 1071 2415 dedisse.
1094 2395 1141 2415 res

175 2429 361 2469 percrebruit
375 2438 380 2456 :
401 2429 435 2457 in
453 2437 505 2457 ore
516 2448 524 2460 ‚
543 2436 630 2467 atque
649 2427 786 2457 sermone
803 2430 945 2457 omnium
965 2429 1055 2466 coepit
1071 2425 1136 2456 esse.

180 2473 287 2500 Verres
308 2474 332 2488 ¹¹
345 2468 433 2499 refert
444 2469 528 2498 illam
541 2469 622 2499 suam
639 2469 849 2508 Syracusanam
863 2480 868 2498 :
888 2469 962 2508 aits&
973 2470 1039 2497 velle
1048 2468 1079 2497 de
1089 2469 1140 2497 illis

179 2521 236 2543 ωε
256 2521 351 2542 ωςχκ
368 2511 520 2551 cognoscere
528 2521 540 2537 .·
561 2510 686 2541 advocat
694 2510 815 2541 multos.
838 2510 943 2541 dicunt
952 2510 1054 2541 Bidini
1065 2509 1140 2540 Vol-

1183 102 1710 151 cronnouts

1178 182 1256 213 catio
1267 181 1294 212 se
1306 180 1434 213 dedisse:
1449 181 1526 213 illud
1537 191 1601 212 non
1611 181 1743 216 addunt,
1756 179 1834 219 jussu
1853 179 1940 218 astius.
1962 181 2140 220 Volcanum

1180 232 1265 254 vocat
1277 234 1282 252 :
1296 225 1453 263 pecuniam
1465 223 1566 254 referri
1575 225 1710 263 imperat.
1735 224 1888 254 Volcatius
1897 225 2002 255 animo
2013 225 2141 266 aequiffi-

1181 275 1236 295 mo
1247 274 1393 295 nummos
1402 264 1496 299 affert,
1510 267 1563 306 qui
1574 266 1651 294 nihil
1661 267 1820 295 amitteret:
1843 265 1940 295 reddit
1949 266 2143 306 inspeetanti-

1181 307 1236 337 bus
1248 307 1369 337 multis:
1390 307 1491 337 Bidini
1503 316 1648 336 nummos
1659 306 1807 336 auferunt.
1831 308 1922 336 Dicet
1930 308 2048 348 aliquis,
2059 307 2143 350 Qid

1180 359 1212 378 er
1232 350 1293 378 oin
1304 349 1362 378 hoc
1375 351 1498 378 Verrem
1510 347 1712 388 reprehendis,
1723 350 1776 388 qui
1786 358 1851 378 non
1861 347 1956 379 modo
1964 349 2082 388 ipsefur
2092 359 2145 379 non

1181 359 1235 423 εἷῗ,
1244 390 1294 429 fi'd
1301 400 1333 418 ne
1341 390 1436 418 alium
1442 389 1555 431 quidem
1564 388 1654 430 passus
1663 388 1707 418 εἶτ’
1717 388 1785 427 ff?
1805 389 1958 420 attendite.
1983 391 2042 428 jam
2054 391 2144 420 intel-

1180 432 1277 480 ligetis
1287 432 1362 461 hanc
1370 432 1530 471 pecuniam
1542 450 1555 463 ‚v
1571 441 1628 471 qua
1643 432 1697 460 via
1707 429 1803 461 modo
1812 432 1874 461 visa
1882 430 1925 461 est
1933 433 2016 461 exire
2025 432 2060 462 ab
2070 431 2140 466 isto,

1180 473 1285 503 eadem
1299 473 1403 512 samita
1421 471 1582 502 revertiffe.
1616 472 1699 514 Qid
1709 473 1792 502 enim
1803 472 1907 502 debuit
1914 482 2021 512 praetor
2030 472 2144 509 fecisse,

1180 525 1251 544 cum
1261 512 1388 544 consilio
1399 524 1429 544 re
1437 516 1566 554 cognita,
1579 513 1650 544 curn
1662 512 1853 553 comperifl'et
1863 534 1871 548 ,
1883 515 1970 545 suum
1983 517 2143 549 comitem,

1177 557 1253 595 juris
1263 575 1272 590 ,
1289 555 1399 586 decreti
1411 575 1420 590 ,
1439 556 1547 596 judicii
1557 555 1774 596 corrumpendi
1784 556 1866 585 causa
1877 575 1885 590 ,
1908 566 1966 596 qua
1975 558 2008 586 in
2017 566 2047 586 re
2057 554 2147 597 ipsius

1179 599 1312 637 praetoris
1323 606 1410 637 caput
1420 617 1428 631 ,
1441 596 1683 638 existimatioque
1694 606 1835 637 ageretur,
1846 599 2007 637 pecuniam
2018 598 2146 637 accepis—

1181 640 1209 669 se
1222 649 1227 667 ε
1248 638 1373 668 Bidinos
1384 647 1486 668 autem
1497 647 1600 668 contra
1609 641 1742 679 praetoris
1752 637 1863 669 famam
1876 660 1884 672 ‚
1906 648 1938 668 ac
1948 637 2082 669 fortunas
2094 639 2147 669 de-

1180 678 1275 710 diffe?
1294 680 1328 710 &
1337 690 1401 710 non
1413 682 1446 710 in
1456 690 1539 713 eum,
1552 682 1603 720 qui
1615 678 1770 720 accepiffet
1778 700 1786 714 ,
1798 679 2036 711 animadvertifl'e
2046 701 2055 715 ‚
2069 681 2147 712 &in

1180 731 1232 751 eos
1247 741 1256 755 ,
1271 724 1324 763 qui
1333 720 1501 752 dedissent?
1520 724 1570 752 Tu
1583 743 1591 755 ,
1612 724 1663 763 qui
1674 721 1842 752 institueras
1853 724 1886 751 in
1896 732 1946 751 eos
1958 722 2147 752 animadver-

1181 771 1251 797 tere,
1262 765 1314 804 qui
1324 773 1477 803 perperam
1490 762 1663 801 judicass'enr
1673 783 1681 798 ,
1692 763 1774 804 quod
1785 763 1858 804 saepe
1865 771 1913 805 per
1928 763 2146 804 imprudentiam

1182 803 1232 834 fit:
1252 806 1308 834 hos
1321 807 1427 844 pateris
1438 805 1565 845 impune
1577 805 1726 836 discedere
1737 825 1746 839 ‚
1766 807 1818 845 qui
1829 805 1869 834 ob
1880 814 1967 835 tuum
1978 805 2143 840 decretum,

1181 846 1222 876 ob
1233 854 1321 876 tuum
1332 846 1490 881 iudicium,
1501 849 1658 886 pecuniam
1668 856 1717 877 aut
1725 846 1856 877 dandam
1864 866 1872 880 ‚
1883 855 1933 876 aut
1942 846 2145 886 accipiendam

1180 890 1331 927 putarant?
1357 888 1513 918 Volcatius
1524 888 1606 918 idem
1616 888 1693 928 apud
1703 897 1729 918 te
1741 887 1843 928 postea
1851 888 1924 918 fuit:
1948 898 2036 928 eques
2047 891 2141 919 Rom.

1181 938 1259 959 tanta
1269 938 1385 969 accepta
1395 931 1575 969 ignominia.
1609 932 1690 960 Nam
1712 940 1799 969 (ιρι)
1818 940 1874 960 εετ
1893 940 2040 960 Tuam-us
2061 940 2144 971 inge-

1182 981 1256 1005 nuo,
1268 971 1341 1011 quid
1353 973 1456 1001 minus
1465 971 1562 1001 libero
1573 971 1700 1012 dignum
1710 992 1718 1005 ‚
1734 972 1825 1012 quam
1838 974 1871 1002 in
1880 981 2033 1002 conventu
2045 973 2145 1002 maxi-

1183 1022 1237 1043 mo
1246 1014 1313 1053 cogi
1323 1012 1339 1043 a
1349 1012 1516 1054 magistratu
1526 1012 1640 1043 furtum
1652 1013 1772 1043 reddere
1785 1016 1796 1042 ?
1817 1015 1868 1053 qui
1885 1033 1894 1046 ‚
1907 1011 1927 1042 fi
1938 1023 1974 1043 eo
1985 1015 2089 1043 animo
2099 1013 2146 1043 es-

1182 1054 1235 1087 set,
1247 1064 1307 1095 quo
1318 1064 1383 1085 non
1393 1053 1488 1085 modo
1501 1065 1589 1095 eques
1600 1057 1636 1085 R.
1651 1055 1699 1085 sed
1711 1057 1810 1095 quivis
1819 1055 1895 1084 liber
1904 1054 1991 1084 debet
2002 1053 2059 1084 effe
2071 1065 2076 1084 1
2090 1054 2144 1085 ad-

1183 1096 1293 1135 spicere
1302 1104 1329 1125 te
1340 1095 1440 1135 postea
1449 1107 1512 1126 non
1521 1095 1663 1136 potuisset
1675 1108 1680 1125 :
1700 1098 1856 1130 inimicus,
1870 1095 1963 1126 hostis
1973 1095 2054 1130 effer,
2065 1105 2146 1127 tanta

1183 1138 1368 1167 contumelia
1377 1147 1502 1177 accepta,
1515 1136 1569 1167 nisi
1580 1146 1672 1166 recum
1681 1137 1821 1178 collustffet
1831 1158 1839 1171 ‚
1856 1138 1888 1167 δε
1898 1147 1954 1167 tuae
1966 1135 2066 1177 potitis
2078 1140 2145 1170 exi-

1184 1178 1352 1208 stimationi
1364 1178 1494 1212 serviss'et
1506 1200 1517 1212 ‚
1536 1178 1624 1220 quam
1639 1180 1704 1209 suae.
1727 1182 1780 1219 qui
1792 1180 1883 1219 quam
1894 1179 1947 1209 tibi
1957 1181 2070 1209 amicus
2079 1190 2146 1210 non

1184 1219 1280 1250 modo
1292 1229 1357 1251 tum
1367 1220 1468 1254 fuerit,
1480 1221 1625 1261 quamdiu
1636 1230 1734 1251 recum
1745 1224 1777 1250 in
1788 1222 1944 1260 provincia
1954 1220 2148 1254 fuitrverum.

1185 1264 1275 1292 etiam
1288 1272 1370 1292 nunc
1379 1260 1412 1292 sit
1422 1282 1430 1296 ,
1448 1263 1589 1301 ctimjam
1602 1262 1729 1292 {ceteris
1738 1264 1842 1292 amicis
1852 1260 1887 1291 sis
1899 1261 2019 1292 rentibus
2028 1281 2036 1295 ‚
2059 1262 2092 1292 δε
2111 1271 2144 1294 tu

1184 1303 1330 1344 intelligis
1341 1323 1350 1337 ‚
1371 1304 1403 1334 &
1421 1313 1478 1334 nos
1488 1303 1658 1334 existimare
1667 1303 1835 1344 poffumus.
1866 1307 1914 1334 An
1924 1305 1982 1334 hoc
1991 1304 2088 1334 solum
2099 1314 2144 1335 ar-

1183 1354 1365 1386 gumentum
1376 1344 1428 1379 est,
1440 1346 1516 1375 nihil
1527 1345 1583 1375 isto
1594 1345 1784 1385 imprudente
1794 1345 1906 1376 factum
1918 1366 1926 1380 ‚
1942 1344 2025 1386 quod
2035 1346 2144 1378 Volca-

1185 1389 1244 1416 tius
1255 1388 1281 1416 ei
1290 1397 1355 1417 non
1365 1387 1550 1417 succensuit?
1568 1386 1649 1428 quod
1661 1387 1714 1417 iste
1725 1389 1823 1418 necin
1833 1387 2005 1417 Volcatium
2017 1407 2026 1421 ‚
2045 1397 2100 1418 nec
2109 1390 2145 1420 in.

1184 1427 1309 1458 Bidinos
1330 1428 1560 1459 animadvertit?
1577 1428 1627 1459 Est
1638 1439 1685 1459 ma
1706 1439 1780 1459 num
1791 1438 2003 1470 argumentum
2016 1440 2021 1458 :
2036 1429 2144 1461 verum

1183 1469 1259 1500 illud
1271 1472 1441 1500 maximum
1454 1490 1462 1504 ,
1481 1471 1562 1511 quod
1573 1472 1634 1500 illis
1645 1439 1711 1511 ipsi}
1723 1470 1837 1501 Bidinis
1848 1491 1856 1505 ,
1868 1471 1976 1511 quibus
1987 1473 2075 1501 iratus
2085 1470 2144 1502 esse

1184 1511 1304 1544 debuit,
1313 1520 1345 1541 ut
1355 1511 1486 1552 aquibus
1497 1515 1655 1552 comperit,
1668 1512 1749 1554 quod
1761 1513 1823 1552 jure
1835 1522 1916 1553 agere
1928 1522 1998 1542 cum
2010 1515 2143 1553 Epicrate

1184 1554 1262 1583 nihil
1271 1552 1398 1593 poss'ent,
1411 1553 1523 1584 etiarnsi
1534 1554 1652 1587 adesset,
1665 1555 1775 1585 idcirco
1786 1554 1872 1584 suum
1882 1553 2020 1583 decretum
2026 1554 2144 1595 pecunia

1184 1594 1405 1631 effetentatum:
1427 1596 1484 1630 his,
1498 1597 1633 1637 inquam,
1644 1595 1712 1636 ipsis
1723 1606 1787 1626 non
1798 1594 1892 1625 morlo
1902 1596 1985 1625 illam
1998 1596 2145 1628 heredita-

1184 1645 1259 1669 tem,
1271 1647 1336 1677 quae
1349 1639 1477 1676 Epicrati
1486 1646 1621 1668 venerat:
1640 1638 1701 1672 sed,
1715 1640 1789 1668 utin
1801 1638 1941 1667 Heraclio
1951 1638 2146 1677 Syracusano,

1184 1680 1258 1708 item
1270 1680 1302 1708 in
1314 1680 1384 1712 hoc,
1396 1678 1497 1718 paullo
1507 1681 1596 1709 etiam
1608 1683 1734 1710 atrocius
1746 1700 1753 1712 ‚
1764 1679 1844 1720 quod
1858 1680 2007 1718 Epicrates
2014 1680 2146 1719 appella.-

1186 1728 1232 1750 tus
1243 1722 1375 1750 omnino
1386 1730 1451 1750 non
1461 1729 1521 1751 erat
1533 1732 1539 1755 1.
1561 1721 1639 1751 bona
1656 1723 1749 1761 patria
1763 1741 1770 1754 ,
1785 1720 1977 1760 fortunasque
1987 1722 2050 1759 ejus
2060 1721 2147 1752 Bidi-

1186 1764 1233 1792 nis
1243 1761 1371 1791 tradidit.
1390 1761 1521 1792 ostendit
1530 1765 1614 1792 enirn
1625 1774 1656 1792 no
1662 1774 1694 1792 vo
1705 1763 1792 1796 modo,
1805 1760 1824 1791 fi
1835 1764 1900 1803 quis
1909 1761 1980 1802 quid
1991 1763 2026 1792 ab
2036 1763 2145 1794 absen-

1162 1814 1164 1818 ·
1184 1812 1343 1843 repeteret,
1355 1804 1381 1834 se
1391 1804 1572 1834 auditurum.
1604 1804 1727 1835 Adeunt
1744 1805 1864 1835 Bidini:
1884 1813 1990 1843 petunt
1999 1804 2145 1836 heredita-

1185 1854 1258 1878 tem,
1270 1854 1472 1884 procuratores
1482 1845 1650 1885 postulant,
1663 1856 1695 1876 ut
1705 1847 1734 1876 se
1745 1846 1780 1876 ad
1790 1846 1818 1875 le
1840 1855 1869 1874 es
1880 1846 1942 1876 suas
1952 1846 2066 1884 rejiciat
2074 1867 2083 1880 ,
2094 1855 2149 1878 aut.

1185 1897 1223 1917 ex
1235 1887 1297 1927 lege
1307 1888 1430 1926 Rupilia
1440 1887 1537 1918 dicam
1548 1887 1635 1917 scribi
1645 1888 1754 1928 jubeat.
1787 1890 1815 1917 A
1837 1887 1954 1918 versarii
1972 1898 2036 1918 non
2053 1888 2145 1919 aude-

1185 1928 1254 1958 bant
1264 1928 1366 1958 contra
1377 1928 1474 1958 dicere
1488 1941 1493 1957 2
1512 1931 1611 1959 exitus
1622 1930 1723 1959 nullus
1732 1928 1930 1969 reperiebatur
1942 1939 1947 1958 :
1971 1928 2153 1962 insimulant
2189 1925 2197 1931 Χ

1184 1971 1345 1999 hominem
1348 1969 1502 2007 fraudandi
1511 1971 1594 2010 causa
1604 1969 1739 2011 difieffiffis
1750 1982 1754 1999 :
1774 1969 1935 2011 postulant,
1947 1979 1980 2000 ut
1990 1971 2067 2002 bona
2075 1972 2145 2012 pos:-

1185 2011 1277 2041 sidcre
1296 2011 1390 2042 liceat.
1421 2012 1557 2042 Debebat
1569 2015 1718 2052 Epicrates
1728 2013 1826 2043 ullum
1837 2021 2006 2042 nummum
2013 2014 2146 2044 nemini.

1185 2055 1294 2086 amici,
1306 2052 1327 2082 fi
1337 2056 1404 2094 quis
1413 2053 1486 2094 quid
1497 2063 1608 2093 peteret
1617 2054 1729 2091 judicio
1738 2074 1746 2088 ,
1759 2055 1859 2084 secum
1870 2055 1914 2095 agi
1924 2052 2055 2092 passuros
2067 2065 2073 2084 ;
2093 2055 2144 2095 ]ἰι-

1184 2095 1319 2125 dicatum
1330 2095 1405 2125 solvi
1415 2095 1600 2125 satisdaturos
1611 2094 1668 2125 effe
1679 2095 1825 2125 dicebant.
1854 2098 1883 2114 ¹²
1895 2094 1973 2125 Cum
1985 2098 2089 2126 omnia
2095 2098 2144 2136 ju·
2161 2106 2179 2130 2
2183 2102 2206 2137 5
2227 2077 2233 2085 .

1186 2136 1262 2166 dicia
1270 2135 1413 2177 frigerent
1424 2147 1429 2165 :
1449 2137 1607 2167 admonitu
1618 2136 1702 2166 istius
1714 2135 1885 2166 insimulare
1895 2145 2060 2177 coeperunr,
2073 2140 2146 2179 Epi-

1184 2187 1294 2208 cratem
1308 2178 1421 2206 {itteras
1436 2176 1564 2219 publicas
1583 2176 1745 2219 corrupzffii:
1764 2177 1780 2208 a
1790 2188 1846 2218 qua
1856 2178 2022 2219 suspicione
2033 2179 2084 2210 ille
2093 2180 2145 2211 ab—

1185 2227 1244 2249 erat
1261 2218 1446 2258 plurimum:
1465 2218 1616 2250 aestionem
1635 2221 1699 2259 ejus
1718 2221 1760 2249 rei
1776 2218 1935 2259 postulant.
1959 2222 2050 2251 amici
2059 2232 2144 2253 recu-

1187 2261 1246 2290 sare
1258 2280 1265 2293 ,
1278 2260 1399 2301 nequod
1409 2261 1686 2300 novumjudicium
1698 2281 1706 2294 ,
1718 2271 1755 2291 ne
1765 2271 1822 2302 qua
1832 2260 1920 2301 ipfius
1930 2265 2079 2304 cognitio,
2089 2263 2148 2294 illo

1185 2301 1322 2334 absente,
1355 2301 1391 2331 de
1408 2301 1632 2332 existimatione
1648 2304 1713 2341 ejus
1731 2302 1977 2334 constitueretur:
2005 2305 2039 2335 &
2057 2303 2156 2336 fimul»

1184 2342 1268 2373 idem
1278 2342 1353 2373 illud
1365 2342 1511 2382 postulare
1523 2354 1586 2374 non
1597 2343 1818 2377 desistebant,ut
1828 2345 1857 2375 se
1864 2345 1899 2375 ad
1911 2345 1991 2386 leges
2002 2346 2065 2376 suas
2074 2348 2145 2387 reji-

1184 2393 1272 2414 ceret.
1294 2383 1352 2414 Iste
1365 2385 1496 2424 amplam
1513 2385 1675 2425 occasionem
1695 2386 1837 2415 calumnia
1854 2386 1959 2417 nactus
1971 2407 1980 2421 ‚
2001 2388 2150 2420 ubividet

1186 2424 1243 2455 esse
1253 2426 1462 2471 aliquid,quod
1479 2429 1569 2457 amici
1582 2432 1589 2446 ¹
1600 2431 1611 2454 3
1623 2428 1777 2458 absentem
1786 2430 1955 2468 Epicratem
1964 2429 2082 2460 nollent
2092 2429 2146 2461 de—

1186 2466 1323 2497 fendere:
1344 2467 1483 2498 asseverat
1500 2469 1527 2498 se
1549 2470 1612 2508 ejus
1622 2472 1664 2499 rei
1674 2471 1707 2499 in
1715 2471 1821 2510 primis
1830 2469 1982 2500 aRionem
1993 2468 2051 2501 effe
2060 2471 2146 2502 datu-.-

1186 2519 1266 2539 rum.
1290 2507 1373 2540 curn
1389 2519 1499 2540 ornnes
1513 2511 1731 2552 perspicerent,
1749 2511 1785 2542 ad
1794 2510 1885 2542 istum
1893 2521 1959 2542 non
1969 2511 2065 2543 modo
2075 2514 2146 2544 illos

2054 2565 2148 2586 num·
2167 2596 2176 2600 ῃ

222 2664 232 2680 1
241 2674 246 2680 .
267 2655 404 2683 warennis
413 2658 538 2688 impartire
555 2655 674 2689 noluisti]
696 2655 739 2681 Est
750 2656 765 2681 a
775 2655 868 2690 copula
879 2654 1007 2682 librorum
1018 2656 1146 2691 priorum.

1228 2663 1256 2689 7.
1276 2659 1321 2682 Res
1330 2660 1444 2684 occultari
1454 2659 1519 2692 saris
1529 2658 1663 2692 nonpoffie]
1682 2659 1724 2685 Ita
1734 2658 1804 2685 Pali.
1814 2658 1879 2686 duo.
1900 2660 2047 2687 Hotomani
2064 2663 2146 2694 potem

182 2690 256 2726 prius
266 2690 378 2726 impr-effi
385 2710 392 2722 ‚
402 2695 424 2724 ὅ)
431 2692 553 2724 racufimis
562 2701 604 2717 un.
616 2692 662 2724 d.f.
674 2691 796 2717 Marcellis
806 2693 928 2724 impartiri
937 2693 1043 2725 verutsti.
1054 2691 1145 2718 iisdem
1193 2693 1296 2718 Metelli
1304 2697 1391 2725 potuit.
1411 2694 1596 2720 Librariorum
1606 2694 1684 2720 ambo
1693 2694 1821 2729 glossulae.

182 2726 339 2754 :uerna-ibus
350 2725 463 2762 rescripsi
474 2730 564 2759 agitare
575 2746 583 2758 ‚
593 2735 641 2762 pro
652 2726 786 2752 communi
797 2735 872 2760 agere.

222 2771 251 2789 2..
269 2764 419 2797 Qoquamfi
425 2765 587 2796 accffsti‚q1‹o
596 2772 641 2787 non
650 2763 784 2795 attuleris]
803 2762 908 2789 Metell.
919 2773 961 2798 quo
970 2764 1076 2797 acceffisti
1085 2772 1147 2797 qua-

179 2799 205 2834 Jl
215 2817 222 2830 ,
233 2808 276 2833 qun
285 2808 329 2823 non
338 2810 346 2830 ,-
356 2797 428 2834 quod
438 2798 587 2824 Gulielmio
597 2808 647 2824 non
659 2797 823 2834 displicebat.

223 2841 250 2868 3.
270 2833 314 2859 Sed
326 2843 355 2860 ex
364 2834 475 2859 manibus
483 2834 646 2868 naturaque]
669 2834 838 2860 Hotomanus
850 2841 925 2862 notat
936 2836 986 2870 J0.
998 2835 1145 2861 Lucanium

182 2868 278 2904 legere
289 2889 297 2901 ‚
309 2871 419 2894 moribus.
440 2879 491 2895 non
506 2870 540 2896 est
552 2869 661 2897 necesse.
683 2879 741 2897 nam
752 2879 812 2897 ecce
821 2869 891 2897 libro
906 2879 965 2898 ιιι.
985 2879 1039 2906 cap.
1052 2879 1096 2906 37.
1108 2880 1144 2896 m.

185 2911 238 2930 um
244 2906 331 2938 procul
338 2903 353 2929 ἃ
364 2906 474 2930 manibus
482 2906 532 2935 ς’]ι.

222 2946 253 2980 34.
281 2942 330 2974 Qu
348 2942 473 2966 Heraclius
489 2942 540 2974 effer
555 2942 683 2977 eversum]
713 2942 795 2968 Forte
814 2951 885 2977 quam
905 2960 914 2974 ,
933 2941 1022 2978 inquit
1039 2941 1146 2969 Guliel-

191 2984 262 3004 mius
269 2996 275 3002 .
704 2982 705 2985 ’

230 3019 255 3044 5.
276 3010 384 3044 Bjdmfts
397 3017 503 3044 peterent
521 3013 551 3037 ab
562 3014 674 3044 Epicrate
683 3013 860 3048 hereditatem]
881 3012 988 3041 Metell.
999 3022 1051 3040 non
1062 3021 1146 3048 agno-

188 3046 239 3075 lclt
250 3047 358 3073 verbum
368 3048 534 3080 hereditatum
545 3049 572 3072 8:
585 3056 681 3083 perine
691 3048 754 3075 absit
763 3048 838 3075 licet.

226 3082 247 3108 6
251 3102 256 3109 .
275 3083 333 3109 cam
338 3083 550 3119 praesmfiffitjubn
558 3084 626 3119 rso]
639 3084 744 3114 Mezen.
754 3084 826 3114 idem
836 3083 915 3114 habet
926 3083 998 3122 quod
1007 3086 1029 3115 F
1029 3083 1086 3115 abr.
1096 3085 1147 3113 ciam

185 3119 290 3155 justus
299 3119 349 3159 φὶ
353 3120 433 3154 jubet.

1228 2728 1254 2754 8.
1275 2730 1343 2760 Qud
1350 2730 1568 2764 disputaripoffht]
1580 2729 1682 2756 Admifi
1693 2729 1837 2758 lethonem
1847 2730 1952 2758 Fabi-ic.
1962 2730 2026 2759 item
2036 2732 2144 2763 Metell.

1193 2763 1318 2791 liaQenus
1332 2765 1430 2791 legium
1441 2766 1556 2791 dubitari.
1577 2775 1628 2792 non
1640 2766 1676 2792 ita
1685 2766 1803 2801 elegans.
2012 2767 2014 2769 ’
2038 2768 2052 2775 ’“
2078 2788 2084 2800 .,

1225 2807 1242 2833 9
1250 2820 1256 2826 .
1278 2801 1338 2826 H-s
1349 2802 1457 2836 x.xxx.]
1478 2801 1580 2828 Fabric.
1591 2802 1617 2827 &
1629 2801 1736 2828 Metell.
1747 2809 1800 2829 tam
1811 2802 1869 2829 heic
1878 2802 1959 2839 quam
1968 2803 2146 2840 pauil'o‘Tupra

1191 2834 1286 2862 habent
1298 2837 1359 2862 H-S.
1370 2846 1436 2863 ccc.

1229 2880 1271 2897 10.
1292 2873 1354 2897 H-S
1364 2881 1444 2898 Lxxx
1455 2872 1598 2907 nummdm]
1610 2873 1717 2900 Ultima.
1728 2882 1781 2900 vox
1792 2883 1842 2901 non
1853 2882 1988 2910 comparet
1999 2875 2025 2902 in
2036 2875 2146 2902 Metell.

1230 2916 1239 2932 1
1248 2916 1270 2933 ι.
1290 2909 1369 2940 Refert
1382 2910 1445 2933 illam
1457 2909 1528 2941 suam
1535 2910 1658 2942 syracufi]
1679 2910 1720 2936 Ita
1730 2909 1810 2937 nostri
1820 2909 1882 2937 libri
1895 2929 1903 2944 ,
1913 2912 1942 2936 ὅ(
1950 2911 2084 2947 perplacet
2094 2920 2103 2944 3
2115 2918 2146 2940 ut

1189 2941 1358 2969 subaudiatur
1368 2945 1568 2975 cantilenam,a11t
1578 2944 1642 2980 quid
1654 2944 1746 2971 simile.

1200 3011 1203 3012 .
1229 2988 1237 3004 1
1244 2987 1270 3004 ι.
1291 2979 1348 3004 Crem
1357 2983 1435 3006 omm'a
1444 2980 1673 3014 confitiafrtjgerem]
1685 2981 1727 3006 Sic
1736 2980 1816 3008 Fabr.
1828 2981 1861 3008 fic
1870 2981 1975 3009 Metelli
1985 2981 2081 3015 codex,
2091 2990 2144 3010 non

1179 3014 1277 3047 judicia
1288 3033 1295 3045 ,
1306 3022 1335 3040 ut
1346 3022 1403 3041 erat
1414 3015 1440 3041 in
1450 3015 1524 3041 retro
1534 3015 1624 3042 editis.
1643 3016 1805 3044 Gulielmius
1816 3025 1955 3054 utramque
1965 3018 2046 3048 illam
2054 3026 2142 3045 vocem

1188 3049 1366 3076 arbitrabatur
1377 3050 1572 3086 liipervacuam.

1208 3094 1257 3125 “13
1265 3105 1271 3112 .
1290 3086 1388 3119 Absente
1398 3089 1510 3118 Epicrate
1520 3089 1604 3112 nollent
1612 3088 1758 3124 defendere]
1777 3088 1821 3118 Est
1831 3090 1848 3119 εὶ
1857 3088 2055 3119 membranaceo
2063 3089 2142 3116 Nan-

1188 3129 1237 3151 [ιιι.
1258 3121 1365 3159 vulgata
1375 3123 1490 3158 abfintem
1497 3125 1643 3158 Epicratem.

2044 3169 2056 3191 1
2062 3179 2069 3189 ι
2077 3163 2151 3188 ηδ’*
