2379 3400
233 141 359 189 nn

569 244 661 304 hm
755 243 1158 302 TULLII

687 113 779 161 M.
818 110 881 157 T:
927 111 1003 156 C.
1060 108 1107 154 C·
1141 123 1170 154 A
1208 123 1306 153 ro

1388 104 1459 153 M.
1485 121 1514 154 A
1549 120 1570 167 J
1606 121 1727 151 07‘R=

1252 208 1861 297 CICERonis

245 367 982 493 CATO
1220 355 2185 504 MAJOR‚

1094 528 1341 585 'SEU
1946 541 1948 544 ’

474 647 688 736 DE

865 633 1967 727 SENECTUTE.

296 799 416 854 AD
465 795 536 851 T.
580 789 1160 849 POMPONIUM
1213 783 1688 846 ATTICUM,
1728 785 2140 840 PRAE-FATIO.

477 916 483 923 ·
517 902 636 931 TITE
663 920 672 933 ,
699 898 726 940 fi
744 898 815 940 quid
835 907 880 938 ego
897 894 1011 936 adju'e'ro
1031 913 1040 928 a
1070 902 1203 923 curamve

484 950 486 954 '
601 941 700 979 levaffo
712 961 720 975 ,

475 987 488 1000 ‘
512 985 583 1025 Qae
601 994 673 1013 nunc
693 991 720 1012 tc
736 981 851 1024 coquit,
872 980 908 1014 dv·
927 979 1023 1019 verfizt
1035 976 1205 1019 subpesbore

598 1025 682 1063 fixa,

512 1067 624 1108 Ecquid
633 1068 686 1095 erit
692 1065 778 1108 pretii
790 1068 801 1094 ?

451 1147 453 1149 Ι
473 1129 476 1136 s
513 1112 598 1139 Licet
625 1111 709 1139 enim
720 1106 851 1138 versibus
865 1105 970 1136 iisdem
988 1102 1206 1136 mihiaffarite‚

428 1153 483 1165 ¹*
514 1153 621 1183 Attice,
634 1151 743 1191 quibus
756 1147 862 1179 affatur
872 1149 1082 1178 Flamininum

344 1195 394 1222 Ille
405 1192 451 1221 vir
461 1212 469 1225 ,
492 1191 569 1221 haud
575 1202 680 1233 magna
689 1202 752 1222 cum
761 1201 788 1221 re
797 1211 805 1224 ,
814 1190 862 1230 fed
877 1193 886 1209 ¹
898 1189 992 1229 plenus
998 1187 1077 1226 fidei.

254 1244 439 1276 quamquam
450 1234 531 1264 certo
540 1235 601 1265 scio
613 1254 621 1268 ‚
647 1243 711 1264 non
722 1254 730 1267 ‚
743 1242 775 1263 ut
786 1233 994 1263 Flamininum
1007 1249 1016 1264 ‚

255 1306 257 1309 ,
345 1276 500 1307 Sollicitari
512 1284 553 1311 re,
568 1277 631 1305 Tire
644 1276 698 1317 ,fic
708 1273 864 1316 nosteis'que
871 1273 991 1314 diesque.

249 1321 328 1350 novi
338 1321 421 1348 enim
434 1318 676 1349 moderationem
687 1319 782 1348 animi
794 1319 835 1346 tui
849 1335 857 1348 ‚
879 1315 911 1345 &
923 1316 1108 1356 aequitatem:
1124 1319 1213 1352 teque

250 1370 316 1392 non
347 1369 519 1401 cognomen
533 1360 632 1391 solum
643 1360 770 1391 Athenis
779 1356 944 1398 deportass'e
957 1377 965 1389 ,
987 1356 1035 1386 sed
1044 1356 1214 1385 humanita-

251 1412 314 1435 tem
328 1423 337 1436 ‚
349 1402 382 1432 &
393 1401 583 1442 prudentiam
596 1402 748 1443 intelligo.
773 1400 920 1431 &tamen
935 1399 1065 1437 suspicor
1081 1416 1090 1431 ,
1102 1396 1211 1426 iisdem

251 1446 340 1476 rebus
357 1453 385 1474 te
400 1463 408 1477 ‚
427 1444 538 1484 quibus
557 1444 707 1484 meipsum
720 1441 871 1473 interdurn
882 1440 1001 1483 gravius
1009 1439 1213 1470 commoveri:

250 1495 375 1527 quarum
395 1485 564 1516 consolatio
586 1485 619 1516 &
629 1486 725 1525 major
735 1484 778 1514 est
794 1504 803 1517 ,
820 1484 854 1513 &
864 1485 896 1513 in
905 1482 986 1513 aliud
998 1490 1116 1521 tempus
1126 1477 1214 1509 diffe-

252 1527 353 1558 renda.
379 1529 472 1556 Nunc
490 1537 591 1558 autem
615 1529 693 1557 mihi
711 1526 810 1556 visum
833 1524 875 1555 est
885 1525 922 1555 de
931 1522 1090 1555 SmeEtute
1100 1521 1214 1561 aliquid

252 1569 312 1599 ²ad
333 1577 360 1598 te
380 1568 577 1598 conscribere.
601 1569 661 1598 hoc
678 1570 762 1601 enim
781 1576 891 1599 onere,
907 1565 990 1606 quod
1012 1565 1089 1594 mihi
1110 1571 1211 1592 tecum

255 1618 423 1644 commune
435 1608 477 1640 est
487 1629 496 1643 ,
520 1609 638 1649 autjam
650 1610 783 1650 urgentis
794 1628 803 1642 ‚
821 1616 870 1637 aut
881 1608 958 1637 certe
969 1605 1157 1636 adventantis
1168 1603 1209 1633 se-

256 1651 387 1684 ne&utis
398 1670 407 1684 ,
420 1651 453 1680 &
464 1660 491 1681 te
505 1671 513 1685 ‚
524 1651 557 1681 &
568 1651 719 1691 meipsum
736 1651 827 1680 levari
838 1649 920 1679 volo.
944 1646 994 1678 etsi
1006 1657 1032 1677 te
1042 1645 1166 1687 quidem
1183 1644 1213 1675 id

257 1693 379 1725 modice
391 1712 400 1726 ‚
413 1703 445 1722 ac
456 1693 601 1732 sapienter
616 1712 625 1727 ,
646 1691 739 1731 (sicut
749 1691 871 1730 omn'ra)
884 1691 916 1720 &
932 1689 1006 1719 ferre
1018 1709 1026 1722 ‚
1040 1690 1212 1718 &laturum

255 1734 315 1767 ess'e
330 1733 413 1768 certo
434 1734 502 1764 scio.
524 1735 581 1765 Sed
594 1736 670 1764 mihi
682 1734 753 1764 cum
764 1733 799 1763 de
814 1731 965 1763 seue&ute
978 1730 1092 1770 ahquid
1102 1729 1213 1758 vellem

255 1777 381 1810 scribere
393 1795 401 1810 ,
428 1784 460 1806 tu
477 1776 649 1806 occurrebas
668 1776 776 1817 dignus
796 1784 833 1804 eo
852 1782 997 1805 munere,
1018 1781 1079 1811 quo
1091 1779 1215 1809 uterque

258 1816 397 1850 nostrum
420 1820 627 1848 communiter
644 1826 786 1847 uteretur.
810 1816 888 1844 Mihi
900 1814 1024 1855 quidem
1037 1811 1215 1852 itajueunda

260 1862 351 1900 hujus
362 1860 432 1890 libri
443 1858 597 1890 confeffio
607 1858 665 1889 fuit
675 1878 684 1892 ,
695 1867 727 1888 ut
736 1867 800 1887 non
809 1855 906 1887 modo
920 1857 1039 1886 omneis
1048 1853 1216 1884 absterserit

257 1900 419 1934 seneffinis
439 1900 610 1935 molestias,
631 1900 680 1931 sed
699 1898 831 1930 effecerit
850 1898 978 1928 mollem
990 1899 1079 1927 etiam
1093 1916 1101 1929 ,
1125 1895 1215 1934 &ju-

255 1944 386 1976 cundam
404 1943 595 1973 senectutem.
616 1951 784 1983 numquam
805 1943 895 1982 igitur
913 1940 981 1970 satis
1001 1937 1213 1976 laudaridigne

255 1988 366 2027 poterit
376 1994 607 2015 P111L0501>H1A
621 2005 630 2019 ,
643 1986 691 2015 cui
702 1986 754 2025 qui
765 1992 872 2023 pareat,
883 1991 977 2011 omne
991 1989 1107 2020 tempus
1120 1981 1214 2009 aetatis

256 2028 318 2058 sine
330 2026 465 2058 molestia
474 2026 559 2067 posfit
568 2027 684 2068 degere.
707 2026 763 2057 Sed
775 2025 812 2055 de
822 2026 927 2055 ceteris
939 2023 971 2053 &
981 2023 1117 2053 diximus
1137 2020 1219 2050 mul-

256 2080 302 2103 ta,
329 2069 361 2099 &
373 2070 445 2108 saepe
458 2070 607 2100 dicemus.
630 2070 712 2099 hunc
731 2067 843 2097 librum
859 2066 895 2096 de
907 2064 1058 2095 sene&ute
1073 2063 1107 2094 ad
1120 2073 1147 2093 te
1159 2063 1220 2092 mi-

258 2111 360 2142 simus.
383 2113 516 2141 Omnem
527 2120 627 2141 autem
638 2111 809 2140 sermonem
820 2109 982 2139 tribuimus
994 2116 1058 2137 non
1069 2107 1222 2137 Tithono,

257 2162 292 2184 ur
304 2151 403 2183 Aristo
423 2154 516 2183 Chius
534 2156 545 2180 3
561 2163 599 2183 ne
612 2162 714 2193 parum
727 2149 991 2182 ess'etauetoritaus
1003 2151 1033 2178 in
1044 2147 1163 2178 fabula:
1174 2146 1223 2176 sed

262 2197 309 2226 M.
323 2196 432 2225 Catoni
443 2195 516 2228 seni,
529 2194 590 2235 quo
604 2196 747 2233 majorem
762 2192 971 2223 au8toritatem
985 2191 1105 2221 haberet
1117 2198 1224 2219 oratio.

260 2237 339 2278 apud
348 2246 438 2278 quem
453 2257 462 2270 ‚
482 2239 612 2267 Laelium
624 2256 632 2269 ‚
655 2236 686 2266 &
697 2237 868 2275 Scipionem
882 2233 1010 2264 facimus
1020 2232 1223 2264 admiranteis,

264 2279 347 2320 quod
366 2281 392 2309 is
411 2287 471 2308 tam
489 2277 578 2309 facile
604 2277 786 2309 sene&utem
806 2276 898 2310 ferat,
917 2275 1012 2316 iisque
1021 2283 1091 2304 eum
1104 2273 1225 2313 respon-

266 2322 400 2351 dentem.
423 2324 475 2361 qui
502 2319 522 2350 si
546 2320 692 2351 eruditius
703 2319 854 2350 videbitur
865 2318 1010 2357 disputare
1022 2318 1032 2350 ‚'
1051 2325 1139 2356 quam
1151 2324 1227 2344 con-

265 2365 365 2394 suevit
375 2363 477 2404 ipsein
488 2363 546 2393 suis
561 2363 645 2392 libris
660 2382 668 2396 ,
680 2361 837 2392 attribuito
848 2361 960 2390 Graecis
970 2360 1089 2391 litteris,
1101 2366 1226 2398 quarum

267 2404 383 2436 constat
407 2414 478 2434 eum
498 2404 721 2444 perstudiosum
742 2401 831 2432 fuiss'e
851 2406 882 2432 in
904 2399 1063 2430 seneElmte.
1086 2399 1142 2430 Sed
1155 2397 1228 2439 quid
1248 2418 1250 2443 ᾖ

268 2457 344 2487 opus
365 2446 408 2477 est
427 2446 532 2486 plura?
546 2448 609 2486 jam
633 2447 716 2475 enim
729 2442 818 2484 ipfius
829 2445 950 2474 Catonis
963 2443 1061 2472 sermo
1071 2439 1231 2480 explicabit
1248 2448 1250 2478 j

228 2501 250 2524 2
272 2488 405 2520 nostram
426 2498 553 2519 omnem
565 2488 601 2518 de
612 2487 760 2518 sene&ute
776 2487 964 2516 sententiam.
987 2487 1074 2514 Seii).
1087 2486 1230 2522 Saepenu-

272 2541 357 2562 mero
369 2532 470 2560 mirati
481 2530 562 2560 soleo
572 2540 643 2560 cum
656 2531 711 2559 lioc
723 2531 754 2559 C.
768 2529 943 2562 Laelio‚tum
955 2535 1117 2555 ceterarum
1129 2532 1229 2554 rerum

270 2582 354 2604 tuam
373 2572 572 2603 excellentem
592 2592 601 2606 ‚
622 2574 667 2602 M.
688 2574 780 2605 Cato,
798 2569 1022 2611 perfeSmmque
1041 2567 1230 2608 sapientiam,
1247 2563 1249 2578 ³

1245 898 1309 934 tum
1321 889 1368 920 vel
1378 888 1512 919 maxime
1526 908 1534 922 ,
1545 888 1628 929 quod
1641 898 1806 928 numquam
1820 888 2003 920 seneautem
2016 890 2070 921 tibi
2080 899 2201 931 gravem

1246 930 1304 961 esse
1315 931 1537 971 senserimzquae
1547 940 1737 969 PLERISQJB
1747 930 1866 960 senibus
1878 931 1915 962 fic
1925 933 2028 962 odiosa
2038 932 2127 965 cst‚ut
2135 940 2204 961 onus

1241 974 1272 1013 se
1288 974 1393 1002 eAErna
1407 981 1529 1013 gramm¹
1549 972 1648 1002 dicant
1662 970 1803 1011 sustinere.
1826 975 1929 1004 (ΖΑ-ιο.
1948 976 2028 1004 Rem
2047 973 2124 1004 haud
2136 973 2204 1003 sani:

1247 1013 1406 1044 difficilem
1428 1034 1435 1048 ‚
1457 1016 1556 1053 Scipio
1576 1014 1609 1043 δε
1628 1015 1702 1043 Laeli
1716 1033 1725 1047 ‚
1747 1015 1886 1044 admirati
1906 1015 2066 1046 videmini.
2088 1024 2206 1056 Qiinus

1249 1058 1334 1086 enim
1354 1056 1432 1085 nihil
1454 1058 1521 1095 opis
1531 1055 1574 1085 est
1584 1058 1615 1084 iri
1626 1053 1691 1094 ipsis
1701 1055 1736 1085 ad
1751 1056 1828 1086 bene
1842 1076 1850 1089 ‚
1873 1056 2012 1097 beateque
2024 1057 2205 1090 vivendum.

1249 1100 1287 1128 iis
1311 1098 1416 1128 omnis
1433 1099 1528 1138 gravis
1540 1096 1582 1127 est
1592 1106 1677 1127 aetas:
1696 1098 1750 1137 qui
1761 1107 1859 1128 autem
1872 1100 1977 1128 omnia
1988 1099 2067 1129 bona
2081 1098 2098 1130 ὲ.
2108 1096 2207 1138 seipfis

1250 1149 1374 1180 petunt,
1394 1142 1430 1168 iia
1448 1139 1528 1169 nihil
1545 1137 1641 1179 potest
1662 1140 1776 1169 malum
1794 1139 1889 1169 videri
1901 1159 1909 1173 ,
1931 1140 2012 1180 quod
2030 1149 2141 1171 naturae
2151 1150 2208 1170 ne-

1250 1180 1359 1212 ceffitas
1369 1179 1479 1211 afferat.
1491 1191 1551 1221 quo
1563 1183 1594 1210 in
1604 1190 1713 1220 genere
1724 1182 1756 1210 in
1767 1183 1874 1221 primis
1883 1181 1926 1212 est
1934 1181 2081 1215 seneRus,
2091 1185 2207 1222 4quam

1252 1234 1292 1254 ur
1307 1232 1683 1255 ADIPtSCANTuRmmneS
1691 1231 1796 1262 optant
1806 1234 1811 1252 ;
1821 1223 1945 1254 eandem
1956 1224 2092 1254 accusant
2100 1225 2210 1263 adepti:

1252 1274 1330 1296 tauta
1340 1264 1383 1295 est
1393 1264 1609 1298 inconstantia,
1623 1263 1747 1295 stultitia
1757 1284 1766 1298 ,
1781 1275 1867 1305 atque
1876 1264 2056 1304 perverfitas.
2080 1263 2211 1306 obrepere

1251 1308 1336 1347 ajunt
1349 1317 1409 1336 eam
1423 1305 1509 1336 emas
1525 1302 1612 1348 qu'asn
1623 1305 1771 1347 putaffinr.
1796 1306 1933 1338 Primum
1946 1327 1954 1341 ‚
1971 1310 2040 1348 quis
2050 1308 2148 1348 coegit
2157 1315 2210 1337 eos

1251 1349 1360 1380 falsum
1373 1351 1486 1389 putare?
1495 1347 1547 1389 qui
1557 1351 1641 1378 enim
1649 1350 1738 1379 citius
1747 1348 1952 1379 adolescentiae
1964 1348 2210 1389 sene&us‚quam

1252 1393 1386 1432 pueritia:
1408 1390 1607 1421 adolescentia
1624 1390 1762 1430 obrepit?
1783 1391 1892 1421 deinde
1903 1410 1912 1424 ,
1930 1389 1983 1431 qui
1996 1389 2098 1421 minus
2111 1391 2210 1431 gravis

1254 1431 1323 1464 effet
1334 1435 1370 1463 iis
1382 1431 1527 1465 senesius.
1537 1431 1557 1462 si
1567 1430 1851 1471 oetingentefimum
1862 1442 1975 1462 annum
1986 1432 2210 1473 agogennquam

1255 1473 1492 1516 oe‘togesimum?
1513 1476 1726 1504 PRAETERITA
1745 1476 1828 1503 enirn
1842 1482 1909 1504 aetas
1922 1493 1930 1505 .
1950 1475 2088 1514 quamvis
2109 1474 2210 1513 longa.

1252 1516 1324 1547 cum
1337 1513 1499 1545 effluxiss‘et
1510 1535 1519 1548 ‚
1535 1515 1619 1544 nulla
1628 1515 1831 1544 consolatione
1841 1515 2024 1554 permulcere
2034 1513 2127 1555 posset
2138 1514 2213 1544 stul-

1252 1567 1312 1588 tam
1334 1557 1530 1588 senectutem.
1553 1558 1700 1596 roirca
1718 1555 1739 1585 si
1758 1556 1932 1595 sapientiam
1953 1566 2052 1587 meam
2071 1556 2213 1586 admirari

1253 1599 1353 1629 soletis
1362 1599 1439 1638 (quae
1449 1602 1565 1627 utinam
1578 1599 1666 1637 digna
1676 1596 1746 1627 esset
1755 1600 1901 1637 opinione
1915 1597 2009 1628 vestra
2020 1618 2029 1632 ‚
2046 1597 2212 1637 nostroque

1254 1640 1451 1682 cognomine)
1462 1649 1495 1668 in
1512 1640 1568 1669 hoc
1583 1639 1686 1669 sumus
1706 1640 1849 1678 sapientes
1861 1659 1869 1673 ‚
1890 1640 1972 1679 quod
1986 1649 2119 1670 naturam
2131 1640 2214 1679 opti-

1255 1692 1337 1712 mam
1347 1681 1455 1711 ducem
1470 1700 1479 1713 ,
1493 1689 1647 1720 tamquam
1656 1680 1747 1709 deum
1758 1700 1767 1714 ,
1779 1681 1931 1721 sequimur
1942 1700 1950 1714 ‚
1962 1683 2048 1720 eique
2057 1689 2210 1720 paremus:

1256 1724 1272 1754 a
1290 1733 1346 1764 qua
1362 1732 1426 1752 non
1446 1721 1606 1752 verisimile
1616 1720 1677 1754 est,
1699 1721 1770 1752 cum
1780 1731 1883 1752 ceterae
1894 1731 1986 1761 paries
1997 1731 2088 1752 aetatis
2110 1725 2123 1749 5
2137 1722 2214 1751 bene

1255 1764 1405 1804 descriptae
1416 1762 1472 1793 sint
1481 1783 1489 1797 ‚
1509 1772 1683 1794 extremum
1694 1763 1795 1793 astum
1809 1784 1818 1797 ,
1835 1773 1986 1804 tamquam
1997 1764 2033 1793 ab
2044 1765 2130 1793 inerti
2141 1763 2217 1802 po'e'-

1259 1816 1289 1837 ta
1300 1826 1308 1840 ‚
1330 1804 1387 1835 effe
1401 1804 1585 1845 negledmm.
1608 1805 1657 1834 sed
1668 1813 1769 1835 tamen
1779 1803 1893 1835 neceffe
1903 1806 1961 1835 fuit
1970 1804 2026 1835 esse
2037 1805 2150 1846 aliquid
2161 1813 2216 1834 ex-

1258 1857 1389 1879 tremum
1402 1867 1410 1881 ‚
1433 1848 1464 1877 &
1477 1856 1631 1888 tamquam
1643 1857 1675 1876 in
1684 1847 1826 1877 arborum
1837 1847 1932 1878 baccis
1945 1867 1953 1881 ‚
1973 1856 2112 1887 terraeque
2123 1846 2218 1887 frugi-

1262 1891 1316 1920 bus
1334 1898 1505 1920 maturitate
1524 1889 1717 1928 tempestiva,
1743 1887 1823 1929 quasi
1842 1899 1957 1919 vietum
1972 1909 1980 1923 ‚
2000 1889 2032 1919 δε
2050 1889 2214 1918 caducum:

1260 1932 1341 1974 quod
1353 1931 1512 1962 ferendum
1525 1930 1567 1961 est
1577 1931 1709 1960 molliter
1718 1931 1849 1970 sapienti.
1875 1940 1960 1970 Qu)
1973 1940 2055 1960 enim
2067 1929 2109 1960 est
2121 1929 2216 1963 aliud,

1261 1983 1414 2017 gigantum
1427 1973 1520 2003 modo
1530 1973 1641 2003 bellare
1656 1982 1724 2003 cum
1737 1974 1794 2002 diis
1804 1992 1812 2006 ‚
1833 1971 1887 2002 nisi
1907 1983 2018 2003 naturae
2036 1973 2218 2013 repugnare?

1263 2019 1356 2047 Lim..
1371 2017 1464 2056 Atqui
1475 2035 1484 2049 ‚
1499 2018 1572 2045 Cato
1582 2034 1591 2048 ,
1610 2013 1807 2054 gratissimum
1820 2015 1909 2044 nobis
1919 2035 1928 2048 ‚
1951 2024 1983 2045 ut
1992 2016 2081 2045 etiam
2093 2023 2146 2054 pro
2157 2013 2221 2043 Sci-

1265 2060 1355 2099 pione
1366 2059 1508 2097 pollicear
1518 2077 1527 2091 ,
1541 2056 1647 2087 feceris
1657 2076 1666 2090 ‚
1678 2055 1697 2086 sl
1710 2076 1718 2090 ‚
1732 2066 1875 2096 quoniam
1887 2057 2029 2086 volumus
2039 2075 2047 2089 ‚
2059 2057 2223 2096 (speramus

1265 2100 1388 2140 quidem
1399 2099 1492 2140 certe)
1503 2099 1586 2129 senes
1597 2097 1671 2132 fieri,
1682 2108 1750 2128 ante
1761 2098 1860 2128 multo
1869 2100 1885 2128 a
1895 2107 1924 2128 te
1935 2098 2143 2131 didicerimus,
2153 2097 2222 2137 qui-

1266 2143 1320 2173 bus
1331 2142 1475 2173 facillime
1486 2141 1652 2171 rationibus
1662 2140 1917 2181 ingravescentem
1929 2150 2044 2170 aetatem
2063 2139 2140 2170 ferre
2152 2137 2222 2178 pos-

1266 2183 1367 2214 simus.
1392 2186 1470 2214 (ΞΑ-τ.
1486 2184 1604 2213 Faciam
1615 2181 1687 2212 verb
1699 2203 1707 2216 ,
1728 2183 1822 2216 Laeli;
1839 2182 2001 2222 praesertim
2015 2182 2034 2211 fi
2047 2183 2161 2222 utrique
2171 2189 2224 2210 ve-

1268 2225 1362 2257 strum
1380 2234 1496 2267 gratum
1513 2245 1521 2259 ‚
1547 2234 1580 2254 iit
1599 2224 1674 2254 dicis
1684 2243 1692 2257 ,
1712 2223 1847 2254 futurum
1870 2222 1922 2253 est.
1954 2227 2045 2254 serp.
2068 2226 2220 2252 Volumus

1268 2269 1336 2299 sane
1351 2287 1359 2301 ,
1379 2266 1434 2298 nisi
1457 2266 1619 2297 molestum
1636 2265 1678 2296 est
1689 2286 1697 2299 ,
1719 2268 1792 2296 Cato
1804 2286 1812 2299 ,
1833 2274 1983 2306 tamquam
1997 2266 2126 2306 aliquam
2144 2265 2225 2294 viam

1269 2312 1390 2351 longam
1400 2309 1566 2340 confeceris
1575 2329 1583 2342 ‚
1599 2317 1689 2349 quam
1701 2308 1789 2338 nobis
1800 2318 1918 2348 quoque
1933 2306 2164 2349 ingrediendum
2177 2303 2222 2338 sit,

1270 2352 1345 2383 istuc
1354 2372 1362 2386 ‚
1374 2352 1436 2393 quo
1446 2349 1625 2392 pervenisti,
1635 2349 1737 2379 videre
1747 2370 1755 2383 ,
1766 2350 1851 2390 quale
1862 2349 1905 2379 fit.
1949 2352 2028 2379 CAr.
2043 2350 2160 2379 Faciam
2171 2366 2180 2380 ‚
2191 2354 2225 2376 ut
2241 2351 2255 2385 3

1270 2405 1393 2435 potero,
1408 2394 1495 2424 Laeli.
1513 2393 1586 2432 saepe
1599 2394 1683 2422 enim
1698 2392 1820 2422 interfui
1832 2391 1961 2432 querelis
1974 2399 2113 2421 meorum
2129 2397 2227 2428 aequa-

1272 2439 1347 2466 lium
1360 2439 1474 2474 (PARES
1485 2444 1584 2464 autem
1595 2443 1665 2463 cum
1677 2433 1795 2473 paribus
1806 2453 1814 2466 ,
1827 2435 1918 2463 veteri
1930 2433 2090 2473 proverbio
2101 2452 2109 2466 ‚
2118 2429 2228 2461 facilli-

1272 2480 1322 2508 me
1334 2477 1563 2519 congregantur)
1576 2473 1590 2495 ⁶
1603 2486 1668 2516 quae
1678 2475 1872 2507 C-Salinator‚
1883 2485 1947 2516 quae
1959 2477 2009 2514 Sp.
2021 2475 2160 2506 Albinus,
2171 2472 2229 2500 ho-

1274 2523 1373 2551 mines
1383 2520 1552 2550 consulares
1562 2538 1570 2552 ,
1582 2517 1675 2547 nostri
1685 2517 1747 2547 fere
1757 2517 1882 2558 aequales
1893 2538 1900 2551 ‚
1914 2517 2068 2557 deplorare
2077 2514 2227 2546 solebant:

1270 2573 1336 2594 tum
1345 2561 1429 2604 quod
1439 2560 1642 2602 voluptatibus
1652 2568 1802 2593 carerent,
1816 2557 1879 2589 sin'e
1889 2559 1998 2600 quibus
2008 2559 2102 2589 vitam
2113 2555 2228 2586 nullam

2147 2604 2231 2636 puta-

292 2674 328 2678 ᾖ,
971 2653 2227 2677 Μ

290 2698 298 2701 '
339 2698 385 2722 Sus
396 2696 432 2723 est
451 2697 509 2722 hcic
528 2697 624 2722 iterum
636 2694 798 2721 Gulielmius
818 2693 886 2720 libro
906 2693 1071 2720 Mauriciano
1091 2701 1120 2717 ac
1138 2690 1230 2718 Fabri-

339 2733 430 2758 ciano:
452 2732 554 2758 accessit
564 2730 748 2758 (lelberclensis
761 2750 768 2761 ‚
787 2730 852 2756 olim
873 2729 993 2756 Abbatiae
1012 2729 1038 2755 in
1052 2727 1132 2755 Frisia
1152 2735 1230 2763 quem
1253 2746 1254 2753 ,

1251 2693 1255 2738 l

273 2768 364 2795 habuit
376 2770 390 2793 ‘a
402 2768 518 2795 Suffrido
530 2768 645 2798 Petreio.
665 2769 786 2803 ‹Qartus
797 2766 850 2792 suit
860 2766 963 2792 Matalii
975 2764 1079 2791 Metelli
1093 2775 1098 2790 :
1123 2770 1232 2799 quintus
1253 2758 1256 2833 ἱ

275 2812 332 2830 orat
341 2804 505 2830 bibliothecae
515 2804 750 2830 Carthulianoruin
771 2802 902 2828 Coloniae.
922 2801 1011 2828 sextus
1032 2799 1233 2827 Viftoiinorum

277 2839 468 2866 parisiensium.
503 2839 552 2865 Sed
572 2841 599 2866 8<
617 2838 758 2869 adhibuit,
778 2838 895 2864 codicem
917 2837 1043 2863 collatum
1063 2838 1077 2862 :i
1098 2833 1235 2862 Francisco
1255 2839 1256 2845 ¹

438 2876 495 2910 Ego
508 2876 641 2902 Palatinos
660 2874 726 2900 duos
739 2882 791 2900 tres
811 2873 946 2901 consulere
965 2873 1025 2900 satis
1036 2872 1124 2898 habui.
1143 2879 1234 2897 omnes
1255 2874 1257 2894 Ι

277 2875 417 2901 Martinio.

277 2919 404 2937 excutere
418 2929 424 2940 ‚
434 2921 517 2946 operae
528 2911 616 2937 fuiss'et
627 2910 747 2937 infinum.

318 2955 340 2972 ι.
359 2949 449 2971 'Plenus
461 2947 545 2980 fidei]
566 2948 607 2972 Sic
625 2955 716 2973 omnes
729 2946 789 2971 libri
812 2952 879 2971 vett.
899 2945 1043 2981 probatque
1063 2942 1185 2969 Gifanius
1204 2941 1236 2968 ad

279 2982 448 3009 Lucretium.
470 2990 498 3007 ut
510 2982 538 3008 sit
551 2982 636 3008 versus
647 2985 750 3014 μώρῳ,
760 2982 857 3015 aliifide
865 2983 959 3013 plenus,
973 2981 1183 3014 autfideiplenus.

317 3027 344 3044 2.
365 3018 419 3046 <Ad
427 3026 448 3042 te
459 3018 624 3050 confla-ibera]
645 3019 687 3043 Sic
697 3027 788 3044 cinnes
800 3017 858 3044 mss.
870 3017 950 3044 ctiam
963 3015 1076 3043 Palatini
1089 3035 1097 3047 ,
1107 3015 1237 3041 aliorum-

282 3064 342 3094 que.
367 3053 566 3087 vulgoscrihere.

319 3099 346 3125 3.
369 3093 404 3115 Nu
412 3097 498 3121 parum
508 3090 560 3120 ester
570 3089 746 3121 aufforiram]
767 3090 855 3114 Maur.
867 3088 994 3115 Celbcrd.
1007 3098 1037 3114 ac
1047 3086 1148 3113 5Νἰξὶ.
1161 3084 1239 3111 codd.

281 3134 366 3158 parum
376 3130 435 3150 enlm
448 3125 499 3157 effer
511 3127 601 3149 auc'i'or.
613 3123 682 3159 quod
694 3131 723 3149 ut
736 3125 865 3150 venustius
877 3124 1041 3160 perplacebat
1052 3122 1182 3149 Gulielm.
1193 3131 1243 3156 ego

280 3161 360 3189 uteri
370 3160 499 3194 adhaereo,
513 3169 528 3186 a
540 3169 593 3195 quo
605 3159 673 3187 stant
682 3159 707 3185 8<
721 3159 777 3186 Pal.
788 3159 958 3195 aliorumque
970 3159 1127 3187 mombmnae
1138 3166 1242 3185 omnes.
1260 3173 1262 3179 ι

1307 2696 1336 2721 4.
1352 2684 1666 2721 Qamuradipiscanrur.]
1688 2684 1782 2710 Versus
1793 2683 1839 2708 hos
1852 2681 1902 2708 esse
1913 2700 1921 2712 ‚
1947 2680 2041 2707 leviter
2052 2680 2066 2704 a
2086 2673 2229 2713 M2Tullic·

1275 2725 1429 2751 immutatos
1442 2743 1449 2755 ,
1470 2722 1607 2755 acutejain
1619 2720 1683 2746 olim
1698 2719 1765 2746 vidit
1775 2719 1892 2753 Scaliger
1909 2716 1941 2743 ad
1952 2717 2106 2742 Varronem.
2126 2708 2232 2738 Guliel-

1276 2761 1343 2787 mius
1353 2760 1459 2795 propius
1471 2758 1502 2785 ad
1513 2758 1593 2784 libros
1605 2765 1648 2782 cos
1660 2756 1697 2782 ita
1707 2755 1843 2781 scribebat:
2019 2752 2024 2757 “

1392 2798 1469 2828 Qum
1478 2803 1506 2820 ut
1516 2793 1684 2825 adipiscantur
1700 2801 1776 2816 onmes
1785 2797 1864 2823 optant
1874 2800 1880 2814 :
1899 2788 1993 2814 eandem
2001 2788 2055 2811 ium

1392 2833 1509 2863 Adcptam
1520 2830 1640 2862 ret-cusam.
1660 2834 1733 2853 tanta
1747 2829 1781 2853 eff
1790 2827 1947 2858 inconstantia

1391 2869 1515 2892 Stultitiai
1524 2866 1553 2896 (ly
1561 2865 1714 2897 perversitas.
1991 2892 1996 2897 ι
2032 2891 2037 2897 .
2129 2890 2134 2895 ·
2192 2890 2199 2896 ι

1317 2913 1343 2937 5.
1363 2907 1424 2929 Bene
1442 2903 1559 2935 descriptae
1569 2901 1628 2933 fint.
1641 2900 1653 2932 ⁴]
1687 2900 1709 2924 E
1727 2897 1831 2924 Metelli
1850 2895 1920 2921 libro
1940 2893 2054 2919 restituit
2072 2890 2234 2917 Gulielmius

1258 2956 1259 2964 i
1278 2941 1416 2973 dimi-lpus,-
1435 2937 1545 2965 addito:
1567 2930 1699 2969 diJJbri'bere
1708 2934 1743 2960 est
1754 2933 1826 2959 suum
1840 2931 1933 2970 cuique
1945 2948 1953 2960 ‚
1975 2930 2001 2954 8<
2013 2926 2115 2953 diverfii
2126 2926 2234 2953 diverfis

1279 2976 1436 3003 austribere.
1455 2983 1503 3010 pro
1522 2973 1570 2999 hoc
1582 2971 1661 2997 vei-bo
1681 2972 1746 3004 peiit‘:
1765 2967 1862 3001 ubique
1883 2965 2071 3004 lubstit'unmr,
2092 2963 2233 2996 describere:

1281 3011 1351 3048 quod
1365 3011 1443 3047 longe
1453 3008 1525 3037 aliud
1534 3009 1581 3036 cst.
1600 3007 1638 3033 ita
1648 3007 1671 3031 dt
1689 3012 1768 3037 ignare
1780 3021 1787 3034 ‚
1805 3003 1905 3035 dlffinh'ss
1917 3021 1924 3034 ‚
1943 3001 1994 3027 alia
2003 3000 2090 3036 paslim
2109 3003 2234 3033 corrupta

1283 3049 1309 3075 in
1324 3048 1408 3073 libris.
2127 3046 2131 3050 .

1319 3083 1345 3110 6.
1371 3085 1425 3116 Qae
1434 3085 1462 3108 C.
1472 3081 1603 3108 Salinator,
1613 3076 1680 3110 &c.]
1701 3075 1744 3102 Sic
1754 3074 1878 3110 primitus
1889 3072 1952 3103 cusi,
1962 3081 2047 3107 neque
2057 3070 2135 3097 aliter
2145 3067 2239 3095 νίίὶο-
2261 3065 2268 3068 ”

1286 3120 1350 3146 rius.
1374 3118 1530 3152 monuitque
1541 3113 1703 3140 Gulielmius
1714 3110 1894 3138 collocandam
1905 3109 1962 3136 liele
1980 3105 2129 3135 admirandi
2142 3112 2240 3132 notam.

1286 3156 1332 3183 :ilii
1348 3155 1502 3191 vulgarunt,
1513 3159 1585 3186 quas,
1597 3149 1704 3185 quidam
1718 3148 1791 3182 qmis.
2106 3185 2115 3204 ι
2141 3174 2204 3201 fade
2214 3169 2229 3193 Ξ

2363 3090 2366 3106 l
