2302 3353
596 127 627 157 1>
660 127 689 158 E

1102 189 1105 205 1

126 199 160 230 in
179 197 301 231 litteris,
322 193 514 234 ardentesque
525 192 571 222 his
582 190 704 226 studiis,
726 193 790 222 otio
808 191 881 222 vero
901 191 1084 226 diffluentes,
1102 208 1104 231 ¹,

128 251 193 271 non
205 237 299 270 modo
310 236 388 267 nihil
397 233 583 276 acquisierint
591 254 600 267 ,
627 233 674 264 sed
684 243 723 263 ue
733 232 873 263 renerum
884 234 1009 272 quidem
1019 254 1027 266 ‚
1050 235 1082 264 8<
1101 234 1104 272 <¹

68 292 82 325 3
97 293 108 325 3
128 281 268 312 traditum
278 300 288 312 ‚
300 279 332 308 &
342 278 428 307 suum
439 275 675 315 conservaverint.
718 277 802 305 Tum
815 273 929 304 craffus
940 295 948 307 ,
966 278 1040 304 Non
1051 277 1083 304 in

58 1466 62 1470 -
105 1444 297 1477 adventitiam
308 1465 317 1479 ‚
327 1444 423 1474 defuit
433 1447 444 1474 ?
454 1448 469 1464 ²
481 1455 556 1475 num
569 1465 577 1479 ,
589 1447 659 1486 quia
670 1446 676 1481 j
681 1455 715 1475 us
725 1446 815 1475 civile
824 1445 978 1479 didicerat,
993 1456 1062 1476 caiu-

35 2202 78 2236 34

46 2258 54 2261 -
93 2235 186 2267 feram
207 2239 375 2267 orationem
387 2258 396 2270 ,
419 2238 538 2278 (quibus
556 2241 693 2269 carerein
703 2240 761 2269 hoc
771 2239 896 2280 quidem
907 2240 1054 2270 seimonis

125 324 190 356 1136,
201 322 309 362 inquit,
321 329 388 352 una,
401 318 513 351 Catule,
526 327 556 347 re
567 337 575 350 ,
588 316 680 347 sedin
689 316 754 346 aliis
764 318 853 346 etiam
864 316 1083 355 compluribus,
1100 314 1102 350 J

125 363 335 395 distributione
349 361 475 400 partium
486 379 494 393 ,
520 369 553 389 ac
570 358 758 398 separatione
771 357 994 399 magnitudines
1016 357 1033 387 s
1030 366 1084 386 unt
1098 360 1101 404 J

123 406 233 436 artium
242 403 408 433 diminutae.
441 404 490 431 An
502 410 534 430 tu
545 399 710 434 existimas,
720 410 792 430 cum
803 398 875 429 esset
885 401 1081 438 Hippocrates
1097 405 1099 442 1

122 447 176 476 ille
185 448 277 478 Cous,
287 442 377 474 fuisse
386 452 455 474 tum
464 443 538 472 alios
549 443 684 472 medicos
693 461 702 475 ,
713 443 766 482 qui
776 441 890 471 morbis
901 461 908 474 ,
922 442 998 470 alios
1008 460 1016 474 ‚
1028 442 1081 481 qui

122 487 298 518 vulneribus
310 506 319 519 ,
333 489 342 504 ¹
354 485 428 516 alios
438 505 447 518 ‚
467 486 518 525 qui
528 484 624 514 oculis
635 483 826 513 mederentur
838 486 848 512 ?
869 492 945 512 num
957 486 1096 524 geome-›j

121 531 208 560 triam
218 547 227 562 ,
239 527 364 558 Euclide
375 548 383 561 ‚
403 536 454 557 aut
462 525 642 556 Archimede
654 546 663 559 ,
683 525 758 555 num
770 523 913 555 musicam
923 527 1078 556 Damone,
1094 526 1095 541 ³

121 579 172 601 aut
181 569 363 600 Aristoxeno
370 589 382 603 ,
404 578 479 598 num
488 568 563 607 ipsas
574 569 682 598 litteras
694 566 891 606 Aristophane
904 587 911 598 ,
931 576 981 596 aut
990 566 1081 596 Calli·
1094 590 1095 610 ἶ

122 613 230 642 macho
239 610 380 641 tractante
389 630 398 643 ‚
409 620 469 640 tam
481 609 637 650 discerptas
647 607 744 641 fuiss'e,
758 618 790 638 ut
799 618 894 638 nemo
903 618 998 649 genus
1010 609 1079 637 uni-
1094 643 1095 647 Ἰ

120 654 240 684 versum
249 652 509 692 compltheretur,
523 661 608 692 atque
618 660 650 680 ut
659 651 732 680 alius
743 651 833 679 aliam
844 649 895 679 fibi
907 659 1032 689 partem,
1045 652 1078 680 in
1093 650 1095 679 ἶ

119 705 177 736 qua
185 695 356 727 elaboraret,
368 695 542 734 seponeret?
556 692 705 733 Equidem
716 692 790 731 saepe
799 692 858 721 hoc
869 691 969 720 audivi
978 691 1015 720 de
1025 700 1078 730 pa-

117 745 172 770 tre,
185 737 218 767 δε
227 737 264 767 (16
273 737 376 766 socero
386 746 456 766 meo
468 757 476 768 ,
488 734 605 764 nostros
615 743 733 774 quoque
744 734 885 763 homines
894 753 903 766 ,
914 735 968 773 qui
978 733 1078 762 excel-

117 778 178 808 lere
189 779 338 818 sapientiae
347 779 440 820 gloria
447 777 560 806 vellent
569 796 576 808 ,
587 777 691 806 omnia
703 795 711 807 ‚
723 784 791 815 quaer
798 774 923 815 quidem
935 785 1000 804 tum
1013 776 1076 804 haec

118 821 223 850 civitas
232 818 340 853 noss'et,
352 820 455 850 solitos
466 815 524 847 effe
534 815 710 856 complesti.
734 819 940 846 Meminerant
948 817 992 845 1111
1003 820 1073 846 Sex.
1090 842 1092 846 ,

119 862 237 892 AElium
248 883 256 896 ‚
277 864 320 891 M.
332 871 402 891 vero
412 859 576 889 Manilinm
587 869 642 888 nos
656 860 747 888 etiam
765 858 900 888 vidimus
917 859 1076 901 (ranszzers’o
1090 882 1091 889 ,

117 903 322 934 ambulantem
325 904 389 941 foro
397 913 408 928 .·
418 900 499 942 quod
509 910 569 930 erat
579 899 691 941 insigne
700 910 782 933 eum,
792 902 845 941 qui
856 900 887 930 id
897 900 1014 932 faceret,
1028 900 1071 930 fa-

115 955 181 975 cere
192 945 306 975 civibus
316 943 459 974 omnibus
469 941 585 972 consilii
597 942 640 971 sui
649 944 768 982 copiam
781 953 787 970 :
807 942 842 971 ad
861 952 938 983 quos
949 943 1027 972 olim
1039 943 1071 971 δε
1087 962 1089 974 ,

112 988 153 1016 ita
161 986 367 1019 ambulamus,
378 985 410 1014 &
420 987 454 1014 in
463 984 539 1014 solio
549 983 694 1014 sedenteis
705 983 802 1017 domi,
811 982 850 1013 fic
858 984 1070 1016 adibatur‚non

111 1025 211 1057 solum
221 1037 253 1057 ut
261 1027 298 1057 de
305 1028 369 1066 jure
378 1027 463 1056 civili
473 1025 508 1056 ad
519 1025 691 1059 eos,verutn
699 1028 789 1056 etiarn
800 1025 836 1055 de
848 1024 910 1055 filia
919 1027 1070 1056 collocan-

110 1068 147 1100 da
156 1089 165 1102 ,
175 1068 211 1105 de
220 1067 317 1098 fundo
327 1067 458 1098 emendo
470 1088 477 1101 ,
498 1067 535 1098 de
546 1078 615 1110 agro
625 1067 755 1097 colendo
765 1088 773 1101 ,
793 1067 829 1097 de
841 1070 929 1097 omni
939 1068 972 1098 dt
979 1070 1068 1108 nique
1084 1081 1086 1087 ¹

108 1119 159 1141 aut
167 1109 269 1140 officio
279 1130 288 1144 ,
310 1120 360 1140 aut
369 1112 491 1150 negotio
501 1108 664 1139 referretur.
694 1112 767 1139 Haec
775 1109 835 1139 t'uit
845 1113 874 1140 P.
888 1108 976 1140 Cmffi
986 1111 1069 1139 illius
1083 1125 1085 1151 3

108 1154 215 1183 veteris
225 1172 234 1186 ,
245 1153 307 1182 haec
317 1154 368 1182 Ti.
379 1153 558 1182 Coruncanii
570 1171 578 1185 ,
590 1153 653 1181 haec
661 1153 765 1191 proavi
776 1172 784 1185 ,
798 1153 900 1192 generi
910 1154 972 1182 mei
985 1171 993 1185 ‚
1005 1154 1068 1182 Sci-

108 1195 220 1235 pionis,
231 1192 450 1234 prudentiffimi
460 1194 607 1227 hominis,
620 1194 771 1234 sapientia,
784 1196 835 1234 qui
846 1204 954 1224 omnes
965 1196 1067 1233 ponti-

109 1233 179 1266 fices
187 1238 315 1266 maximi
325 1234 463 1269 fuerunt,
475 1243 508 1265 ut
516 1235 551 1266 ad
562 1245 612 1265 eos
622 1235 659 1265 de
671 1235 815 1265 omnibus
826 1235 939 1265 divinis
949 1256 958 1269 ,
978 1245 1064 1277 atque

108 1277 249 1314 humanis
259 1278 344 1308 rebus
351 1277 521 1307 referretur:
542 1277 695 1318 iidemque
706 1278 781 1307 &in
791 1277 892 1308 senatu
904 1299 911 1311 ,
933 1279 966 1307 δε
986 1278 1064 1318 apud

106 1319 254 1359 populum
264 1340 273 1353 ,
286 1320 318 1349 &
328 1321 361 1349 in
372 1317 461 1349 causis
471 1321 651 1353 amicorum,
664 1319 696 1349 &
707 1319 804 1351 domi,
820 1320 851 1349 &
863 1321 981 1349 militiae
989 1330 1064 1349 con-

106 1359 206 1390 silium
217 1361 303 1391 suum
313 1381 323 1395 ,
335 1359 484 1401 fidemque
493 1360 676 1401 praestabant.
700 1361 781 1402 Qid
791 1364 875 1391 enim
888 1363 931 1391 M.
943 1364 1061 1395 Catoni,
1078 1368 1080 1389 1,

104 1411 209 1443 praetet
215 1404 291 1433 hanc
303 1401 508 1443 politissimam
528 1402 699 1433 doCtrinam
717 1403 936 1442 transmarinam
946 1425 954 1436 ,
976 1413 1063 1445 atque

104 1486 147 1517 sas
155 1496 220 1516 non
228 1486 344 1517 dicebat
354 1489 365 1515 ?
378 1495 428 1517 aut
436 1488 506 1527 quia
515 1496 629 1526 poterat
638 1487 746 1520 dicere,
758 1488 764 1524 i
769 1489 830 1517 uris
839 1488 994 1518 scientiam
1008 1498 1062 1518 ne-

102 1527 251 1569 gligebat?
272 1530 318 1558 At'
328 1536 454 1569 utroque
473 1530 506 1558 in
523 1539 630 1570 genere
641 1529 845 1563 &laboravm
871 1530 904 1560 &
915 1528 1059 1569 praestitit.

104 1579 181 1600 num
199 1579 318 1610 propter
333 1570 410 1600 hanc
425 1581 464 1601 ex
481 1572 666 1611 privatorum
687 1573 816 1613 negotiis
825 1571 985 1601 6011661310
995 1582 1059 1612 gra-

103 1612 176 1642 tiam
195 1612 303 1642 tardior
319 1613 352 1642 in
368 1622 429 1652 rep.
439 1610 612 1652 capessenda
620 1612 699 1642 fuit?
720 1623 814 1643 nemo
823 1613 900 1654 apud
909 1615 1058 1654 populum

101 1651 211 1684 fortior
221 1673 230 1687 ‚
250 1663 343 1684 nemo
353 1655 464 1684 melior
473 1655 603 1685 senator:
624 1654 707 1685 idem
717 1654 805 1686 facile
817 1658 951 1696 optimus
960 1658 1058 1696 impe-

100 1703 196 1726 rator:
217 1695 345 1737 denique
363 1696 443 1726 nihil
460 1698 493 1727 in
511 1698 564 1727 hac
581 1698 700 1727 civitate
712 1698 899 1737 temporibus
907 1698 969 1728 illis
980 1699 1058 1731 sciri,

100 1736 212 1767 discive
221 1740 336 1777 potuit,
357 1737 437 1778 quod
448 1738 500 1768 ille
510 1749 575 1771 non
585 1737 656 1769 cum
668 1738 854 1782 investigarit
864 1761 872 1773 ,
897 1740 930 1770 &
949 1740 1058 1774 scierit,

99 1786 166 1808 tum
176 1780 264 1809 etiam
275 1779 487 1820 conscripserit.
520 1783 613 1811 Nunc
629 1781 733 1811 contra
750 1784 930 1820 anuQiE
945 1781 980 1812 ad
1000 1783 1056 1812 ho-

99 1829 188 1850 nores
205 1820 411 1861 adipiscendos
423 1842 432 1855 ‚
453 1822 486 1852 &
504 1822 538 1853 ad
552 1832 646 1863 remp.
657 1824 819 1864 gerendam
828 1824 903 1854 nudi
914 1826 1054 1858 veniunt,

95 1870 184 1903 atque
194 1863 324 1893 inermes
335 1874 344 1897 3
366 1863 449 1893 nulla
458 1866 632 1904 cognitione
641 1875 741 1895 rerum
754 1886 763 1899 ,
782 1866 867 1895 nulla
876 1866 997 1896 scientia
1007 1876 1057 1896 or-

97 1904 172 1934 nati.
194 1905 247 1934 Sin
257 1904 364 1944 aliquis
373 1905 494 1935 excellit
504 1916 581 1936 unus
593 1906 610 1936 ὲ
619 1907 725 1937 multis
736 1927 745 1940 ‚
757 1905 841 1937 effert
852 1907 879 1937 se
889 1928 898 1940 ,
922 1906 945 1937 fi
956 1917 1054 1938 uuum

97 1945 213 1985 aliquid
223 1942 317 1979 affert,
330 1954 362 1975 ut
371 1945 510 1976 bellicam
520 1949 663 1977 virtutem
675 1968 683 1981 ,
697 1957 747 1978 aut
755 1949 845 1978 usum
854 1949 986 1989 aliquem
995 1951 1056 1979 mi-

96 1987 231 2016 litarem:
252 1996 316 2027 quae
334 1986 401 2017 sane
419 1997 502 2018 nunc
517 1989 642 2029 quidem
662 1989 892 2019 obsoleverunt:
915 1999 966 2020 aut
980 1992 1055 2030 juris
1072 1998 1075 2027 1

95 2028 262 2061 scientiam,
274 2039 312 2058 ne
321 2029 385 2067 ejus
395 2028 517 2069 quidem
528 2030 657 2061 univerfi
667 2041 672 2060 :
684 2041 754 2061 nam
764 2030 1054 2072 pontificium‚quod

95 2068 140 2099 est
148 2069 347 2108 conjunzstum
359 2090 368 2103 ,
387 2080 480 2100 nemo
491 2071 594 2102 discit:
617 2081 668 2103 aut
676 2073 880 2113 eloquentiam
890 2093 899 2106 ‚
920 2073 1012 2114 quem
1022 2076 1056 2103 in

95 2111 232 2144 clamore,
254 2112 288 2141 &
305 2114 340 2142 in
357 2112 519 2142 verborum
539 2114 624 2144 cursu
636 2112 761 2154 politam
771 2123 892 2154 putant:
911 2117 1055 2145 omnium

96 2151 168 2183 vero
187 2153 338 2183 bonarum
348 2155 457 2184 artium
468 2174 477 2188 ,
496 2154 625 2196 denique
635 2158 782 2186 virtutum
793 2158 923 2196 ipsarum
933 2157 1056 2187 societa-

95 2203 170 2228 tem.
181 2198 452 2240 cognationemque
462 2206 525 2226 non
537 2206 660 2227 norunt.
706 2198 774 2230 Sed,
789 2207 822 2228 ut
832 2198 867 2228 ad
879 2200 999 2228 Graecos
1008 2209 1055 2228 re-

94 2288 200 2320 genere
209 2289 273 2309 non
282 2277 438 2319 possumus
452 2289 457 2308 :
476 2289 547 2310 nam
559 2289 592 2311 ut
602 2282 720 2311 virtutis
730 2281 745 2311 a
754 2281 863 2312 nostris
874 2302 882 2315 ,
895 2280 932 2311 fic
940 2281 1053 2312 doeh-i—

95 2330 142 2350 nae
151 2320 259 2351 suntab
267 2321 329 2351 illis
340 2321 479 2361 exempla
488 2322 658 2363 repetenda)
678 2323 793 2363 septem
810 2321 899 2353 fuisse
912 2323 1053 2354 dicuntur

93 2371 157 2392 uno
166 2371 300 2402 tempore
309 2383 319 2397 ,
339 2365 391 2404 qui
400 2363 544 2403 sapientes
554 2364 587 2394 &
597 2364 774 2395 haberentur
783 2386 791 2399 ,
814 2365 846 2395 &
863 2375 1049 2396 vocarentur.

93 2404 127 2434 111
137 2414 254 2439 omnes,
263 2414 368 2445 praeter
375 2403 528 2436 Milesium
539 2407 679 2441 Thalem,
690 2407 860 2438 civitatibus
870 2408 930 2438 suis
936 2408 1052 2448 praefue—

92 2453 170 2475 runt.

94 2489 216 2528 quentia
224 2489 328 2519 litteris
336 2487 513 2519 instruzstior
521 2488 608 2520 fuiss‘e
617 2491 741 2521 traditur
750 2511 759 2525 ,
778 2491 871 2532 quam
891 2490 1051 2522 Pisistrati?

92 2531 144 2570 qui
152 2531 268 2569 primus
276 2532 404 2560 Homeri
415 2530 508 2561 libros
518 2551 527 2565 ‚
544 2532 686 2563 confusos
696 2532 779 2563 antea
789 2553 798 2567 ,
819 2532 857 2563 fic
875 2532 1049 2573 disposuisse

92 2572 202 2602 dicitur
210 2591 219 2606 ,
239 2581 272 2602 ut
286 2582 368 2603 nunc
385 2573 540 2605 habemus.
579 2577 653 2604 Non
663 2573 783 2605 fuitille
793 2575 919 2616 quidem
930 2575 1049 2605 civibus

92 2613 153 2643 suis
163 2614 255 2648 utilis,
264 2614 365 2644 sedita
374 2614 546 2655 eloquentia
554 2614 667 2649 floruit,
680 2625 712 2647 ut
721 2617 840 2651 litteris,
852 2616 1047 2658 dominaque

91 2654 243 2703 praestaret.
274 2656 356 2698 Qid
375 2657 522 2687 Pericles?
541 2657 578 2687 de
598 2658 682 2696 cujus
693 2658 814 2688 dicendi
824 2660 908 2698 copia
919 2657 956 2688 fic
966 2669 1047 2689 acce-
1094 2666 1113 2696 q

89 2706 189 2736 pimus
200 2717 208 2731 ,
220 2706 254 2727 ut
261 2717 270 2731 ‚
280 2697 352 2728 cum
361 2706 463 2729 contra
470 2699 658 2730 voluntatem
668 2699 899 2730 Atheniensium
908 2700 1047 2741 loquere—

90 2747 138 2769 tur
153 2749 208 2778 pro
227 2739 316 2770 salute
334 2742 434 2780 patriae
444 2761 452 2774 ,
473 2741 600 2772 severius
611 2750 711 2771 tamen
721 2742 752 2772 id
763 2742 861 2782 ipsum
872 2763 880 2775 ,
904 2741 985 2782 quod
995 2743 1046 2772 ille

89 2789 192 2811 contra
200 2782 366 2821 populareis
375 2783 516 2813 homines
526 2782 639 2814 diceret
649 2804 658 2817 ‚
675 2784 808 2826 populare
826 2784 971 2814 omnibus
983 2803 992 2818 ²
1013 2784 1047 2814 δί

86 2822 255 2861 jucundum
263 2823 413 2854 videretur
424 2835 429 2853 :
450 2825 496 2864 cuj
500 2835 534 2854 us
544 2827 576 2855 in
586 2826 675 2855 labris
684 2835 798 2856 veteres
810 2828 922 2856 comici
933 2846 942 2859 ,
954 2828 1045 2856 etiam

89 2861 162 2894 cum
169 2865 217 2894 illi
224 2864 304 2896 male
313 2864 447 2897 dicerent
456 2865 547 2908 (quod
557 2876 624 2898 tum
633 2868 760 2899 Athenis
770 2867 835 2898 fieri
845 2868 964 2908 licebat)
975 2865 1045 2910 lep&-

127 3009 138 3026 ι
145 3020 152 3026 .
170 3003 250 3029 uiuos
258 3006 301 3036 qui
308 3003 377 3029 oculi!
386 3004 530 3030 mederentur
539 3003 574 3038 ?]
591 3001 718 3030 Ridicule:
728 3002 852 3029 Lambini
864 3000 1043 3027 editioinfcr-

89 3034 122 3061 fit
132 3054 141 3066 ‚
150 3039 190 3070 qm·
200 3040 299 3064 auribus
309 3039 393 3074 :quasi
404 3049 466 3068 vero
475 3047 530 3066 tam
539 3039 683 3077 periculose
693 3046 849 3067 curarentur
858 3046 948 3070 aures,
964 3044 994 3064 ut
1004 3037 1041 3062 eis

92 3079 157 3106 opus
167 3072 268 3100 niedico
277 3074 411 3110 peculiari.
828 3107 831 3110 Α

128 3115 156 3132 2.
177 3111 239 3134 Num
247 3113 304 3144 quia
314 3113 359 3144 jus
377 3113 446 3136 civile
455 3112 595 3146 didiceram]
615 3111 684 3140 Pall.
694 3110 793 3147 septem
805 3130 814 3142 ,
824 3109 955 3137 Gallicani
969 3116 1022 3136 tres
1035 3127 1044 3141 ‚

85 3148 134 3175 ,nm
151 3142 275 3172 didiceras.
294 3145 366 3182 quod
377 3147 496 3176 mutabat
505 3148 666 3176 Gulielmius
684 3148 713 3177 in
731 3147 900 3179 condidicerm·
921 3147 982 3183 138⁰
999 3145 1045 3173 Μ·

767 114 1208 159 ORAToRE

201 2449 275 2486 QS
283 2446 519 2477 doffiorhfflem
530 2448 592 2478 illis
603 2449 789 2489 temporibus
801 2470 809 2482 ,
831 2458 880 2480 aut
890 2450 937 2489 cuj
942 2459 975 2479 us
986 2450 1051 2480 elo·
1095 2456 1114 2486 q

1285 114 1328 159 L
1361 131 1378 160 1
1413 129 1457 160 n.
1507 112 1596 158 ΙΙΙ.
2005 126 2088 157 121

1127 196 1184 218 rem
1201 189 1337 230 habitaffi
1355 192 1514 223 dixerunt:
1535 199 1707 231 tantamque
1721 189 1755 219 in
1765 198 1801 219 eo
1809 190 1875 219 vim
1885 187 1973 219 fuiffe
1984 209 1991 223 ‚
2014 198 2047 219 ut
2059 192 2092 221 in

1126 241 1235 262 eorum
1246 234 1399 264 mentibus
1410 255 1418 267 ,
1432 236 1483 275 qui
1493 231 1640 264 audiffent
1652 253 1660 265 ‚
1683 230 1762 273 quafi
1771 232 1878 260 aculeos
1887 231 2030 271 quosdam
2044 242 2089 261 re-

1125 272 1282 313 linqueret.
1315 278 1356 305 At
1373 277 1455 306 1111116
1476 279 1563 305 311011
1582 275 1724 305 clamator
1742 274 1849 314 aliquis
1858 273 1893 302 ad
1903 273 2087 312 clepsydram

1123 312 1224 343 latrare
1233 315 1373 346 docuerat
1382 337 1389 350 ,
1403 317 1451 348 sed
1464 338 1472 351 ,
1484 326 1517 347 ut
1526 318 1707 356 accepimuS,
1719 316 1933 346 Clazomenius
1943 315 1993 344 iile
2005 318 2087 345 Ana-

1123 363 1256 393 xagoras,
1268 360 1314 386 vir
1325 359 1461 388 summus
1473 362 1505 388 in
1515 361 1717 389 maximarum
1727 367 1827 387 rerum
1838 357 1970 386 scientia.
1985 358 2088 397 Itaque

1121 395 1171 424 hic
1182 395 1319 427 doeirina
1330 419 1339 431 ,
1358 399 1485 430 consilio
1496 421 1504 433 ,
1529 401 1701 441 eloquentia
1710 399 1862 429 excellens
1874 418 1881 432 ,
1894 397 2086 438 quadraginta

1120 445 1216 466 annos
1224 438 1342 476 praefuit
1352 442 1478 470 Athenis
1490 442 1522 471 &
1535 442 1654 472 urbanis
1665 461 1673 475 ,
1688 440 1797 471 eodem
1808 449 1944 480 ternpore
1956 461 1964 473 ,
1979 440 2012 469 ὃς
2023 440 2086 470 bel-

1121 477 1186 507 licis
1195 479 1294 508 rebus.
1317 481 1398 522 Qid
1410 485 1532 512 Critias?
1551 483 1623 524 quid
1637 482 1826 513 Alcibiades?
1842 482 2013 512 civitatibus
2024 482 2085 512 suis

1121 519 1247 559 quidem
1257 531 1322 551 non
1335 523 1420 555 boni,
1435 524 1483 552 sed
1494 534 1573 554 certe
1585 523 1686 558 (10611,
1699 534 1784 564 atque
1795 524 1970 564 eloquentes
1980 544 1988 557 ,
2003 534 2082 553 non-

1121 571 1160 590 ne
1181 564 1336 592 Socraticis
1356 574 1439 594 erunt
1454 564 1702 604 disputationibus
1712 566 1841 596 eruditi?
1861 567 1934 604 Qus
1945 568 2083 596 Dionem

1119 603 1305 642 Syracusium
1317 604 1464 635 (1081111113
1475 607 1617 636 omnibus
1629 608 1799 646 expolivit?
1810 617 1873 637 non
1885 608 1986 637 Plato?
1997 617 2082 648 atque

1119 653 1191 674 eum
1202 645 1285 675 idem
1296 647 1347 676 ille
1358 657 1422 677 non
1435 648 1544 688 linguee
1558 646 1657 677 solum
1669 668 1676 680 ,
1696 647 1803 678 verum
1815 651 1904 678 etiam
1914 651 2028 682 animi,
2050 660 2082 679 ac

1119 686 1236 715 virtum
1245 687 1374 728 magister
1384 709 1392 721 ,
1404 688 1438 718 ad
1449 688 1632 718 liberandam
1643 692 1766 727 patriam
1778 691 1900 729 impulit
1908 711 1916 724 ,
1928 690 2080 724 instruxit,

1117 730 1254 758 armavit.
1290 731 1405 760 Aliisne
1416 732 1506 771 igitur
1515 730 1625 760 artibus
1635 732 1714 760 hunc
1726 734 1862 761 Dionem
1873 731 2003 761 instituit
2013 733 2078 762 Pla-

1092 774 1093 785 *
1117 777 1149 798 to
1160 790 1170 803 ,
1188 771 1254 800 aliis
1264 772 1404 802 Isocrates
1414 770 1550 802 ciariffim
1557 782 1608 801 um
1620 773 1720 801 virum
1731 774 1933 803 Timotheum
1945 794 1952 807 ,
1977 776 2079 804 Cono—

1117 813 1165 840 nis
1176 832 1184 845 ,
1203 812 1429 852 praestantiffimi
1442 815 1630 853 imperatoris
1643 833 1650 846 ,
1674 812 1773 842 filium
1786 834 1793 846 ‚
1815 815 1969 844 summurn
1978 816 2077 854 ipsum

1090 857 1092 880 J
1116 854 1328 892 imperatorem
1343 876 1350 889 ,
1363 857 1584 896 hominemque
1593 853 1798 885 dofikiffimum
1811 859 1820 883 ?
1841 857 1962 886 aureliis
1973 858 2080 895 Pytha-

1089 897 1091 908 '
1115 905 1222 935 gorens
1241 897 1293 927 iile
1308 897 1390 937 Lyfis
1401 897 1584 928 Thebanum
1596 896 1839 936 Epaminondam
1851 917 1860 930 ,
1882 898 1958 927 haud
1970 899 2031 928 scio
2042 909 2077 928 aii

1088 945 1089 954 ¹
1114 937 1270 968 summum
1297 941 1399 969 virum
1422 950 1520 969 unum
1540 949 1643 969 omnis
1665 941 1807 968 Graeciae?
1833 943 1885 968 'aut
1903 941 2078 979 Xenophon

1113 977 1284 1019 Agesilaum
1298 984 1308 1009 ?
1328 991 1378 1011 aut
1395 981 1567 1011 Philolaum
1586 981 1719 1010 Architzs
1736 983 1939 1010 Tarentinus?
1957 991 2005 1011 aut
2016 984 2078 1021 ipse

1112 1022 1288 1063 Pythagoras
1300 1032 1394 1053 totam
1404 1024 1489 1053 illam
1498 1033 1631 1052 veterem
1642 1024 1733 1052 Italia:
1742 1023 1887 1055 Graiam,
1899 1032 1964 1063 qua:
1974 1033 2073 1063 quon-

1111 1062 1180 1092 dam
1191 1073 1296 1105 magna
1305 1067 1429 1095 vocitata
1439 1064 1503 1095 est?
1534 1065 1683 1105 Equidem
1696 1074 1760 1094 non
1770 1064 1904 1094 arbitror.
1932 1067 1980 1094 Sic
1990 1067 2072 1095 enim
2098 1096 2106 1103 ὦ

1110 1104 1210 1138 video,
1223 1116 1314 1136 unam
1324 1107 1474 1147 quandam
1485 1109 1630 1143 omnium
1641 1117 1741 1136 rerum
1751 1126 1759 1140 ,
1772 1116 1838 1147 quae
1847 1104 1940 1136 ess'ent
1949 1107 2075 1136 homine

1083 1159 1084 1162 ¹
1109 1147 1225 1178 erudito
1236 1147 1334 1190 dignae
1346 1169 1354 1182 ,
1365 1158 1452 1189 atque
1464 1159 1501 1178 eo
1513 1169 1521 1183 ,
1534 1148 1584 1189 qui
1596 1151 1627 1178 in
1639 1149 1802 1192 rep3vellet
1811 1148 1957 1178 excellere
1967 1168 1976 1181 ,
1986 1147 2075 1178 fuifl‘e

1108 1187 1278 1220 doclrinam
1290 1201 1295 1219 :
1315 1201 1405 1231 quam
1416 1193 1468 1230 qui
1479 1188 1655 1230 accepifi'ent
1665 1211 1673 1223 ‚
1685 1192 1706 1219 11
1717 1190 1811 1219 iidem
1822 1191 1946 1230 ingenio
1956 1190 1991 1219 ad
2000 1200 2071 1229 pro-

1106 1231 1311 1262 nuntiandum
1320 1232 1478 1262 valuissent
1489 1253 1496 1265 ‚
1519 1233 1552 1262 &
1564 1232 1591 1262 se
1603 1232 1638 1262 ad
1660 1231 1823 1268 dicendum
1843 1241 1965 1272 quoque
1977 1252 1984 1265 ‚
2006 1242 2070 1262 non

1104 1281 1286 1313 repugnante
1296 1283 1400 1303 natura
1411 1295 1419 1308 ,
1442 1272 1590 1304 dedissent
1599 1295 1607 1306 ,
1632 1274 1805 1314 eloquentia
1814 1272 1988 1313 praestitisse.
2013 1276 2069 1304 Ita-

1103 1324 1161 1354 que
1172 1316 1232 1354 ipse
1244 1315 1430 1349 Aristoteles,
1444 1316 1517 1346 cuin
1528 1314 1634 1345 florere
1644 1316 1803 1346 Isocratem
1815 1315 1971 1345 nobilitate
1982 1315 2073 1345 disci-

1079 1357 1080 1362 ’
1102 1356 1245 1395 pulorum
1255 1357 1388 1391 videret,
1409 1358 1491 1399 quod
1506 1359 1566 1398 ipse
1578 1358 1641 1388 suas
1652 1357 1869 1397 disputationes
1882 1356 1897 1386 a
1915 1355 2005 1387 causis
2020 1357 2069 1387 fe—

1102 1396 1248 1432 renfibus,
1256 1400 1288 1430 &
1300 1400 1440 1430 civilibus
1449 1400 1483 1430 ad
1494 1402 1617 1430 inanem
1629 1400 1776 1429 sermonis
1786 1399 1964 1440 elegantiam
1976 1408 2070 1429 trans-

1102 1438 1228 1474 tulisset,
1253 1444 1381 1472 mutavit
1399 1442 1520 1482 repente
1542 1450 1636 1471 totam
1654 1439 1786 1470 formam
1799 1440 1891 1480 prope
1903 1440 2069 1480 dilciplince

1102 1482 1159 1512 suae
1170 1502 1179 1516 ,
1198 1484 1377 1524 versumque
1408 1483 1536 1514 uendam
1548 1483 1585 1513 de
1596 1482 1761 1513 Philo&eta
1770 1483 1872 1522 paullo
1883 1482 1967 1512 secus
1979 1483 2066 1513 dixis.

1101 1523 1157 1553 Ille
1167 1526 1250 1554 enim
1271 1534 1350 1567 turpe
1362 1494 1418 1566 fiZi
1433 1527 1474 1555 ait
1493 1525 1638 1562 effiracere
1649 1535 1713 1554 cum
1722 1523 1869 1553 Barbam.-
1891 1525 1940 1554 hic
1950 1533 2062 1557 autem,

1102 1564 1167 1595 ciam
1175 1567 1475 1609 Isbcratempateretur
1481 1567 1577 1596 dicere.
1601 1569 1698 1607 itaque
1710 1568 1829 1596 ornavit
1839 1586 1848 1600 ‚
1861 1566 1894 1596 &
1906 1565 2068 1596 illustravit

1100 1607 1271 1639 (1061110301
1290 1610 1375 1640 illam
1397 1619 1543 1639 omnem:
1571 1618 1731 1650 rerumque
1757 1610 1968 1650 cognitionem
1990 1619 2063 1638 curn

1100 1652 1244 1681 orationis
1264 1653 1475 1682 exercitatione
1493 1651 1664 1689 conjunxit.
1697 1653 1805 1691 Neque
1823 1648 1895 1680 vero
1918 1651 1976 1680 hoc
1986 1650 2065 1691 fugit

1100 1691 1349 1732 sapientiffimum
1359 1704 1458 1736 regem
1471 1714 1479 1727 ,
1500 1694 1673 1733 Philippum
1685 1712 1693 1726 ,
1718 1703 1770 1733 qui
1788 1693 1870 1722 hunc
1889 1693 2064 1722 Alexandro

1486 1734 1494 1744 Χ

1092 1734 1157 1772 filio
1167 1734 1324 1767 (1οᾶ016111
1334 1738 1454 1766 accierit
1464 1755 1472 1769 ‚
1485 1747 1501 1765 a
1510 1745 1572 1776 quo
1583 1734 1692 1764 eodem
1704 1735 1754 1764 ille
1765 1734 1798 1764 δε
1806 1733 1912 1776 agendi
1921 1736 2065 1774 acciperet

1097 1786 1252 1817 praeeepta,
1265 1777 1298 1808 &
1308 1777 1465 1819 loquendi.
1490 1780 1583 1807 Nunc
1594 1775 1651 1806 five
1662 1778 1714 1817 qui
1723 1776 1806 1806 volet
1817 1797 1824 1810 ,
1844 1786 1916 1816 eum
1927 1777 2064 1816 philoso—

1098 1819 1205 1857 phum,
1217 1821 1268 1860 qui
1279 1822 1398 1859 copiam
1410 1819 1499 1849 nobis
1510 1818 1827 1862 rei'utn,oi·21tionisque
1838 1818 1939 1851 tradat,
1950 1828 2003 1858 per
2013 1828 2063 1847 me

1097 1861 1224 1900 appellet
1234 1870 1384 1891 oratorem
1396 1862 1481 1891 licet:
1503 1860 1560 1890 five
1572 1862 1653 1890 hunc
1664 1870 1812 1890 oratorem
1827 1880 1834 1892 ,
1848 1870 1939 1900 quem
1949 1869 2005 1902 ego
2016 1859 2063 1889 di-

1097 1912 1133 1932 co
1154 1903 1328 1942 sapientiam
1346 1903 1484 1944 junEtarn
1502 1903 1609 1932 habere
1621 1902 1803 1943 eloquentiae
1814 1921 1821 1934 ,
1845 1901 2062 1941 philosophum

1095 1945 1241 1983 appellare
1251 1945 1348 1978 malit,
1359 1955 1424 1975 non
1434 1944 1600 1984 impediam
1614 1954 1619 1972 z
1630 1941 1801 1973 dummodo
1811 1944 1870 1972 hoc
1880 1942 2062 1975 constetffle*

1098 1995 1155 2025 que
1166 1985 1326 2016 infantiam
1338 1987 1413 2026 ejus,
1424 1988 1476 2027 qui
1487 1996 1551 2015 rem
1561 1987 1653 2018 norit,
1666 1985 1715 2014 sed
1727 1994 1792 2014 eam
1803 1985 1949 2024 explicare
1959 1984 2061 2014 dicen-

1100 2027 1140 2056 do
1158 2036 1223 2056 non
1243 2037 1348 2068 queat:
1368 2038 1465 2068 neque
1476 2027 1667 2057 inscientiam
1678 2027 1760 2055 illius
1771 2046 1780 2058 ,
1801 2028 1851 2056 cui
1863 2036 1908 2055 res
1919 2036 1981 2055 non
1994 2027 2062 2065 sup-

1098 2077 1177 2108 perat
1187 2089 1195 2102 ‚
1216 2069 1306 2099 verba
1313 2079 1377 2099 non
1388 2067 1482 2099 desmt
1492 2089 1500 2102 ,
1520 2067 1578 2098 effe
1588 2068 1767 2098 laudandam
1779 2078 1785 2096 :
1807 2077 1938 2108 quorum
1957 2066 1976 2097 fi
1990 2067 2063 2098 alte-

1102 2120 1170 2139 rum
1182 2110 1216 2140 fit
1235 2111 1401 2151 optandum
1413 2131 1421 2145 ‚
1444 2113 1573 2140 MALIM
1593 2110 1734 2151 equidem
1746 2110 1921 2139 indisertam
1930 2109 2063 2149 pruden-

1100 2152 1279 2193 tiam‚qusm
1290 2152 1447 2182 stultitiam
1458 2153 1625 2193 loquacem.
1636 2154 1689 2182 Sin
1699 2151 1950 2192 quaerimus,quid
1963 2161 2063 2182 unum

1100 2194 1225 2224 excellat
1233 2204 1271 2224 ex
1281 2194 1425 2224 omnibus
1438 2214 1446 2227 ,
1463 2194 1556 2224 (10610
1566 2195 1674 2224 oratori
1684 2195 1783 2233 palma
1792 2192 1888 2223 danda
1895 2192 1946 2223 est.
1969 2203 2061 2234 quem

1098 2233 1118 2264 fi
1129 2238 1280 2275 patiuntur
1289 2236 1421 2266 eundem
1431 2235 1489 2266 ess'e
1498 2236 1715 2276 philosophum
1729 2246 1734 2264 z
1755 2235 1866 2265 sublata
1886 2243 2063 2265 controver-

1098 2276 1135 2308 fia
1154 2276 1204 2308 est.
1227 2276 1271 2307 fin
1290 2287 1342 2308 605
1361 2278 1417 2318 disj
1423 2287 1552 2319 ungent:
1572 2279 1630 2307 hoc
1639 2286 1727 2307 erunt
1735 2276 1895 2306 inferiores
1905 2297 1912 2310 ,
1932 2276 2015 2317 quod
2027 2279 2061 2307 in

1098 2328 1212 2350 oratore
1230 2319 1364 2360 perse&o
1384 2319 1462 2350 inest
1472 2320 1597 2350 illorum
1609 2321 1711 2350 omnis
1722 2319 1842 2349 scientia
1853 2338 1860 2352 ,
1881 2321 1914 2348 in
1925 2319 2060 2358 philoso-

1097 2362 1229 2401 phorum
1248 2371 1349 2392 autem
1365 2363 1540 2404 cognitione
1559 2371 1624 2391 non
1633 2360 1780 2391 continuo
1790 2359 1867 2390 inest
1877 2360 2060 2401 eloquentia,

1094 2414 1161 2444 qua:
1180 2406 1320 2444 quamvis
1337 2412 1551 2435 contemnatur
1568 2403 1605 2433 ab
1624 2405 1666 2433 eis
1678 2423 1687 2437 ‚
1709 2400 1823 2432 necefi'e
1844 2401 1887 2432 est
1895 2411 1996 2431 tamen
2006 2402 2061 2431 ali-

1119 2455 1189 2475 uem
1200 2447 1360 2476 cumulum
1371 2446 1496 2475 illorum
1506 2445 1616 2475 artibus
1627 2443 1883 2475 afferre'videatur
1900 2446 1972 2473 Haec
1982 2442 2056 2474 cum

1095 2486 1181 2518 Crafl'
1179 2497 1210 2517 us
1221 2486 1353 2521 dixisset,
1363 2498 1522 2528 parumper
1531 2487 1564 2517 &
1573 2487 1633 2526 ipse
1644 2487 1798 2518 conticuit,
1813 2486 1845 2514 &
1855 2488 1958 2515 ceteris
1968 2484 2057 2515 [1160-

1095 2531 1172 2559 111101
1183 2528 1250 2559 fuit.
1296 2532 1380 2559 Tum
1392 2532 1488 2562 Cotta,
1501 2528 1662 2569 Equidem,
1672 2529 1782 2567 inquit,
1794 2526 1901 2560 Crass'e,
1912 2537 1977 2557 non
1986 2527 2057 2567 pos-

1094 2572 1160 2601 sum
1170 2574 1274 2612 queri,
1294 2570 1377 2612 quod
1387 2572 1466 2601 inihi
1476 2570 1594 2600 videare
1604 2569 1685 2599 aliud
1695 2568 1838 2609 quiddam
1851 2589 1858 2602 ,
1882 2569 1915 2598 &
1935 2579 1999 2599 non
2012 2568 2055 2603 id.

1094 2613 1177 2654 quod
1194 2613 1352 2653 susceperis
1363 2634 1371 2647 ,
1393 2610 1560 2652 d2sputass'e.
1584 2612 1651 2651 plus
1662 2614 1746 2640 enim
1755 2611 1908 2651 aliquanto
1918 2610 2053 2645 attulisti,

1116 2655 1186 2685 uam
1198 2655 1253 2684 tibi
1264 2653 1335 2685 effet
1345 2655 1491 2684 tributum
1504 2654 1519 2683 *a
1530 2654 1630 2686 nobis,
1642 2663 1673 2683 ac
1683 2652 1904 2683 denuntiatum.
1927 2652 1983 2683 Sed
1995 2663 2059 2682 cer-

1095 2699 1122 2727 te
1136 2697 1168 2727 &
1179 2698 1224 2726 hae
1234 2706 1328 2736 partes
1338 2696 1461 2726 fuerunt
1472 2705 1528 2725 tuae
1539 2716 1547 2729 ,
1558 2695 1594 2725 de
1604 2693 1778 2733 illustranda
1787 2697 1921 2725 oratione
1932 2704 1965 2724 ut
1974 2694 2058 2725 dice-

1093 2748 1139 2768 res
1151 2758 1159 2772 ,
1183 2739 1216 2768 &
1226 2748 1286 2768 eras
1296 2739 1357 2778 ipse
1373 2738 1437 2776 jam
1456 2735 1601 2779 ingreffus
1611 2756 1620 2770 ,
1641 2746 1727 2777 atque
1746 2738 1780 2766 in
1798 2745 1935 2777 quattuor
1951 2738 2058 2776 parteis

1094 2790 1221 2810 omnem
1231 2782 1376 2810 orationis
1386 2779 1506 2809 laudem
1516 2778 1705 2818 descripseras
1717 2788 1722 2807 :
1744 2788 1874 2819 cumque
1892 2778 1927 2808 de
1940 2778 2055 2808 duabus

1092 2824 1199 2862 prin-iis
1208 2822 1296 2852 nobis
1307 2821 1431 2863 quidem
1444 2821 1507 2851 sitis
1519 2841 1526 2854 ,
1546 2820 1594 2850 sed
1607 2841 1614 2853 ‚
1637 2829 1668 2850 ut
1678 2820 1740 2860 ipse
1749 2820 1867 2850 dicebas
1878 2839 1887 2853 ,
1907 2820 2053 2853 celeriter,

1093 2866 1259 2906 exigueque
1269 2863 1405 2897 dixisses,
1417 2863 1489 2893 duas
1499 2863 1554 2893 tibi
1565 2862 1690 2903 reliquas
1699 2861 1809 2893 feceras
1820 2874 1829 2897 3
1851 2861 2052 2933 qtieniadgio—

2003 2913 2055 2933 um

1913 2960 1935 2967 ..-

1088 3001 1139 3027 beo
1149 3009 1202 3036 quo
1212 2998 1354 3026 defendam
1365 2998 1509 3025 leffioncm
1520 2996 1646 3024 mediam.
1666 2996 1751 3033 prima
1761 2995 1845 3023 editio
1857 3003 1944 3022 tamen
1957 3013 1966 3026 ,
1985 2995 2051 3019 cirili

1089 3038 1225 3108 dic-34²³&
1236 3074 1350 3097 clamator
1360 3071 1472 3107 aliquia]
1484 3071 1526 3096 Ita
1534 3069 1633 3107 septem
1644 3069 1743 3095 Pali&
1755 3067 1877 3094 Memmii
1889 3067 2052 3097 chartaceus,

1088 3109 1207 3143 olimque
1219 3106 1271 3133 cusi
1283 3107 1442 3133 recentiores
1453 3107 1604 3138 declamator,
1616 3105 1703 3133 minu>
1714 3104 1798 3132 rcere.
1817 3104 1906 3141 priore
1919 3112 1980 3129 voce
1993 3101 2051 3127 usus

1091 3145 1119 3172 ὃ(
1132 3144 1209 3181 supra
1219 3153 1276 3180 cap.
1286 3152 1318 3170 ²1
1326 3163 1332 3170 .
1342 3151 1404 3171 ante
1413 3142 1505 3171 finem.
1574 3180 1632 3214 Q

1949 3182 1958 3200 1
1967 3192 1972 3199 .
1983 3175 2065 3199 Verum

2078 2530 2123 2571 36
