2339 3379
636 135 1158 190 Pnrntpprc

215 221 273 263 req
282 229 351 263 ergo
362 239 371 256 ,
390 227 425 252 ut
439 227 469 252 te
483 219 657 251 catamitum
669 239 678 254 ,
699 220 895 259 nec-opinato
905 218 977 249 curn
988 218 1172 255 ostendisses,

214 273 320 304 praeter
330 264 410 304 spem
428 262 539 293 mulier
550 261 710 302 adspiceret
722 272 727 290 :
747 261 858 292 idcirco
878 261 983 291 urbem
994 270 1104 290 terrore
1115 272 1175 292 no-

215 305 324 336 &urno
333 325 342 338 ‚
365 305 482 335 Italiam
502 304 669 334 multorum
689 303 807 333 dierum
825 312 907 333 metu
920 301 1090 344 perturbasti
1101 306 1113 332 ἒ
1136 306 1174 334 Et

214 347 300 377 domi
309 346 432 387 quidem
442 346 556 376 causam
567 348 677 376 amoris
686 345 797 379 habuit,
811 345 885 375 foris
894 354 984 375 etiam
995 345 1170 383 turpiorem,

216 398 255 418 ne
265 390 300 418 L.
311 388 434 418 Plancus
451 391 461 406 ¹
471 387 582 427 praedes
596 396 662 417 tuos
675 387 826 417 venderet.
849 385 1011 427 produlSffls
1024 393 1125 415 autem
1136 387 1170 416 in

211 431 394 460 concionem
405 429 420 459 a
432 430 552 460 tribuno
568 429 681 469 plebis,
703 429 774 459 cum
785 426 1002 469 respondisses,
1022 428 1101 457 terei
1111 436 1168 457 tuae

152 474 195 509 32
210 471 294 502 causa
302 469 414 500 venissi}
424 490 433 504 ,
452 471 602 511 populum
613 473 703 502 etiam
716 471 837 500 dicacem
849 472 882 500 in
891 479 918 500 te
928 467 1091 499 reddidisti.
1113 469 1168 499 Sed

210 513 306 543 nimis
315 512 410 542 multa
419 512 455 542 de
465 515 561 555 nugis.
584 513 619 543 ad
630 515 743 552 maJ'ora
752 515 919 543 veniamus.
943 512 1046 541 Caesari
1059 520 1097 540 ex
1108 513 1167 541 Hi-

210 554 308 594 spania
318 554 454 584 redeunti
464 555 586 585 obviam
597 553 766 596 longiffime
777 552 949 595 processisti.
959 553 1094 583 celeriter
1105 551 1165 585 isti,

209 595 244 626 &
254 595 354 626 redisti
365 616 373 629 ‚
386 604 418 625 ut
428 597 617 638 cognosceret
628 606 667 630 te,
681 596 700 626 si
712 598 814 626 minus
823 595 944 628 fortem,
956 603 1085 640 attamen
1097 592 1168 624 stre-

208 647 317 668 nuum.
339 637 435 668 factus
442 642 484 668 ‘es
501 641 528 668 ei
542 640 638 669 rursus
650 639 748 669 nescio
758 637 915 679 quomodo
925 635 1089 666 familiaris.
1114 636 1167 666 ha-

210 679 297 709 bebat
308 680 365 709 hoc
374 682 504 710 omnino
514 681 606 711 Caesat
616 691 621 710 ε
631 691 722 721 quem
732 679 820 720 plane
829 677 979 718 perditum
989 687 1044 706 aere
1055 676 1166 710 alieno,

207 730 423 762 egentemque,
444 720 465 752 fi
481 723 612 752 eundem
623 731 752 762 nequam
765 722 925 750 hominem
937 737 945 752 ‚
965 718 1166 766 audacemque

206 772 405 803 cognoverat,
418 765 498 794 hunc
508 766 539 794 in
543 764 782 802 familiaritatem
789 757 982 803 libentiffime
995 759 1165 798 recipiebat.

208 806 267 834 His
282 806 371 846 igitur
386 805 473 835 rebus
492 806 629 845 praeclare
639 802 868 834 commendatus
881 821 890 834 ,
907 801 918 840 j
923 799 1002 830 uflus
1012 810 1041 830 es
1052 810 1164 831 renun—

207 848 274 876 tiari
283 847 400 881 consul,
412 847 444 877 &
453 847 576 887 quidem
587 855 658 876 cum
667 845 740 884 ipso.
764 843 843 874 nihil
853 852 962 884 queror
971 842 1007 889 dhe
1018 842 1164 872 Dolabel-

206 888 234 918 la
245 908 254 921 ‚
266 890 393 928 quitum
404 888 446 918 est
455 888 612 927 impulsus,
626 885 778 919 induistus,
791 885 900 915 elusus.
920 894 977 925 qua
986 894 1018 913 in
1029 894 1058 914 re
1069 894 1163 924 quan-

206 938 235 960 ta
251 929 342 960 fuerit
357 930 509 969 utriusque
524 926 657 959 vestrum
675 926 800 967 perfidia
818 929 849 956 in
860 925 1052 956 Dolabellam
1064 945 1073 959 ,
1094 928 1161 966 quis

204 973 322 1012 ignorat
332 973 342 1000 ?
352 972 403 1000 ille
414 971 537 1000 induxit
547 990 556 1004 ,
569 978 719 1009 utpeteret
731 980 736 998 :
753 967 933 1009 promissum
945 987 953 1001 ,
967 967 1000 997 &
1010 977 1161 1007 receptum

204 1013 388 1045 intervertit,
399 1012 435 1042 ad
445 1012 533 1052 seque
543 1011 689 1042 transtulit
700 1021 705 1040 :
717 1019 747 1041 tu
757 1011 821 1050 ejus
830 1009 961 1051 perfidiae
973 1009 1159 1039 voluntatem

202 1063 283 1085 tuam
300 1052 482 1093 adscripsisti.
504 1052 790 1083 VeniuntKalendae
799 1051 956 1094 Januariae.
977 1053 1159 1093 cogimurin

200 1096 336 1126 senatum
348 1105 353 1124 :
365 1094 504 1126 inveAEtus
514 1094 557 1125 est
565 1093 714 1136 copiosius
725 1095 822 1125 multo
834 1096 866 1124 in
877 1093 978 1127 istum,
991 1093 1022 1123 &
1032 1092 1160 1133 paratius

200 1136 360 1167 Dolabella
369 1157 377 1171 ,
398 1136 489 1178 quam
503 1147 585 1167 nunc
598 1146 663 1178 ego.
687 1137 736 1166 hic
752 1145 851 1167 autem
871 1137 962 1166 iratus
982 1145 1048 1176 quae
1069 1134 1158 1169 dixit,

196 1178 244 1209 <lii
255 1178 352 1208 boni?
369 1178 507 1219 primum
517 1178 589 1209 cum
601 1178 694 1209 Caesar
703 1176 877 1209 ostendisset
888 1197 896 1212 ,
911 1177 939 1207 se
948 1197 961 1222 3
976 1175 1058 1216 prius
1069 1176 1158 1217 quam

198 1218 444 1261 proficisceretur,
456 1220 647 1251 Dolabellam
658 1220 814 1250 consulem
825 1218 1039 1259 essejussurum
1051 1228 1159 1259 :quem

198 1270 311 1302 negant
328 1272 417 1302 regem
427 1282 435 1296 ,
455 1264 508 1302 qui
523 1262 555 1292 &
565 1261 673 1293 faceret
683 1262 798 1301 semper
808 1260 957 1301 ejusmodi
971 1260 1084 1301 aliquid
1097 1280 1106 1294 ,
1126 1260 1158 1290 &

199 1303 312 1334 diceret
323 1314 329 1332 z
340 1303 389 1334 sed
400 1314 470 1334 cum
481 1304 573 1334 Caesar
581 1306 620 1333 ita
629 1302 831 1337 dixisset;tum
842 1304 889 1332 hic
900 1303 999 1332 bonus
1008 1311 1110 1342 augur,
1121 1312 1157 1332 eo

197 1345 228 1375 se
238 1345 403 1376 sacerdotio
410 1345 569 1385 praeditum
579 1344 638 1374 ess'e
648 1344 728 1374 dixit
738 1365 746 1377 ,
767 1354 799 1374 ut
813 1345 938 1374 comitia
953 1343 1094 1388 auspiciis
1109 1344 1157 1373 vel

196 1386 348 1426 impedire
356 1406 365 1420 ‚
379 1387 428 1417 vel
439 1388 543 1417 vitiare
550 1385 646 1426 postet
656 1406 664 1420 ,
680 1385 770 1426 idque
781 1386 809 1416 se
819 1385 968 1416 fasturum
979 1383 1037 1415 effe
1046 1383 1156 1415 asseve—

195 1430 283 1459 1avit.
305 1430 342 1457 In
352 1437 411 1468 quo
423 1427 558 1468 primum
568 1427 778 1457 incredibilem
798 1427 1003 1467 stupiditatem
1020 1427 1157 1456 hominis

191 1469 377 1510 cognoscite.
401 1469 484 1510 Qid
493 1472 578 1499 enim
589 1472 598 1499 ?
609 1468 684 1499 istuc
692 1489 699 1503 ,
710 1469 792 1510 quod
803 1478 830 1499 te
840 1469 994 1514 sacerdotii
1000 1469 1012 1508 j
1018 1477 1067 1498 ure
1077 1468 1155 1498 face-

194 1521 228 1542 re
237 1509 317 1550 posse
329 1510 431 1541 dixisti
442 1532 451 1545 ‚
467 1509 487 1540 fi
496 1521 531 1542 au
555 1521 589 1541 ur
597 1521 662 1541 non
673 1510 746 1541 effes
756 1531 765 1545 ,
781 1511 814 1541 δε
823 1511 928 1542 consul
939 1509 1011 1540 esses
1021 1530 1029 1544 ‚
1048 1510 1154 1540 minus

195 1550 290 1582 facere
299 1551 461 1592 potuiss'es?
483 1522 561 1583 Vidge
571 1563 608 1583 ne
617 1555 708 1583 etiam
717 1552 847 1584 facilius.
870 1563 928 1583 nos
938 1554 1023 1582 enim
1033 1554 1154 1583 nuntia-

191 1594 314 1624 tionem
324 1594 424 1624 solum
434 1594 594 1625 habemus:
614 1595 752 1625 consules
760 1614 768 1629 ,
782 1595 815 1625 &
825 1595 934 1635 reliqui
946 1597 959 1613 ²
969 1593 1155 1635 magistratus

195 1636 530 1676 etiaminspectionem.
554 1636 625 1668 Esto
637 1648 641 1666 ;
652 1637 946 1676 ὴοςὶηπρετίτὺ(κεο
962 1646 1051 1665 ENIM
1067 1634 1108 1666 est
1117 1636 1153 1666 ab
1172 1669 1173 1672 Ἰ

187 1678 324 1707 —homine
335 1688 502 1719 numquam
513 1679 613 1709 sobrio
621 1678 798 1719 postulanda
807 1678 974 1719 prudentia)
987 1677 1036 1708 sed
1054 1678 1153 1708 videte

192 1719 425 1759 impudentiam.
448 1721 554 1751 multis
572 1722 641 1751 ante
658 1719 810 1751 mensibus
828 1722 862 1750 in
881 1720 983 1750 senatu
1001 1721 1079 1750 dixit
1092 1739 1101 1753 ,
1126 1720 1154 1750 se

196 1761 366 1792 Dolabellae
383 1764 508 1793 comitia
525 1772 574 1793 aut
595 1762 820 1803 prohibiturum
830 1762 968 1802 auspiciis
980 1781 989 1796 ‚
1009 1771 1058 1791 aut
1070 1762 1100 1791 id
1110 1760 1153 1791 fa-

194 1800 316 1833 &urum
326 1802 384 1833 efl'e
392 1823 401 1836 ,
412 1804 494 1844 quod
503 1803 584 1835 fecit.
607 1804 804 1845 quisquamne
813 1804 948 1834 divinare
959 1802 1065 1843 potest,
1077 1802 1150 1844 quid

192 1845 261 1873 vitii
276 1845 308 1873 in
320 1846 458 1884 auspiciis
468 1845 604 1876 futurum
620 1845 652 1875 fit
664 1866 672 1878 ,
693 1845 748 1876 nifi
758 1847 811 1886 qui
821 1845 857 1875 de
867 1845 945 1874 coelo
955 1846 1066 1874 servare
1074 1854 1149 1875 con—

184 1883 314 1916 stituit?
332 1887 412 1926 quod
423 1897 519 1928 neque
527 1887 597 1917 licet
605 1889 740 1917 comitiis
748 1897 800 1927 per
809 1887 887 1927 leges
900 1906 908 1919 ‚
920 1886 952 1916 δε
962 1905 971 1920 ,
983 1884 1003 1915 si
1013 1887 1080 1926 quis
1089 1886 1150 1916 ser—

192 1929 275 1957 vavit
285 1938 290 1956 ;
302 1937 366 1957 non
377 1928 485 1958 habitis
494 1931 629 1958 comitiis
641 1948 650 1962 ,
662 1929 710 1958 sed
719 1928 802 1968 prius
813 1929 902 1969 quam
912 1927 1087 1961 habeantur,
1098 1927 1150 1958 de-

192 1967 243 1999 bet
253 1971 398 2000 nuntiare.
422 1969 537 2000 Verum
547 1971 699 2009 implicata
707 1971 821 2000 inscitia
831 1989 839 2003 ,
862 1969 1036 2011 zmpudentia
1045 1968 1088 1999 est
1098 1989 1106 2003 ‚
1128 1968 1149 1999 fi

192 2019 250 2040 nec
259 2011 312 2040 scit
321 2011 402 2051 quod
410 2021 564 2052 augurem,
577 2021 633 2041 nec
641 2011 712 2041 facit
721 2011 801 2052 quod
811 2011 975 2052 pudentem
987 2011 1078 2041 decet.
1093 2014 1147 2041 At-

189 2061 248 2091 que
257 2053 360 2083 exilio
370 2052 419 2082 die
431 2053 630 2084 recordamini
641 2054 704 2092 ejus
714 2054 805 2094 usque
815 2053 849 2083 ad
860 2053 930 2082 Idus
940 2055 1061 2082 Martias
1070 2062 1145 2083 con—

186 2093 328 2123 sulatum.
352 2096 428 2135 Qs
437 2105 582 2135 umquam
592 2097 740 2135 apparitor
749 2105 807 2125 tam
818 2095 944 2124 humilis
956 2115 965 2128 ,
985 2103 1046 2124 tam
1063 2094 1143 2133 abje-

186 2133 274 2164 &usP
288 2137 368 2166 nihil
377 2137 437 2175 ipse
446 2146 577 2176 poterat:
592 2138 697 2166 omnia
706 2137 839 2178 rogabat:
854 2138 979 2176 caputin
989 2135 1141 2166 adversam

184 2176 321 2207 leEiicam
333 2177 465 2208 inferens
476 2198 485 2212 ,
506 2176 648 2208 beneficia
659 2198 667 2212 ,
687 2188 752 2219 quae
762 2178 922 2213 venderet,
941 2177 956 2208 a
964 2177 1078 2218 collega
1089 2188 1142 2218 pe—

123 2222 138 2255 3
150 2223 162 2256 3
185 2217 271 2248 tebat.
306 2222 378 2250 Ecce
388 2220 555 2250 Dolabellae
564 2222 762 2250 comitiorum
773 2220 835 2250 dies
846 2241 854 2253 ‚
869 2221 986 2250 sortitio
996 2229 1140 2261 praeroga-

182 2261 263 2290 tivae.
286 2260 420 2301 quiescit.
444 2263 646 2291 renuntiatur:
670 2271 755 2292 tacet.
777 2264 875 2301 prima
889 2260 981 2292 claffis
1000 2271 1121 2292 vocatur
1133 2274 1138 2292 :

182 2305 383 2332 renuntiatur:
395 2303 514 2336 deinde,
525 2312 558 2332 ut
565 2301 677 2336 assbler,
687 2302 830 2345 suffiagia.
857 2312 921 2333 tum
932 2304 1058 2334 secunda
1067 2303 1139 2335 clas-

182 2341 220 2373 sis
232 2354 238 2372 ε
248 2354 313 2384 qua:
323 2347 428 2375 omnia
436 2344 526 2375 citius
536 2345 604 2374 sunt
612 2343 688 2375 faeta
698 2365 706 2378 ,
719 2346 811 2386 quam
822 2345 897 2375 dixi.
920 2345 1071 2376 Confecto
1082 2355 1137 2376 ne-

179 2387 264 2425 gotio
282 2385 378 2416 bonus
391 2397 482 2428 augur
494 2387 636 2425 (Laelium
649 2386 772 2427 diceres)
788 2390 875 2416 Amo
886 2396 944 2416 mr.
955 2406 963 2420 ‚
975 2388 1082 2428 inquit.
1109 2391 1135 2418 O

179 2427 399 2466 impudentiam
409 2427 596 2470 fingularem!
606 2428 681 2469 quid
692 2428 820 2459 videras?
829 2428 902 2469 quid
912 2428 1052 2459 senseras?
1060 2430 1134 2472 quid

176 2469 311 2499 audieras
320 2472 330 2498 Ξ
339 2480 394 2500 nec
404 2474 488 2501 enim
500 2480 527 2501 te
535 2471 572 2501 de
580 2471 659 2501 coelo
669 2469 788 2501 servass'e
798 2469 902 2501 dixisti
913 2490 920 2503 ,
933 2480 1031 2512 neque
1040 2473 1132 2503 hodie

175 2510 264 2540 dicis.
287 2510 318 2540 id
331 2513 421 2552 igitur
429 2512 555 2543 obvenit
565 2514 675 2543 vitium
687 2533 696 2546 ‚
718 2511 801 2553 quod
816 2521 847 2542 tu
857 2513 919 2552 jain
931 2514 1075 2545 Kalendis
1082 2516 1133 2556 Ja*

175 2553 288 2582 nuariis
302 2551 436 2583 futurum
452 2553 510 2584 effe
522 2554 694 2594 provideras
703 2574 711 2588 ,
732 2554 764 2584 ὃς
775 2563 857 2584 tanto
866 2554 934 2584 ante
943 2554 1132 2594 praedixeras.

176 2596 257 2633 Ergo
267 2614 276 2627 ,
292 2594 411 2625 hercule
423 2615 433 2630 ,
446 2605 552 2637 magna
562 2616 570 2630 ‚
586 2605 618 2627 ut
629 2597 710 2635 spero
722 2616 731 2629 ‚
746 2604 795 2626 tua
802 2597 902 2636 potius
911 2615 920 2629 ,
931 2596 1022 2636 quam
1032 2599 1133 2638 reipu-

176 2635 262 2666 blicae
276 2636 440 2667 calamitate
455 2641 616 2669 ementitus
630 2647 660 2667 es
675 2638 818 2677 auspicia:
836 2636 1025 2668 obstrinxisti
1035 2649 1130 2680 popu-

169 2676 240 2712 ,lnm
261 2680 435 2709 Romanum
454 2680 613 2719 religione.
644 2689 735 2720 augur
749 2681 870 2720 auguri,
889 2680 995 2709 consul
1012 2681 1130 2712 consuli

172 2718 403 2750 obnuntiavisti.
425 2722 510 2751 Nolo
519 2722 620 2762 plura,
639 2731 678 2751 ne
688 2720 751 2751 adia
761 2721 927 2751 Dolabellae
943 2721 1043 2753 videar
1055 2733 1129 2754 con-

169 2761 299 2791 vellere:
318 2772 384 2802 qua:
402 2762 516 2793 necesse
533 2763 574 2794 est
591 2763 753 2803 aliquando
769 2763 804 2793 ad
819 2761 954 2793 nostrum
965 2764 1127 2805 collegium

169 2800 352 2833 deferantur.
375 2804 431 2834 Sed
442 2807 638 2847 arrogantiam
650 2806 785 2834 hominis
794 2825 802 2838 ‚
814 2805 1066 2847 insolentiamque
1075 2817 1128 2837 co-

171 2845 313 2883 gnoscite.
343 2846 487 2887 quamdiu
506 2857 538 2878 tu
557 2848 640 2878 voles
654 2867 663 2880 ‚
683 2848 811 2878 vitiosus
828 2847 934 2877 consul
952 2848 1130 2880 Dolabella:

1194 159 1224 190 A
1306 143 1754 197 SECUNDA.
2078 151 2177 217 '587

1198 220 1203 266 1
1219 223 1316 254 rursus
1325 244 1333 258 ,
1346 236 1409 254 cum
1419 226 1508 261 voles,
1520 227 1605 258 salvis
1614 228 1752 268 auspiciis
1760 235 1886 259 creatus.
1908 229 1938 259 Si
1949 228 2027 269 nihil
2039 229 2090 265 est,
2102 231 2174 263 cum

1219 276 1311 306 augur
1319 268 1355 296 iis
1365 268 1462 298 verbis
1471 270 1598 303 nuntiat,
1609 271 1718 311 quibus
1728 270 1872 301 nuntiasti
1883 281 1889 300 :
1899 272 2043 301 conhtere
2053 281 2091 306 te,
2101 272 2174 304 cum

1219 316 1302 337 Ario
1316 318 1376 338 miz
1387 329 1395 342 ,
1415 309 1527 340 dixeris
1537 331 1545 345 ‚
1567 311 1701 342 sobrium
1719 321 1782 342 non
1799 311 1897 342 fuifl'e.
1919 311 1962 343 sln
1972 312 2015 344 est
2023 313 2121 355 aliqua
2130 316 2177 344 vis

1218 349 1250 377 in
1260 348 1324 378 istis
1334 351 1432 381 verbis
1440 371 1448 385 ‚
1464 362 1496 382 ea
1505 363 1569 393 quae
1581 352 1615 383 sit
1623 373 1632 387 ,
1644 364 1737 395 augur
1747 353 1762 384 a
1772 355 1885 396 collega
1895 357 2024 396 requiro.
2046 355 2102 386 Sed
2112 376 2121 390 ,
2134 366 2173 386 ne

1215 388 1293 419 forte
1303 401 1340 420 ex
1351 392 1456 422 multis
1467 393 1554 424 rebus
1563 394 1663 436 gestis,
1675 398 1851 426 M.Antonii
1859 407 1923 426 rem
1933 407 2024 427 unam
2033 398 2174 437 pulcher-

1214 431 1323 460 rimam
1334 432 1474 464 transiliat
1484 437 1578 466 oratio
1589 456 1596 469 ,
1608 437 1642 467 ad
1652 438 1825 477 Lupercalia
1835 440 2002 469 veniamus.
2025 442 2100 470 Non
2112 439 2172 471 dis-

1214 470 1349 505 simulat,
1361 476 1426 504 PC.
1438 485 1553 515 apparet
1564 477 1618 507 effe
1629 488 1822 509 commotum
1835 490 1839 509 2
1852 480 1948 515 sudat,
1959 481 2059 521 pallet.
2083 481 2173 523 quid-

1212 513 1305 547 libet,
1318 515 1413 544 modo
1426 526 1462 546 ne
1476 517 1604 551 nauseet,
1614 518 1709 553 faciat,
1721 520 1802 561 quod
1814 522 1847 551 in
1856 523 1973 561 porticu
1985 524 2116 554 Minucia
2124 522 2171 554 fe-

1210 556 1260 585 cit.
1283 565 1349 596 quae
1367 557 1462 595 potest
1477 557 1533 588 ess'e
1544 561 1736 599 turpitudinis
1748 571 1834 593 tantae
1844 562 1999 594 defensio?
2019 568 2108 605 cupio
2117 575 2170 595 au·

1211 596 1274 626 dire
1286 608 1291 625 ;
1312 606 1344 627 ut
1353 597 1471 628 videam
1483 619 1490 631 ‚
1512 600 1564 629 ubi
1581 602 1706 632 rhetoris
1725 613 1802 634 tanta
1821 615 1935 635 merces
1947 626 1956 639 ‚
1978 606 2030 636 ubi
2048 616 2170 647 campus

1210 640 1380 668 Leontinus
1390 649 1533 679 appareat.
1559 642 1681 673 Sedebat
1692 646 1722 673 in
1736 644 1850 676 Rostris
1861 647 1975 689 collega
1985 656 2051 677 tuus
2063 669 2071 681 ,
2092 651 2171 679 ami-

1209 677 1275 709 &tus
1285 689 1350 721 toga
1359 690 1502 721 purpurea
1513 702 1521 715 ,
1546 684 1575 712 in
1593 684 1662 714 sella
1680 695 1763 716 aurea
1772 706 1780 719 ,
1800 697 1974 718 coronatus:
2000 689 2166 724 adscendisz

1207 721 1322 751 accedis
1330 722 1365 752 ad
1378 722 1479 752 sellam
1491 724 1542 761 (ita
1550 734 1611 754 eras
1622 727 1818 765 Lupercusmt
1829 738 1855 758 te
1864 730 2019 761 consulem
2031 729 2089 761 ess'e
2101 741 2168 761 me-

1209 761 1330 793 minisse
1341 763 1474 805 deberes)
1484 765 1611 795 diadema
1621 766 1762 797 ostendis.
1780 773 1910 810 gemitus
1922 781 1985 802 toto
1995 771 2074 802 foro.
2087 772 2169 803 unde

1206 803 1366 835 diadema?
1386 816 1449 836 non
1459 809 1541 836 enim
1552 807 1701 847 abje&um
1713 808 1868 841 sustuleras
1878 832 1885 845 ‚
1905 813 1953 843 sed
1964 814 2169 849 attulerasdo-

1207 855 1259 876 mo
1273 847 1452 877 meditatum
1465 868 1472 882 ,
1493 848 1525 878 &
1535 851 1697 890 cogitatum
1708 851 1811 881 scelus.
1836 862 1866 882 tu
1877 852 2012 885 diadema
2025 857 2167 896 impone-

1208 887 1258 918 bas
1267 898 1338 918 cum
1347 890 1488 931 plangore
1496 893 1600 930 populi
1613 892 1681 921 :ille
1690 902 1759 922 cum
1768 893 1871 932 plausu
1882 896 2042 934 rejiciebat.
2054 907 2084 928 tu
2094 908 2164 938 ergo

1206 939 1283 960 unus
1293 951 1302 963 ‚
1322 931 1458 962 scelerate
1468 952 1476 966 ,
1492 935 1633 963 inventus
1643 943 1673 963 es
1684 954 1691 967 ,
1705 936 1756 974 qui
1767 934 1838 964 curn
1851 939 1862 962 3
1874 935 1977 966 auStor
1986 940 2068 978 regni
2079 938 2164 974 effes;

1205 981 1275 1001 eum
1290 992 1298 1005 ,
1309 982 1401 1014 quern
1412 974 1558 1015 collegam
1567 978 1649 1016 regni
1660 975 1796 1010 habebas,
1809 977 1973 1008 dominum
1984 980 2088 1010 habere
2101 981 2165 1010 vel-

1203 1013 1265 1043 les:
1284 1014 1317 1049 &
1327 1014 1407 1045 idem
1423 1025 1549 1046 tentares
1559 1036 1568 1049 ρ
1592 1016 1663 1057 quid
1672 1018 1802 1058 populus
1812 1021 2047 1059 Romanusferre
2058 1021 2091 1053 &-
2099 1023 2163 1061 pari

1199 1054 1296 1096 poffier.
1322 1059 1362 1086 At
1375 1059 1463 1087 etiam
1477 1058 1713 1089 misericordiam
1724 1059 1856 1099 captabas
1869 1072 1874 1090 ;
1896 1061 2018 1101 supplex
2029 1071 2056 1092 te
2067 1064 2101 1093 ad
2112 1073 2163 1102 pe—

1204 1096 1256 1126 des
1276 1097 1433 1137 abjicit-bas
1447 1110 1452 1127 5
1473 1099 1546 1140 quid
1559 1109 1683 1140 petens?
1702 1110 1733 1131 ut
1746 1102 1887 1132 servires?
1910 1105 1964 1133 tibi
1976 1106 2028 1133 uni
2039 1113 2162 1143 peteres·

1204 1140 1257 1179 qui
1266 1141 1305 1169 ita
1315 1139 1329 1169 a
1338 1149 1432 1180 puero
1442 1143 1569 1175 vixeras,
1582 1151 1613 1173 ut
1623 1153 1674 1173 om
1681 1146 1726 1173 nia
1736 1153 1879 1183 paterere.
1890 1154 1922 1175 ut
1932 1144 2017 1175 facile
2030 1146 2161 1176 servires:

1177 1181 1179 1193 ¹
1202 1181 1217 1210 a
1229 1180 1329 1216 nobis,
1340 1183 1514 1224 populoque
1525 1186 1618 1214 Rom.
1630 1185 1807 1215 mandatum
1818 1186 1848 1216 id
1859 1186 1938 1216 certe
1949 1196 2013 1216 non
2024 1187 2161 1218 habebas.

1201 1224 1227 1252 O
1236 1223 1403 1262 praeclaram
1418 1225 1503 1256 illam
1514 1226 1719 1266 eloquentiam
1732 1236 1812 1257 tuam
1824 1247 1832 1261 ‚
1852 1227 1922 1257 curn
1936 1238 1964 1258 cs
1975 1229 2074 1259 nudus
2085 1239 2159 1260 con-

1201 1265 1356 1294 cionatus!
1380 1267 1461 1307 Qid
1473 1268 1529 1297 hoc
1541 1269 1676 1308 turpius?
1694 1268 1767 1309 quid
1778 1268 1907 1299 foedius?
1923 1271 1995 1311 quid
2006 1270 2159 1311 suppliciis

1202 1306 1346 1336 omnibus
1357 1306 1490 1348 dignius?
1500 1319 1576 1339 num
1587 1310 1747 1349 exspectas,
1760 1310 1833 1341 dum
1846 1320 1873 1340 te
1883 1311 2013 1342 stimulis
2023 1311 2158 1343 fodiam?

1201 1348 1263 1377 iiazc
1275 1356 1302 1378 te
1313 1368 1321 1382 ‚
1334 1347 1354 1378 si
1365 1350 1458 1379 ullam
1468 1360 1582 1391 partem
1593 1352 1682 1382 habes
1692 1352 1791 1382 sensus
1800 1374 1808 1386 ,
1822 1353 1943 1387 lacerat,
1956 1354 2019 1384 haec
2028 1363 2155 1387 cruentat

1201 1391 1305 1420 oratio.
1329 1393 1440 1422 Vereor
1454 1412 1462 1426 ‚
1482 1402 1521 1422 ne
1537 1394 1723 1424 imminuam
1738 1395 1873 1424 virorum
1888 1395 2077 1426 summorum
2091 1397 2159 1437 glo-

1198 1432 1283 1461 riam.
1307 1432 1405 1463 dicam
1420 1442 1523 1464 tamen
1541 1435 1646 1465 dolore
1661 1445 1845 1466 commotus.
1868 1436 1976 1477 4Qiid
1987 1437 2156 1478 indignius,

1197 1473 1288 1512 quim
1306 1476 1407 1504 vivere
1423 1485 1493 1505 eum
1506 1496 1513 1509 ,
1534 1479 1586 1516 qui
1601 1478 1776 1517 imposuerit
1789 1477 1945 1512 diadema,
1963 1478 2035 1508 cum
2047 1489 2155 1510 omnes

1174 1523 1175 1527 ¹
1196 1514 1414 1554 fateanturjure
1424 1517 1616 1548 intersefitum
1631 1518 1700 1551 effe,
1712 1521 1765 1560 qui
1775 1519 1936 1559 abjecerit?
1954 1522 1993 1551 At
2003 1521 2094 1550 etiam
2106 1521 2157 1551 ad-

1196 1556 1372 1597 scribijuffit
1381 1568 1413 1588 in
1424 1557 1515 1593 fastis,
1526 1560 1560 1590 ad
1572 1561 1743 1600 Lupercalia
1753 1581 1761 1595 ,
1777 1563 1956 1591 C.CAESARI
1969 1582 1977 1595 ,
1996 1572 2156 1593 meram-

1196 1608 1234 1627 Μ
1254 1608 1426 1630 PERPETUO
1438 1621 1446 1633 ,
1466 1602 1705 1633 M-ANTONmM
1728 1612 1908 1632 coi-'sunam
1919 1623 1928 1636 ‚
1944 1613 2065 1634 porum
2082 1615 2155 1642 jus·
2200 1613 2204 1616 ⁴

1172 1638 1174 1666 1'
1196 1649 1233 1670 su
1265 1650 1411 1671 REGNUM
1445 1652 1627 1673 nzrumssr:
1648 1664 1657 1678 ,
1691 1646 1864 1674 CAEsAREM
1893 1654 1954 1675 uri
1981 1655 2155 1676 uoturssc.

1193 1682 1260 1722 Jam
1269 1683 1332 1722 jam
1345 1684 1477 1714 minime
1489 1686 1602 1720 miror,
1622 1694 1650 1716 te
1665 1688 1764 1716 otium
1778 1686 1944 1725 perturbare
1957 1697 1962 1715 :
1982 1697 2046 1717 nou
2058 1688 2154 1718 modo

1195 1724 1302 1754 urbem
1312 1723 1406 1755 odisse
1417 1746 1424 1759 ,
1439 1726 1487 1756 sed
1497 1728 1588 1757 etiam
1599 1727 1699 1758 lucem
1713 1738 1717 1756 :
1731 1738 1801 1758 cum
1813 1727 2019 1768 perditissimis
2029 1729 2154 1760 latroni-

1197 1765 1252 1796 bus
1264 1776 1328 1796 non
1340 1766 1438 1797 solum
1448 1767 1484 1797 de
1495 1768 1545 1798 die
1556 1790 1564 1802 ‚
1577 1769 1626 1799 sed
1637 1772 1726 1800 etiam
1737 1772 1770 1799 in
1780 1769 1862 1799 diem
1872 1772 1983 1800 vivere.
1994 1771 2057 1801 Ubi
2067 1781 2149 1802 enim

1195 1816 1226 1837 tu
1245 1809 1278 1838 in
1297 1818 1365 1848 pace
1384 1808 1544 1842 consistes?
1563 1813 1616 1852 qui
1625 1812 1708 1842 locus
1719 1811 1773 1841 tibi
1785 1814 1815 1841 in
1826 1812 1942 1853 legibus
1953 1833 1961 1845 ,
1983 1812 2149 1853 &judiciis

1195 1848 1252 1878 effe
1262 1849 1376 1889 potest,
1396 1861 1462 1892 qua:
1480 1861 1512 1882 tu
1524 1872 1532 1885 ,
1552 1863 1698 1893 quantum
1715 1855 1747 1883 in
1763 1862 1790 1883 te
1803 1852 1860 1882 fuit
1872 1873 1880 1886 ‚
1900 1853 2060 1885 dominatu
2069 1858 2152 1896 regio

1192 1889 1353 1921 sustulisti?
1367 1893 1480 1923 Idcone
1489 1896 1711 1935 L.Tarquinius
1723 1893 1860 1924 emerus:
1876 1897 1924 1935 Sp.
1934 1894 2046 1926 Cass‘rus
2057 1916 2066 1930 ,
2082 1898 2151 1927 Me-

1192 1932 1252 1962 lius
1262 1952 1270 1966 ,
1283 1934 1465 1964 M-Manlius
1477 1955 1485 1968 ,
1501 1939 1616 1970 necati,
1631 1945 1662 1966 ut
1673 1936 1778 1966 multis
1787 1935 1854 1976 post
1864 1935 1978 1967 saeculis
1989 1957 1997 1971 ,
2009 1937 2025 1968 a
2035 1940 2149 1968 M.An-

1193 1975 1280 2004 tonio
1292 1994 1300 2007 ,
1318 1975 1400 2015 quod
1417 1975 1461 2005 fas
1482 1986 1547 2006 non
1557 1977 1617 2011 est,
1636 1988 1688 2008 rex
1701 1980 1810 2008 Romae
1820 1977 2069 2011 constitueretur?
2090 1979 2148 2010 Sed

1191 2014 1226 2044 ad
1245 2016 1372 2056 auspicia
1388 2016 1554 2047 redeamus.
1577 2021 1624 2049 De
1635 2019 1742 2059 quibus
1752 2019 1840 2049 rebus
1849 2019 1948 2050 idibus
1959 2022 2075 2051 Martiis
2084 2020 2144 2052 fuit
2167 2028 2210 2061 35

1189 2057 1222 2085 in
1232 2057 1335 2087 senatu
1345 2059 1437 2088 Caesar
1445 2058 1562 2090 asturus
1573 2080 1581 2094 ,
1592 2071 1693 2101 quaero
1704 2069 1769 2091 tum
1780 2070 1810 2091 tu
1821 2061 1895 2102 quid
1904 2061 2017 2103 egisses.
2041 2062 2146 2096 audie-

1188 2097 1256 2128 bam
1268 2099 1391 2140 quidem
1403 2109 1431 2129 te
1439 2110 1572 2141 paratum
1583 2102 1697 2132 venisse
1708 2122 1716 2136 ‚
1729 2102 1811 2143 quod
1822 2113 1871 2133 me
1882 2103 1918 2133 de
1928 2105 2084 2134 ementitis
2094 2115 2148 2135 au-

1188 2139 1288 2179 spiciis
1301 2161 1309 2175 ,
1330 2141 1440 2182 quibus
1452 2151 1552 2173 tamen
1562 2153 1661 2184 parere
1671 2143 1786 2174 necesse
1796 2153 1856 2175 erat
1865 2165 1874 2178 ,
1894 2154 2010 2185 putares
2023 2144 2081 2176 effe
2097 2146 2147 2176 di-

1187 2181 1317 2213 Sturum.
1328 2182 1452 2214 Sustulit
1460 2184 1549 2214 illum
1560 2185 1764 2225 diemjbrtuna
1770 2186 1866 2229 populi
1874 2190 1955 2216 Rom.
1966 2198 2041 2218 nurn
2052 2189 2143 2220 etiam

1186 2231 1273 2254 tuum
1293 2225 1330 2255 de
1342 2226 1635 2266 auspiciisjudicium
1648 2230 1786 2258 interitus
1797 2229 1917 2259 Caesaris
1927 2228 2065 2259 sustulit?
2086 2231 2144 2260 Sed

1183 2266 1278 2296 incidi
1298 2268 1330 2297 in
1350 2266 1381 2297 id
1402 2276 1520 2308 ternpus
1531 2288 1538 2302 ‚
1559 2269 1640 2309 quod
1652 2270 1690 2300 iis
1700 2270 1787 2300 rebus
1796 2291 1804 2305 ,
1826 2272 1859 2300 in
1868 2280 1939 2311 quas
1949 2270 2072 2312 ingrefla
2082 2280 2143 2303 erat

1183 2309 1290 2341 oratio,
1303 2310 1541 2348 praetereundum
1551 2321 1616 2341 non
1626 2309 1667 2341 fit.
1692 2314 1765 2352 Qae
1777 2321 1825 2342 tua
1833 2311 1901 2354 fuga
1910 2315 1921 2341 ?
1930 2322 1994 2352 quae
2004 2312 2139 2344 formido

1179 2348 1235 2379 illo
1245 2349 1293 2379 die
1306 2353 1391 2391 ?quae
1400 2360 1519 2392 propter
1528 2353 1722 2392 confitentt'am
1733 2354 1875 2384 scelerum
1886 2353 2049 2394 desperatio
2058 2357 2140 2385 vitae?

1179 2389 1250 2421 cum
1265 2401 1303 2421 ex
1317 2393 1367 2422 illa
1380 2391 1449 2433 fuga
1459 2413 1469 2426 ,
1491 2394 1640 2425 beneficio
1650 2405 1754 2425 eorum
1768 2416 1776 2429 ,
1796 2397 1848 2436 qui
1858 2405 1886 2426 te
1896 2415 1904 2429 ,
1924 2395 1944 2425 si
1956 2397 2039 2426 sanus
2051 2395 2134 2432 elles,

1177 2431 1292 2462 salvum
1312 2432 1369 2464 ess'e
1389 2436 1570 2470 voluerunt,
1591 2436 1669 2467 clam
1681 2447 1707 2467 te
1717 2437 1848 2468 domum
1858 2437 1991 2477 recepisti
2003 2440 2012 2467 ἲ
2035 2440 2060 2467 O
2070 2448 2137 2469 mea

1176 2472 1282 2505 frustra
1291 2475 1406 2516 semper
1415 2476 1565 2508 veriffima
1576 2480 1696 2519 auguria
1705 2489 1805 2509 rerum
1816 2478 2134 2511 futurariimYdicebam

1176 2516 1237 2546 illis
1253 2519 1286 2547 in
1298 2519 1448 2558 Capitolio
1467 2519 1675 2550 liberatoribus
1687 2519 1815 2553 nostris,
1833 2520 1906 2550 cum
1925 2530 1972 2550 me
1989 2520 2022 2551 ad
2043 2529 2070 2551 te
2090 2523 2133 2552 ire

1176 2559 1289 2589 vellent
1298 2579 1306 2593 ,
1327 2568 1359 2589 ut
1378 2559 1413 2589 ad
1431 2559 1651 2591 defendendam
1668 2571 1764 2601 remp.
1780 2571 1808 2591 te
1827 2561 2010 2592 adhortarer:
2030 2562 2129 2603 quoad

1176 2609 1334 2635 metueres,
1345 2604 1450 2632 omnia
1460 2611 1486 2631 te
1497 2601 1713 2642 promill'urum
1727 2614 1732 2632 z
1744 2601 1865 2633 fimulac
1875 2605 1980 2634 timere
1989 2603 2129 2643 desiiss'es,

1174 2640 1305 2672 similem
1315 2652 1341 2672 te
1350 2642 1486 2673 futurum
1497 2646 1550 2673 tui.
1563 2647 1664 2684 Itaque
1673 2643 1744 2674 cum
1756 2647 1845 2675 ceteri
1854 2645 2023 2676 consulares
2033 2648 2122 2680 irent,

1173 2683 1322 2714 redirent:
1344 2686 1376 2714 in
1387 2685 1531 2715 sententia
1542 2685 1633 2715 mansi
1647 2697 1652 2715 :
1670 2696 1769 2727 neque
1781 2696 1807 2717 te
1819 2687 1874 2716 illo
1885 2686 1948 2721 die,
1965 2697 2060 2728 neque
2069 2690 2128 2728 poss

1173 2725 1249 2755 stero
1260 2726 1323 2755 vidi
1331 2738 1335 2754 ;
1344 2735 1440 2767 neque
1450 2727 1534 2757 illam
1545 2727 1714 2758 societatem
1725 2730 1850 2768 optimis
1859 2729 1976 2759 civibus
1987 2739 2057 2760 curn
2067 2733 2130 2761 im-

1171 2767 1385 2807 portuniffimo
1406 2767 1475 2804 hoste
1495 2768 1606 2799 foedere
1624 2770 1689 2800 ullo
1709 2769 1882 2800 confirmari
1900 2769 1982 2811 posse
2002 2771 2126 2802 credidi.

1171 2808 1240 2839 Post
1255 2809 1337 2839 diem
1351 2812 1474 2840 tertium
1490 2813 1560 2840 veni
1575 2813 1607 2840 in
1620 2811 1715 2841 aedem
1726 2813 1859 2842 Telluris
1869 2832 1877 2845 ‚
1899 2813 2064 2853 &quidem
2075 2815 2125 2844 in*

1170 2853 1250 2881 vitus
1262 2871 1270 2885 ,
1292 2851 1362 2881 cum
1374 2854 1493 2882 omneis
1507 2852 1601 2883 aditus
1611 2855 1715 2885 armati
1726 2852 1904 2885 obfiderent.
1928 2857 1989 2895 Qi
2001 2855 2125 2927 tibiiille

2072 2907 2124 2933 ies,

2195 447 2244 480 34

209 2969 217 2985 i
226 2980 231 2985 .
246 2963 338 2988 'Pudet
346 2971 397 2988 mos
406 2964 542 2998 vendi-ren]
564 2964 756 2996 Mauricianus,
767 2966 833 2998 filos.
853 2963 988 3000 quomodo
999 2964 1121 2998 conjeee-
1142 2966 1144 2981 l
1163 2967 1216 2994 Pal.
1231 2966 1279 2993 sec.
1292 2969 1378 2994 Maur.
1389 2970 1415 2994 8<
1429 2968 1557 2995 libroruin
1569 2978 1633 3005 quos
1645 2971 1775 2998 consuluit
1786 2972 1931 2999 Fen-rarius.

168 3002 211 3021 rat
222 2996 361 3030 legendum
373 3000 508 3026 Ferrarius
521 3019 529 3031 ‚
539 3008 585 3026 aut
595 2999 788 3027 rescribendum
803 3020 810 3033 ‚
820 3002 932 3035 habuisti.
943 3001 969 3027 ὃ(
984 3001 1045 3027 vero
1052 3002 1120 3036 sitos,

168 3032 275 3058 atliuilit
287 3034 427 3060 Mauritius
440 3045 447 3065 ς
467 3038 569 3068 habuisti
579 3036 734 3063 Lambinus.

206 3076 232 3092 2.
253 3070 410 3101 Mag-istratus
426 3074 497 3096 eliam
515 3072 707 3106 offertionem]
737 3073 780 3098 Sic
797 3073 864 3099 Pall.
885 3071 918 3099 fic
936 3073 1044 3100 Gembl.
1065 3074 1120 3100 llil.

170 3103 256 3129 Maur.
277 3114 325 3130 uon
343 3108 475 3138 spcflioncm
487 3125 495 3137 ‚
514 3106 584 3142 quod
597 3115 751 3143 receperunt
770 3109 907 3136 Manutius
925 3118 955 3136 ac
973 3109 1118 3137 Lambinus
1139 3108 1140 3131 ἶ

165 3138 235 3165 suasu
249 3141 374 3172 Peri-arii,
384 3142 429 3176 qui
441 3141 472 3168 {ic
486 3144 585 3178 reperit
595 3145 620 3170 iu
633 3144 702 3171 libro
712 3154 774 3171 uno.

202 3183 227 3210 3.
247 3179 408 3211 Aucforregm'
425 3178 505 3214 effen]
526 3179 599 3212 Eleci
615 3179 723 3209 verbum
739 3183 853 3208 lumnam
872 3181 1033 3211 au&01·itatc
1051 3182 1116 3210 item
1137 3202 1140 3212 i

1198 3010 1226 3035 4.
1242 3005 1307 3035 Qid
1315 3004 1444 3037 indignius,
1456 3014 1525 3039 quam
1538 3008 1619 3031 viv-:re
1629 3016 1679 3032 cum
1688 3010 1740 3041 qui,
1749 3007 1817 3041 ἀνα]
1841 3009 1880 3034 lta
1891 3008 1943 3044 ipse
1955 3008 2051 3035 Cicero
2061 3008 2117 3045 pri—

1140 3054 1142 3071 1
1164 3048 1234 3064 inum
1246 3038 1343 3075 stripl'it
1354 3040 1402 3065 lib.
1416 3050 1477 3066 xvi.
1496 3041 1527 3067 ad
1538 3042 1658 3069 Atticum
1680 3043 1761 3079 Epist.
1776 3052 1810 3069 ti.
1831 3044 1901 3079 quod
1917 3046 1944 3070 ξ’(
1956 3045 1981 3071 'izi
1994 3046 2060 3071 l’all.
2071 3056 2113 3081 ps.

1140 3073 1141 3089 l
1163 3084 1220 3101 uani
1232 3074 1280 3101 lec.
1292 3079 1370 3101 Nonne
1380 3077 1491 3109 indignus
1500 3085 1525 3102 ru
1535 3081 1613 3111 rueri5
1624 3078 1759 3114 quomodo
1770 3080 1796 3105 ἃ
1810 3080 1834 3105 in
1847 3079 1896 3106 suis
1910 3081 2008 3117 reperit
2019 3082 2121 3108 Fez·i‘.·³.-'

1163 3111 1215 3137 rius
1228 3119 1235 3141 3
1256 3112 1367 3145 conjecit
1378 3120 1464 3138 autem
1479 3133 1486 3144 ,
1506 3116 1586 3139 Nonne
1595 3115 1714 3148 indignum
1725 3117 1759 3141 eff
1767 3119 1850 3140 vivere
1860 3126 1910 3141 enm
1922 3136 1929 3148 ‚
1941 3116 2010 3152 quod
2023 3118 2120 3152 recepit

1138 3160 1139 3185 i
1159 3146 1314 3174 Lambinus.
1334 3155 1361 3174 at
1381 3148 1397 3174 si
1418 3148 1509 3175 Tullio
1528 3149 1701 3186 oblequcmur
1720 3151 1911 3178 rerer-'ibendmn
1930 3152 2017 3180 fuerat
2030 3163 2037 3183 5
2058 3162 2118 3178 am·

1161 3184 1424 3219 morussindignfflt'mum
1434 3185 1570 3220 effi‘5virerc
1580 3188 1640 3212 hunc
1648 3190 1690 3222 qni
1699 3188 1890 3222 tmpffltsviffldw.

1521 3223 1590 3249 Eee
1601 3232 1614 3249 e
1635 3231 1650 3249 π.
2004 3224 2128 3250 1.1⁷1.snc;‘l
