2337 3400
140 86 238 153 725
551 80 619 130 M.
689 76 1056 125 Tri-2211

146 171 266 202 noster,
284 172 293 188 ¹
311 174 343 197 ut
360 164 514 196 consuerat
528 171 574 192 :at
595 171 651 203 ego
667 161 695 191 ei
715 160 825 190 litteras
843 167 925 190 tuas:
946 157 1102 188 nihildum

148 223 231 243 enim
253 210 366 240 sciebat.
387 216 457 236 nam
478 205 513 234 ad
524 214 573 234 me
583 202 720 243 primum
731 201 907 232 Varisidius:
920 199 1009 240 idque
1023 198 1076 229 sibi
1086 198 1103 229 ἐι

150 264 177 284 te
189 252 362 282 mandatum
373 246 430 277 ess'c
440 246 564 276 dicebat.
573 246 678 276 Paullo
687 243 755 284 post
765 243 848 273 idem
859 243 936 272 mihi
948 243 1102 271 Munatius

148 305 194 324 eas
206 295 320 323 litteras
333 288 471 329 legendas
482 288 565 318 dedit
580 307 588 320 ,
600 297 672 328 quas
683 285 736 326 ipsi
751 286 872 315 miseras
883 305 890 318 ‚
909 293 983 325 quas
1002 283 1035 313 δε
1058 292 1105 313 eas

144 335 273 376 publice⁴
291 332 450 364 placi-*mut
459 330 558 360 statim
569 329 603 359 ad
613 332 782 359 Cornutum
794 335 952 367 praetorem
964 326 1045 355 urbis
1057 325 1107 354 lit-

145 386 217 406 teras
229 373 428 404 deferremus:
452 374 503 413 qui
516 391 523 405 ‚
547 370 630 411 quod
641 370 779 400 consules
790 369 910 399 aberant
921 387 930 402 ‚
951 367 1106 398 consulare

147 427 261 447 munus
282 414 441 446 sustinebat
467 423 552 443 more
572 414 735 451 majorum.
759 414 883 441 Senatus
904 409 947 440 est
957 407 1106 439 continuo

147 467 330 490 convocatus
343 477 350 489 ,
376 455 573 496 frequensque
583 456 729 484 convenit
740 462 862 493 propter
874 451 987 482 famam
1000 471 1008 485 ,
1019 460 1106 492 atque

145 500 402 541 exspe&ationem
420 507 536 527 tuarum
548 497 724 526 litterarum.
748 496 892 526 Recitatis
902 495 1008 525 litteris
1021 513 1030 527 ‚
1052 494 1107 523 ob-

145 544 200 572 lata
214 544 318 583 religio
331 543 468 570 Cornuto
478 538 535 573 est,
559 539 758 578 pullariorum
768 537 928 568 admonitu
942 557 949 570 ,
966 546 1030 566 non
1041 535 1107 565 satis

146 586 308 626 diligenter
326 593 396 612 cum
419 582 556 621 auspiciis
573 590 695 621 operam
714 578 835 610 dedisse.
859 579 952 619 quue
970 578 985 608 ii
1005 576 1108 607 nostro

145 627 276 667 collegio
299 624 533 664 comprobatum
555 621 606 653 est.
631 625 732 663 Itaque
755 632 800 652 res
819 621 906 651 dilata
916 620 1001 650 estin
1010 618 1108 659 poste·

145 660 233 698 ruins
248 671 293 698 Eo
303 676 402 697 autem
413 666 461 695 die
471 675 577 706 magna
587 666 665 694 mihi
675 674 729 704 pro
740 673 788 694 tua
798 663 940 704 dignitate
949 663 1107 691 contentio

147 720 218 741 cum
242 710 385 741 Servilio:
408 710 461 748 qui
478 707 550 737 curn
569 709 660 747 gratia
673 704 834 738 effecili‘et,
861 705 952 734 utsua
965 705 1108 734 sententia

146 763 244 792 prima
253 752 496 792 pronuntiaretur
506 769 514 784 ‚
529 748 668 789 frequens
676 758 748 778 eum
759 748 875 777 senatus
887 747 1019 787 reliquit,
1033 745 1065 775 δε
1076 748 1107 774 in

146 796 203 825 alia
221 796 326 824 omnia
342 790 467 823 disceffit
489 802 494 820 ε
524 801 661 831 meaeque
694 791 847 820 sententias
863 809 871 822 ‚
893 798 958 828 qua:
981 786 1107 819 secunda

147 838 341 877 pronuntiata
350 844 410 865 erat
421 853 429 867 ‚
439 833 511 864 cum
522 832 692 873 frequenter
702 829 889 861 assentiretur
897 830 1012 860 senatus
1025 849 1034 862 ,
1059 839 1109 859 ro-

149 887 218 914 gatu
236 878 355 909 Servilii
375 879 405 907 P.
428 878 530 906 Titius
541 872 707 904 interceffit.
731 875 792 903 Res
801 874 834 902 in
844 871 997 913 posterum
1009 872 1106 902 dilata.

149 912 243 951 Venit
252 928 365 960 paratus
375 919 520 949 Servilius
531 937 538 950 ‚
549 918 620 958 Jovi
630 914 683 956 ipsi
695 917 836 955 iniquus:
855 915 940 954 cujus
949 917 981 944 in
992 914 1108 953 templo

148 973 195 993 res
214 963 359 1004 agebatur.
385 963 475 990 Hunc
486 957 748 1000 quemadmodum
758 957 900 997 fregerim
911 977 919 990 ‚
939 965 1107 996 quantaque

148 1006 348 1035 contentione
365 1004 485 1033 Titium
497 997 721 1030 intercessorem
731 999 906 1039 abjecerim:
930 1008 969 1029 ex
979 999 1107 1037 aliorum

150 1057 180 1077 te
198 1047 305 1076 litteris
322 1045 403 1074 malo
422 1043 611 1084 cognoscere.
634 1044 742 1071 Unum
760 1043 819 1071 hoc
830 1051 869 1071 ex
880 1042 974 1070 meis:
993 1040 1108 1070 senatus

149 1090 279 1129 gravior,
290 1085 485 1118 constantior,
496 1086 623 1114 amicior
634 1085 693 1114 tuis
704 1083 841 1114 laudibus
853 1081 910 1113 effe
920 1092 984 1113 non
995 1083 1107 1122 potuit,

149 1140 242 1172 quam
254 1139 318 1160 tum
327 1127 394 1158 fuit.
419 1130 485 1157 Nec
496 1124 567 1156 verb
578 1126 633 1156 tibi
644 1126 757 1156 senatus
767 1127 895 1155 amicior
904 1145 912 1159 ,
933 1125 1023 1165 quam
1035 1133 1109 1153 cun-

152 1173 198 1203 Cta
209 1174 323 1202 civitas.
356 1169 537 1199 Mirabiliter
553 1168 783 1208 enimpopulus
806 1170 845 1198 R.
867 1166 1024 1197 universus
1044 1185 1052 1199 ‚
1077 1165 1110 1194 δε

151 1216 293 1245 omnium
305 1221 448 1252 generum
461 1232 470 1244 ‚
496 1210 700 1251 ordinumque
709 1210 870 1240 consensus
879 1209 914 1239 ad
924 1207 1111 1238 liberandam

151 1266 247 1296 remp.
257 1255 450 1294 conspiravit.
474 1256 563 1294 Perge
583 1255 673 1294 igitur
683 1273 691 1286 ,
705 1262 736 1282 ut
744 1254 805 1293 agis
817 1272 825 1285 ‚
839 1260 1013 1291 nomenque
1025 1258 1112 1279 tuum

151 1296 335 1329 commenda
345 1296 567 1326 immortalitati
579 1305 680 1335 :atque
692 1295 755 1324 haec
764 1295 965 1333 omnia,QAE
977 1301 1113 1322 HABENT

152 1342 281 1381 speciem
301 1340 422 1379 gloriae,
442 1336 568 1367 collec'ia
585 1334 802 1366 inimicissimis
814 1336 978 1376 splendoris
991 1332 1115 1375 insigni-

154 1383 210 1412 bus
219 1391 385 1413 contemne
395 1400 403 1414 ,
433 1383 447 1399 2
457 1379 570 1413 brevia,
582 1379 678 1409 fucata
690 1399 698 1412 ‚
708 1378 818 1408 caduca
828 1376 977 1414 existima.
992 1385 1113 1406 VERUM

154 1434 260 1454 Decus
288 1425 320 1453 in
337 1424 445 1452 virtute
463 1420 592 1462 positum
611 1420 654 1451 est
672 1441 680 1455 ‚
714 1430 779 1461 quae
799 1423 936 1450 maxime
953 1417 1115 1449 illustratur

147 1468 272 1507 ⁴magnis
291 1468 321 1495 in
341 1474 435 1504 remp.
458 1466 584 1494 meritis.
625 1466 701 1494 Eam
719 1463 891 1493 facultatem
908 1461 996 1492 habes
1013 1462 1116 1490 maxi-

157 1518 240 1538 mam
253 1528 261 1541 ,
286 1517 375 1548 quam
387 1516 482 1547 quum
493 1506 673 1546 complexus
682 1515 712 1535 es
723 1524 731 1539 ,
744 1505 777 1534 &
787 1514 882 1538 tenes,
893 1502 1001 1544 perfice
1013 1523 1021 1537 ‚
1033 1512 1066 1532 ut
1075 1511 1114 1532 ne

157 1549 264 1580 minus
286 1549 357 1588 resp.
373 1549 427 1577 tibi
439 1567 447 1581 ‚
467 1558 556 1588 quam
569 1557 601 1577 tu
612 1547 809 1587 reipdebeas.
833 1549 884 1576 Me
895 1556 951 1576 tuae
963 1545 1115 1586 dignitatis

151 1603 222 1622 sion
233 1590 328 1621 modo
338 1589 487 1620 fautorem
499 1609 507 1623 ‚
520 1590 568 1620 sed
579 1591 669 1619 etiam
678 1588 928 1628 amplificatorem
941 1587 1111 1627 cognosces.

157 1635 193 1665 Id
205 1644 275 1664 cum
287 1635 359 1672 reip.
370 1642 436 1672 quae
447 1633 525 1661 mihi
536 1633 596 1661 vita
606 1630 648 1661 est
658 1641 723 1661 mea
731 1633 828 1661 carior
838 1651 846 1664 ,
867 1639 931 1660 tum
944 1629 1050 1659 nostrae
1062 1638 1114 1658 ne-

157 1674 327 1707 ceffitudi'ni
337 1675 506 1704 debereme
515 1674 625 1711 judico.
649 1676 747 1713 Atque
758 1675 790 1702 in
802 1674 848 1702 his
857 1674 947 1705 curis,
958 1681 1030 1713 quas
1040 1680 1115 1701 con-

159 1717 258 1748 tuliad
268 1717 443 1757 dignitatem
456 1725 535 1745 tuam
546 1736 554 1749 2
579 1717 645 1754 cepi
656 1724 793 1755 magnam
807 1715 991 1753 voluptatem
1007 1734 1016 1747 ,
1035 1712 1115 1754 quod

158 1760 236 1790 bene
256 1760 408 1799 cognitam
429 1758 507 1786 mihi
527 1760 565 1787 T.
582 1759 713 1787 Munatii
733 1756 923 1797 prudentiam
937 1775 944 1788 ,
967 1756 998 1785 &
1011 1754 1117 1788 fidem,

161 1803 256 1843 magis
266 1810 355 1830 etiam
371 1799 506 1839 perspexi
519 1801 550 1828 in
563 1800 627 1836 ejus
637 1799 810 1829 incredibili
821 1807 886 1839 erga
901 1807 928 1827 te
940 1798 1119 1827 benivolen-

163 1846 214 1878 tia,
227 1843 260 1874 &
274 1842 442 1883 diligentia.
468 1851 527 1870 111.
539 1841 605 1871 idus
619 1842 756 1885 Aprileis.

424 1889 618 1919 CICERO
652 1889 868 1918 PLANCO.

260 1939 289 1967 T
306 1934 443 1977 primum
464 1933 590 1975 potestas
611 1934 675 1965 data
686 1934 728 1965 est
736 1935 877 1977 augendae
887 1935 1040 1977 dignitatis
1050 1944 1119 1970 tuae,

176 1937 520 2019 Unihilpraetermisi
530 1979 563 2006 in
575 1986 602 2007 te
613 1979 750 2007 ornando
761 1997 768 2011 ,
782 1978 862 2018 quod
876 1978 1005 2018 positum
1017 1978 1059 2008 est
1072 1988 1123 2008 aut

159 2022 193 2051 in
212 2024 339 2062 praemio
361 2020 500 2053 virtutis,
523 2029 573 2049 aut
595 2020 756 2049 inhonore
769 2020 942 2050 verborum.
966 2021 1001 2051 Id
1011 2031 1048 2051 ex
1057 2021 1121 2061 ipso

161 2063 416 2094 senatusconsulto
442 2063 555 2102 poteris
573 2062 762 2102 cognoscere.
787 2063 826 2092 ita
845 2064 930 2092 enim
945 2062 987 2093 est
997 2064 1122 2103 perscri-

161 2115 248 2145 ptum
260 2126 268 2139 ‚
281 2115 312 2135 ut
325 2105 401 2135 ame
413 2103 448 2134 de
461 2104 569 2144 scripto
579 2103 658 2134 diCta
668 2104 814 2134 sententia
825 2103 885 2134 est:
903 2106 994 2145 quam
1006 2105 1122 2135 senatus

164 2147 308 2189 frequens
320 2147 462 2187 sequutus
475 2145 517 2176 est
528 2146 650 2175 summo
661 2144 772 2179 studio,
786 2156 956 2187 magnoque
967 2147 1122 2177 consensu.

165 2192 230 2230 Ego
248 2187 430 2230 quamquam
456 2197 493 2217 ex
513 2189 571 2217 tuis
588 2188 694 2217 litteris
706 2207 714 2220 ,
735 2198 806 2229 quas
825 2188 1018 2218 mihimisisti
1031 2208 1039 2223 ,
1060 2199 1125 2229 per-

164 2232 319 2272 spexeram
331 2239 357 2259 te
375 2231 469 2270 magis
479 2229 596 2270 judicio
606 2229 770 2263 bonorum,
781 2230 870 2270 quam
883 2229 1126 2272 insignibusglo-

164 2276 216 2304 riae
234 2271 374 2303 delefihiri
387 2283 392 2300 :
421 2281 521 2303 tamen
531 2270 780 2301 considerandum
792 2271 964 2302 existimavi
975 2294 983 2309 ,
1004 2275 1093 2304 etiam
1105 2271 1125 2302 si

165 2325 198 2346 tu
219 2315 296 2344 nihil
313 2312 475 2354 postulares
487 2333 496 2346 ,
516 2322 664 2353 quantum
675 2313 755 2342 tibia
769 2314 872 2352 repub.
884 2314 1051 2344 deberetur.
1075 2318 1124 2344 Tu

165 2366 310 2387 contexes
319 2364 454 2385 extrema
463 2364 532 2384 cum
542 2356 660 2393 primis.
673 2356 734 2395 Qi
745 2357 828 2383 enim
840 2357 1060 2385 MAntonium
1072 2366 1126 2396 op-

166 2397 301 2440 presserit
312 2418 320 2430 ‚
340 2399 366 2427 is
377 2397 492 2427 bellum
500 2395 674 2426 confecerit.
698 2398 800 2436 Itaque
812 2398 967 2427 Homerus
978 2407 1042 2427 non
1057 2400 1126 2439 Aja—

165 2451 233 2472 cem
244 2460 253 2475 ,
272 2449 327 2470 nec
337 2439 491 2469 Achillem
504 2458 512 2472 ,
538 2438 586 2468 sed
597 2435 734 2478 Ulyffem
745 2438 904 2478 appellavit
925 2440 1124 2485 πολιγηρῇ-ον,

108 2505 150 2536 34
402 2495 591 2523 CICERO
623 2496 849 2528 PLANCO,
872 2497 902 2525 S.

281 2543 434 2571 GRATAM
448 2539 560 2570 famam
573 2539 667 2570 biduo
677 2549 745 2571 ante
759 2539 918 2571 victoriam
933 2561 941 2574 ,
955 2540 991 2570 de
1002 2538 1132 2571 subsidio

274 2592 338 2616 tuo,
351 2583 387 2612 de
402 2580 512 2614 studio,
528 2582 564 2611 de
574 2582 723 2612 celeritate
733 2602 741 2616 ,
754 2582 790 2612 de
801 2586 909 2622 copiis.
934 2586 1031 2623 Atque
1043 2585 1132 2612 etiam

170 2625 307 2654 hostibus
317 2623 401 2658 fusis,
411 2624 473 2663 spes
484 2627 587 2654 omnis
597 2634 629 2654 in
642 2633 668 2654 te
679 2624 730 2655 est.
754 2625 869 2666 Fugiss‘e
880 2627 964 2656 enim
975 2634 1013 2655 ex
1024 2624 1133 2665 proelio

660 2682 675 2699 1

209 2748 231 2763 1.
253 2742 280 2763 Ut
294 2740 430 2773 consuerat:
450 2746 475 2765 at
486 2750 520 2773 ego
529 2744 549 2766 ei
567 2743 661 2766 litteras
672 2748 726 2765 tuas
740 2752 745 2765 ς
762 2741 886 2767 nihildum
898 2760 906 2771 ,
919 2741 986 2775 &c.]
1011 2743 1051 2767 Ita
1062 2741 1130 2767 Pall-

170 2775 301 2800 stewech.
315 2776 481 2811 Historpian.
501 2776 582 2812 prisca
593 2776 686 2802 editio.
708 2777 795 2812 Vulgo
809 2788 814 2803 :
833 2786 860 2802 ut
869 2778 1019 2810 confirmet-at
1030 2797 1038 2808 ‚
1059 2777 1133 2811 &ego

169 2811 291 2835 filimi-as
301 2818 356 2836 titas
374 2813 435 2837 Aedi.
456 2812 545 2847 paullo
556 2813 619 2838 item
639 2813 694 2848 post
704 2822 736 2839 ex
749 2813 871 2839 Palatino
882 2813 957 2839 sexto
977 2814 1003 2837 8<
1018 2814 1129 2839 Hittor-

169 2846 246 2881 piano
257 2846 325 2871 edidi
338 2858 343 2873 :
365 2858 424 2880 quas
433 2850 588 2881 &finxisti-as,
601 2850 768 2883 qnaspublitb.
789 2849 850 2875 licet
860 2849 1010 2885 publicetur
1022 2860 1027 2875 :
1051 2850 1080 2879 ὠ
1089 2859 1130 2875 eas

169 2891 231 2914 quar
239 2884 338 2913 publii-2.
358 2884 451 2909 Deleri
462 2884 554 2910 itidem
566 2894 599 2910 ex
618 2884 715 2911 eisdem
726 2884 802 2911 libris
814 2886 844 2911 rb
853 2886 925 2911 nobis.
953 2887 1053 2911 lterum
1067 2895 1129 2912 mox

168 2917 295 2943 libentius
308 2922 420 2952 legerem
432 2929 464 2945 ex
475 2919 576 2947 duobus
596 2921 783 2948 Giilielinianis
799 2933 804 2948 :
820 2923 923 2955 senaim
934 2924 1037 2947 continuo
1048 2931 1130 2948 con-vo-

171 2955 367 2986 catus-,fitqutns
378 2957 583 2987 tamenim-cciii>-
597 2958 696 2984 voculis
709 2958 795 2983 niliili.

207 2998 236 3015 2,
257 2991 348 3014 Brevia
360 3009 367 3019 ‚
382 2991 468 3021 saram
481 3010 489 3022 ,
508 2994 596 3018 caduca
605 2994 736 3027 existima]
761 2994 944 3028 Elegantiores
955 2994 1019 3020 milii
1031 2994 1131 3029 gratias

170 3033 252 3060 agent
271 3024 305 3051 ob
317 3026 464 3051 restitutum
488 3030 553 3053 liunc
563 3038 595 3054 cx
610 3032 616 3053 l
629 3030 728 3055 alarino
742 3029 816 3056 sexto
829 3030 915 3056 locum
928 3041 933 3057 ς
957 3030 1069 3056 licemini
1082 3041 1130 3057 ex-

1124 76 1681 125 eremitoriis

1142 157 1308 189 Mutinensi
1318 158 1459 189 dicuntur
1467 159 1614 192 notiffimi
1623 161 1774 192 latronum
1788 159 1889 193 duces.
1910 160 1972 193 Εετ
1982 165 2109 196 Aurem<

1143 211 1208 231 non
1220 200 1324 230 minus
1336 209 1454 241 gratum
1465 211 1599 233 extrema
1608 203 1705 234 delere
1716 224 1723 238 ,
1737 204 1827 245 quarn
1839 205 1936 244 prima
1944 203 2105 243 depellere.

1148 243 1297 284 Equidem
1319 241 1486 282 speeiabam
1502 244 1566 283 jam
1579 253 1641 275 tuas
1653 245 1763 276 litteras
1774 266 1782 280 ‚
1802 246 1891 287 idque
1903 255 1973 276 cum
1985 245 2106 275 multis.

1145 285 1364 325 Sperabamque
1383 287 1474 314 etiam
1487 304 1495 318 ι
1516 286 1667 325 Lepidum
1678 288 1791 327 reipub.
1805 288 1990 329 temporibus
2000 287 2108 317 admo-

1147 325 1412 360 nitum‚tecum‚&
1422 326 1537 366 reipub.
1549 328 1614 357 satis
1623 326 1682 358 effe
1690 328 1851 360 fafiturum.
1875 333 1911 360 In
1922 329 2005 359 illam
2018 330 2109 369 igitur

1146 379 1246 399 curam
1258 368 1402 397 incumbe
1413 387 1421 401 ‚
1448 370 1492 397 ini
1504 369 1627 403 Plance,
1651 369 1684 400 ut
1695 379 1732 400 ne
1743 381 1807 412 quae
1819 372 1946 402 scintilla
1961 369 2108 401 teterrimi

1148 411 1220 440 belli
1232 409 1511 450 relinquaturquod
1522 408 1543 439 si
1553 412 1610 440 erit
1617 410 1741 441 factum:
1753 413 1786 442 &
1797 414 2001 453 i·emp.divino
2013 412 2108 442 bene-

1148 452 1217 525 ἔξω
1227 451 1370 523 είξῖεςιᾰε,
1382 451 1415 481 &
1426 451 1486 492 ipse
1496 460 1637 483 aeternam
1646 453 1775 494 gloriam
1785 457 1974 497 consequere.
1997 457 2040 484 D.
2050 454 2110 494 1112

1182 504 1233 524 on.
1283 504 1319 524 ai.

1364 549 1602 580 PLANCUS
1633 551 1897 581 CICERONI.

1253 595 1267 622 Ι
1279 602 1292 623 s
1311 593 1417 623 litteris
1428 594 1540 634 scriptis
1551 614 1560 628 ‚
1576 604 1646 636 quae
1656 595 1757 635 postea
1766 595 1938 626 accidissent
1951 615 1959 629 ,
1984 597 2057 627 scire
2066 604 2106 630 te,

1247 635 1281 665 ad
1309 635 1444 675 rempub.
1486 639 1588 676 putavi
1608 638 1766 677 pertinere.
1789 639 1936 668 sedulitas
1947 647 2031 671 mea,
2053 639 2109 677 (ut

1148 678 1253 717 spero)
1273 677 1306 707 &
1316 679 1393 707 mihi
1407 697 1416 711 ‚
1430 677 1462 708 δε
1472 679 1585 718 reipub.
1599 680 1667 709 tulit
1677 678 1823 709 fratrum.
1843 682 1983 720 Namque
1992 678 2111 710 affiduis

1149 720 1344 749 internuntiis
1355 718 1426 750 cum
1440 720 1557 760 Lepido
1568 723 1625 761 egi,
1639 720 1792 754 unomissa
1801 724 1888 751 omni
1900 723 2109 755 contentione.

1148 761 1395 802 reconciliataque
1408 762 1563 792 voluntate
1571 762 1845 796 nostra‚communi
1856 762 1981 794 consilio
1991 763 2108 803 reipub.

1150 803 1329 833 succurreret
1345 815 1350 832 2
1365 803 1393 833 se
1408 823 1416 837 ,
1438 804 1548 834 liberos
1562 824 1571 838 ‚
1591 805 1757 846 urbemque
1770 807 1862 846 pluris
1875 825 1883 839 ‚
1909 806 2000 846 quam
2011 814 2111 836 unum

1148 844 1322 885 perditum,
1342 844 1555 887 abjestumque
1575 847 1723 877 latronem
1742 856 1856 887 putaret
1874 859 1879 877 z
1903 848 2111 888 obsequioque

1150 897 1221 917 meo
1237 908 1247 920 ‚
1268 885 1288 916 si
1298 890 1338 917 ita
1349 887 1457 918 faceret
1470 908 1478 922 ‚
1489 888 1525 918 ad
1535 891 1656 919 omneis
1666 899 1711 919 res
1721 891 1899 920 abuteretur.
1925 889 2043 920 Proieci
2053 892 2112 919 ita-

1148 939 1207 970 que
1225 939 1277 969 per
1300 930 1489 960 Laterensem
1508 932 1744 962 internuntium.
1770 930 1864 961 fidem
1874 930 2062 964 mi'nidedit,
2081 930 2112 960 se

1151 973 1323 1001 Antonium
1335 991 1342 1004 ‚
1357 970 1375 1000 fi
1387 972 1544 1012 prohibere
1554 975 1709 1013 provincia
1722 974 1772 1004 sua
1783 984 1847 1003 non
1857 971 1998 1014 potuiss'et
2009 992 2018 1007 ,
2027 972 2112 1003 bello

1149 1013 1374 1053 persecuturum
1386 1024 1392 1042 :
1404 1024 1454 1043 me
1466 1034 1473 1047 ‚
1486 1023 1518 1044 ut
1532 1017 1668 1045 venirem
1680 1035 1688 1048 ‚
1703 1016 1860 1056 copiasque
1870 1016 2088 1056 conjungerem
2101 1033 2112 1049 .

1149 1056 1274 1094 rogavit:
1298 1064 1394 1095 eoque
1415 1058 1511 1096 magis
1523 1075 1530 1089 ‚
1552 1055 1636 1096 quod
1653 1057 1686 1087 ὃς
1706 1060 1859 1088 Antonius
1871 1058 1906 1087 ab
1917 1060 2050 1098 equitatu
2062 1055 2115 1086 fir-

1151 1105 1220 1125 mus
1239 1095 1298 1125 esse
1319 1096 1475 1126 dicebatur
1492 1116 1501 1130 ‚
1517 1097 1552 1128 ὃς
1571 1098 1705 1138 Lepidus
1724 1109 1763 1128 ne
1780 1099 1966 1129 mediocrem
1986 1098 2114 1139 quidem

1155 1140 1327 1178 equitatum
1347 1137 1483 1168 habebat.
1515 1141 1597 1169 Nam
1621 1142 1711 1169 etiam
1730 1150 1768 1170 ex
1786 1150 1928 1180 paucitate
1946 1142 2030 1180 ejus,
2048 1149 2116 1170 non

1154 1178 1260 1209 multis
1297 1180 1364 1209 ante
1386 1179 1492 1210 diebus
1505 1199 1513 1214 ,
1534 1180 1655 1215 decern,
1677 1184 1995 1222 quioptimisuerant,
2016 1181 2115 1212 adme

1151 1220 1334 1252 transierunt.
1367 1222 1485 1263 Qibus
1503 1222 1593 1253 rebus
1615 1233 1670 1268 ego
1689 1226 1822 1265 cognitis
1843 1244 1852 1258 ‚
1873 1224 2029 1254 cunei-itus
2047 1233 2114 1255 non

1154 1264 1221 1293 sum
1242 1265 1274 1293 in
1290 1263 1376 1294 cursu
1400 1266 1553 1294 bonorum
1568 1266 1785 1296 consiliorum:
1806 1266 1957 1306 Lepidum
1967 1266 2115 1306 adjuvan*

1154 1305 1227 1335 dum
1241 1308 1353 1345 putavi.
1384 1306 1540 1337 Adventus
1551 1317 1637 1337 meus
1650 1308 1723 1349 quid
1733 1306 1920 1348 profeePwrus
1929 1306 2008 1342 esset,
2027 1307 2092 1338 vidi
2104 1317 2113 1337 :

1154 1348 1202 1378 vel
1220 1346 1304 1388 quod
1321 1349 1453 1388 equitatu
1464 1358 1535 1378 meo
1545 1349 1681 1390 persequi
1693 1370 1702 1384 ‚
1722 1360 1810 1391 atque
1819 1351 1988 1390 opprimere
1998 1351 2115 1391 equita-

1155 1398 1219 1420 tum
1239 1390 1303 1429 ejus
1320 1388 1435 1430 possem
1454 1401 1459 1419 ε
1481 1391 1529 1421 vel
1540 1389 1622 1432 quod
1633 1394 1782 1422 exercitus
1791 1392 1900 1432 Lepidi
1909 1402 1974 1422 eam
1985 1401 2113 1433 partem,

1153 1442 1219 1473 quae
1237 1441 1373 1472 corrupta
1392 1431 1451 1465 est,
1477 1433 1557 1463 &ab
1567 1434 1826 1473 repub-alienata,
1850 1435 2057 1476 &corrigere,
2078 1434 2114 1465 &

2129 561 2173 591 15

1155 1475 1290 1504 co'e'rcere
1307 1474 1462 1513 praesentia
1478 1477 1540 1505 mei
1564 1477 1713 1506 exercitus
1722 1474 1847 1516 possem.
1866 1479 1974 1517 Jtaque
1984 1479 2017 1505 in
2026 1475 2114 1510 Isara.
2156 1487 2158 1489 ·

1156 1515 1284 1546 flumine
1295 1517 1532 1557 maxim0‚qu0d
1547 1519 1580 1547 in
1596 1516 1709 1548 finibus
1719 1517 1762 1549 est
1771 1518 1977 1560 Allobrogum
1987 1537 1996 1551 ‚
2007 1526 2114 1557 ponte,

1156 1568 1219 1588 uno
1240 1558 1288 1588 die
1308 1557 1389 1588 faEto
1399 1577 1407 1592 ‚
1428 1561 1597 1589 exercitum
1608 1559 1644 1589 ad
1665 1569 1803 1600 quartum
1816 1560 1882 1590 idus
1898 1561 1960 1599 Maj
1966 1562 1974 1589 i
1985 1559 2114 1589 traduxi.

1156 1599 1201 1631 Cu
1246 1599 1318 1630 vero
1331 1601 1591 1631 mihinuntiatum
1602 1599 1683 1635 effer,
1697 1604 1734 1632 L.
1746 1602 1918 1632 Antonium
1930 1599 2115 1641 praemifl'um

1158 1653 1227 1673 cum
1239 1642 1408 1684 equitibus„
1433 1643 1465 1673 &
1477 1643 1651 1673 cohortibus
1660 1644 1695 1673 ad
1706 1646 1818 1674 Forum
1829 1643 1901 1681 Iulii
1911 1641 2024 1673 venisse
2040 1653 2045 1672 :
2055 1642 2118 1673 fra-

1158 1694 1234 1715 trem
1254 1694 1323 1714 curri
1345 1686 1483 1725 equitum
1502 1694 1641 1726 quattuor
1660 1686 1799 1716 millibus
1812 1705 1821 1719 ,
1840 1695 1873 1715 ut
1890 1693 2055 1715 occurreret
2072 1686 2114 1718 ei,

1160 1725 1227 1756 misi
1246 1726 1281 1757 ad
1300 1737 1330 1756 v.
1350 1727 1421 1756 idun
1433 1729 1516 1766 MaJi.
1539 1727 1603 1767 Ipse
1623 1729 1769 1757 maximis
1784 1727 1942 1757 itineribus
1951 1736 2021 1756 cum
2031 1735 2119 1767 quat-

1160 1778 1229 1798 tuor
1248 1768 1419 1810 legionibus
1437 1768 1586 1808 expeditis
1599 1788 1607 1802 ‚
1628 1769 1661 1799 δι’,
1678 1769 1796 1810 reliquo
1808 1770 1939 1809 equitatu
1947 1768 2117 1809 subsequar.

1159 1812 1189 1841 Si
1210 1820 1266 1840 nos
1283 1809 1445 1839 mediocris
1466 1810 1562 1840 modo
1580 1809 1700 1841 fortuna
1719 1811 1832 1851 reipub.
1845 1809 2008 1848 adjuverit:
2020 1810 2053 1840 &
2062 1819 2118 1840 au-

1160 1852 1249 1882 daciae
1259 1851 1446 1892 perditorum
1458 1871 1466 1885 ‚
1489 1852 1521 1882 &
1532 1851 1639 1882 nostrae
1649 1852 1863 1882 sollicitudinis
1870 1851 1918 1882 hic
1928 1850 2022 1882 finem
2032 1861 2119 1892 repe-

1159 1896 1283 1924 riemus.
1308 1894 1398 1934 Qiod
1408 1892 1427 1923 si
1436 1894 1510 1924 latro
1522 1914 1531 1927 ,
1550 1897 1734 1935 praecognito
1747 1894 1849 1925 nostro
1859 1893 1987 1925 adventu
1998 1915 2007 1928 ‚
2018 1894 2118 1925 rursus

1160 1939 1191 1967 in
1203 1937 1320 1967 Italiam
1332 1937 1360 1966 se
1369 1938 1498 1976 recipere
1506 1938 1727 1976 cceperit‚Bruti
1737 1939 1792 1967 erit
1802 1935 1951 1970 officium,
1963 1946 2119 1967 occurrere

1163 1981 1191 2009 ei
1204 1989 1209 2008 ;
1232 1981 1279 2009 cui
1292 1979 1352 2008 scio
1363 1988 1419 2008 nec
1432 1977 1593 2008 consilium
1605 1998 1613 2012 ,
1627 1989 1683 2008 nec
1693 1980 1832 2009 animum
1844 1978 2028 2009 defuturum.
2052 1981 2119 2019 Ego

1163 2031 1265 2051 tamen
1276 2041 1284 2055 ‚
1307 2019 1326 2050 fi
1337 2021 1369 2050 id
1379 2020 1519 2050 acciderit
1531 2040 1539 2053 ,
1551 2019 1673 2051 fratrem
1682 2031 1752 2051 cum
1764 2023 1896 2062 equitatu
1905 2023 2024 2050 mittam
2036 2041 2045 2054 ‚
2063 2021 2119 2060 qui

1164 2064 1301 2104 sequatur
1314 2083 1323 2096 ‚
1344 2063 1462 2093 Italiam
1477 2063 1493 2093 a
1507 2061 1669 2094 vastatione
1678 2063 1828 2094 defendat.
1852 2066 1907 2094 Fac
1918 2063 2014 2094 valeas
2024 2082 2034 2097 ‚
2052 2071 2122 2092 me-

1163 2116 1220 2147 que
1231 2104 1340 2135 mutuo
1351 2104 1467 2146 diligas.

1427 2158 1618 2187 C1CERO
1650 2159 1862 2188 PLANCO.

1171 2204 1346 2282 NInii,
1367 2204 1434 2246 post
1452 2207 1617 2237 hominum
1636 2209 1817 2238 memoriam
1837 2204 1993 2249 gloriosius
2011 2226 2020 2240 ‚
2039 2205 2119 2236 nihil

1266 2251 1385 2292 gratius,
1399 2258 1436 2278 ne
1447 2257 1584 2288 tempore
1595 2250 1718 2289 quidem
1729 2250 1793 2289 ipso
1803 2251 1981 2289 oportunius
1989 2247 2120 2278 accidere

1166 2292 1241 2325 vidi,
1252 2292 1342 2332 quarn
1353 2300 1416 2320 tuas
1428 2310 1436 2324 ‚
1449 2292 1556 2321 Plance
1572 2310 1582 2323 ‚
1595 2292 1715 2320 litteras.
1739 2291 1876 2320 Redditae
1888 2290 1955 2320 sunt
1965 2292 2049 2319 enim
2060 2289 2120 2320 fre-

1166 2336 1271 2374 quenti
1284 2334 1385 2362 senatu
1398 2334 1545 2365 Cornuto,
1557 2331 1629 2361 cum
1640 2334 1664 2361 is
1673 2331 1794 2372 frigidas
1805 2333 1885 2365 sane,
1899 2333 1931 2362 &
1947 2331 2123 2362 inconstan-

1166 2376 1223 2404 teis
1243 2371 1386 2404 recitasset
1403 2373 1512 2402 litteras
1531 2373 1649 2412 Lepidi.
1672 2374 1725 2403 sub
1748 2384 1793 2403 cas
1806 2373 1903 2404 statim
1916 2376 2040 2404 recitatae
2055 2374 2124 2405 sunt

1168 2426 1242 2449 tux,
1261 2425 1326 2445 non
1346 2412 1544 2455 fine-magnis
1563 2415 1688 2455 quidem
1711 2416 1905 2446 clamoribus.
1938 2419 2015 2446 Cum
2034 2416 2124 2446 rebus

1170 2460 1253 2488 enim
1273 2454 1339 2496 ipsis
1359 2454 1451 2486 essent
1460 2456 1492 2485 &
1504 2455 1609 2486 studiis
1619 2477 1626 2490 ,
1648 2456 1859 2498 beneficiisque
1872 2468 1902 2487 in
1912 2457 2051 2498 rempub.
2060 2467 2127 2498 gra-

1173 2498 1289 2529 tissimae
1304 2502 1337 2532 3=3
1351 2507 1416 2527 tum
1428 2507 1511 2528 erant
1520 2497 1696 2538 graviffimis
1707 2499 1819 2533 verbis,
1834 2500 1865 2529 ὀί
1877 2500 2044 2530 sententiis.
2061 2499 2131 2529 Fla-

1172 2544 1261 2583 gitare
1280 2541 1397 2571 senatus
1417 2539 1525 2570 institit
1535 2542 1723 2574 Cornutum,
1745 2541 2010 2572 utreferretstatim
2021 2541 2056 2571 de
2067 2542 2127 2571 tuis

1174 2585 1290 2614 litteris.
1314 2583 1368 2612 Ille
1387 2581 1416 2611 se
1425 2580 1607 2612 considerare
1619 2584 1707 2612 velle.
1732 2585 1810 2613 Cum
1825 2586 1851 2613 ci
1863 2593 2009 2625 magnum
2019 2584 2130 2612 convi-

1176 2628 1258 2657 cium
1279 2624 1362 2655 fieret
1373 2623 1484 2654 cunero
1492 2624 1508 2655 a
1517 2624 1617 2655 senatu
1629 2626 1777 2666 :quinque
1789 2626 1902 2656 tribuni
1910 2626 2008 2666 plebei
2018 2625 2130 2654 retule-

2048 2674 2128 2696 runt.

1170 2742 1359 2769 Gulielmianis
1373 2762 1381 2775 ‚
1401 2741 1520 2768 editione
1531 2741 1645 2769 Vit‘iorii
1658 2762 1666 2774 ,
1685 2753 1734 2777 qut
1750 2745 1938 2775 lmbentspecicm
1952 2743 2029 2774 glorie
2037 2743 2130 2766 colltc'la

2140 2161 2187 2197 16

1169 2779 1441 2812 inanissimis-splendoris
1458 2780 1594 2812 infignibm.
1619 2786 1647 2803 ut
1656 2789 1763 2814 arguam
1775 2778 1916 2805 leffloiiein
1931 2777 2051 2803 Lambini
2063 2777 2130 2802 affe-
2171 2791 2175 2801 i

1171 2816 1265 2847 rentis,
1276 2825 1309 2841 ex
1321 2815 1401 2846 binis,
1413 2821 1441 2841 ut
1453 2814 1500 2844 ait,
1514 2815 1681 2840 Memmianis
1693 2814 1995 2845 collet‘lcimcxinaniffimix.
2017 2812 2131 2839 inferius

1173 2852 1234 2876 vero
1258 2851 1321 2877 mihi
1343 2850 1428 2887 placet
1442 2849 1554 2876 Palatini
1574 2851 1600 2875 ὃ(
1613 2850 1792 2876 Stewecliiani
1810 2849 1939 2885 scriptura
1951 2868 1958 2880 ‚
1977 2859 2049 2883 quum
2068 2858 2132 2874 com-

1168 2889 1255 2920 plexus
1266 2897 1301 2918 es,
1311 2895 1372 2917 tene,
1381 2889 1474 2920 peifiee.

1210 2932 1236 2958 3.
1256 2928 1311 2949 ‘Tum
1321 2921 1535 2956 erantgravffmis
1544 2923 1624 2947 verbu·
1641 2921 1669 2951 ᾧ*
1681 2921 1815 2955 sententiis.
1835 2921 1981 2954 E'agittire]
2004 2920 2061 2946 Alfi
2071 2921 2132 2954 fin-

1171 2963 1250 2984 tentiis
1265 2962 1346 2992 plenae.
1368 2958 1511 2984 Lambinus
1526 2958 1658 2990 perscripiae
1669 2977 1676 2987 ,
1697 2967 1744 2992 pro
1760 2960 1841 2990 pltat.
1862 2957 1903 2982 sed
1924 2956 1990 2982 illud
2012 2956 2132 2983 vocabuli

1151 2997 1152 3001 ’
1172 2994 1337 3022 subdititium
1350 2996 1378 3021 Sc
1390 2994 1527 3020 ciet-rosis
1539 3003 1589 3019 non
1601 2993 1649 3019 esl't·
1662 2993 1780 3023 simetrii-3
1804 2992 1974 3026 rejiciendum
1987 3000 2073 3018 tumen
2085 2999 2134 3020 aut

1151 3027 1152 3045 l
1174 3030 1363 3066 negligendum
1379 3040 1430 3056 non
1441 3027 1596 3055 arbitratur.
1622 3029 1696 3065 Qitl
1709 3040 1759 3055 non
1772 3030 1897 3056 Tulliana
1908 3030 1932 3055 in
1953 3028 2058 3054 rullio?
2078 3029 2133 3054 stu-

170 3061 246 3087 sei-tis
260 3061 376 3101 litteris,
390 3060 495 3101 syllabis
509 3082 515 3093 ‚
528 3072 681 3099 conceptum
693 3065 779 3092 habet.
803 3067 934 3102 Hittorpii
947 3076 1051 3102 quoque
1064 3067 1130 3093 liber
1151 3061 1152 3088 ἶ
1171 3076 1263 3103 por-ein
1275 3066 1388 3092 hominis
1402 3075 1410 3096 ς
1434 3065 1567 3091 Αδιίἰς.ει]ῑ
1578 3065 1603 3091 itl
1624 3074 1694 3091 certe
1715 3066 1781 3091 l’all.
1793 3066 1926 3091 stewech.
1943 3066 2065 3100 Hittorp.
2077 3065 2131 3090 Va-

160 3098 251 3129 sucata
259 3100 385 3132 agnoscit.
408 3098 539 3139 Palatinus
554 3101 614 3138 reru
627 3102 726 3135 primus
739 3121 746 3133 ,
759 3104 894 3134 fitgalorla.
914 3104 994 3137 vulgo
1011 3106 1131 3134 ,breriffi
1150 3100 1152 3127 l
1174 3111 1252 3128 ticini.
1280 3110 1360 3139 atque
1378 3101 1479 3129 dudum
1501 3101 1647 3129 »littei-ius.
1676 3101 1741 3130 licut
1758 3105 1785 3128 b:
1803 3101 1871 3129 illud
1892 3106 1928 3128 alt
1947 3101 1988 3128 vel
2007 3101 2064 3126 dicit
2081 3100 2135 3127 sta-

155 3135 297 3167 Jugacia&
314 3134 529 3167 civ-{ucacxssmim
549 3136 664 3171 superius
683 3138 770 3164 statim
789 3138 861 3165 edidi
882 3148 914 3165 ex
936 3138 1005 3166 l’all.
1017 3138 1132 3172 duobus,
1149 3129 1153 3168 l
1173 3139 1222 3166 tim
1234 3137 1301 3175 post.

2055 3168 2143 3206 LQo'

2334 2475 2337 2498 .¹

2334 2505 2337 2559 {l

2333 2561 2335 2582 l

2334 2627 2335 2644 l
