2360 3400
626 103 722 137 na
814 90 1109 141 Lucra

97 178 143 214 16
155 178 233 213 cleo,
254 173 467 209 conservandas
487 178 572 214 puto.
624 172 715 213 Qibd
735 171 754 203 fi
773 173 954 213 populorum
974 171 1074 214 justis,
1094 173 1114 205 fi

153 222 324 263 principum
337 218 462 248 decretis
476 236 484 250 ,
505 214 524 245 fi
538 215 838 255 sententiisjudicum
850 235 860 248 ,
875 216 941 254 jura
950 214 1114 246 constitue-

153 270 270 293 rentur:
287 261 337 299 jus
355 258 425 289 esset
442 259 628 288 latrocinari:
644 257 695 296 jus
713 257 889 286 adulterare:
908 258 958 295 jus
971 276 979 290 ‚
1004 256 1114 286 ¹testa-

151 304 254 333 menta
266 301 336 331 falsa
350 301 514 340 supponere
526 318 535 333 ,
561 298 582 328 fi
596 300 658 329 haec
672 297 816 339 suffragiis
828 318 836 331 ‚
856 307 904 328 aut
915 299 994 328 scitis
1006 298 1110 327 multi-

151 343 265 375 tudinis
282 342 486 383 probaientur.
510 344 583 382 Qae
604 340 622 370 fi
642 349 721 370 tanta
739 339 868 379 potestas
887 339 928 369 est
949 339 1106 369 stultorum

149 386 321 418 sententiis,
343 393 430 425 atque
445 381 527 424 juffis
541 403 549 417 ,
572 392 603 412 ut
617 392 722 412 eorum
737 380 881 421 suffragiis
895 391 994 411 rerum
1008 389 1108 411 natura

147 434 295 457 vertatur:
315 435 440 456 cuinon
452 426 604 458 sanciunt,
623 433 673 457 ut,
693 433 758 464 quae
770 424 845 452 mala
857 441 865 455 ,
881 422 1107 462 perniciosaque

148 468 236 501 sunt,
260 467 422 497 habeantur
435 477 489 507 pro
499 467 605 498 bonis,
627 476 658 495 ac
668 464 864 495 salutaribus?
884 473 934 493 aut
942 473 995 494 cur
1006 483 1015 496 ,
1034 466 1106 493 cun-i

141 510 192 549 jus
209 520 244 538 ex
264 510 370 549 injuria
389 510 434 538 lex
443 509 538 548 facere
552 506 652 548 poffit‚
672 507 788 536 bonum
808 504 912 535 eadem
931 505 1026 535 facere
1040 515 1105 535 non

145 550 234 591 poffit
243 561 280 581 ex
291 552 392 581 maio?
415 553 505 591 Atqui
517 559 573 579 nos
583 552 679 589 legem
692 548 804 578 bonam
815 548 830 577 a
843 548 918 577 mala
927 566 936 580 ,
957 547 1039 578 nulla
1049 547 1105 577 alia

144 591 200 623 nifi
219 603 329 623 naturae
349 602 456 623 norma
475 591 611 622 dividere
629 588 797 630 poss'umuS.
819 591 886 619 Nec
901 588 1001 619 solum
1010 590 1059 627 jus
1071 589 1104 618 δε

143 635 254 674 injuria
264 635 280 665 a
291 644 394 664 natura
402 635 582 671 dijudicatur
592 653 601 666 ,
613 632 660 662 sed
672 635 805 662 omnino
813 633 917 661 omnia
927 629 1059 663 honesta²
1071 641 1104 660 ac

145 679 250 717 turpia.
273 686 345 707 nam
357 677 389 706 δε
399 677 575 706 communis
591 674 788 715 intelligentia
802 672 891 703 nobis
906 681 992 702 notas
1004 682 1048 702 res
1058 671 1104 701 ef—

146 717 230 752 ficit,
252 719 357 759 easque
378 721 410 748 in
430 719 542 748 animis
561 715 670 746 nosti-is
688 717 863 748 inchoavit,
884 713 1052 744 uthonesta
1069 715 1103 744 in

141 761 253 790 virtute
270 769 439 800 ponantur,
461 763 492 789 in
511 760 593 789 vitiis
610 760 713 797 turpia.
741 759 814 787 Haec
824 764 924 786 autem
936 758 968 785 in
980 756 1105 796 opinione

142 801 315 832 existimare
325 821 333 834 ‚
355 811 419 831 non
431 804 461 831 in
473 809 578 829 natura
587 798 680 839 posita
691 818 699 832 ‚
718 798 869 828 dementis
879 796 930 827 est.
954 799 1035 827 Nam
1047 807 1103 828 nec

141 843 255 873 arboris
268 863 276 876 2
292 852 346 872 nec
355 846 425 883 equi
434 844 528 873 virtus
540 861 548 874 ‚
566 841 748 881 quaedicitui·
757 842 802 878 (in
811 849 872 880 quo
883 839 1033 869 abutimur
1043 848 1104 868 no-

140 886 238 923 mine)
251 887 283 914 in
299 887 444 924 opinione
458 882 507 912 sita
519 881 562 911 est
573 901 581 915 ,
604 882 653 911 sed
674 885 706 911 in
727 890 838 911 natura.
861 881 943 921 quod
958 879 978 909 si
994 883 1033 910 ita
1046 880 1101 914 est3

139 925 265 955 honesta
275 935 405 965 quoque,
419 924 450 953 &
462 925 557 963 turpia
566 942 574 956 ‚
586 932 687 953 natura
696 943 705 956 ,
718 922 908 962 dijudicanda
919 922 993 952 sunt.
1019 924 1100 952 Nam
1118 962 1119 966 Ἰ

140 966 163 996 fi
176 969 322 1006 opinione
337 966 474 996 universa
488 968 581 995 virtus
595 983 604 998 ‚
622 963 725 995 efidem
741 966 805 1002 ejus
818 965 909 994 etiam
923 973 1018 1003 partes
1030 973 1101 1004 pro—
1118 994 1119 1004 γ

139 1007 290 1038 barentur.
316 1010 393 1046 Quis
404 1010 494 1049 igitur
503 1007 681 1047 prudentem
694 1026 703 1040 ,
715 1006 758 1038 δε,
769 1015 802 1036 ut
811 1008 849 1036 ita
859 1005 956 1035 dicam
966 1025 975 1039 ‚
986 1015 1098 1039 catum,

139 1059 204 1080 non
215 1060 253 1080 ex
265 1048 353 1089 ipfius
362 1050 465 1079 habitu
478 1069 487 1082 ‚
504 1048 551 1079 sed
566 1058 605 1078 ex
617 1050 714 1088 aliqua
727 1058 757 1077 re
772 1047 1040 1086 externajudicet?
1058 1047 1102 1078 est

140 1093 225 1122 enim
239 1092 333 1121 virtus
348 1090 470 1132 perjesta
488 1099 572 1120 ratio.
595 1091 675 1131 quod
689 1090 766 1120 certe
779 1091 812 1119 in
822 1098 926 1119 natura
936 1088 988 1120 est.
1011 1091 1102 1130 igitur

83 1143 96 1169 1
107 1144 126 1179 7
141 1137 246 1163 omnis
257 1134 395 1164 honest-is
406 1134 513 1163 eodem
527 1132 631 1162 modo.
676 1134 757 1162 Nam
769 1141 800 1161 ut
810 1140 896 1164 vera,
917 1129 1027 1162 &falsa
1039 1151 1048 1165 ‚
1070 1140 1102 1162 ut

137 1176 350 1216 consequentia
362 1195 370 1208 ,
383 1175 414 1204 δε
423 1177 582 1208 contraria,
595 1174 644 1204 sua
654 1174 767 1214 sponte,
780 1182 844 1203 nou
856 1173 952 1203 aliena
963 1172 1098 1209 judicari·
1115 1203 1117 1212 ‚

137 1225 203 1247 tur:
223 1216 258 1246 sic
273 1217 411 1247 constans
422 1237 431 1250 ,
451 1216 484 1246 &
497 1225 635 1257 perpetua
650 1218 723 1246 ratio
738 1218 806 1246 vitae
818 1235 827 1249 ‚
847 1224 914 1255 quae
930 1213 973 1245 est
991 1216 1096 1249 virtus,

135 1259 272 1299 itemqm-
284 1258 482 1289 inconstantia
492 1278 500 1292 ‚
520 1258 601 1298 quod
616 1257 659 1288 est
672 1259 783 1288 vitium
795 1276 804 1291 ‚
824 1257 870 1288 sua
880 1265 981 1287 natura
993 1256 1097 1296 proba-

136 1308 194 1330 tur.
217 1304 232 1319 ²
243 1304 308 1330 Nos
326 1302 445 1342 ingenia
459 1301 603 1337 iuvenum
619 1309 682 1329 non
696 1302 769 1329 item
783 1299 818 1329 ad
831 1301 966 1340 ingenia:
986 1308 1097 1329 naturae

134 1351 260 1372 virtutes
273 1343 304 1372 &
316 1344 388 1373 vitia
399 1362 407 1376 ‚
428 1352 494 1382 quae
504 1340 647 1372 exsistunt
658 1342 694 1371 ab
705 1343 836 1382 ingeniis
845 1360 853 1374 ‚
866 1340 1100 1379 judicabuntur?

136 1393 174 1414 an
185 1394 216 1414 ea
228 1394 292 1414 non
303 1385 405 1415 aliter?
416 1383 550 1417 honesta,
562 1384 595 1413 δε
609 1384 716 1423 turpia,
728 1393 792 1413 non
800 1383 837 1412 ad
847 1391 984 1412 naturam
995 1382 1096 1415 referri

134 1424 252 1456 necefl'e
263 1427 339 1456 erit?
357 1426 439 1465 quod
451 1425 600 1455 laudabile
611 1425 727 1455 bonum
739 1423 782 1454 est
792 1444 800 1458 ,
821 1424 849 1452 in
858 1424 888 1464 si}
902 1422 1002 1454 habeat
1014 1425 1095 1465 quod

134 1467 271 1497 laudetur
287 1466 401 1497 necesse
419 1466 470 1496 est.
495 1468 593 1507 ipsum
612 1469 696 1495 enim
715 1466 831 1495 bonum
845 1485 853 1499 ,
877 1469 890 1493 3
902 1475 965 1495 non
977 1465 1019 1496 est
1030 1476 1096 1505 opi-

133 1509 280 1539 nionibus
292 1528 300 1541 ‚
321 1509 370 1538 sed
384 1517 495 1538 natura.
519 1518 589 1537 nam
604 1510 636 1536 ni
649 1510 688 1537 ita
698 1506 786 1540 esset,
808 1507 884 1536 beati
897 1517 1016 1547 quoque
1027 1511 1095 1547 opi—

132 1552 229 1580 nione
243 1548 346 1579 essent.
369 1559 431 1590 quo
445 1549 517 1590 quid
531 1550 591 1580 dici
606 1547 702 1588 potest
714 1547 851 1578 stultius?
874 1557 963 1587 quare
975 1558 1046 1577 curn
1061 1550 1094 1579 &

133 1591 252 1622 bonum
267 1611 275 1625 ‚
295 1591 328 1620 &
346 1592 462 1621 malum
483 1600 586 1622 natura
603 1590 774 1631 judicetur,
796 1590 872 1619 &ea
883 1587 1095 1629 sintpiincipia

132 1641 245 1663 naturae
259 1632 353 1662 :certe
365 1632 488 1663 honesta
498 1642 618 1674 quoque
631 1653 639 1666 ‚
651 1630 788 1672 &turpia
797 1651 806 1665 ‚
819 1630 910 1660 simili
921 1633 1036 1661 ratione
1047 1632 1094 1662 di-

128 1673 291 1716 judicanda
302 1694 310 1708 ,
321 1674 353 1704 ὃς
363 1674 401 1703 ad
408 1682 543 1704 naturam
553 1673 706 1704 referenda
716 1675 792 1704 sunt.
810 1673 868 1703 Sed
879 1673 1028 1712 perturbat
1037 1683 1095 1704 nos

127 1717 290 1757 opinionum
306 1717 434 1745 varietas
453 1719 678 1756 hominumque
697 1713 838 1745 diss'ensio
858 1724 863 1743 :
888 1714 921 1743 δε
940 1716 1009 1754 quia
1027 1725 1092 1746 non

129 1757 214 1787 idem
225 1759 377 1798 contingit
386 1759 419 1788 in
429 1758 571 1791 senfibus,
583 1758 638 1788 hos
648 1767 751 1787 natura
759 1765 855 1786 certos
864 1764 1003 1795 putamus
1014 1767 1019 1784 2
1030 1757 1092 1791 illa,

129 1809 196 1840 quae
205 1800 272 1830 aliis
282 1798 320 1829 sic
333 1819 342 1832 ,
362 1801 428 1829 aliis
438 1800 520 1830 secus
531 1819 539 1833 ,
555 1809 610 1829 nec
621 1798 728 1828 iisdem
741 1798 856 1837 semper
865 1806 928 1826 uno
937 1797 1034 1827 modo
1045 1801 1091 1828 vi—

129 1842 259 1875 dentur,
282 1840 349 1871 fieta
369 1840 427 1872 ess‘e
445 1841 588 1872 dicimus.
611 1840 693 1881 quod
711 1839 755 1870 est
774 1839 865 1878 longe
885 1839 977 1868 aliter.
1010 1841 1091 1869 Nam

125 1883 229 1913 sensus
239 1882 359 1913 nostros
369 1893 433 1913 non
441 1893 547 1924 parens
560 1903 567 1917 ‚
580 1893 642 1913 non
653 1884 756 1912 nutrix
768 1902 777 1915 ,
789 1890 852 1911 non
863 1879 1013 1921 magister.
1027 1890 1092 1911 non

128 1925 297 1965 poetamon
308 1924 394 1955 scena
404 1925 622 1965 depravat,non
635 1923 841 1954 multitudinis
850 1923 981 1953 consens
979 1932 1011 1952 us
1019 1922 1090 1952 4³1³-

125 1966 210 1996 duCit
221 1967 238 1997 a
251 1976 334 1996 vero.
357 1969 490 1996 Animis
503 1976 615 1997 omues
629 1975 838 1999 TENDUNTUR
855 1973 1000 1994 msmiae
1011 1984 1020 1997 ‚
1040 1965 1088 1994 vel

123 2007 162 2038 ab
173 2009 210 2037 iis
220 2029 229 2041 ,
248 2018 325 2048 quos
336 2008 431 2038 modo
441 2010 634 2041 enumeravi,
647 2010 698 2048 qui
710 2016 829 2037 teneros
838 2025 848 2038 ‚
862 2005 894 2036 &
905 2006 1006 2036 rudeis
1014 2005 1085 2035 cum

122 2058 318 2089 acceperunt,
339 2048 503 2083 inficiunt,
524 2050 556 2080 δε
567 2048 694 2079 ficetum
704 2068 713 2083 ,
732 2058 764 2086 ut
785 2049 911 2079 volunt:
933 2048 981 2077 vel
993 2048 1029 2077 ab
1042 2057 1085 2080 ea,

121 2100 189 2131 quae
207 2094 328 2132 penitus
346 2093 380 2120 in
398 2094 487 2121 omni
507 2091 592 2122 sensu
613 2091 765 2130 implicata
782 2088 888 2119 insidet
902 2109 912 2122 ,
937 2089 1087 2118 imitatrix

121 2132 186 2162 honi
198 2153 207 2167 ,
221 2132 352 2172 voluptas
362 2153 371 2167 ‚
392 2133 532 2162 malorum
540 2140 637 2161 autem
646 2140 738 2160 mater
746 2133 881 2160 omnium.
905 2132 951 2168 cuj
957 2141 990 2160 us
1002 2132 1085 2161 blan—

121 2174 204 2205 ditiis
214 2176 364 2215 corrupti,
377 2184 442 2216 quae
452 2184 557 2206 natura
567 2175 645 2207 bona
657 2175 726 2205 sunt
734 2193 743 2208 ‚
763 2176 834 2215 quia
843 2171 1003 2203 dulcedine
1016 2174 1080 2208 hac,

119 2263 174 2272 0—-

157 2287 182 2306 1.
200 2277 572 2312 Testamentafaffafitpponere]
594 2278 652 2305 Pal.
664 2284 774 2314 quartus
779 2277 904 2312 fitbjicere.

153 2323 183 2340 2.
201 2318 259 2348 ‘Kos
266 2317 360 2347 ingenia
362 2322 491 2347 Juvenum,
500 2324 544 2340 non
553 2317 620 2346 item,
629 2315 695 2348 elya]
710 2313 854 2340 Lambinus
864 2313 922 2338 heic
932 2313 998 2340 mit’e
1009 2312 1080 2340 ludit

116 2348 150 2376 de
160 2350 233 2376 corio
244 2350 393 2376 Cicereius.
414 2349 498 2386 Qod
509 2360 555 2376 nos
567 2350 781 2387 repiaeseiitamus
794 2369 802 2381 ,
824 2349 920 2376 nititur
930 2349 1076 2376 auetorita-

117 2393 145 2412 τε
157 2386 270 2413 νίξὶοτὶί
282 2405 291 2419 ,
313 2395 391 2421 quain
409 2386 527 2421 antiquis
538 2386 623 2414 libris-
631 2386 797 2413 sustentatam
818 2385 961 2414 affirmavit
971 2387 1077 2413 Turne-

117 2420 184 2449 bus:
206 2423 249 2448 cui
260 2422 318 2456 quis
329 2421 408 2448 fidem
420 2422 544 2457 deneget.

154 2466 167 2492 3
175 2478 181 2483 .
201 2462 253 2484 Non
262 2459 449 2490 effopinionibtu·
460 2458 504 2491 sed
510 2459 629 2492 naturas]
653 2459 695 2485 Sic
704 2459 784 2485 etiarn
794 2467 885 2485 ornnes
897 2458 953 2485 Pali
960 2478 967 2484 .
976 2459 1003 2484 &
1015 2459 1074 2484 Gu-

114 2493 256 2520 lielrniani.
277 2497 383 2529 vulgata
393 2503 476 2530 nuper
485 2497 511 2521 in
519 2496 743 2529 opinionibussedin
752 2503 844 2522 natura
856 2506 863 2520 .·
880 2494 1016 2530 quomodo
1027 2504 1074 2522 uec

114 2529 202 2556 Aldus
215 2528 312 2555 senior.

150 2573 179 2598 4.
199 2564 408 2591 Abducitae'ivero:
427 2565 514 2592 animis
530 2575 607 2592 omnes
615 2566 745 2592 tenduntur
762 2565 873 2599 infidia]
894 2565 1032 2593 Vif’torius
1043 2566 1071 2591 &

114 2600 255 2628 Turnebus
266 2600 436 2637 publicarunt
446 2620 455 2632 ‚
465 2601 561 2626 abducit
569 2613 577 2627 .-
594 2608 688 2627 atvero
697 2602 782 2628 animis
791 2611 852 2627 omn.
862 2603 913 2633 (ly-c.
933 2603 959 2628 ὃ(
971 2601 1004 2628 sic
1016 2602 1072 2629 fere

113 2637 173 2664 mff.
185 2637 276 2664 nostri.
298 2636 363 2663 nihil
375 2641 463 2662 tamen
475 2644 561 2663 muto.

153 2682 179 2707 5.
197 2676 225 2699 Si
227 2674 278 2706 sine
282 2675 374 2705 praemio
383 2674 482 2706 benig-na
492 2674 551 2706 eff]
574 2673 615 2699 Ita
626 2673 682 2699 Pal.
693 2680 782 2708 quai-t.
795 2682 856 2700 iiam
866 2679 931 2700 tert.
950 2675 1074 2707 benigntu,

108 2707 142 2735 δί
153 2710 180 2735 S.
191 2708 322 2740 Viftoris‚
333 2718 416 2744 neque
426 2708 504 2735 aliter
514 2708 599 2735 editio
610 2709 740 2736 Turnebi.
1089 2702 1092 2760 ἡ

145 2745 175 2771 6.
194 2747 267 2772 Nihil
280 2747 391 2778 exprimit
408 2746 520 2779 premia]
542 2745 585 2772 Sic
604 2745 664 2772 Pal.
682 2754 770 2782 quii-t.
790 2745 895 2773 Fabric.
915 2745 1034 2782 editique
1056 2747 1072 2773 a

112 2779 252 2807 Turnebo.
275 2781 379 2816 vulgata
389 2782 484 2813 emerit.

146 2824 175 2851 7.
194 2819 327 2850 suaspnme
336 2820 421 2843 virius·
429 2816 594 2851 expenditur]
617 2817 661 2844 Est
673 2819 688 2844 εἰ
700 2816 814 2844 νίξὶοι-ὶί
826 2817 944 2845 editione
957 2838 964 2852 ,
978 2819 1018 2845 cui
1029 2827 1071 2845 ac-

111 2851 185 2879 cedit
197 2852 367 2880 Turnebiana
381 2872 390 2885 ,
409 2852 454 2880 nisi
466 2852 535 2888 quod
547 2862 576 2879 ca
589 2853 685 2886 fiiapte.
706 2854 795 2880 Minus
816 2853 889 2880 rech:
900 2865 906 2880 ε
928 2854 1000 2888 quod
1011 2855 1072 2881 inde

113 2888 213 2923 colligo
232 2889 303 2924 quod
322 2888 380 2916 inff.
399 2889 479 2916 nostri
500 2896 613 2924 quatuor
632 2889 774 2916 exhibeant
792 2889 878 2916 solun-i
891 2891 979 2924 suapte
989 2910 996 2922 ‚
1018 2901 1069 2917 nou
1089 2890 1091 2909 ¹

113 2924 194 2951 etiam
203 2927 295 2957 sponte,
306 2932 430 2962 tanquam
443 2925 461 2952 fi
473 2933 584 2961 uti-aque
596 2935 646 2952 vox
659 2926 774 2953 conflata
783 2925 847 2953 effet
857 2927 883 2952 in
896 2936 986 2954 unam.
1001 2927 1072 2962 vulg.
1088 2936 1090 2951 ι

108 2961 157 2994 fica
166 2967 259 2985 natura
266 2964 350 2986 ‘vimu-
359 2965 485 2994 experitur.

153 2995 181 3021 8.
200 2999 225 3022 Si
243 3006 288 3022 non
300 3007 349 3022 eum
368 3000 442 3031 iinim
458 3005 558 3024 cernunt
563 3000 631 3031 grati
649 3000 687 3024 cui
706 2999 810 3031 restrum
823 3001 932 3032 gratiam
942 3002 952 3025 ,²
963 2999 977 3032 ]
1000 2998 1043 3025 Est
1055 2999 1070 3024 ἐι
1088 2975 1090 3017 y

113 3031 192 3058 Paiat
210 3051 215 3057 .
234 3031 298 3057 item
319 3035 333 3058 1<
340 3033 396 3059 abr.
415 3034 592 3070 expreffitque
611 3033 696 3060 Aldus
716 3036 818 3070 Nepos.
839 3044 923 3069 neque
945 3033 1072 3061 recedunt
1088 3030 1089 3053 ἶ

113 3067 252 3095 vietor-ius
262 3075 307 3094 aut
317 3068 469 3100 Turnebus,
480 3069 525 3096 nisi
536 3069 607 3105 quod
619 3071 649 3102 ii,
659 3072 701 3103 ipsi
707 3077 815 3096 cernunt.
835 3070 902 3097 liber
914 3074 941 3096 5.
954 3070 1070 3096 *siccioris

113 3102 192 3131 habet
203 3111 307 3131 tantum
320 3114 325 3130 :
340 3105 365 3136 fi
372 3114 416 3129 non
425 3114 475 3129 eum
484 3106 527 3138 ipsi
535 3109 707 3140 cernuntgmii
718 3110 728 3132 ,Ρ
746 3109 785 3132 ubi
795 3108 835 3133 illa
847 3126 855 3140 ‚
865 3108 915 3139 &a
935 3115 995 3134 autc
1006 3107 1070 3141 cusi,

106 3147 162 3170 ,aem
169 3140 255 3176 e'pfiim‚
265 3142 304 3167 cui
313 3138 542 3175 reseruntgratidm‚
551 3143 594 3176 ipsi
602 3149 701 3169 ceruum
706 3145 773 3176 grati
783 3146 793 3169 ἓ
1086 3142 1090 3171 l

1148 111 1238 142 trs
1338 98 1511 147 L1n.
1605 100 1640 148 1.

1993 120 2113 171 1191

1133 176 1286 210 {&scabie
1299 187 1418 213 cai-ent,
1439 189 1504 211 non
1514 181 1668 211 cernimus
1680 182 1758 213 satis.
1802 182 1959 225 Sequitur,
1984 193 2016 216 ut
2033 195 2110 216 con·
2136 191 2173 224 ¹8

1131 219 1228 271 ¹clusa
1243 220 1320 249 mihi
1334 222 1394 258 jam
1409 222 1471 251 haec
1485 220 1518 252 sit
1533 226 1636 253 omnis
1650 226 1742 257 ratio,
1765 224 1806 262 (id
1822 225 1902 264 quod
1918 235 1984 257 ante
2001 229 2106 258 oculos

1130 288 1131 310 ἱ
1148 268 1186 288 ex
1202 262 1240 289 iis
1254 260 1296 291 est
1307 281 1315 294 ‚
1337 272 1401 303 quae
1414 262 1494 293 dicia
1506 264 1582 304 sunt)
1595 265 1629 297 ὼ
1641 266 1691 304 jus
1702 286 1710 299 ,
1732 266 1766 298 ἐν
1782 277 1859 296 omns
1880 267 2017 304 honestum
2028 289 2036 303 ‚
2053 270 2110 309 fica

1139 301 1235 339 sponte
1244 302 1291 339 effe
1300 304 1489 344 expetendum.
1508 309 1628 337 Etenim
1641 318 1750 337 omnes
1761 311 1817 338 viri
1829 308 1902 338 boni
1913 311 2004 350 ipsam
2017 313 2112 352 :equi-

1128 373 1129 378 ,
1146 351 1236 372 tatem
1249 363 1258 377 ,
1280 344 1476 386 &jusipsuni
1490 357 1590 378 amant
1602 368 1610 382 ,
1630 359 1686 379 nec
1699 348 1741 379 est
1756 352 1812 379 viii
1827 351 1898 380 boni
1911 371 1920 384 2
1942 362 2054 386 errare,
2075 354 2109 384 Sc

1148 383 1269 424 diligere
1282 405 1289 418 ‚
1310 387 1392 426 quod
1406 397 1456 427 per
1471 388 1498 418 i'e
1509 399 1572 419 non
1585 389 1617 420 fit
1627 390 1826 432 diligendum.
1851 393 1942 422 Perse
1958 403 2048 434 igitur
2059 404 2109 433 jus

1147 424 1189 471 ei}
1199 428 1402 471 expetendum
1417 449 1426 462 ,
1448 429 1664 462 &colendum
1687 433 1768 472 quod
1780 432 1860 473 sijus
1871 434 1929 464 est:
1952 445 2040 465 ctiam
2063 437 2108 471 iu-

1146 465 1232 496 stitia.
1256 466 1293 497 sic
1311 470 1344 498 in
1363 471 1534 514 eareliquae
1554 482 1673 514 quoque
1690 476 1813 504 virtutes
1826 495 1835 507 ,
1859 485 1910 514 per
1923 476 1951 505 se
1971 477 2107 508 colendae

1146 507 1222 537 sunt.
1248 510 1351 549 Qijid?
1371 517 1700 554 tiberaizmrgi·atiiitane
1710 515 1753 545 est
1765 536 1773 549 ‚
1789 526 1826 546 an
1839 521 2019 548 mercenaria
2033 521 2043 547 ?
2063 523 2075 546 5
2085 518 2105 550 fi

1122 585 1123 588 Ἴ
1143 547 1203 578 fine
1212 559 1336 590 praemio
1348 552 1476 594 benigna
1487 554 1539 588 est,
1552 559 1675 596 gratuita
1688 568 1691 585 :
1705 555 1723 586 si
1734 567 1803 587 cum
1816 559 1952 588 mercede
1963 579 1971 592 ,
1985 560 2084 590 condu
2094 577 2103 582 -

1121 598 1123 629 l
1145 589 1207 638 &af
1230 602 1283 621 nec
1297 592 1339 622 est
1353 594 1479 624 dubium
1493 616 1501 628 ,
1523 600 1597 636 quin
1611 600 1634 627 is
1646 618 1653 632 ,
1672 601 1725 639 qui
1744 599 1873 628 liberalis
1885 619 1893 632 ,
1915 599 2104 639 benignusvc

1143 632 1263 666 dicitur,
1274 632 1421 669 officium,
1438 646 1501 666 non
1511 637 1642 669 fiucium
1655 640 1801 680 sequatur.
1819 644 1897 681 Ergo
1909 642 1979 671 item
1990 641 2104 679 yiistitia

1120 682 1122 718 j
1139 672 1154 693 ⁶
1166 675 1243 704 nihil
1256 685 1402 715 exprimit
1415 682 1534 716 praemii
1547 699 1554 712 ‚
1570 682 1647 710 niiiil
1660 684 1748 720 pretii
1761 702 1768 715 ‚
1789 692 1840 722 per
1851 676 2104 724 seigirurexpeti—

1119 720 1121 769 A
1140 724 1196 745 tur.
1218 716 1382 758 eademque
1401 723 1543 750 omnium
1565 732 1711 753 virtutum
1732 725 1813 754 causa
1828 744 1834 756 2
1854 733 1939 764 atque
1956 725 2103 757 sententia

1119 794 1120 805 ἵ
1141 756 1193 788 est.
1216 762 1313 798 Atque
1328 762 1417 789 ctiam
1429 759 1447 790 fi
1460 763 1676 793 emolumentis
1687 784 1694 797 ‚
1719 775 1782 794 non
1800 771 1814 793 7
1826 766 1873 795 sua
1888 767 1991 805 sponte
2007 769 2101 798 virtus

1119 810 1121 830 ι
1140 801 1339 839 expenditur,
1363 811 1421 830 una
1441 806 1496 832 erit
1513 806 1607 834 virtus
1620 825 1628 837 ‚
1646 816 1710 845 quae
1721 806 1837 835 malitia„
1848 807 2006 838 refihffime
2017 808 2101 839 dice-

1119 846 1120 885 ]
1139 849 1196 870 tur.
1220 844 1262 871 Ut
1272 845 1355 872 enirn
1366 844 1490 884 quisque
1502 855 1635 876 maxime
1651 848 1686 876 ad
1699 847 1784 877 suum
1796 849 1997 879 commodum
2010 849 2098 881 refert

1137 893 1334 924 quaecumque
1343 894 1401 925 agit
1413 905 1421 918 ‚
1433 895 1471 916 ita
1483 888 1614 917 minime
1624 887 1666 918 est
1676 889 1832 919 virbonus
1845 902 1852 923 ;.
1872 899 1921 923 ut,
1935 900 1997 930 Qti
2016 901 2033 921 v
2042 902 2101 922 tR-

1137 934 1257 955 TUTEM
1276 929 1402 965 praemio
1428 937 1593 959 metiuntur
1605 949 1613 962 ,
1635 931 1749 960 mulam
1761 933 1902 967 virtutem
1915 952 1923 965 ,
1946 931 1998 962 nisi
2011 934 2100 963 mali-

1118 1007 1119 1012 1
1135 968 1208 996 tiam
1228 977 1342 1006 putent.
1367 969 1428 998 Ubi
1447 979 1529 999 enim
1549 970 1700 1001 beneficus
1714 992 1722 1005 ,
1745 970 1870 1002 sinemo
1881 974 2000 1003 alterius
2010 975 2093 1005 causa

1118 1014 1119 1018 ’
1137 1007 1266 1053 benigne
1278 1009 1348 1040 facit
1361 1011 1428 1040 ?ubi
1437 1020 1550 1050 gratus,
1563 1008 1577 1031 8
1588 1011 1607 1042 si
1620 1023 1682 1043 non
1693 1024 1763 1043 eum
1776 1014 1872 1054 ipsum
1885 1025 2010 1046 cernunt
2019 1017 2094 1057 grati

1136 1059 1184 1079 cui
1194 1053 1326 1081 referunt
1335 1054 1457 1093 gratiarii
1471 1056 1480 1082 ?
1499 1058 1514 1080 9
1525 1055 1574 1084 ubi
1585 1055 1635 1084 illa
1648 1054 1743 1085 sancta
1754 1056 1888 1085 amicitia
1900 1076 1908 1090 ,
1928 1055 1946 1086 si
1958 1067 2021 1087 non
2034 1058 2095 1097 ipse

1133 1094 1249 1122 amicus
1267 1103 1317 1132 per
1336 1094 1364 1123 se
1384 1104 1498 1125 amatur
1518 1104 1573 1126 roto
1589 1095 1714 1138 ρεέἰονε,
1736 1107 1768 1127 ut
1789 1097 1920 1128 dicitur?
1939 1101 1991 1139 qui
2004 1102 2093 1129 etiarn

1133 1133 1330 1169 deserendus,
1353 1135 1386 1166 &
1399 1137 1585 1174 abjiciendus
1603 1137 1644 1168 est
1658 1158 1665 1171 ‚
1686 1138 1843 1178 desperatis
1861 1141 2094 1174 emolumentis,

1134 1175 1167 1205 ὃς
1185 1175 1343 1207 fluetibus.
1367 1188 1428 1219 quo
1449 1180 1522 1219 quid
1539 1179 1637 1219 potest
1657 1180 1715 1210 dici
1736 1183 1901 1211 immanius
1921 1187 1931 1212 ?
1963 1181 2053 1220 Quod
2067 1180 2094 1214 'fi

1115 1218 1262 1262 Jamicitia
1280 1228 1332 1258 per
1350 1220 1378 1250 se
1397 1221 1522 1251 colenda
1543 1220 1604 1255 est,
1629 1222 1751 1251 societas
1768 1232 1888 1263 quoque
1906 1224 2071 1253 hominurn
2084 1243 2094 1258 ‚

1114 1298 1116 1306 Ι
1134 1260 1166 1289 &
1178 1262 1328 1300 aequalitas
1340 1281 1348 1294 2
1360 1261 1392 1292 ὃς
1403 1261 1513 1300 justitia
1525 1283 1532 1296 ‚
1544 1272 1596 1303 per
1606 1263 1635 1298 ,se
1647 1264 1824 1303 expetenda,
1848 1265 1936 1304 Quod
1948 1266 1979 1295 n'i
1990 1268 2030 1295 ita
2040 1264 2094 1299 est,

1133 1311 1264 1332 omnino
1275 1302 1385 1340 justitia
1395 1305 1479 1334 nulla
1489 1304 1540 1334 est.
1563 1304 1597 1338 id,
1611 1308 1694 1335 enim
1711 1308 1971 1344 INJusT1351MUM
1993 1317 2094 1338 IPSUM

1134 1353 1188 1373 i-:sr
1206 1363 1214 1377 ,
1237 1353 1403 1380 JuSTITIAE
1427 1356 1618 1377 MERCEDEM
1639 1356 1816 1385 QAERERE.

1133 1385 1278 1416 modestia
1290 1406 1298 1420 ‚
1318 1387 1392 1427 quid
1403 1388 1439 1418 de
1450 1391 1644 1429 temperantia
1655 1409 1663 1422 ‚
1674 1390 1746 1429 quid
1757 1389 1792 1419 de
1800 1392 1990 1420 continentia
1999 1410 2007 1423 ,
2021 1390 2095 1430 quid

1113 1427 1115 1437 ¹
1132 1427 1168 1457 de
1179 1428 1358 1459 verecundia
1369 1449 1377 1463 ‚
1400 1430 1530 1468 pudore.
1551 1430 1754 1471 pudicitiaque
1768 1431 1925 1461 dicemus?
1942 1427 2093 1462 infamiae'-

1130 1479 1170 1499 ne
1185 1479 1267 1499 metu
1286 1480 1350 1500 non
1363 1469 1421 1503 ess'e
1433 1472 1626 1511 petulanteis:
1649 1483 1686 1502 an
1698 1479 1796 1512 legum
1811 1493 1819 1506 ‚
1840 1473 1873 1502 &
1886 1473 2095 1511 judiciorum?

1131 1513 1315 1542 Innocentes
1329 1522 1397 1552 ergo
1408 1532 1417 1545 ,
1439 1514 1471 1543 δε
1482 1513 1642 1547 verecundi
1657 1514 1741 1547 sunt,
1763 1522 1797 1543 ut
1815 1513 1878 1543 bene
1894 1514 2032 1548 audiant,
2059 1515 2093 1545 δε

1131 1561 1162 1581 ut
1175 1562 1329 1583 rumorem
1341 1553 1459 1583 bonum
1480 1557 1683 1595 ¹0colligant?
1714 1556 1900 1584 Erubescunt
1921 1556 2024 1594 pudici
2045 1563 2092 1586 et·

1129 1595 1189 1623 iam
1210 1596 1294 1634 loqui
1305 1594 1342 1623 de
1359 1595 1509 1633 pudicitia.
1536 1600 1561 1615 ¹¹
1575 1606 1607 1626 ac
1626 1605 1676 1625 me
1695 1598 1790 1624 nimis
1807 1595 1934 1625 istorum
1954 1597 2092 1634 philoso-

1126 1636 1257 1674 phorum
1277 1636 1383 1674 pudet,
1404 1638 1456 1676 qui
1470 1637 1591 1667 nullum
1608 1638 1719 1671 vitium
1732 1645 1822 1666 vitare
1835 1656 1843 1669 ,
1866 1635 1920 1667 nisi
1933 1637 2089 1676 ”judicio

1128 1676 1192 1715 ipso
1212 1686 1350 1707 notatum
1365 1697 1374 1711 ‚
1392 1687 1507 1717 putant.
1539 1678 1621 1718 Qiid
1634 1681 1742 1708 enim?
1761 1677 1917 1718 poss'umus
1928 1689 1978 1709 eos
1992 1699 2000 1712 ,
2020 1681 2092 1720 quia

1108 1735 1110 1758 J
1129 1718 1231 1757 stupro
1241 1728 1376 1749 arcentur
1385 1719 1520 1752 intamiae
1531 1730 1613 1750 metu
1625 1741 1633 1753 ‚
1660 1720 1788 1759 pudicos
1800 1720 1896 1750 dicere
1909 1741 1917 1754 ‚
1941 1719 2013 1750 cum
2026 1722 2089 1761 ipsa

1108 1761 1109 1765 ’
1128 1763 1158 1787 ¹3
1170 1761 1293 1798 infamia
1303 1768 1414 1802 propter
1432 1762 1471 1790 rei
1485 1762 1690 1803 turpitudinem
1705 1762 1914 1802 consequatur&
1934 1772 2003 1792 iiam
2013 1763 2086 1806 quid

1125 1810 1175 1831 aut
1186 1805 1217 1827 ¹4
1226 1801 1336 1832 laudari
1346 1803 1402 1831 rite
1413 1821 1421 1835 ‚
1440 1812 1489 1832 aut
1501 1806 1659 1842 vituperari
1670 1805 1777 1842 potest,
1793 1807 1818 1829 15
1833 1801 1853 1832 fi
1863 1802 1900 1833 ab
1910 1803 1974 1842 ejus
1986 1800 2090 1835 natura

1126 1840 1273 1872 recess'eris
1286 1862 1295 1875 ‚
1310 1843 1394 1882 quod
1402 1852 1453 1873 aut
1462 1844 1644 1878 laudandum
1656 1864 1664 1879 ‚
1676 1853 1726 1875 aut
1735 1844 1965 1884 vituperandum
1977 1846 2061 1884 pute‘s
2074 1848 2087 1876 ?

1125 1893 1171 1913 AN
1185 1893 1346 1913 CORPORIS
1357 1893 1578 1918 animvm-Aras,
1594 1884 1614 1914 si
1626 1896 1714 1915 erunt
1725 1884 1917 1927 pei-insignes,
1932 1887 2088 1919 habebunt

1122 1925 1236 1965 aliquid
1247 1923 1423 1955 offensionis
1436 1937 1442 1955 ;
1461 1929 1556 1957 animi
1567 1926 1741 1957 deformitas
1753 1937 1817 1957 non
1831 1928 1951 1958 habebit
1967 1930 1977 1957 ?
1998 1929 2085 1968 cujus

1125 1966 1280 2006 turpitudo
1289 1976 1327 1997 ex
1337 1966 1404 2006 ipsis
1415 1970 1496 1999 vitiis
1506 1968 1652 2003 facillime
1666 1970 1778 2009 percipi
1787 1968 1893 2009 potest.
1915 1969 1988 2010 quid
1999 1973 2084 2001 enim

1121 2008 1231 2038 foedius
1241 2011 1373 2042 avaritia,
1391 2010 1464 2049 quid
1477 2012 1643 2040 immanius
1654 2010 1780 2040 libidine
1792 2031 1801 2044 ,
1814 2011 1886 2052 quid
1897 2014 2085 2042 contemtius

1120 2051 1281 2080 timiditate
1295 2070 1303 2083 ,
1316 2054 1388 2091 quld
1400 2051 1544 2089 abjectius
1555 2052 1689 2082 tarditate
1701 2073 1710 2085 ‚
1723 2053 1754 2082 &
1765 2051 1961 2083 stuititiadici
1972 2053 2085 2093 potest?

1122 2092 1202 2130 Quid
1227 2095 1320 2133 ergo?
1345 2103 1412 2126 eos,
1431 2096 1483 2133 qui
1503 2092 1627 2133 singulis
1642 2096 1724 2124 vitiis
1737 2095 1910 2128 excellunt,
1930 2104 2081 2126 autetiam

1120 2133 1278 2173 pluribus;
1297 2143 1416 2174 propter
1438 2135 1567 2168 damna,
1589 2144 1639 2165 aut
1656 2135 1856 2170 detrimentem
1879 2139 2084 2167 autcruciatus

1104 2195 1105 2200 ,
1121 2177 1239 2217 aliquos
1251 2195 1262 2209 ‚
1283 2176 1409 2206 miseros
1427 2175 1484 2206 effe
1502 2177 1632 2207 dicimus
1643 2197 1652 2212 ,
1673 2186 1708 2207 an
1721 2187 1839 2218 propter
1849 2179 1912 2208 vim
1925 2198 1934 2213 ,
1954 2179 2083 2218 turpitu-

1989 2220 2085 2249 dinem

1153 2286 1182 2313 9.
1203 2279 1246 2304 Ubi
1255 2279 1295 2304 illa
1302 2279 1391 2313 sanfffa
1400 2279 1534 2313 amicitias]
1557 2278 1616 2305 1³21.
1627 2285 1716 2314 quart.
1726 2279 1771 2303 tibi
1779 2278 1932 2312 ullasanffa,
1943 2277 2013 2313 qued
2024 2287 2078 2306 non

1119 2315 1157 2341 ita
1168 2314 1303 2341 'inficetum
1317 2314 1400 2341 videri
1411 2322 1503 2350 que-it.

1160 2359 1200 2376 ιο.
1212 2353 1324 2384 Colligam
1335 2356 1345 2378 ,Ρ
1354 2352 1490 2385 eruhefiunt
1495 2350 1576 2383 pudici
1584 2353 1655 2376 etiam
1663 2352 1725 2384 loqui
1735 2349 1760 2374 de
1765 2349 1911 2383 pudicitia]
1929 2349 1973 2374 Sic
1983 2347 2080 2377 Υἰξὶοτ

1119 2387 1227 2414 ῑὶιωειὸι
1246 2387 1410 2413 rui-nebiana
1425 2396 1433 2417 3
1454 2395 1538 2422 neque
1550 2387 1627 2413 aliter
1639 2385 1797 2412 membranae
1808 2387 1834 2411 S.
1849 2384 1964 2411 Vmor-is
1978 2405 1986 2417 ‚
2016 2394 2078 2420 uam

1118 2423 1188 2459 quod
1201 2423 1310 2449 meliore
1330 2422 1415 2450 forsan
1429 2422 1512 2459 positu
1527 2442 1534 2454 ‚
1553 2423 1578 2447 de
1594 2423 1711 2456 pudicitia
1720 2424 1790 2456 loqui.
1813 2421 1876 2447 nihil
1898 2421 1944 2448 hac
1962 2395 2084 2456 legione

1116 2460 1233 2489 cei-tius;
1257 2467 1286 2485 ut
1297 2459 1361 2485 nilzil
1374 2460 1489 2495 ineptius
1503 2459 1687 2485 Lambinianii.
1711 2459 1749 2485 1351
1760 2458 1846 2493 potior
1857 2458 1886 2482 ὅτ
1898 2457 1953 2483 Pal.
1965 2457 2072 2493 quarti:

1116 2497 1232 2529 colligant,
1242 2496 1388 2529 erubescunt.
1408 2495 1483 2520 Pudet
1487 2496 1540 2528 jam
1550 2496 1611 2529 loqui
1619 2495 1681 2528 quoii
1687 2494 1814 2526 pudicitia.
1825 2496 1871 2519 Ac.
1881 2495 1931 2524 &a
1953 2501 1982 2519 ut
1994 2493 2079 2527 fuci-'ig

1116 2532 1282 2562 ἀποσιώπησις
1295 2551 1302 2562 ,
1323 2541 1407 2567 neque
1417 2532 1494 2558 aliter
1507 2531 1603 2557 tertius
1614 2538 1659 2557 aut
1671 2532 1685 2556 1<
1692 2530 1839 2556 abricianus
1853 2548 1861 2560 ,
1872 2531 1952 2564 quain
1964 2529 2034 2564 quod
2046 2529 2083 2561 ii,

1112 2569 1174 2601 loqui
1184 2569 1210 2593 de
1224 2569 1352 2600 pudicitia.
1364 2575 1437 2594 retro
1451 2567 1556 2602 vulgata
1566 2566 1692 2594 habebat:
1714 2566 1863 2600 erubescunt:
1883 2565 1913 2596 61¹
1917 2565 1990 2597 pudet
1998 2567 2077 2598 impu-

1115 2604 1168 2629 di‘ca
1179 2606 1249 2637 loqui.
1269 2607 1314 2629 Ac.

1154 2649 1163 2666 1
1174 2649 1194 2666 i.
1206 2642 1241 2665 Ac
1251 2649 1285 2665 me
1294 2639 1362 2665 nimie
1371 2641 1463 2672 istorum
1471 2639 1651 2672 'Philisiiphorum
1656 2637 1755 2671 pudet]
1774 2636 1887 2672 Egregie
1898 2635 1968 2663 hunc
1977 2635 2069 2663 locum·

1113 2675 1218 2702 correxi
1229 2685 1263 2702 ex
1276 2675 1343 2701 i’all.
1358 2677 1422 2702 ineis
1434 2677 1459 2701 ὃ(
1473 2674 1639 2701 Fabriciino.
1658 2674 1722 2699 olim
1734 2673 1804 2699 euim
1817 2673 1868 2699 cusi
1882 2692 1890 2704 ,
1908 2675 1988 2699 Acme
2000 2676 2075 2698 nimi-

1114 2713 1275 2744 rumiistorum
1291 2713 1356 2738 Phil.
1376 2710 1512 2737 ViE‘torius
1531 2710 1661 2745 abjecerat
1679 2712 1793 2735 nimirum
1807 2728 1815 2740 ,
1835 2718 1920 2743 neque
1939 2715 2077 2745 comparet

1113 2748 1140 2774 in
1161 2747 1251 2774 codice
1271 2749 1298 2773 S.
1320 2747 1446 2774 ritimis.
1466 2747 1600 2773 cohaerent
1618 2747 1672 2772 liaec
1690 2754 1750 2772 cuin
1770 2744 1946 2781 superioribus
1958 2754 1966 2775 ;
1988 2754 2078 2780 neque

1115 2783 1257 2820 quidquam
1268 2783 1351 2814 deest,
1363 2792 1392 2809 ut
1406 2783 1543 2809 videbatui·
1554 2781 1691 2808 Turnebo.

1154 2829 1195 2846 12.
1214 2820 1364 2854 Judicioipfi
1373 2820 1506 2853 notatum]
1529 2818 1607 2845 Haud
1626 2816 1786 2844 aureridem
1805 2815 1961 2844 &Vi-§ioris
1973 2835 1982 2849 ‚
2003 2816 2075 2844 item*

1113 2855 1179 2882 editi
1191 2858 1205 2881 a
1219 2855 1288 2881 Vie'c.
1300 2856 1327 2881 δε
1340 2857 1425 2882 Tui-n.
1439 2856 1559 2891 vulgata,
1570 2855 1718 2880 mulHamm.

1153 2900 1192 2925 ¹3-
1214 2894 1318 2924 Infamia
1331 2899 1426 2924 propter
1440 2895 1473 2916 rei
1483 2891 1651 2924 turpitudinm
1662 2889 1839 2924 con-[equarum]
1863 2887 1977 2915 ViEiorii
1988 2887 2074 2915 editio

1108 2928 1273 2960 fbrmidinem5
1294 2936 1379 2963 neque
1388 2928 1466 2954 aliter
1477 2930 1502 2954 S.
1515 2926 1631 2953 Vifitoris
1644 2926 1780 2958 volumem*
1790 2933 1837 2952 aut
1847 2925 1904 2952 Pal.
1915 2932 1980 2952 tert.
1994 2925 2073 2951 restat

1113 2970 1199 2990 tamen
1212 2964 1325 2989 alterum
1337 2973 1362 2989 iu
1374 2964 1468 2990 ceteris
1479 2963 1584 2990 nostris.

1152 3007 1194 3032 14.
1214 3000 1326 3024 Laudari
1336 3001 1379 3025 rire
1389 3007 1432 3026 aut
1440 3001 1578 3032 vituperari
1591 2998 1693 3033 porea]
1714 2999 1756 3024 Ita
1765 2997 1822 3024 fere
1841 2997 1966 3033 pluteari'i
1978 2996 2071 3027 nostri,

1113 3035 1160 3061 nisi
1171 3036 1241 3071 quod
1254 3043 1342 3070 quai-t.
1363 3035 1468 3062 aFabr.
1485 3036 1585 3061 laudari
1601 3035 1617 3060 ἃ
1636 3042 1668 3061 te.
1689 3033 1831 3061 Tui-nebus
1851 3033 1960 3060 'induxit
1977 3042 1994 3059 e
2013 3031 2073 3065 mss.

1110 3071 1222 3103 laudare,
1231 3072 1291 3102 Tite,
1302 3079 1345 3097 aut
1354 3074 1494 3104 vituperare.-
1501 3080 1574 3104 potes.
1597 3080 1647 3097 uon
1659 3069 1764 3106 sequor.

1151 3116 1159 3132 i
1167 3115 1191 3140 5.
1211 3111 1238 3134 Si
1246 3108 1277 3132 ab
1285 3107 1333 3140 ejus
1343 3115 1434 3133 natura
1446 3107 1587 3141 νικῶντι]
1599 3108 1640 3134 Ita
1650 3107 1731 3133 nostri
1740 3106 1857 3142 aliquot,
1868 3114 1934 3132 unus
1945 3112 2032 3131 tamen
2045 3103 2075 3129 δε

1111 3141 1215 3176 alter‚eo
1225 3143 1601 3179 nat.recffzrir,quod·admifit
1611 3141 1713 3171 weh&
1725 3143 1901 3178 Turnumque
1913 3139 2071 3209 imme-{obpu-

1953 3185 1962 3203 ι
1970 3195 1976 3202 ,
1986 3180 1990 3186 ’
2008 3184 2018 3199 α
2027 3190 2033 3199 i
2040 3183 2081 3199 re·-

1861 1348 1942 1388 Qid
1961 1348 2034 1378 vero
2057 1349 2094 1379 de
2119 1353 2159 1387 ¹9
