<?xml version="1.0" encoding="UTF-8"?>
<!DOCTYPE html PUBLIC "-//W3C//DTD XHTML 1.0 Transitional//EN"
    "http://www.w3.org/TR/xhtml1/DTD/xhtml1-transitional.dtd">
<html xmlns="http://www.w3.org/1999/xhtml" xml:lang="en" lang="en">
 <head>
  <title>
</title>
<meta http-equiv="Content-Type" content="text/html;charset=utf-8" />
  <meta name='ocr-system' content='tesseract 3.04.00' />
  <meta name='ocr-capabilities' content='ocr_page ocr_carea ocr_par ocr_line ocrx_word'/>
</head>
<body>
  <div class='ocr_page' id='page_1' title='image "./mtuliiciceroniso00cice_0434.png"; bbox 0 0 2295 3400; ppageno 0'>
   <div class='ocr_carea' id='block_1_1' title="bbox 124 1745 964 1788">
    <p class='ocr_par' dir='ltr' id='par_1_1' title="bbox 124 1745 964 1788">
     <span class='ocr_line' id='line_1_1' title="bbox 124 1745 964 1788; baseline 0 -12"><span class='ocrx_word' id='word_1_1' title='bbox 124 1754 170 1788; x_wconf 79' lang='lat'>27</span> <span class='ocrx_word' id='word_1_2' title='bbox 184 1746 284 1786; x_wconf 65' lang='lat' dir='ltr'>paliim</span> <span class='ocrx_word' id='word_1_3' title='bbox 302 1756 410 1776; x_wconf 85' lang='lat' dir='ltr'>omnes</span> <span class='ocrx_word' id='word_1_4' title='bbox 430 1747 515 1776; x_wconf 88' lang='lat' dir='ltr'>laturi</span> <span class='ocrx_word' id='word_1_5' title='bbox 533 1745 646 1780; x_wconf 78' lang='lat' dir='ltr'>essent,</span> <span class='ocrx_word' id='word_1_6' title='bbox 666 1748 904 1778; x_wconf 83' lang='lat' dir='ltr'>condemnatum</span> <span class='ocrx_word' id='word_1_7' title='bbox 918 1750 964 1777; x_wconf 89' lang='lat' dir='ltr'>iri.</span> 
     </span>
    </p>
   </div>
   <div class='ocr_carea' id='block_1_2' title="bbox 178 123 1093 190">
    <p class='ocr_par' dir='ltr' id='par_1_2' title="bbox 178 123 1093 190">
     <span class='ocr_line' id='line_1_2' title="bbox 178 123 1093 190; baseline -0.001 -17"><span class='ocrx_word' id='word_1_8' title='bbox 178 126 272 190; x_wconf 80' lang='lat'>360</span> <span class='ocrx_word' id='word_1_9' title='bbox 579 127 646 175; x_wconf 88' lang='lat' dir='ltr'>M.</span> <span class='ocrx_word' id='word_1_10' title='bbox 730 123 1093 174; x_wconf 75' lang='lat' dir='ltr'>TULL11</span> 
     </span>
    </p>
   </div>
   <div class='ocr_carea' id='block_1_3' title="bbox 172 205 1150 2703">
    <p class='ocr_par' dir='ltr' id='par_1_3' title="bbox 172 205 1150 2703">
     <span class='ocr_line' id='line_1_3' title="bbox 172 205 1129 248; baseline 0.001 -13"><span class='ocrx_word' id='word_1_11' title='bbox 172 205 232 235; x_wconf 85' lang='lat' dir='ltr'>sare</span> <span class='ocrx_word' id='word_1_12' title='bbox 244 214 378 236; x_wconf 80' lang='lat' dir='ltr'>mentem</span> <span class='ocrx_word' id='word_1_13' title='bbox 392 205 482 240; x_wconf 83' lang='lat' dir='ltr'>suam,</span> <span class='ocrx_word' id='word_1_14' title='bbox 494 208 600 247; x_wconf 84' lang='lat' dir='ltr'>eoepit:</span> <span class='ocrx_word' id='word_1_15' title='bbox 621 209 743 237; x_wconf 89' lang='lat' dir='ltr'>Demne</span> <span class='ocrx_word' id='word_1_16' title='bbox 754 207 928 247; x_wconf 79' lang='lat' dir='ltr'>judicibus?</span> <span class='ocrx_word' id='word_1_17' title='bbox 947 207 1026 237; x_wconf 85' lang='lat' dir='ltr'>mihi</span> <span class='ocrx_word' id='word_1_18' title='bbox 1039 207 1129 248; x_wconf 85' lang='lat' dir='ltr'>igitur</span> 
     </span>
     <span class='ocr_line' id='line_1_4' title="bbox 172 246 1129 290; baseline 0.001 -14"><span class='ocrx_word' id='word_1_19' title='bbox 172 246 237 287; x_wconf 73' lang='lat' dir='ltr'>ipsi,</span> <span class='ocrx_word' id='word_1_20' title='bbox 249 257 351 287; x_wconf 65' lang='lat' dir='ltr'>pra-,tes</span> <span class='ocrx_word' id='word_1_21' title='bbox 361 249 540 287; x_wconf 79' lang='lat' dir='ltr'>periculum,</span> <span class='ocrx_word' id='word_1_22' title='bbox 553 248 753 279; x_wconf 79' lang='lat' dir='ltr'>&amp;infamiam</span> <span class='ocrx_word' id='word_1_23' title='bbox 765 270 773 282; x_wconf 90' lang='lat'>‚</span> <span class='ocrx_word' id='word_1_24' title='bbox 786 249 857 290; x_wconf 91' lang='lat' dir='ltr'>quid</span> <span class='ocrx_word' id='word_1_25' title='bbox 867 251 1033 289; x_wconf 66' lang='lat' dir='ltr'>quaeretur?</span> <span class='ocrx_word' id='word_1_26' title='bbox 1051 248 1129 278; x_wconf 85' lang='lat' dir='ltr'>nihil</span> 
     </span>
     <span class='ocr_line' id='line_1_5' title="bbox 174 288 1128 331; baseline 0.002 -13"><span class='ocrx_word' id='word_1_27' title='bbox 174 291 343 329; x_wconf 81' lang='lat' dir='ltr'>excogitem</span> <span class='ocrx_word' id='word_1_28' title='bbox 356 309 364 321; x_wconf 84' lang='lat'>‚</span> <span class='ocrx_word' id='word_1_29' title='bbox 383 290 580 329; x_wconf 81' lang='lat' dir='ltr'>quamobrem</span> <span class='ocrx_word' id='word_1_30' title='bbox 600 293 765 331; x_wconf 78' lang='lat' dir='ltr'>Oppianico</span> <span class='ocrx_word' id='word_1_31' title='bbox 786 291 922 320; x_wconf 85' lang='lat' dir='ltr'>damnari</span> <span class='ocrx_word' id='word_1_32' title='bbox 945 288 1060 320; x_wconf 75' lang='lat' dir='ltr'>necesse</span> <span class='ocrx_word' id='word_1_33' title='bbox 1075 288 1128 319; x_wconf 81' lang='lat' dir='ltr'>sit?</span> 
     </span>
     <span class='ocr_line' id='line_1_6' title="bbox 172 329 1128 373; baseline 0.002 -14"><span class='ocrx_word' id='word_1_34' title='bbox 172 329 225 371; x_wconf 83' lang='lat' dir='ltr'>qui</span> <span class='ocrx_word' id='word_1_35' title='bbox 237 330 380 360; x_wconf 70' lang='lat' dir='ltr'>tandem?</span> <span class='ocrx_word' id='word_1_36' title='bbox 401 331 572 361; x_wconf 61' lang='lat' dir='ltr'>nihileuim</span> <span class='ocrx_word' id='word_1_37' title='bbox 584 332 627 362; x_wconf 89' lang='lat' dir='ltr'>est</span> <span class='ocrx_word' id='word_1_38' title='bbox 638 353 646 365; x_wconf 93' lang='lat'>,</span> <span class='ocrx_word' id='word_1_39' title='bbox 664 333 745 373; x_wconf 90' lang='lat' dir='ltr'>quod</span> <span class='ocrx_word' id='word_1_40' title='bbox 761 331 823 362; x_wconf 83' lang='lat' dir='ltr'>fieri</span> <span class='ocrx_word' id='word_1_41' title='bbox 836 342 899 362; x_wconf 88' lang='lat' dir='ltr'>non</span> <span class='ocrx_word' id='word_1_42' title='bbox 914 330 1007 371; x_wconf 87' lang='lat' dir='ltr'>poffit.</span> <span class='ocrx_word' id='word_1_43' title='bbox 1030 332 1128 372; x_wconf 86' lang='lat' dir='ltr'>Siquis</span> 
     </span>
     <span class='ocr_line' id='line_1_7' title="bbox 175 371 1127 413; baseline 0.001 -12"><span class='ocrx_word' id='word_1_44' title='bbox 175 382 247 401; x_wconf 86' lang='lat' dir='ltr'>euin</span> <span class='ocrx_word' id='word_1_45' title='bbox 266 371 345 401; x_wconf 72' lang='lat' dir='ltr'>forte</span> <span class='ocrx_word' id='word_1_46' title='bbox 360 372 442 402; x_wconf 74' lang='lat' dir='ltr'>casus</span> <span class='ocrx_word' id='word_1_47' title='bbox 457 383 494 402; x_wconf 84' lang='lat' dir='ltr'>ex</span> <span class='ocrx_word' id='word_1_48' title='bbox 503 374 637 412; x_wconf 88' lang='lat' dir='ltr'>periculo</span> <span class='ocrx_word' id='word_1_49' title='bbox 647 376 805 413; x_wconf 88' lang='lat' dir='ltr'>eripuerit,</span> <span class='ocrx_word' id='word_1_50' title='bbox 826 384 930 404; x_wconf 87' lang='lat' dir='ltr'>nonne</span> <span class='ocrx_word' id='word_1_51' title='bbox 941 373 1127 404; x_wconf 84' lang='lat' dir='ltr'>reddendum</span> 
     </span>
     <span class='ocr_line' id='line_1_8' title="bbox 176 412 1128 457; baseline 0.002 -16"><span class='ocrx_word' id='word_1_52' title='bbox 176 412 218 442; x_wconf 86' lang='lat' dir='ltr'>est</span> <span class='ocrx_word' id='word_1_53' title='bbox 231 416 241 440; x_wconf 68' lang='grc' dir='ltr'><em>ἓ</em></span> <span class='ocrx_word' id='word_1_54' title='bbox 261 416 493 453; x_wconf 68' lang='lat' dir='ltr'>praecipitantem</span> <span class='ocrx_word' id='word_1_55' title='bbox 504 417 594 456; x_wconf 83' lang='lat' dir='ltr'>igitur</span> <span class='ocrx_word' id='word_1_56' title='bbox 603 416 775 457; x_wconf 68' lang='lat' dir='ltr'>impellamus</span> <span class='ocrx_word' id='word_1_57' title='bbox 786 436 794 448; x_wconf 86' lang='lat'><em>‚</em></span> <span class='ocrx_word' id='word_1_58' title='bbox 806 417 923 456; x_wconf 82' lang='lat' dir='ltr'>inquit,</span> <span class='ocrx_word' id='word_1_59' title='bbox 936 416 967 445; x_wconf 72' lang='grc' dir='ltr'>δε</span> <span class='ocrx_word' id='word_1_60' title='bbox 977 415 1128 455; x_wconf 89' lang='lat' dir='ltr'>perditum</span> 
     </span>
     <span class='ocr_line' id='line_1_9' title="bbox 175 454 1132 497; baseline 0.003 -14"><span class='ocrx_word' id='word_1_61' title='bbox 175 454 406 494; x_wconf 74' lang='lat' dir='ltr'>prosternamus.</span> <span class='ocrx_word' id='word_1_62' title='bbox 440 458 524 495; x_wconf 76' lang='lat' dir='ltr'>Capit</span> <span class='ocrx_word' id='word_1_63' title='bbox 535 458 590 486; x_wconf 87' lang='lat' dir='ltr'>hoc</span> <span class='ocrx_word' id='word_1_64' title='bbox 600 455 759 486; x_wconf 81' lang='lat' dir='ltr'>consilium</span> <span class='ocrx_word' id='word_1_65' title='bbox 772 477 780 490; x_wconf 88' lang='lat'>,</span> <span class='ocrx_word' id='word_1_66' title='bbox 801 467 834 487; x_wconf 91' lang='lat' dir='ltr'>ut</span> <span class='ocrx_word' id='word_1_67' title='bbox 844 459 999 497; x_wconf 82' lang='lat' dir='ltr'>pecuniam</span> <span class='ocrx_word' id='word_1_68' title='bbox 1007 456 1132 497; x_wconf 87' lang='lat' dir='ltr'>quibus-</span> 
     </span>
     <span class='ocr_line' id='line_1_10' title="bbox 175 496 1132 538; baseline 0.002 -13"><span class='ocrx_word' id='word_1_69' title='bbox 175 496 247 525; x_wconf 86' lang='lat' dir='ltr'>dam</span> <span class='ocrx_word' id='word_1_70' title='bbox 258 496 410 535; x_wconf 75' lang='lat' dir='ltr'>judicibus</span> <span class='ocrx_word' id='word_1_71' title='bbox 431 496 584 528; x_wconf 83' lang='lat' dir='ltr'>levissimis</span> <span class='ocrx_word' id='word_1_72' title='bbox 600 499 792 538; x_wconf 83' lang='lat' dir='ltr'>polliceatur:</span> <span class='ocrx_word' id='word_1_73' title='bbox 820 499 929 528; x_wconf 87' lang='lat' dir='ltr'>deinde</span> <span class='ocrx_word' id='word_1_74' title='bbox 944 509 1010 529; x_wconf 87' lang='lat' dir='ltr'>eam</span> <span class='ocrx_word' id='word_1_75' title='bbox 1032 497 1132 538; x_wconf 88' lang='lat' dir='ltr'>postea</span> 
     </span>
     <span class='ocr_line' id='line_1_11' title="bbox 178 538 1132 581; baseline 0.002 -15"><span class='ocrx_word' id='word_1_76' title='bbox 178 538 354 577; x_wconf 64' lang='lat' dir='ltr'>supprimat⁴</span> <span class='ocrx_word' id='word_1_77' title='bbox 368 549 409 570; x_wconf 77' lang='lat' dir='ltr'>ur,</span> <span class='ocrx_word' id='word_1_78' title='bbox 424 541 569 579; x_wconf 75' lang='lat' dir='ltr'>quoniam</span> <span class='ocrx_word' id='word_1_79' title='bbox 579 542 692 581; x_wconf 84' lang='lat' dir='ltr'>gravcis</span> <span class='ocrx_word' id='word_1_80' title='bbox 703 542 844 570; x_wconf 82' lang='lat' dir='ltr'>homines</span> <span class='ocrx_word' id='word_1_81' title='bbox 855 541 903 571; x_wconf 80' lang='lat' dir='ltr'>sua</span> <span class='ocrx_word' id='word_1_82' title='bbox 918 541 1020 580; x_wconf 86' lang='lat' dir='ltr'>sponte</span> <span class='ocrx_word' id='word_1_83' title='bbox 1033 539 1132 570; x_wconf 75' lang='lat' dir='ltr'>severe</span> 
     </span>
     <span class='ocr_line' id='line_1_12' title="bbox 173 579 1134 622; baseline 0 -14"><span class='ocrx_word' id='word_1_84' title='bbox 173 579 357 619; x_wconf 81' lang='lat' dir='ltr'>judicaturos</span> <span class='ocrx_word' id='word_1_85' title='bbox 367 581 501 619; x_wconf 78' lang='lat' dir='ltr'>putabat:</span> <span class='ocrx_word' id='word_1_86' title='bbox 520 582 575 611; x_wconf 83' lang='lat' dir='ltr'>hos</span> <span class='ocrx_word' id='word_1_87' title='bbox 587 601 596 615; x_wconf 88' lang='lat'><em>‚</em></span> <span class='ocrx_word' id='word_1_88' title='bbox 619 584 672 622; x_wconf 90' lang='lat' dir='ltr'>qui</span> <span class='ocrx_word' id='word_1_89' title='bbox 692 583 820 612; x_wconf 85' lang='lat' dir='ltr'>leviores</span> <span class='ocrx_word' id='word_1_90' title='bbox 840 591 939 615; x_wconf 80' lang='lat' dir='ltr'>erant,</span> <span class='ocrx_word' id='word_1_91' title='bbox 958 580 1134 618; x_wconf 70' lang='lat' dir='ltr'>destitutione</span> 
     </span>
     <span class='ocr_line' id='line_1_13' title="bbox 173 621 1132 664; baseline 0.004 -15"><span class='ocrx_word' id='word_1_92' title='bbox 173 621 263 650; x_wconf 65' lang='lat' dir='ltr'>iratos</span> <span class='ocrx_word' id='word_1_93' title='bbox 278 623 444 661; x_wconf 73' lang='lat' dir='ltr'>Oppianico</span> <span class='ocrx_word' id='word_1_94' title='bbox 454 622 597 652; x_wconf 85' lang='lat' dir='ltr'>redderet.</span> <span class='ocrx_word' id='word_1_95' title='bbox 620 626 733 664; x_wconf 83' lang='lat' dir='ltr'>Itaque,</span> <span class='ocrx_word' id='word_1_96' title='bbox 744 633 776 654; x_wconf 87' lang='lat' dir='ltr'>ut</span> <span class='ocrx_word' id='word_1_97' title='bbox 786 633 845 653; x_wconf 88' lang='lat' dir='ltr'>erat</span> <span class='ocrx_word' id='word_1_98' title='bbox 856 621 1132 663; x_wconf 83' lang='lat' dir='ltr'>semperpraeposte-</span> 
     </span>
     <span class='ocr_line' id='line_1_14' title="bbox 176 663 1130 704; baseline 0.001 -13"><span class='ocrx_word' id='word_1_99' title='bbox 176 672 239 695; x_wconf 83' lang='lat' dir='ltr'>rus,</span> <span class='ocrx_word' id='word_1_100' title='bbox 254 672 339 703; x_wconf 77' lang='lat' dir='ltr'>atque</span> <span class='ocrx_word' id='word_1_101' title='bbox 350 664 500 702; x_wconf 84' lang='lat' dir='ltr'>perversus</span> <span class='ocrx_word' id='word_1_102' title='bbox 510 684 517 698; x_wconf 85' lang='lat'>‚</span> <span class='ocrx_word' id='word_1_103' title='bbox 530 666 654 695; x_wconf 89' lang='lat' dir='ltr'>initium</span> <span class='ocrx_word' id='word_1_104' title='bbox 663 665 732 696; x_wconf 76' lang='lat' dir='ltr'>facit</span> <span class='ocrx_word' id='word_1_105' title='bbox 742 666 756 695; x_wconf 73' lang='lat' dir='ltr'>a</span> <span class='ocrx_word' id='word_1_106' title='bbox 765 665 880 695; x_wconf 87' lang='lat' dir='ltr'>Bulbo:</span> <span class='ocrx_word' id='word_1_107' title='bbox 903 667 935 696; x_wconf 85' lang='lat'>&amp;</span> <span class='ocrx_word' id='word_1_108' title='bbox 945 675 1015 694; x_wconf 86' lang='lat' dir='ltr'>eum</span> <span class='ocrx_word' id='word_1_109' title='bbox 1026 686 1033 697; x_wconf 97' lang='lat'>,</span> <span class='ocrx_word' id='word_1_110' title='bbox 1050 663 1130 704; x_wconf 83' lang='lat' dir='ltr'>quod</span> 
     </span>
     <span class='ocr_line' id='line_1_15' title="bbox 173 703 1132 748; baseline 0.002 -16"><span class='ocrx_word' id='word_1_111' title='bbox 173 703 293 743; x_wconf 81' lang='lat' dir='ltr'>jamdiu</span> <span class='ocrx_word' id='word_1_112' title='bbox 308 704 557 745; x_wconf 81' lang='lat' dir='ltr'>nihilquaesierat‚</span> <span class='ocrx_word' id='word_1_113' title='bbox 569 706 683 737; x_wconf 88' lang='lat' dir='ltr'>tristem</span> <span class='ocrx_word' id='word_1_114' title='bbox 696 728 703 741; x_wconf 95' lang='lat'>‚</span> <span class='ocrx_word' id='word_1_115' title='bbox 715 716 801 748; x_wconf 79' lang='lat' dir='ltr'>atquc</span> <span class='ocrx_word' id='word_1_116' title='bbox 814 708 989 737; x_wconf 75' lang='lat' dir='ltr'>oscitantem</span> <span class='ocrx_word' id='word_1_117' title='bbox 1002 726 1009 739; x_wconf 88' lang='lat'>‚</span> <span class='ocrx_word' id='word_1_118' title='bbox 1030 707 1132 735; x_wconf 78' lang='lat' dir='ltr'>leviter</span> 
     </span>
     <span class='ocr_line' id='line_1_16' title="bbox 178 746 1133 789; baseline -0.001 -14"><span class='ocrx_word' id='word_1_119' title='bbox 178 746 320 785; x_wconf 80' lang='lat' dir='ltr'>impellit.</span> <span class='ocrx_word' id='word_1_120' title='bbox 344 747 426 788; x_wconf 85' lang='lat' dir='ltr'>Qid</span> <span class='ocrx_word' id='word_1_121' title='bbox 437 756 468 777; x_wconf 88' lang='lat' dir='ltr'>tu</span> <span class='ocrx_word' id='word_1_122' title='bbox 478 768 486 780; x_wconf 95' lang='lat'>,</span> <span class='ocrx_word' id='word_1_123' title='bbox 501 749 619 788; x_wconf 86' lang='lat' dir='ltr'>inquit?</span> <span class='ocrx_word' id='word_1_124' title='bbox 637 749 743 789; x_wconf 81' lang='lat' dir='ltr'>ecquid</span> <span class='ocrx_word' id='word_1_125' title='bbox 757 759 806 778; x_wconf 87' lang='lat' dir='ltr'>me</span> <span class='ocrx_word' id='word_1_126' title='bbox 815 749 952 787; x_wconf 60' lang='lat' dir='ltr'>adjuvas,</span> <span class='ocrx_word' id='word_1_127' title='bbox 969 747 1062 777; x_wconf 83' lang='lat' dir='ltr'>Eulbe</span> <span class='ocrx_word' id='word_1_128' title='bbox 1073 767 1080 780; x_wconf 90' lang='lat'>‚</span> <span class='ocrx_word' id='word_1_129' title='bbox 1102 756 1133 775; x_wconf 80' lang='lat' dir='ltr'>ne</span> 
     </span>
     <span class='ocr_line' id='line_1_17' title="bbox 174 787 1131 830; baseline 0.003 -15"><span class='ocrx_word' id='word_1_130' title='bbox 174 796 266 827; x_wconf 48' lang='lat' dir='ltr'>grat-14·</span> <span class='ocrx_word' id='word_1_131' title='bbox 279 787 430 827; x_wconf 51' lang='lat' dir='ltr'>reipublice</span> <span class='ocrx_word' id='word_1_132' title='bbox 442 790 603 828; x_wconf 71' lang='lat' dir='ltr'>fhrviamm</span> <span class='ocrx_word' id='word_1_133' title='bbox 615 794 626 819; x_wconf 83' lang='lat'>?</span> <span class='ocrx_word' id='word_1_134' title='bbox 645 791 699 820; x_wconf 80' lang='lat' dir='ltr'>Ille</span> <span class='ocrx_word' id='word_1_135' title='bbox 710 789 782 820; x_wconf 77' lang='lat' dir='ltr'>vero</span> <span class='ocrx_word' id='word_1_136' title='bbox 794 810 801 823; x_wconf 94' lang='lat'>,</span> <span class='ocrx_word' id='word_1_137' title='bbox 823 789 1007 830; x_wconf 84' lang='lat' dir='ltr'>simulatque</span> <span class='ocrx_word' id='word_1_138' title='bbox 1017 790 1072 818; x_wconf 73' lang='lat' dir='ltr'>hoc</span> <span class='ocrx_word' id='word_1_139' title='bbox 1081 798 1131 818; x_wconf 82' lang='lat' dir='ltr'>au—</span> 
     </span>
     <span class='ocr_line' id='line_1_18' title="bbox 178 829 1132 873; baseline -0.001 -14"><span class='ocrx_word' id='word_1_140' title='bbox 178 829 275 863; x_wconf 85' lang='lat' dir='ltr'>divit,</span> <span class='ocrx_word' id='word_1_141' title='bbox 301 831 354 858; x_wconf 74' lang='lat' dir='ltr'>NE</span> <span class='ocrx_word' id='word_1_142' title='bbox 372 840 511 861; x_wconf 68' lang='lat' dir='ltr'>oum-15:</span> <span class='ocrx_word' id='word_1_143' title='bbox 537 830 607 873; x_wconf 73' lang='lat' dir='ltr'>Qb</span> <span class='ocrx_word' id='word_1_144' title='bbox 618 833 702 862; x_wconf 85' lang='lat' dir='ltr'>voles</span> <span class='ocrx_word' id='word_1_145' title='bbox 715 834 847 872; x_wconf 84' lang='lat' dir='ltr'>,inquit‚</span> <span class='ocrx_word' id='word_1_146' title='bbox 866 833 976 871; x_wconf 84' lang='lat' dir='ltr'>sequar.</span> <span class='ocrx_word' id='word_1_147' title='bbox 1001 829 1049 860; x_wconf 80' lang='lat' dir='ltr'>sed</span> <span class='ocrx_word' id='word_1_148' title='bbox 1060 829 1132 870; x_wconf 89' lang='lat' dir='ltr'>quid</span> 
     </span>
     <span class='ocr_line' id='line_1_19' title="bbox 179 869 1132 913; baseline 0.001 -14"><span class='ocrx_word' id='word_1_149' title='bbox 179 869 266 900; x_wconf 87' lang='lat' dir='ltr'>affers</span> <span class='ocrx_word' id='word_1_150' title='bbox 279 874 289 899; x_wconf 89' lang='lat'>?</span> <span class='ocrx_word' id='word_1_151' title='bbox 300 873 383 901; x_wconf 89' lang='lat' dir='ltr'>Tum</span> <span class='ocrx_word' id='word_1_152' title='bbox 394 874 421 902; x_wconf 92' lang='lat' dir='ltr'>ei</span> <span class='ocrx_word' id='word_1_153' title='bbox 433 872 623 913; x_wconf 85' lang='lat' dir='ltr'>quadraginta</span> <span class='ocrx_word' id='word_1_154' title='bbox 634 874 740 906; x_wconf 81' lang='lat' dir='ltr'>millia,</span> <span class='ocrx_word' id='word_1_155' title='bbox 752 872 772 902; x_wconf 86' lang='lat' dir='ltr'>fi</span> <span class='ocrx_word' id='word_1_156' title='bbox 782 872 853 902; x_wconf 72' lang='lat' dir='ltr'>esset</span> <span class='ocrx_word' id='word_1_157' title='bbox 862 873 1012 902; x_wconf 79' lang='lat' dir='ltr'>absolutus</span> <span class='ocrx_word' id='word_1_158' title='bbox 1023 874 1132 911; x_wconf 87' lang='lat' dir='ltr'>Oppia-</span> 
     </span>
     <span class='ocr_line' id='line_1_20' title="bbox 178 913 1132 954; baseline 0.001 -13"><span class='ocrx_word' id='word_1_159' title='bbox 178 914 267 942; x_wconf 80' lang='lat' dir='ltr'>nicus</span> <span class='ocrx_word' id='word_1_160' title='bbox 278 932 285 945; x_wconf 88' lang='lat'>‚</span> <span class='ocrx_word' id='word_1_161' title='bbox 298 913 471 952; x_wconf 86' lang='lat' dir='ltr'>pollicetur:</span> <span class='ocrx_word' id='word_1_162' title='bbox 491 914 523 944; x_wconf 84' lang='lat'>&amp;</span> <span class='ocrx_word' id='word_1_163' title='bbox 534 925 603 944; x_wconf 88' lang='lat' dir='ltr'>eum</span> <span class='ocrx_word' id='word_1_164' title='bbox 615 935 623 948; x_wconf 88' lang='lat'>,</span> <span class='ocrx_word' id='word_1_165' title='bbox 637 925 668 944; x_wconf 81' lang='lat' dir='ltr'>ut</span> <span class='ocrx_word' id='word_1_166' title='bbox 677 924 790 944; x_wconf 69' lang='lat' dir='ltr'>ceteros</span> <span class='ocrx_word' id='word_1_167' title='bbox 799 915 941 954; x_wconf 83' lang='lat' dir='ltr'>appellet,</span> <span class='ocrx_word' id='word_1_168' title='bbox 953 914 1132 954; x_wconf 75' lang='lat' dir='ltr'>quibuscum</span> 
     </span>
     <span class='ocr_line' id='line_1_21' title="bbox 179 954 1133 997; baseline 0.001 -14"><span class='ocrx_word' id='word_1_169' title='bbox 179 954 267 994; x_wconf 80' lang='lat' dir='ltr'>loqui</span> <span class='ocrx_word' id='word_1_170' title='bbox 277 954 443 985; x_wconf 72' lang='lat' dir='ltr'>consuesset</span> <span class='ocrx_word' id='word_1_171' title='bbox 453 976 460 989; x_wconf 95' lang='lat'>,</span> <span class='ocrx_word' id='word_1_172' title='bbox 480 965 561 997; x_wconf 81' lang='lat' dir='ltr'>rogat</span> <span class='ocrx_word' id='word_1_173' title='bbox 573 967 578 984; x_wconf 83' lang='lat' dir='ltr'>z</span> <span class='ocrx_word' id='word_1_174' title='bbox 599 966 684 996; x_wconf 85' lang='lat' dir='ltr'>atque</span> <span class='ocrx_word' id='word_1_175' title='bbox 698 958 787 986; x_wconf 77' lang='lat' dir='ltr'>etiam</span> <span class='ocrx_word' id='word_1_176' title='bbox 807 956 867 995; x_wconf 89' lang='lat' dir='ltr'>ipse</span> <span class='ocrx_word' id='word_1_177' title='bbox 886 956 1027 986; x_wconf 90' lang='lat' dir='ltr'>conditor</span> <span class='ocrx_word' id='word_1_178' title='bbox 1042 957 1133 985; x_wconf 87' lang='lat' dir='ltr'>totius</span> 
     </span>
     <span class='ocr_line' id='line_1_22' title="bbox 177 996 1134 1038; baseline -0.001 -12"><span class='ocrx_word' id='word_1_179' title='bbox 177 998 312 1036; x_wconf 84' lang='lat' dir='ltr'>negotii,</span> <span class='ocrx_word' id='word_1_180' title='bbox 335 999 457 1027; x_wconf 86' lang='lat' dir='ltr'>Guttam</span> <span class='ocrx_word' id='word_1_181' title='bbox 477 997 620 1038; x_wconf 83' lang='lat' dir='ltr'>adspergit</span> <span class='ocrx_word' id='word_1_182' title='bbox 638 999 707 1027; x_wconf 85' lang='lat' dir='ltr'>huic</span> <span class='ocrx_word' id='word_1_183' title='bbox 730 997 836 1027; x_wconf 85' lang='lat' dir='ltr'>Bulbo.</span> <span class='ocrx_word' id='word_1_184' title='bbox 880 999 982 1038; x_wconf 82' lang='lat' dir='ltr'>Itaque</span> <span class='ocrx_word' id='word_1_185' title='bbox 1004 996 1134 1027; x_wconf 75' lang='lat' dir='ltr'>minime</span> 
     </span>
     <span class='ocr_line' id='line_1_23' title="bbox 180 1038 1134 1079; baseline 0 -13"><span class='ocrx_word' id='word_1_186' title='bbox 180 1047 299 1067; x_wconf 84' lang='lat' dir='ltr'>amarus</span> <span class='ocrx_word' id='word_1_187' title='bbox 309 1040 334 1067; x_wconf 85' lang='lat' dir='ltr'>is</span> <span class='ocrx_word' id='word_1_188' title='bbox 345 1039 423 1068; x_wconf 85' lang='lat' dir='ltr'>visus</span> <span class='ocrx_word' id='word_1_189' title='bbox 434 1039 476 1069; x_wconf 90' lang='lat' dir='ltr'>est</span> <span class='ocrx_word' id='word_1_190' title='bbox 486 1060 494 1071; x_wconf 88' lang='lat'>,</span> <span class='ocrx_word' id='word_1_191' title='bbox 515 1041 568 1079; x_wconf 88' lang='lat' dir='ltr'>qui</span> <span class='ocrx_word' id='word_1_192' title='bbox 581 1039 694 1079; x_wconf 85' lang='lat' dir='ltr'>aliquid</span> <span class='ocrx_word' id='word_1_193' title='bbox 717 1043 724 1058; x_wconf 88' lang='lat'><em>¹</em></span> <span class='ocrx_word' id='word_1_194' title='bbox 737 1049 774 1069; x_wconf 81' lang='lat' dir='ltr'>ex</span> <span class='ocrx_word' id='word_1_195' title='bbox 784 1049 849 1077; x_wconf 68' lang='lat' dir='ltr'>ejus</span> <span class='ocrx_word' id='word_1_196' title='bbox 861 1039 999 1069; x_wconf 84' lang='lat' dir='ltr'>sermone</span> <span class='ocrx_word' id='word_1_197' title='bbox 1010 1038 1134 1079; x_wconf 87' lang='lat' dir='ltr'>speculae</span> 
     </span>
     <span class='ocr_line' id='line_1_24' title="bbox 180 1078 1132 1120; baseline 0 -12"><span class='ocrx_word' id='word_1_198' title='bbox 180 1078 351 1120; x_wconf 84' lang='lat' dir='ltr'>degustarat.</span> <span class='ocrx_word' id='word_1_199' title='bbox 373 1083 468 1114; x_wconf 89' lang='lat' dir='ltr'>Unus,</span> <span class='ocrx_word' id='word_1_200' title='bbox 482 1081 514 1110; x_wconf 64' lang='grc' dir='ltr'>ὃς</span> <span class='ocrx_word' id='word_1_201' title='bbox 524 1081 597 1110; x_wconf 82' lang='lat' dir='ltr'>alter</span> <span class='ocrx_word' id='word_1_202' title='bbox 606 1081 669 1110; x_wconf 89' lang='lat' dir='ltr'>dies</span> <span class='ocrx_word' id='word_1_203' title='bbox 679 1080 962 1114; x_wconf 74' lang='lat' dir='ltr'>interceflerat,cum</span> <span class='ocrx_word' id='word_1_204' title='bbox 973 1091 1017 1110; x_wconf 85' lang='lat' dir='ltr'>res</span> <span class='ocrx_word' id='word_1_205' title='bbox 1029 1080 1132 1120; x_wconf 76' lang='lat' dir='ltr'>parum</span> 
     </span>
     <span class='ocr_line' id='line_1_25' title="bbox 179 1120 1136 1162; baseline 0.001 -12"><span class='ocrx_word' id='word_1_206' title='bbox 179 1130 258 1151; x_wconf 87' lang='lat' dir='ltr'>certa</span> <span class='ocrx_word' id='word_1_207' title='bbox 268 1121 421 1151; x_wconf 81' lang='lat' dir='ltr'>videbatur</span> <span class='ocrx_word' id='word_1_208' title='bbox 434 1133 440 1151; x_wconf 75' lang='lat' dir='ltr'>t</span> <span class='ocrx_word' id='word_1_209' title='bbox 462 1121 620 1162; x_wconf 85' lang='lat' dir='ltr'>sequester,</span> <span class='ocrx_word' id='word_1_210' title='bbox 634 1124 666 1153; x_wconf 72' lang='grc' dir='ltr'>δε</span> <span class='ocrx_word' id='word_1_211' title='bbox 675 1121 870 1153; x_wconf 84' lang='lat' dir='ltr'>confirmator</span> <span class='ocrx_word' id='word_1_212' title='bbox 879 1125 1012 1162; x_wconf 78' lang='lat' dir='ltr'>pecuniae</span> <span class='ocrx_word' id='word_1_213' title='bbox 1025 1120 1136 1152; x_wconf 85' lang='lat' dir='ltr'>deside-</span> 
     </span>
     <span class='ocr_line' id='line_1_26' title="bbox 180 1162 1136 1203; baseline -0.001 -10"><span class='ocrx_word' id='word_1_214' title='bbox 180 1162 307 1193; x_wconf 82' lang='lat' dir='ltr'>rabatur.</span> <span class='ocrx_word' id='word_1_215' title='bbox 339 1166 422 1192; x_wconf 89' lang='lat' dir='ltr'>Tum</span> <span class='ocrx_word' id='word_1_216' title='bbox 442 1164 567 1203; x_wconf 83' lang='lat' dir='ltr'>appellat</span> <span class='ocrx_word' id='word_1_217' title='bbox 587 1164 673 1194; x_wconf 83' lang='lat' dir='ltr'>hilari</span> <span class='ocrx_word' id='word_1_218' title='bbox 687 1165 771 1194; x_wconf 89' lang='lat' dir='ltr'>vultu</span> <span class='ocrx_word' id='word_1_219' title='bbox 782 1165 942 1194; x_wconf 88' lang='lat' dir='ltr'>hominem</span> <span class='ocrx_word' id='word_1_220' title='bbox 956 1164 1065 1193; x_wconf 84' lang='lat' dir='ltr'>Bulbus</span> <span class='ocrx_word' id='word_1_221' title='bbox 1077 1183 1084 1196; x_wconf 85' lang='lat'>,</span> <span class='ocrx_word' id='word_1_222' title='bbox 1104 1172 1136 1192; x_wconf 93' lang='lat' dir='ltr'>ut</span> 
     </span>
     <span class='ocr_line' id='line_1_27' title="bbox 181 1203 1134 1247; baseline -0.001 -13"><span class='ocrx_word' id='word_1_223' title='bbox 181 1203 371 1234; x_wconf 72' lang='lat' dir='ltr'>blandissime</span> <span class='ocrx_word' id='word_1_224' title='bbox 379 1205 475 1244; x_wconf 81' lang='lat' dir='ltr'>potest</span> <span class='ocrx_word' id='word_1_225' title='bbox 485 1216 490 1234; x_wconf 75' lang='lat'>2</span> <span class='ocrx_word' id='word_1_226' title='bbox 501 1209 515 1224; x_wconf 82' lang='lat'>2</span> <span class='ocrx_word' id='word_1_227' title='bbox 525 1205 606 1244; x_wconf 86' lang='lat' dir='ltr'>Qid</span> <span class='ocrx_word' id='word_1_228' title='bbox 618 1215 659 1240; x_wconf 90' lang='lat' dir='ltr'>tu,</span> <span class='ocrx_word' id='word_1_229' title='bbox 671 1208 784 1247; x_wconf 77' lang='lat' dir='ltr'>inquit,</span> <span class='ocrx_word' id='word_1_230' title='bbox 794 1209 874 1236; x_wconf 81' lang='lat' dir='ltr'>Poete</span> <span class='ocrx_word' id='word_1_231' title='bbox 885 1209 894 1235; x_wconf 90' lang='lat'>?</span> <span class='ocrx_word' id='word_1_232' title='bbox 906 1206 975 1243; x_wconf 92' lang='lat' dir='ltr'>(hoc</span> <span class='ocrx_word' id='word_1_233' title='bbox 987 1208 1070 1235; x_wconf 90' lang='lat' dir='ltr'>enim</span> <span class='ocrx_word' id='word_1_234' title='bbox 1082 1203 1134 1233; x_wconf 87' lang='lat' dir='ltr'>fibi</span> 
     </span>
     <span class='ocr_line' id='line_1_28' title="bbox 179 1246 1134 1288; baseline 0.001 -14"><span class='ocrx_word' id='word_1_235' title='bbox 179 1246 315 1275; x_wconf 73' lang='lat' dir='ltr'>Staienus</span> <span class='ocrx_word' id='word_1_236' title='bbox 326 1256 498 1287; x_wconf 83' lang='lat' dir='ltr'>cognomen</span> <span class='ocrx_word' id='word_1_237' title='bbox 509 1257 547 1277; x_wconf 77' lang='lat' dir='ltr'>ex</span> <span class='ocrx_word' id='word_1_238' title='bbox 558 1248 741 1287; x_wconf 80' lang='lat' dir='ltr'>imaginibus</span> <span class='ocrx_word' id='word_1_239' title='bbox 752 1248 905 1277; x_wconf 86' lang='lat' dir='ltr'>AEliorum</span> <span class='ocrx_word' id='word_1_240' title='bbox 914 1247 1070 1288; x_wconf 76' lang='lat' dir='ltr'>delegerat,</span> <span class='ocrx_word' id='word_1_241' title='bbox 1087 1256 1134 1278; x_wconf 87' lang='lat' dir='ltr'>ne,</span> 
     </span>
     <span class='ocr_line' id='line_1_29' title="bbox 178 1285 1138 1330; baseline 0 -14"><span class='ocrx_word' id='word_1_242' title='bbox 178 1285 203 1316; x_wconf 82' lang='lat' dir='ltr'>si</span> <span class='ocrx_word' id='word_1_243' title='bbox 213 1287 241 1316; x_wconf 90' lang='lat' dir='ltr'>se</span> <span class='ocrx_word' id='word_1_244' title='bbox 250 1289 392 1329; x_wconf 77' lang='lat' dir='ltr'>Ligurem</span> <span class='ocrx_word' id='word_1_245' title='bbox 405 1287 518 1319; x_wconf 82' lang='lat' dir='ltr'>feciffet</span> <span class='ocrx_word' id='word_1_246' title='bbox 528 1309 536 1322; x_wconf 87' lang='lat'>,</span> <span class='ocrx_word' id='word_1_247' title='bbox 557 1291 689 1319; x_wconf 67' lang='lat' dir='ltr'>nationis</span> <span class='ocrx_word' id='word_1_248' title='bbox 711 1292 802 1330; x_wconf 83' lang='lat' dir='ltr'>magis</span> <span class='ocrx_word' id='word_1_249' title='bbox 823 1289 879 1319; x_wconf 86' lang='lat' dir='ltr'>suae</span> <span class='ocrx_word' id='word_1_250' title='bbox 889 1309 897 1322; x_wconf 90' lang='lat'>,</span> <span class='ocrx_word' id='word_1_251' title='bbox 917 1289 1007 1330; x_wconf 74' lang='lat' dir='ltr'>quam</span> <span class='ocrx_word' id='word_1_252' title='bbox 1022 1289 1138 1330; x_wconf 85' lang='lat' dir='ltr'>generis</span> 
     </span>
     <span class='ocr_line' id='line_1_30' title="bbox 178 1329 1138 1371; baseline 0.001 -13"><span class='ocrx_word' id='word_1_253' title='bbox 178 1330 226 1358; x_wconf 86' lang='lat' dir='ltr'>uti</span> <span class='ocrx_word' id='word_1_254' title='bbox 234 1331 418 1369; x_wconf 82' lang='lat' dir='ltr'>cognomine</span> <span class='ocrx_word' id='word_1_255' title='bbox 428 1329 586 1363; x_wconf 65' lang='lat' dir='ltr'>videretur)</span> <span class='ocrx_word' id='word_1_256' title='bbox 601 1341 656 1371; x_wconf 85' lang='lat' dir='ltr'>qua</span> <span class='ocrx_word' id='word_1_257' title='bbox 668 1331 703 1361; x_wconf 86' lang='lat' dir='ltr'>de</span> <span class='ocrx_word' id='word_1_258' title='bbox 713 1341 743 1360; x_wconf 90' lang='lat' dir='ltr'>re</span> <span class='ocrx_word' id='word_1_259' title='bbox 753 1341 872 1361; x_wconf 86' lang='lat' dir='ltr'>mecum</span> <span class='ocrx_word' id='word_1_260' title='bbox 885 1331 1003 1361; x_wconf 89' lang='lat' dir='ltr'>locutus</span> <span class='ocrx_word' id='word_1_261' title='bbox 1012 1340 1138 1370; x_wconf 85' lang='lat' dir='ltr'>es,quae-</span> 
     </span>
     <span class='ocr_line' id='line_1_31' title="bbox 180 1370 1136 1413; baseline 0 -13"><span class='ocrx_word' id='word_1_262' title='bbox 180 1372 277 1408; x_wconf 73' lang='lat' dir='ltr'>muta</span> <span class='ocrx_word' id='word_1_263' title='bbox 287 1381 336 1400; x_wconf 86' lang='lat' dir='ltr'>me</span> <span class='ocrx_word' id='word_1_264' title='bbox 349 1392 356 1404; x_wconf 91' lang='lat'>,</span> <span class='ocrx_word' id='word_1_265' title='bbox 375 1370 425 1400; x_wconf 80' lang='lat' dir='ltr'>ubi</span> <span class='ocrx_word' id='word_1_266' title='bbox 436 1371 477 1411; x_wconf 80' lang='lat' dir='ltr'>fit</span> <span class='ocrx_word' id='word_1_267' title='bbox 488 1373 616 1412; x_wconf 79' lang='lat' dir='ltr'>pecunia.</span> <span class='ocrx_word' id='word_1_268' title='bbox 642 1375 701 1402; x_wconf 86' lang='lat' dir='ltr'>Hic</span> <span class='ocrx_word' id='word_1_269' title='bbox 711 1373 762 1402; x_wconf 91' lang='lat' dir='ltr'>ille</span> <span class='ocrx_word' id='word_1_270' title='bbox 772 1373 877 1413; x_wconf 87' lang='lat' dir='ltr'>planus</span> <span class='ocrx_word' id='word_1_271' title='bbox 888 1370 1136 1412; x_wconf 86' lang='lat' dir='ltr'>improbiffimus,</span> 
     </span>
     <span class='ocr_line' id='line_1_32' title="bbox 180 1411 1139 1455; baseline 0.001 -14"><span class='ocrx_word' id='word_1_272' title='bbox 180 1411 295 1453; x_wconf 89' lang='lat' dir='ltr'>quaestu</span> <span class='ocrx_word' id='word_1_273' title='bbox 305 1413 462 1451; x_wconf 77' lang='lat' dir='ltr'>J‘udiciario</span> <span class='ocrx_word' id='word_1_274' title='bbox 471 1413 568 1453; x_wconf 87' lang='lat' dir='ltr'>pastus</span> <span class='ocrx_word' id='word_1_275' title='bbox 579 1433 587 1447; x_wconf 83' lang='lat'>,</span> <span class='ocrx_word' id='word_1_276' title='bbox 600 1416 651 1455; x_wconf 91' lang='lat' dir='ltr'>qui</span> <span class='ocrx_word' id='word_1_277' title='bbox 662 1415 707 1444; x_wconf 90' lang='lat' dir='ltr'>illi</span> <span class='ocrx_word' id='word_1_278' title='bbox 717 1417 849 1454; x_wconf 70' lang='lat' dir='ltr'>pecuniae</span> <span class='ocrx_word' id='word_1_279' title='bbox 861 1434 870 1448; x_wconf 86' lang='lat'>,</span> <span class='ocrx_word' id='word_1_280' title='bbox 891 1415 982 1455; x_wconf 72' lang='lat' dir='ltr'>quam</span> <span class='ocrx_word' id='word_1_281' title='bbox 992 1413 1139 1444; x_wconf 87' lang='lat' dir='ltr'>condide-</span> 
     </span>
     <span class='ocr_line' id='line_1_33' title="bbox 179 1455 1137 1496; baseline 0 -12"><span class='ocrx_word' id='word_1_282' title='bbox 179 1463 226 1484; x_wconf 82' lang='lat' dir='ltr'>rat</span> <span class='ocrx_word' id='word_1_283' title='bbox 235 1474 243 1487; x_wconf 88' lang='lat'>,</span> <span class='ocrx_word' id='word_1_284' title='bbox 265 1455 313 1494; x_wconf 90' lang='lat' dir='ltr'>spe</span> <span class='ocrx_word' id='word_1_285' title='bbox 323 1456 381 1492; x_wconf 76' lang='lat' dir='ltr'>jam</span> <span class='ocrx_word' id='word_1_286' title='bbox 390 1475 398 1488; x_wconf 90' lang='lat'>‚</span> <span class='ocrx_word' id='word_1_287' title='bbox 424 1464 509 1496; x_wconf 84' lang='lat' dir='ltr'>atque</span> <span class='ocrx_word' id='word_1_288' title='bbox 519 1458 623 1486; x_wconf 89' lang='lat' dir='ltr'>animo</span> <span class='ocrx_word' id='word_1_289' title='bbox 634 1456 787 1487; x_wconf 84' lang='lat' dir='ltr'>incubaret</span> <span class='ocrx_word' id='word_1_290' title='bbox 796 1477 804 1490; x_wconf 89' lang='lat'>‚</span> <span class='ocrx_word' id='word_1_291' title='bbox 828 1458 975 1486; x_wconf 84' lang='lat' dir='ltr'>contrahit</span> <span class='ocrx_word' id='word_1_292' title='bbox 984 1455 1118 1485; x_wconf 83' lang='lat' dir='ltr'>frontem</span> <span class='ocrx_word' id='word_1_293' title='bbox 1132 1466 1137 1484; x_wconf 82' lang='lat' dir='ltr'><em>z</em></span> 
     </span>
     <span class='ocr_line' id='line_1_34' title="bbox 181 1495 1139 1538; baseline 0.001 -13"><span class='ocrx_word' id='word_1_294' title='bbox 181 1495 398 1533; x_wconf 78' lang='lat' dir='ltr'>(recordamini</span> <span class='ocrx_word' id='word_1_295' title='bbox 408 1495 515 1527; x_wconf 87' lang='lat' dir='ltr'>faciem</span> <span class='ocrx_word' id='word_1_296' title='bbox 527 1518 534 1530; x_wconf 87' lang='lat'><strong>‚</strong></span> <span class='ocrx_word' id='word_1_297' title='bbox 556 1507 642 1538; x_wconf 85' lang='lat' dir='ltr'>atque</span> <span class='ocrx_word' id='word_1_298' title='bbox 653 1498 722 1528; x_wconf 88' lang='lat' dir='ltr'>illos</span> <span class='ocrx_word' id='word_1_299' title='bbox 733 1500 795 1535; x_wconf 76' lang='lat' dir='ltr'>ejus</span> <span class='ocrx_word' id='word_1_300' title='bbox 807 1496 893 1527; x_wconf 67' lang='grc' dir='ltr'>Ηᾶοε</span> <span class='ocrx_word' id='word_1_301' title='bbox 903 1519 913 1530; x_wconf 81' lang='grc'><em>,</em></span> <span class='ocrx_word' id='word_1_302' title='bbox 930 1497 1139 1537; x_wconf 83' lang='lat' dir='ltr'>simulatosque</span> 
     </span>
     <span class='ocr_line' id='line_1_35' title="bbox 181 1537 1141 1579; baseline 0.001 -12"><span class='ocrx_word' id='word_1_303' title='bbox 181 1538 295 1576; x_wconf 83' lang='lat' dir='ltr'>vultus)</span> <span class='ocrx_word' id='word_1_304' title='bbox 316 1539 486 1578; x_wconf 87' lang='lat' dir='ltr'>queriturse</span> <span class='ocrx_word' id='word_1_305' title='bbox 497 1539 532 1568; x_wconf 90' lang='lat' dir='ltr'>ab</span> <span class='ocrx_word' id='word_1_306' title='bbox 547 1541 712 1579; x_wconf 87' lang='lat' dir='ltr'>Oppianico</span> <span class='ocrx_word' id='word_1_307' title='bbox 721 1539 915 1570; x_wconf 89' lang='lat' dir='ltr'>destitutum:</span> <span class='ocrx_word' id='word_1_308' title='bbox 937 1540 986 1573; x_wconf 86' lang='lat'>&amp;,</span> <span class='ocrx_word' id='word_1_309' title='bbox 1008 1537 1141 1579; x_wconf 81' lang='lat' dir='ltr'>quiesset</span> 
     </span>
     <span class='ocr_line' id='line_1_36' title="bbox 184 1579 1140 1622; baseline 0.001 -13"><span class='ocrx_word' id='word_1_310' title='bbox 184 1587 268 1610; x_wconf 84' lang='lat' dir='ltr'>totus</span> <span class='ocrx_word' id='word_1_311' title='bbox 278 1589 316 1609; x_wconf 81' lang='lat' dir='ltr'>ex</span> <span class='ocrx_word' id='word_1_312' title='bbox 327 1579 439 1613; x_wconf 85' lang='lat' dir='ltr'>fraude,</span> <span class='ocrx_word' id='word_1_313' title='bbox 454 1580 486 1610; x_wconf 89' lang='lat'>&amp;</span> <span class='ocrx_word' id='word_1_314' title='bbox 496 1581 656 1610; x_wconf 86' lang='lat' dir='ltr'>mendacio</span> <span class='ocrx_word' id='word_1_315' title='bbox 666 1580 761 1611; x_wconf 58' lang='lat' dir='ltr'>sacius</span> <span class='ocrx_word' id='word_1_316' title='bbox 772 1602 779 1615; x_wconf 89' lang='lat'>‚</span> <span class='ocrx_word' id='word_1_317' title='bbox 793 1583 904 1622; x_wconf 87' lang='lat' dir='ltr'>quique</span> <span class='ocrx_word' id='word_1_318' title='bbox 915 1591 947 1611; x_wconf 87' lang='lat' dir='ltr'>ea</span> <span class='ocrx_word' id='word_1_319' title='bbox 955 1582 1038 1613; x_wconf 85' lang='lat' dir='ltr'>vitia,</span> <span class='ocrx_word' id='word_1_320' title='bbox 1048 1591 1113 1621; x_wconf 80' lang='lat' dir='ltr'>quae</span> <span class='ocrx_word' id='word_1_321' title='bbox 1124 1581 1140 1610; x_wconf 73' lang='lat' dir='ltr'>a</span> 
     </span>
     <span class='ocr_line' id='line_1_37' title="bbox 183 1621 1140 1664; baseline 0 -13"><span class='ocrx_word' id='word_1_322' title='bbox 183 1629 288 1651; x_wconf 84' lang='lat' dir='ltr'>natura</span> <span class='ocrx_word' id='word_1_323' title='bbox 298 1621 422 1651; x_wconf 85' lang='lat' dir='ltr'>habebat</span> <span class='ocrx_word' id='word_1_324' title='bbox 432 1642 440 1655; x_wconf 93' lang='lat'><em>‚</em></span> <span class='ocrx_word' id='word_1_325' title='bbox 460 1621 646 1657; x_wconf 80' lang='lat' dir='ltr'>etiamstudio</span> <span class='ocrx_word' id='word_1_326' title='bbox 655 1643 663 1655; x_wconf 86' lang='lat'>,</span> <span class='ocrx_word' id='word_1_327' title='bbox 675 1631 762 1664; x_wconf 86' lang='lat' dir='ltr'>atque</span> <span class='ocrx_word' id='word_1_328' title='bbox 771 1621 896 1653; x_wconf 86' lang='lat' dir='ltr'>artificio</span> <span class='ocrx_word' id='word_1_329' title='bbox 906 1622 1037 1663; x_wconf 87' lang='lat' dir='ltr'>quodam</span> <span class='ocrx_word' id='word_1_330' title='bbox 1054 1623 1140 1653; x_wconf 77' lang='lat' dir='ltr'>mali-</span> 
     </span>
     <span class='ocr_line' id='line_1_38' title="bbox 184 1662 1141 1704; baseline 0.001 -12"><span class='ocrx_word' id='word_1_331' title='bbox 184 1665 235 1692; x_wconf 86' lang='lat' dir='ltr'>tiae</span> <span class='ocrx_word' id='word_1_332' title='bbox 252 1662 449 1696; x_wconf 75' lang='lat' dir='ltr'>condivisset,</span> <span class='ocrx_word' id='word_1_333' title='bbox 466 1663 587 1703; x_wconf 79' lang='lat' dir='ltr'>pulchre</span> <span class='ocrx_word' id='word_1_334' title='bbox 605 1663 742 1695; x_wconf 68' lang='lat' dir='ltr'>asseverat</span> <span class='ocrx_word' id='word_1_335' title='bbox 758 1665 785 1695; x_wconf 83' lang='lat' dir='ltr'>se</span> <span class='ocrx_word' id='word_1_336' title='bbox 796 1665 832 1695; x_wconf 84' lang='lat' dir='ltr'>ab</span> <span class='ocrx_word' id='word_1_337' title='bbox 841 1667 1006 1704; x_wconf 75' lang='lat' dir='ltr'>Oppianico</span> <span class='ocrx_word' id='word_1_338' title='bbox 1017 1663 1141 1694; x_wconf 90' lang='lat' dir='ltr'>destitu-</span> 
     </span>
     <span class='ocr_line' id='line_1_39' title="bbox 185 1704 1140 1746; baseline 0.001 -12"><span class='ocrx_word' id='word_1_339' title='bbox 185 1712 252 1734; x_wconf 87' lang='lat' dir='ltr'>tum</span> <span class='ocrx_word' id='word_1_340' title='bbox 266 1715 271 1734; x_wconf 90' lang='lat'>:</span> <span class='ocrx_word' id='word_1_341' title='bbox 291 1713 376 1745; x_wconf 85' lang='lat' dir='ltr'>atque</span> <span class='ocrx_word' id='word_1_342' title='bbox 386 1706 444 1735; x_wconf 91' lang='lat' dir='ltr'>hoc</span> <span class='ocrx_word' id='word_1_343' title='bbox 453 1705 534 1735; x_wconf 85' lang='lat' dir='ltr'>addit</span> <span class='ocrx_word' id='word_1_344' title='bbox 542 1704 722 1739; x_wconf 86' lang='lat' dir='ltr'>testimonii,</span> <span class='ocrx_word' id='word_1_345' title='bbox 735 1707 782 1736; x_wconf 87' lang='lat' dir='ltr'>sua</span> <span class='ocrx_word' id='word_1_346' title='bbox 792 1707 881 1735; x_wconf 85' lang='lat' dir='ltr'>illum</span> <span class='ocrx_word' id='word_1_347' title='bbox 892 1706 1140 1746; x_wconf 81' lang='lat' dir='ltr'>sententia‚quam</span> 
     </span>
     <span class='ocr_line' id='line_1_40' title="bbox 1011 1749 1143 1777; baseline 0 -1"><span class='ocrx_word' id='word_1_348' title='bbox 1011 1749 1143 1777; x_wconf 84' lang='lat' dir='ltr'>Manarat</span> 
     </span>
     <span class='ocr_line' id='line_1_41' title="bbox 188 1787 1140 1829; baseline 0 -11"><span class='ocrx_word' id='word_1_349' title='bbox 188 1789 285 1818; x_wconf 86' lang='lat' dir='ltr'>sermo</span> <span class='ocrx_word' id='word_1_350' title='bbox 298 1790 330 1818; x_wconf 92' lang='lat' dir='ltr'>in</span> <span class='ocrx_word' id='word_1_351' title='bbox 341 1787 467 1818; x_wconf 88' lang='lat' dir='ltr'>consilio</span> <span class='ocrx_word' id='word_1_352' title='bbox 478 1808 485 1821; x_wconf 93' lang='lat'>,</span> <span class='ocrx_word' id='word_1_353' title='bbox 499 1790 635 1828; x_wconf 84' lang='lat' dir='ltr'>pecuniae</span> <span class='ocrx_word' id='word_1_354' title='bbox 643 1789 792 1829; x_wconf 81' lang='lat' dir='ltr'>quandam</span> <span class='ocrx_word' id='word_1_355' title='bbox 807 1791 995 1819; x_wconf 84' lang='lat' dir='ltr'>mentionem</span> <span class='ocrx_word' id='word_1_356' title='bbox 1007 1791 1086 1818; x_wconf 88' lang='lat' dir='ltr'>inter</span> <span class='ocrx_word' id='word_1_357' title='bbox 1093 1790 1140 1828; x_wconf 77' lang='lat' dir='ltr'>ju-</span> 
     </span>
     <span class='ocr_line' id='line_1_42' title="bbox 184 1828 1142 1871; baseline 0.001 -12"><span class='ocrx_word' id='word_1_358' title='bbox 184 1830 268 1860; x_wconf 87' lang='lat' dir='ltr'>dices</span> <span class='ocrx_word' id='word_1_359' title='bbox 277 1828 334 1860; x_wconf 77' lang='lat' dir='ltr'>ess&#39;e</span> <span class='ocrx_word' id='word_1_360' title='bbox 344 1831 495 1860; x_wconf 85' lang='lat' dir='ltr'>versatam.</span> <span class='ocrx_word' id='word_1_361' title='bbox 512 1840 557 1859; x_wconf 87' lang='lat' dir='ltr'>res</span> <span class='ocrx_word' id='word_1_362' title='bbox 568 1840 664 1871; x_wconf 89' lang='lat' dir='ltr'>neque</span> <span class='ocrx_word' id='word_1_363' title='bbox 675 1840 734 1861; x_wconf 87' lang='lat' dir='ltr'>tam</span> <span class='ocrx_word' id='word_1_364' title='bbox 743 1831 839 1862; x_wconf 86' lang='lat' dir='ltr'>fuerat</span> <span class='ocrx_word' id='word_1_365' title='bbox 847 1831 972 1864; x_wconf 80' lang='lat' dir='ltr'>occulta,</span> <span class='ocrx_word' id='word_1_366' title='bbox 983 1831 1072 1871; x_wconf 74' lang='lat' dir='ltr'>quam</span> <span class='ocrx_word' id='word_1_367' title='bbox 1083 1840 1142 1860; x_wconf 81' lang='lat' dir='ltr'>erat</span> 
     </span>
     <span class='ocr_line' id='line_1_43' title="bbox 185 1871 1142 1913; baseline -0.001 -11"><span class='ocrx_word' id='word_1_368' title='bbox 185 1871 378 1902; x_wconf 80' lang='lat' dir='ltr'>occultanda:</span> <span class='ocrx_word' id='word_1_369' title='bbox 399 1881 495 1912; x_wconf 82' lang='lat' dir='ltr'>neque</span> <span class='ocrx_word' id='word_1_370' title='bbox 514 1880 576 1901; x_wconf 83' lang='lat' dir='ltr'>tam</span> <span class='ocrx_word' id='word_1_371' title='bbox 595 1881 654 1902; x_wconf 89' lang='lat' dir='ltr'>erat</span> <span class='ocrx_word' id='word_1_372' title='bbox 666 1883 762 1912; x_wconf 82' lang='lat' dir='ltr'>aperta</span> <span class='ocrx_word' id='word_1_373' title='bbox 774 1893 782 1906; x_wconf 88' lang='lat'>,</span> <span class='ocrx_word' id='word_1_374' title='bbox 801 1872 891 1913; x_wconf 68' lang='lat' dir='ltr'>quam</span> <span class='ocrx_word' id='word_1_375' title='bbox 902 1874 972 1912; x_wconf 86' lang='lat' dir='ltr'>reip.</span> <span class='ocrx_word' id='word_1_376' title='bbox 984 1872 1066 1902; x_wconf 83' lang='lat' dir='ltr'>causa</span> <span class='ocrx_word' id='word_1_377' title='bbox 1075 1882 1142 1911; x_wconf 89' lang='lat' dir='ltr'>ape-</span> 
     </span>
     <span class='ocr_line' id='line_1_44' title="bbox 184 1913 1142 1947; baseline 0 -4"><span class='ocrx_word' id='word_1_378' title='bbox 184 1913 298 1944; x_wconf 79' lang='lat' dir='ltr'>rienda.</span> <span class='ocrx_word' id='word_1_379' title='bbox 322 1916 357 1943; x_wconf 87' lang='lat' dir='ltr'>In</span> <span class='ocrx_word' id='word_1_380' title='bbox 365 1923 397 1943; x_wconf 87' lang='lat' dir='ltr'>ea</span> <span class='ocrx_word' id='word_1_381' title='bbox 408 1914 582 1943; x_wconf 82' lang='lat' dir='ltr'>obscuritate</span> <span class='ocrx_word' id='word_1_382' title='bbox 592 1933 601 1947; x_wconf 86' lang='lat'>,</span> <span class='ocrx_word' id='word_1_383' title='bbox 613 1924 645 1943; x_wconf 87' lang='lat' dir='ltr'>ac</span> <span class='ocrx_word' id='word_1_384' title='bbox 654 1913 842 1944; x_wconf 72' lang='lat' dir='ltr'>dubitatione</span> <span class='ocrx_word' id='word_1_385' title='bbox 852 1916 1006 1946; x_wconf 83' lang='lat' dir='ltr'>omnium,</span> <span class='ocrx_word' id='word_1_386' title='bbox 1021 1916 1142 1943; x_wconf 82' lang='lat' dir='ltr'>Cannu-</span> 
     </span>
     <span class='ocr_line' id='line_1_45' title="bbox 183 1955 1143 1996; baseline -0.002 -10"><span class='ocrx_word' id='word_1_387' title='bbox 183 1957 230 1986; x_wconf 88' lang='lat' dir='ltr'>tio</span> <span class='ocrx_word' id='word_1_388' title='bbox 241 1975 250 1988; x_wconf 78' lang='lat'>,</span> <span class='ocrx_word' id='word_1_389' title='bbox 268 1957 363 1995; x_wconf 88' lang='lat' dir='ltr'>perito</span> <span class='ocrx_word' id='word_1_390' title='bbox 374 1956 494 1984; x_wconf 85' lang='lat' dir='ltr'>homini</span> <span class='ocrx_word' id='word_1_391' title='bbox 509 1975 516 1988; x_wconf 93' lang='lat'>‚</span> <span class='ocrx_word' id='word_1_392' title='bbox 534 1957 586 1994; x_wconf 90' lang='lat' dir='ltr'>qui</span> <span class='ocrx_word' id='word_1_393' title='bbox 595 1955 727 1996; x_wconf 84' lang='lat' dir='ltr'>quodam</span> <span class='ocrx_word' id='word_1_394' title='bbox 738 1956 974 1995; x_wconf 56' lang='lat' dir='ltr'>odorefiaspicionz&#39;r</span> <span class='ocrx_word' id='word_1_395' title='bbox 991 1955 1143 1985; x_wconf 80' lang='lat' dir='ltr'>Stalenum</span> 
     </span>
     <span class='ocr_line' id='line_1_46' title="bbox 186 1995 1144 2037; baseline 0 -11"><span class='ocrx_word' id='word_1_396' title='bbox 186 2005 363 2036; x_wconf 85' lang='lat' dir='ltr'>corruptum</span> <span class='ocrx_word' id='word_1_397' title='bbox 382 1995 439 2026; x_wconf 81' lang='lat' dir='ltr'>effe</span> <span class='ocrx_word' id='word_1_398' title='bbox 458 1995 606 2030; x_wconf 75' lang='lat' dir='ltr'>sensisset,</span> <span class='ocrx_word' id='word_1_399' title='bbox 627 2007 725 2037; x_wconf 81' lang='lat' dir='ltr'>neque</span> <span class='ocrx_word' id='word_1_400' title='bbox 743 2007 808 2027; x_wconf 89' lang='lat' dir='ltr'>tum</span> <span class='ocrx_word' id='word_1_401' title='bbox 820 2008 883 2027; x_wconf 81' lang='lat' dir='ltr'>rem</span> <span class='ocrx_word' id='word_1_402' title='bbox 895 1996 1057 2036; x_wconf 72' lang='lat' dir='ltr'>perfectam</span> <span class='ocrx_word' id='word_1_403' title='bbox 1069 1997 1144 2026; x_wconf 83' lang='lat' dir='ltr'>arbi-</span> 
     </span>
     <span class='ocr_line' id='line_1_47' title="bbox 187 2038 1145 2079; baseline 0 -11"><span class='ocrx_word' id='word_1_404' title='bbox 187 2047 321 2072; x_wconf 83' lang='lat' dir='ltr'>traretur,</span> <span class='ocrx_word' id='word_1_405' title='bbox 337 2038 597 2078; x_wconf 72' lang='lat' dir='ltr'>3placuitrepente</span> <span class='ocrx_word' id='word_1_406' title='bbox 608 2039 932 2079; x_wconf 82' lang='lat' dir='ltr'>pronuntiarejudices.</span> <span class='ocrx_word' id='word_1_407' title='bbox 951 2039 1103 2072; x_wconf 84' lang='lat' dir='ltr'>dixerunt,</span> <span class='ocrx_word' id='word_1_408' title='bbox 1118 2039 1145 2068; x_wconf 89' lang='lat' dir='ltr'>se</span> 
     </span>
     <span class='ocr_line' id='line_1_48' title="bbox 186 2078 1144 2123; baseline 0 -13"><span class='ocrx_word' id='word_1_409' title='bbox 186 2080 220 2110; x_wconf 80' lang='lat' dir='ltr'>id</span> <span class='ocrx_word' id='word_1_410' title='bbox 231 2081 318 2110; x_wconf 84' lang='lat' dir='ltr'>velle.</span> <span class='ocrx_word' id='word_1_411' title='bbox 352 2078 411 2110; x_wconf 78' lang='lat' dir='ltr'>Hic</span> <span class='ocrx_word' id='word_1_412' title='bbox 429 2089 494 2109; x_wconf 91' lang='lat' dir='ltr'>tum</span> <span class='ocrx_word' id='word_1_413' title='bbox 516 2082 696 2120; x_wconf 82' lang='lat' dir='ltr'>Oppianicus</span> <span class='ocrx_word' id='word_1_414' title='bbox 717 2091 781 2111; x_wconf 89' lang='lat' dir='ltr'>non</span> <span class='ocrx_word' id='word_1_415' title='bbox 794 2090 971 2123; x_wconf 77' lang='lat' dir='ltr'>magnopere</span> <span class='ocrx_word' id='word_1_416' title='bbox 980 2082 1144 2121; x_wconf 64' lang='lat' dir='ltr'>pertimuit.</span> 
     </span>
     <span class='ocr_line' id='line_1_49' title="bbox 187 2120 1145 2161; baseline -0.001 -9"><span class='ocrx_word' id='word_1_417' title='bbox 187 2132 255 2152; x_wconf 78' lang='lat' dir='ltr'>rem</span> <span class='ocrx_word' id='word_1_418' title='bbox 274 2121 290 2151; x_wconf 73' lang='lat' dir='ltr'>a</span> <span class='ocrx_word' id='word_1_419' title='bbox 308 2122 427 2152; x_wconf 89' lang='lat' dir='ltr'>Staleno</span> <span class='ocrx_word' id='word_1_420' title='bbox 443 2121 606 2161; x_wconf 58' lang='lat' dir='ltr'>perfectam</span> <span class='ocrx_word' id='word_1_421' title='bbox 628 2121 686 2152; x_wconf 84' lang='lat' dir='ltr'>esse</span> <span class='ocrx_word' id='word_1_422' title='bbox 703 2122 906 2153; x_wconf 82' lang='lat' dir='ltr'>arbitrabatur.</span> <span class='ocrx_word' id='word_1_423' title='bbox 936 2125 973 2152; x_wconf 90' lang='lat' dir='ltr'>In</span> <span class='ocrx_word' id='word_1_424' title='bbox 985 2120 1145 2152; x_wconf 79' lang='lat' dir='ltr'>consilium</span> 
     </span>
     <span class='ocr_line' id='line_1_50' title="bbox 188 2163 1145 2205; baseline 0.001 -13"><span class='ocrx_word' id='word_1_425' title='bbox 188 2171 272 2193; x_wconf 84' lang='lat' dir='ltr'>erant</span> <span class='ocrx_word' id='word_1_426' title='bbox 289 2165 358 2193; x_wconf 81' lang='lat' dir='ltr'>ituri</span> <span class='ocrx_word' id='word_1_427' title='bbox 370 2163 487 2202; x_wconf 84' lang='lat' dir='ltr'>judices</span> <span class='ocrx_word' id='word_1_428' title='bbox 506 2165 644 2205; x_wconf 84' lang='lat' dir='ltr'>triginta,</span> <span class='ocrx_word' id='word_1_429' title='bbox 664 2163 779 2194; x_wconf 72' lang='lat' dir='ltr'>&amp;duo</span> <span class='ocrx_word' id='word_1_430' title='bbox 803 2164 957 2194; x_wconf 78' lang='lat' dir='ltr'>sententiis</span> <span class='ocrx_word' id='word_1_431' title='bbox 968 2164 1091 2197; x_wconf 81' lang='lat' dir='ltr'>decem,</span> <span class='ocrx_word' id='word_1_432' title='bbox 1112 2164 1145 2193; x_wconf 71' lang='grc' dir='ltr'>δε</span> 
     </span>
     <span class='ocr_line' id='line_1_51' title="bbox 187 2203 1146 2246; baseline -0.001 -11"><span class='ocrx_word' id='word_1_433' title='bbox 187 2205 241 2235; x_wconf 80' lang='lat' dir='ltr'>sex</span> <span class='ocrx_word' id='word_1_434' title='bbox 250 2204 397 2235; x_wconf 84' lang='lat' dir='ltr'>absolutio</span> <span class='ocrx_word' id='word_1_435' title='bbox 406 2203 516 2235; x_wconf 85' lang='lat' dir='ltr'>confici</span> <span class='ocrx_word' id='word_1_436' title='bbox 526 2213 648 2245; x_wconf 88' lang='lat' dir='ltr'>poterat.</span> <span class='ocrx_word' id='word_1_437' title='bbox 668 2215 723 2234; x_wconf 82' lang='lat' dir='ltr'>H=s</span> <span class='ocrx_word' id='word_1_438' title='bbox 747 2215 853 2235; x_wconf 57' lang='lat' dir='ltr'>mcxi.</span> <span class='ocrx_word' id='word_1_439' title='bbox 872 2207 905 2234; x_wconf 89' lang='lat' dir='ltr'>in</span> <span class='ocrx_word' id='word_1_440' title='bbox 924 2204 1054 2246; x_wconf 81' lang='lat' dir='ltr'>singulos</span> <span class='ocrx_word' id='word_1_441' title='bbox 1068 2205 1146 2241; x_wconf 71' lang='lat' dir='ltr'>iudi-</span> 
     </span>
     <span class='ocr_line' id='line_1_52' title="bbox 187 2245 1146 2279; baseline 0 -3"><span class='ocrx_word' id='word_1_442' title='bbox 187 2256 238 2276; x_wconf 81' lang='lat' dir='ltr'>ces</span> <span class='ocrx_word' id='word_1_443' title='bbox 257 2245 414 2276; x_wconf 86' lang='lat' dir='ltr'>distributa</span> <span class='ocrx_word' id='word_1_444' title='bbox 426 2266 434 2279; x_wconf 85' lang='lat'>‚</span> <span class='ocrx_word' id='word_1_445' title='bbox 453 2256 524 2276; x_wconf 86' lang='lat' dir='ltr'>eum</span> <span class='ocrx_word' id='word_1_446' title='bbox 535 2257 698 2276; x_wconf 79' lang='lat' dir='ltr'>numerum</span> <span class='ocrx_word' id='word_1_447' title='bbox 713 2246 923 2276; x_wconf 85' lang='lat' dir='ltr'>sententiarum</span> <span class='ocrx_word' id='word_1_448' title='bbox 936 2246 1083 2277; x_wconf 80' lang='lat' dir='ltr'>conficere</span> <span class='ocrx_word' id='word_1_449' title='bbox 1094 2246 1146 2276; x_wconf 90' lang='lat' dir='ltr'>de-</span> 
     </span>
     <span class='ocr_line' id='line_1_53' title="bbox 189 2285 1147 2328; baseline 0 -11"><span class='ocrx_word' id='word_1_450' title='bbox 189 2287 312 2320; x_wconf 85' lang='lat' dir='ltr'>bebant,</span> <span class='ocrx_word' id='word_1_451' title='bbox 325 2296 358 2317; x_wconf 88' lang='lat' dir='ltr'>ut</span> <span class='ocrx_word' id='word_1_452' title='bbox 367 2287 401 2317; x_wconf 83' lang='lat' dir='ltr'>ad</span> <span class='ocrx_word' id='word_1_453' title='bbox 411 2288 571 2318; x_wconf 89' lang='lat' dir='ltr'>cumulum</span> <span class='ocrx_word' id='word_1_454' title='bbox 581 2309 590 2321; x_wconf 94' lang='lat'>,</span> <span class='ocrx_word' id='word_1_455' title='bbox 603 2289 652 2328; x_wconf 85' lang='lat' dir='ltr'>spe</span> <span class='ocrx_word' id='word_1_456' title='bbox 664 2289 815 2323; x_wconf 83' lang='lat' dir='ltr'>maiorum</span> <span class='ocrx_word' id='word_1_457' title='bbox 825 2290 1020 2327; x_wconf 74' lang='lat' dir='ltr'>praemiorum</span> <span class='ocrx_word' id='word_1_458' title='bbox 1031 2308 1039 2321; x_wconf 84' lang='lat'>‚</span> <span class='ocrx_word' id='word_1_459' title='bbox 1058 2285 1147 2328; x_wconf 84' lang='lat' dir='ltr'>ipsius</span> 
     </span>
     <span class='ocr_line' id='line_1_54' title="bbox 188 2329 1145 2369; baseline -0.001 -9"><span class='ocrx_word' id='word_1_460' title='bbox 188 2329 303 2361; x_wconf 82' lang='lat' dir='ltr'>Staleni</span> <span class='ocrx_word' id='word_1_461' title='bbox 320 2330 464 2359; x_wconf 80' lang='lat' dir='ltr'>sententia</span> <span class='ocrx_word' id='word_1_462' title='bbox 484 2330 607 2369; x_wconf 82' lang='lat' dir='ltr'>septima</span> <span class='ocrx_word' id='word_1_463' title='bbox 623 2330 738 2360; x_wconf 86' lang='lat' dir='ltr'>decima</span> <span class='ocrx_word' id='word_1_464' title='bbox 757 2329 915 2359; x_wconf 82' lang='lat' dir='ltr'>accederet.</span> <span class='ocrx_word' id='word_1_465' title='bbox 948 2333 1044 2369; x_wconf 85' lang='lat' dir='ltr'>Atque</span> <span class='ocrx_word' id='word_1_466' title='bbox 1055 2332 1145 2359; x_wconf 88' lang='lat' dir='ltr'>etiam</span> 
     </span>
     <span class='ocr_line' id='line_1_55' title="bbox 188 2370 1146 2410; baseline -0.001 -10"><span class='ocrx_word' id='word_1_467' title='bbox 188 2371 256 2401; x_wconf 85' lang='lat' dir='ltr'>casu</span> <span class='ocrx_word' id='word_1_468' title='bbox 268 2379 334 2400; x_wconf 86' lang='lat' dir='ltr'>tum</span> <span class='ocrx_word' id='word_1_469' title='bbox 345 2370 425 2410; x_wconf 88' lang='lat' dir='ltr'>quod</span> <span class='ocrx_word' id='word_1_470' title='bbox 435 2371 511 2400; x_wconf 87' lang='lat' dir='ltr'>illud</span> <span class='ocrx_word' id='word_1_471' title='bbox 522 2371 643 2410; x_wconf 66' lang='lat' dir='ltr'>repente</span> <span class='ocrx_word' id='word_1_472' title='bbox 653 2381 712 2401; x_wconf 89' lang='lat' dir='ltr'>erat</span> <span class='ocrx_word' id='word_1_473' title='bbox 720 2370 834 2400; x_wconf 68' lang='lat' dir='ltr'>faShim</span> <span class='ocrx_word' id='word_1_474' title='bbox 847 2391 854 2404; x_wconf 89' lang='lat'>,</span> <span class='ocrx_word' id='word_1_475' title='bbox 865 2370 999 2401; x_wconf 86' lang='lat' dir='ltr'>Stalenus</span> <span class='ocrx_word' id='word_1_476' title='bbox 1010 2371 1070 2410; x_wconf 88' lang='lat' dir='ltr'>ipse</span> <span class='ocrx_word' id='word_1_477' title='bbox 1081 2381 1146 2401; x_wconf 90' lang='lat' dir='ltr'>non</span> 
     </span>
     <span class='ocr_line' id='line_1_56' title="bbox 189 2411 1147 2452; baseline 0.001 -11"><span class='ocrx_word' id='word_1_478' title='bbox 189 2412 298 2442; x_wconf 76' lang='lat' dir='ltr'>aderat.</span> <span class='ocrx_word' id='word_1_479' title='bbox 313 2413 429 2442; x_wconf 79' lang='lat' dir='ltr'>causam</span> <span class='ocrx_word' id='word_1_480' title='bbox 442 2413 542 2442; x_wconf 86' lang='lat' dir='ltr'>nescio</span> <span class='ocrx_word' id='word_1_481' title='bbox 552 2423 641 2452; x_wconf 89' lang='lat' dir='ltr'>quam</span> <span class='ocrx_word' id='word_1_482' title='bbox 652 2412 728 2452; x_wconf 79' lang='lat' dir='ltr'>apud</span> <span class='ocrx_word' id='word_1_483' title='bbox 741 2412 872 2448; x_wconf 81' lang='lat' dir='ltr'>judicem</span> <span class='ocrx_word' id='word_1_484' title='bbox 884 2411 1070 2442; x_wconf 77' lang='lat' dir='ltr'>defendebat.</span> <span class='ocrx_word' id='word_1_485' title='bbox 1095 2415 1147 2442; x_wconf 81' lang='lat' dir='ltr'>Fa-</span> 
     </span>
     <span class='ocr_line' id='line_1_57' title="bbox 189 2454 1149 2492; baseline -0.002 -8"><span class='ocrx_word' id='word_1_486' title='bbox 189 2454 248 2484; x_wconf 73' lang='lat' dir='ltr'>cile</span> <span class='ocrx_word' id='word_1_487' title='bbox 261 2454 317 2484; x_wconf 87' lang='lat' dir='ltr'>hoc</span> <span class='ocrx_word' id='word_1_488' title='bbox 327 2455 433 2483; x_wconf 79' lang='lat' dir='ltr'>Avitus</span> <span class='ocrx_word' id='word_1_489' title='bbox 446 2454 608 2492; x_wconf 75' lang='lat' dir='ltr'>patiebatur</span> <span class='ocrx_word' id='word_1_490' title='bbox 620 2465 624 2482; x_wconf 93' lang='lat'>:</span> <span class='ocrx_word' id='word_1_491' title='bbox 635 2454 722 2483; x_wconf 62' lang='lat' dir='ltr'>facilc¹</span> <span class='ocrx_word' id='word_1_492' title='bbox 734 2455 898 2483; x_wconf 77' lang='lat' dir='ltr'>Cannutius</span> <span class='ocrx_word' id='word_1_493' title='bbox 912 2463 955 2483; x_wconf 85' lang='lat' dir='ltr'>:at</span> <span class='ocrx_word' id='word_1_494' title='bbox 963 2463 1026 2482; x_wconf 90' lang='lat' dir='ltr'>non</span> <span class='ocrx_word' id='word_1_495' title='bbox 1038 2455 1149 2492; x_wconf 86' lang='lat' dir='ltr'>Oppia-</span> 
     </span>
     <span class='ocr_line' id='line_1_58' title="bbox 190 2494 1150 2536; baseline 0 -12"><span class='ocrx_word' id='word_1_496' title='bbox 190 2498 278 2526; x_wconf 83' lang='lat' dir='ltr'>nicus</span> <span class='ocrx_word' id='word_1_497' title='bbox 290 2515 298 2529; x_wconf 89' lang='lat'>,</span> <span class='ocrx_word' id='word_1_498' title='bbox 321 2505 418 2536; x_wconf 87' lang='lat' dir='ltr'>neque</span> <span class='ocrx_word' id='word_1_499' title='bbox 429 2504 569 2535; x_wconf 80' lang='lat' dir='ltr'>patronus</span> <span class='ocrx_word' id='word_1_500' title='bbox 579 2496 644 2535; x_wconf 82' lang='lat' dir='ltr'>ejus</span> <span class='ocrx_word' id='word_1_501' title='bbox 657 2497 691 2525; x_wconf 89' lang='lat' dir='ltr'>L.</span> <span class='ocrx_word' id='word_1_502' title='bbox 702 2497 864 2534; x_wconf 83' lang='lat' dir='ltr'>Qintius:</span> <span class='ocrx_word' id='word_1_503' title='bbox 883 2494 1016 2536; x_wconf 73' lang='lat' dir='ltr'>quicum</span> <span class='ocrx_word' id='word_1_504' title='bbox 1029 2494 1099 2524; x_wconf 74' lang='lat' dir='ltr'>ess&#39;et</span> <span class='ocrx_word' id='word_1_505' title='bbox 1114 2504 1150 2524; x_wconf 86' lang='lat' dir='ltr'>eo</span> 
     </span>
     <span class='ocr_line' id='line_1_59' title="bbox 191 2536 1149 2577; baseline -0.001 -12"><span class='ocrx_word' id='word_1_506' title='bbox 191 2546 327 2576; x_wconf 83' lang='lat' dir='ltr'>tempore</span> <span class='ocrx_word' id='word_1_507' title='bbox 339 2537 593 2576; x_wconf 71' lang='lat' dir='ltr'>tribunusplebis,</span> <span class='ocrx_word' id='word_1_508' title='bbox 605 2539 778 2569; x_wconf 77' lang='lat' dir='ltr'>convicium</span> <span class='ocrx_word' id='word_1_509' title='bbox 795 2538 928 2577; x_wconf 89' lang='lat' dir='ltr'>C.Junio</span> <span class='ocrx_word' id='word_1_510' title='bbox 939 2556 947 2570; x_wconf 91' lang='lat'>‚</span> <span class='ocrx_word' id='word_1_511' title='bbox 966 2536 1057 2574; x_wconf 82' lang='lat' dir='ltr'>judici</span> <span class='ocrx_word' id='word_1_512' title='bbox 1068 2545 1149 2576; x_wconf 79' lang='lat' dir='ltr'>qua:-</span> 
     </span>
     <span class='ocr_line' id='line_1_60' title="bbox 189 2577 1149 2612; baseline -0.001 -5"><span class='ocrx_word' id='word_1_513' title='bbox 189 2577 310 2610; x_wconf 86' lang='lat' dir='ltr'>stionis‚</span> <span class='ocrx_word' id='word_1_514' title='bbox 326 2580 497 2608; x_wconf 81' lang='lat' dir='ltr'>maximum</span> <span class='ocrx_word' id='word_1_515' title='bbox 508 2577 597 2612; x_wconf 85' lang='lat' dir='ltr'>fecit,</span> <span class='ocrx_word' id='word_1_516' title='bbox 624 2582 674 2609; x_wconf 80' lang='lat' dir='ltr'>UT</span> <span class='ocrx_word' id='word_1_517' title='bbox 689 2589 733 2608; x_wconf 78' lang='grc' dir='ltr'>ΝΕ</span> <span class='ocrx_word' id='word_1_518' title='bbox 749 2588 826 2608; x_wconf 68' lang='grc' dir='ltr'>ειΝΕ</span> <span class='ocrx_word' id='word_1_519' title='bbox 841 2581 994 2609; x_wconf 71' lang='lat' dir='ltr'>STALENO</span> <span class='ocrx_word' id='word_1_520' title='bbox 1014 2587 1049 2606; x_wconf 82' lang='lat' dir='ltr'>1N</span> <span class='ocrx_word' id='word_1_521' title='bbox 1070 2587 1149 2607; x_wconf 64' lang='lat' dir='ltr'>cori-</span> 
     </span>
     <span class='ocr_line' id='line_1_61' title="bbox 191 2618 1149 2660; baseline 0 -12"><span class='ocrx_word' id='word_1_522' title='bbox 191 2629 318 2649; x_wconf 75' lang='lat' dir='ltr'>aiLmM</span> <span class='ocrx_word' id='word_1_523' title='bbox 341 2629 469 2649; x_wconf 61' lang='lat' dir='ltr'>iaz-rur&lt;</span> <span class='ocrx_word' id='word_1_524' title='bbox 486 2630 491 2648; x_wconf 79' lang='lat' dir='ltr'>t</span> <span class='ocrx_word' id='word_1_525' title='bbox 514 2630 645 2660; x_wconf 89' lang='lat' dir='ltr'>cumque</span> <span class='ocrx_word' id='word_1_526' title='bbox 663 2620 693 2650; x_wconf 91' lang='lat' dir='ltr'>id</span> <span class='ocrx_word' id='word_1_527' title='bbox 709 2622 736 2650; x_wconf 90' lang='lat' dir='ltr'>ei</span> <span class='ocrx_word' id='word_1_528' title='bbox 750 2630 801 2660; x_wconf 87' lang='lat' dir='ltr'>per</span> <span class='ocrx_word' id='word_1_529' title='bbox 811 2622 938 2653; x_wconf 74' lang='lat' dir='ltr'>viatores</span> <span class='ocrx_word' id='word_1_530' title='bbox 947 2618 1085 2649; x_wconf 72' lang='lat' dir='ltr'>consulto</span> <span class='ocrx_word' id='word_1_531' title='bbox 1097 2629 1149 2648; x_wconf 90' lang='lat' dir='ltr'>ne-</span> 
     </span>
     <span class='ocr_line' id='line_1_62' title="bbox 187 2660 1150 2703; baseline 0.001 -13"><span class='ocrx_word' id='word_1_532' title='bbox 187 2660 350 2702; x_wconf 74' lang='lat' dir='ltr'>gligentius</span> <span class='ocrx_word' id='word_1_533' title='bbox 361 2663 405 2703; x_wconf 83' lang='lat' dir='ltr'>agi</span> <span class='ocrx_word' id='word_1_534' title='bbox 416 2661 582 2695; x_wconf 84' lang='lat' dir='ltr'>videretur,</span> <span class='ocrx_word' id='word_1_535' title='bbox 602 2663 690 2702; x_wconf 84' lang='lat' dir='ltr'>4ipse</span> <span class='ocrx_word' id='word_1_536' title='bbox 708 2662 724 2692; x_wconf 82' lang='grc' dir='ltr'>ὲ</span> <span class='ocrx_word' id='word_1_537' title='bbox 744 2661 867 2703; x_wconf 88' lang='lat' dir='ltr'>publico</span> <span class='ocrx_word' id='word_1_538' title='bbox 880 2660 997 2702; x_wconf 79' lang='lat' dir='ltr'>judicio</span> <span class='ocrx_word' id='word_1_539' title='bbox 1007 2661 1042 2691; x_wconf 83' lang='lat' dir='ltr'>ad</span> <span class='ocrx_word' id='word_1_540' title='bbox 1052 2663 1150 2702; x_wconf 81' lang='lat' dir='ltr'>priva-</span> 
     </span>
    </p>
   </div>
   <div class='ocr_carea' id='block_1_4' title="bbox 184 2780 1150 3178">
    <p class='ocr_par' dir='ltr' id='par_1_4' title="bbox 187 2780 1145 2859">
     <span class='ocr_line' id='line_1_63' title="bbox 228 2780 1145 2824; baseline 0.004 -14"><span class='ocrx_word' id='word_1_541' title='bbox 228 2795 237 2811; x_wconf 80' lang='lat' dir='ltr'>t</span> <span class='ocrx_word' id='word_1_542' title='bbox 247 2805 252 2812; x_wconf 86' lang='lat'>.</span> <span class='ocrx_word' id='word_1_543' title='bbox 272 2789 310 2811; x_wconf 71' lang='lat' dir='ltr'>Ex</span> <span class='ocrx_word' id='word_1_544' title='bbox 319 2788 472 2820; x_wconf 65' lang='lat' dir='ltr'>:jusfi’rmone</span> <span class='ocrx_word' id='word_1_545' title='bbox 480 2780 571 2819; x_wconf 63' lang='lat' dir='ltr'>[pei-usa</span> <span class='ocrx_word' id='word_1_546' title='bbox 579 2787 736 2821; x_wconf 60' lang='lat' dir='ltr'>dqcnslarat]</span> <span class='ocrx_word' id='word_1_547' title='bbox 750 2787 817 2813; x_wconf 77' lang='lat' dir='ltr'>Pall.</span> <span class='ocrx_word' id='word_1_548' title='bbox 829 2788 986 2824; x_wconf 66' lang='lat' dir='ltr'>septeimspe</span> <span class='ocrx_word' id='word_1_549' title='bbox 992 2789 1060 2821; x_wconf 72' lang='lat' dir='ltr'>gulae,</span> <span class='ocrx_word' id='word_1_550' title='bbox 1074 2787 1145 2823; x_wconf 81' lang='lat' dir='ltr'>quod</span> 
     </span>
     <span class='ocr_line' id='line_1_64' title="bbox 187 2821 833 2859; baseline 0.005 -12"><span class='ocrx_word' id='word_1_551' title='bbox 187 2821 217 2847; x_wconf 69' lang='grc' dir='ltr'>δε</span> <span class='ocrx_word' id='word_1_552' title='bbox 228 2830 331 2847; x_wconf 77' lang='lat' dir='ltr'>eruerat</span> <span class='ocrx_word' id='word_1_553' title='bbox 343 2826 355 2847; x_wconf 73' lang='lat' dir='ltr'>‘e</span> <span class='ocrx_word' id='word_1_554' title='bbox 367 2821 410 2848; x_wconf 75' lang='lat' dir='ltr'>suo</span> <span class='ocrx_word' id='word_1_555' title='bbox 422 2823 563 2849; x_wconf 79' lang='lat' dir='ltr'>Brissonius</span> <span class='ocrx_word' id='word_1_556' title='bbox 577 2843 584 2854; x_wconf 93' lang='lat'>,</span> <span class='ocrx_word' id='word_1_557' title='bbox 595 2823 766 2859; x_wconf 68' lang='lat' dir='ltr'>placebatque</span> <span class='ocrx_word' id='word_1_558' title='bbox 778 2824 833 2859; x_wconf 71' lang='lat' dir='ltr'>ipsi.</span> 
     </span>
    </p>

    <p class='ocr_par' dir='ltr' id='par_1_5' title="bbox 187 2858 1147 3026">
     <span class='ocr_line' id='line_1_65' title="bbox 226 2858 1146 2896; baseline 0.003 -14"><span class='ocrx_word' id='word_1_559' title='bbox 226 2866 255 2882; x_wconf 80' lang='lat'>2.</span> <span class='ocrx_word' id='word_1_560' title='bbox 282 2859 380 2890; x_wconf 66' lang='lat' dir='ltr'>Qidm</span> <span class='ocrx_word' id='word_1_561' title='bbox 388 2861 466 2891; x_wconf 78' lang='lat' dir='ltr'>inquit</span> <span class='ocrx_word' id='word_1_562' title='bbox 475 2862 535 2884; x_wconf 63' lang='lat' dir='ltr'>‘Paerc</span> <span class='ocrx_word' id='word_1_563' title='bbox 547 2859 579 2892; x_wconf 64' lang='grc' dir='ltr'>ΓΙ]</span> <span class='ocrx_word' id='word_1_564' title='bbox 601 2861 641 2885; x_wconf 73' lang='lat' dir='ltr'>lta</span> <span class='ocrx_word' id='word_1_565' title='bbox 652 2859 758 2896; x_wconf 68' lang='lat' dir='ltr'>qui-lein</span> <span class='ocrx_word' id='word_1_566' title='bbox 771 2860 901 2886; x_wconf 75' lang='lat' dir='ltr'>recentius</span> <span class='ocrx_word' id='word_1_567' title='bbox 912 2859 987 2885; x_wconf 83' lang='lat' dir='ltr'>editi.</span> <span class='ocrx_word' id='word_1_568' title='bbox 1007 2858 1050 2884; x_wconf 88' lang='lat' dir='ltr'>sed</span> <span class='ocrx_word' id='word_1_569' title='bbox 1071 2867 1146 2885; x_wconf 88' lang='lat' dir='ltr'>vetn—</span> 
     </span>
     <span class='ocr_line' id='line_1_66' title="bbox 188 2892 1147 2931; baseline 0.003 -13"><span class='ocrx_word' id='word_1_570' title='bbox 188 2892 252 2918; x_wconf 87' lang='lat' dir='ltr'>stius</span> <span class='ocrx_word' id='word_1_571' title='bbox 264 2895 366 2925; x_wconf 54' lang='lat' dir='ltr'>,shcettn</span> <span class='ocrx_word' id='word_1_572' title='bbox 387 2894 457 2919; x_wconf 79' lang='lat' dir='ltr'>estin</span> <span class='ocrx_word' id='word_1_573' title='bbox 472 2894 538 2919; x_wconf 57' lang='lat' dir='ltr'>Palla</span> <span class='ocrx_word' id='word_1_574' title='bbox 552 2895 577 2920; x_wconf 85' lang='lat' dir='ltr'>in</span> <span class='ocrx_word' id='word_1_575' title='bbox 589 2895 784 2926; x_wconf 47' lang='lat' dir='ltr'>&amp;Victorissin</span> <span class='ocrx_word' id='word_1_576' title='bbox 797 2896 828 2921; x_wconf 77' lang='lat' dir='ltr'>iis</span> <span class='ocrx_word' id='word_1_577' title='bbox 840 2905 905 2931; x_wconf 82' lang='lat' dir='ltr'>quos</span> <span class='ocrx_word' id='word_1_578' title='bbox 917 2894 1027 2921; x_wconf 66' lang='lat' dir='ltr'>excussit</span> <span class='ocrx_word' id='word_1_579' title='bbox 1038 2895 1147 2926; x_wconf 69' lang='lat' dir='ltr'>Rivius,</span> 
     </span>
     <span class='ocr_line' id='line_1_67' title="bbox 187 2928 1143 2966; baseline 0.003 -13"><span class='ocrx_word' id='word_1_580' title='bbox 187 2932 291 2960; x_wconf 53' lang='grc' dir='ltr'>’θαι-τω,-</span> <span class='ocrx_word' id='word_1_581' title='bbox 309 2928 442 2963; x_wconf 66' lang='lat' dir='ltr'>quomodo</span> <span class='ocrx_word' id='word_1_582' title='bbox 453 2931 480 2954; x_wconf 67' lang='grc' dir='ltr'>ὃ(</span> <span class='ocrx_word' id='word_1_583' title='bbox 491 2929 625 2956; x_wconf 58' lang='lat' dir='ltr'>metm-ins</span> <span class='ocrx_word' id='word_1_584' title='bbox 637 2931 746 2966; x_wconf 75' lang='lat' dir='ltr'>aliique.</span> <span class='ocrx_word' id='word_1_585' title='bbox 767 2930 808 2956; x_wconf 79' lang='lat' dir='ltr'>sed</span> <span class='ocrx_word' id='word_1_586' title='bbox 821 2940 911 2957; x_wconf 80' lang='lat' dir='ltr'>natum</span> <span class='ocrx_word' id='word_1_587' title='bbox 923 2930 994 2956; x_wconf 85' lang='lat' dir='ltr'>forte</span> <span class='ocrx_word' id='word_1_588' title='bbox 1012 2940 1045 2956; x_wconf 84' lang='lat' dir='ltr'>ex</span> <span class='ocrx_word' id='word_1_589' title='bbox 1063 2932 1143 2957; x_wconf 62' lang='lat' dir='ltr'>reteri</span> 
     </span>
     <span class='ocr_line' id='line_1_68' title="bbox 189 2963 1146 3003; baseline 0.004 -14"><span class='ocrx_word' id='word_1_590' title='bbox 189 2964 293 2990; x_wconf 84' lang='lat' dir='ltr'>ratione</span> <span class='ocrx_word' id='word_1_591' title='bbox 305 2963 432 2991; x_wconf 82' lang='lat' dir='ltr'>scribendi</span> <span class='ocrx_word' id='word_1_592' title='bbox 443 2969 523 2991; x_wconf 72' lang='lat' dir='ltr'>Paete.</span> <span class='ocrx_word' id='word_1_593' title='bbox 543 2969 630 2991; x_wconf 51' lang='lat' dir='ltr'>Panum</span> <span class='ocrx_word' id='word_1_594' title='bbox 640 2966 689 2993; x_wconf 74' lang='lat' dir='ltr'>ess&#39;c</span> <span class='ocrx_word' id='word_1_595' title='bbox 700 2967 770 2993; x_wconf 75' lang='lat' dir='ltr'>iuter</span> <span class='ocrx_word' id='word_1_596' title='bbox 780 2968 939 3003; x_wconf 77' lang='lat' dir='ltr'>cognomina</span> <span class='ocrx_word' id='word_1_597' title='bbox 950 2967 1028 2992; x_wconf 75' lang='lat' dir='ltr'>AEliae</span> <span class='ocrx_word' id='word_1_598' title='bbox 1037 2968 1125 3002; x_wconf 79' lang='lat' dir='ltr'>gentis</span> <span class='ocrx_word' id='word_1_599' title='bbox 1139 2987 1146 2999; x_wconf 92' lang='lat'>,</span> 
     </span>
     <span class='ocr_line' id='line_1_69' title="bbox 191 3000 424 3026; baseline 0.009 -2"><span class='ocrx_word' id='word_1_600' title='bbox 191 3000 303 3026; x_wconf 88' lang='lat' dir='ltr'>omnino</span> <span class='ocrx_word' id='word_1_601' title='bbox 314 3000 424 3026; x_wconf 73' lang='lat' dir='ltr'>constat.</span> 
     </span>
    </p>

    <p class='ocr_par' dir='ltr' id='par_1_6' title="bbox 184 3037 1150 3178">
     <span class='ocr_line' id='line_1_70' title="bbox 229 3037 1147 3072; baseline 0.003 -11"><span class='ocrx_word' id='word_1_602' title='bbox 229 3043 256 3070; x_wconf 85' lang='lat'>3.</span> <span class='ocrx_word' id='word_1_603' title='bbox 275 3037 372 3060; x_wconf 79' lang='lat' dir='ltr'>‘Placuit</span> <span class='ocrx_word' id='word_1_604' title='bbox 391 3043 480 3068; x_wconf 74' lang='lat' dir='ltr'>repente</span> <span class='ocrx_word' id='word_1_605' title='bbox 495 3040 650 3068; x_wconf 74' lang='lat' dir='ltr'>pronuntiare</span> <span class='ocrx_word' id='word_1_606' title='bbox 661 3039 766 3071; x_wconf 74' lang='lat' dir='ltr'>jndices.</span> <span class='ocrx_word' id='word_1_607' title='bbox 786 3039 932 3072; x_wconf 72' lang='lat' dir='ltr'>dixeruntft</span> <span class='ocrx_word' id='word_1_608' title='bbox 940 3038 968 3063; x_wconf 79' lang='lat' dir='ltr'>id</span> <span class='ocrx_word' id='word_1_609' title='bbox 974 3038 1056 3072; x_wconf 53' lang='grc' dir='ltr'>νεὼ]</span> <span class='ocrx_word' id='word_1_610' title='bbox 1079 3039 1123 3064; x_wconf 78' lang='lat' dir='ltr'>Est</span> <span class='ocrx_word' id='word_1_611' title='bbox 1133 3040 1147 3064; x_wconf 71' lang='lat' dir='ltr'>a</span> 
     </span>
     <span class='ocr_line' id='line_1_71' title="bbox 189 3071 1149 3106; baseline 0.003 -10"><span class='ocrx_word' id='word_1_612' title='bbox 189 3079 289 3104; x_wconf 59' lang='lat' dir='ltr'>maiore</span> <span class='ocrx_word' id='word_1_613' title='bbox 300 3078 374 3106; x_wconf 78' lang='lat' dir='ltr'>parte</span> <span class='ocrx_word' id='word_1_614' title='bbox 385 3071 453 3096; x_wconf 76' lang='lat' dir='ltr'>Pali.</span> <span class='ocrx_word' id='word_1_615' title='bbox 474 3081 530 3097; x_wconf 81' lang='lat' dir='ltr'>nam</span> <span class='ocrx_word' id='word_1_616' title='bbox 544 3071 592 3097; x_wconf 79' lang='lat' dir='ltr'>sec.</span> <span class='ocrx_word' id='word_1_617' title='bbox 605 3082 634 3098; x_wconf 70' lang='lat' dir='ltr'>ac</span> <span class='ocrx_word' id='word_1_618' title='bbox 646 3073 714 3099; x_wconf 84' lang='lat' dir='ltr'>sext.</span> <span class='ocrx_word' id='word_1_619' title='bbox 734 3073 798 3100; x_wconf 83' lang='lat' dir='ltr'>item</span> <span class='ocrx_word' id='word_1_620' title='bbox 810 3075 857 3100; x_wconf 79' lang='lat' dir='ltr'>ille</span> <span class='ocrx_word' id='word_1_621' title='bbox 868 3076 895 3100; x_wconf 82' lang='lat' dir='ltr'>S.</span> <span class='ocrx_word' id='word_1_622' title='bbox 907 3073 1022 3100; x_wconf 54' lang='lat' dir='ltr'>Victoris</span> <span class='ocrx_word' id='word_1_623' title='bbox 1035 3093 1042 3105; x_wconf 87' lang='lat'><strong><em>‚</em></strong></span> <span class='ocrx_word' id='word_1_624' title='bbox 1060 3076 1149 3105; x_wconf 75' lang='lat' dir='ltr'>placuit</span> 
     </span>
     <span class='ocr_line' id='line_1_72' title="bbox 189 3108 1150 3145; baseline 0.005 -14"><span class='ocrx_word' id='word_1_625' title='bbox 189 3109 451 3139; x_wconf 56' lang='lat' dir='ltr'>repentcpi·on:eniiirre.</span> <span class='ocrx_word' id='word_1_626' title='bbox 472 3108 593 3132; x_wconf 67' lang='lat' dir='ltr'>dixerunt.</span> <span class='ocrx_word' id='word_1_627' title='bbox 613 3109 665 3134; x_wconf 83' lang='lat' dir='ltr'>Hic.</span> <span class='ocrx_word' id='word_1_628' title='bbox 689 3109 795 3145; x_wconf 71' lang='lat' dir='ltr'>vulgata</span> <span class='ocrx_word' id='word_1_629' title='bbox 807 3129 816 3143; x_wconf 79' lang='lat'>,</span> <span class='ocrx_word' id='word_1_630' title='bbox 830 3112 923 3144; x_wconf 63' lang='lat' dir='ltr'>placuit</span> <span class='ocrx_word' id='word_1_631' title='bbox 942 3117 1034 3143; x_wconf 67' lang='lat' dir='ltr'>repente</span> <span class='ocrx_word' id='word_1_632' title='bbox 1050 3110 1150 3144; x_wconf 77' lang='lat' dir='ltr'>Judices</span> 
     </span>
     <span class='ocr_line' id='line_1_73' title="bbox 184 3142 729 3178; baseline 0.006 -12"><span class='ocrx_word' id='word_1_633' title='bbox 184 3146 351 3176; x_wconf 70' lang='lat' dir='ltr'>pronuntiare.</span> <span class='ocrx_word' id='word_1_634' title='bbox 369 3142 498 3178; x_wconf 72' lang='lat' dir='ltr'>Judlcesfi·</span> <span class='ocrx_word' id='word_1_635' title='bbox 508 3143 534 3168; x_wconf 77' lang='lat' dir='ltr'>id</span> <span class='ocrx_word' id='word_1_636' title='bbox 542 3145 599 3168; x_wconf 75' lang='lat' dir='ltr'>velle</span> <span class='ocrx_word' id='word_1_637' title='bbox 608 3144 729 3172; x_wconf 76' lang='lat' dir='ltr'>dixerunt.</span> 
     </span>
    </p>
   </div>
   <div class='ocr_carea' id='block_1_5' title="bbox 1174 121 1726 174">
    <p class='ocr_par' dir='ltr' id='par_1_7' title="bbox 1174 121 1726 174">
     <span class='ocr_line' id='line_1_74' title="bbox 1174 121 1726 174; baseline 0.005 -3"><span class='ocrx_word' id='word_1_638' title='bbox 1174 121 1726 174; x_wconf 66' lang='lat' dir='ltr'>CICERONIs</span> 
     </span>
    </p>
   </div>
   <div class='ocr_carea' id='block_1_6' title="bbox 1171 202 2130 703">
    <p class='ocr_par' dir='ltr' id='par_1_8' title="bbox 1171 202 2130 703">
     <span class='ocr_line' id='line_1_75' title="bbox 1171 202 2121 249; baseline 0.001 -13"><span class='ocrx_word' id='word_1_639' title='bbox 1171 214 1236 236; x_wconf 82' lang='lat' dir='ltr'>turn</span> <span class='ocrx_word' id='word_1_640' title='bbox 1245 205 1354 236; x_wconf 88' lang='lat' dir='ltr'>Staleni</span> <span class='ocrx_word' id='word_1_641' title='bbox 1370 206 1515 244; x_wconf 69' lang='lat' dir='ltr'>iudicium</span> <span class='ocrx_word' id='word_1_642' title='bbox 1529 205 1681 248; x_wconf 68' lang='lat' dir='ltr'>profeEtus</span> <span class='ocrx_word' id='word_1_643' title='bbox 1698 205 1762 240; x_wconf 86' lang='lat' dir='ltr'>est,</span> <span class='ocrx_word' id='word_1_644' title='bbox 1783 202 1817 237; x_wconf 86' lang='lat'>&amp;</span> <span class='ocrx_word' id='word_1_645' title='bbox 1835 203 1911 238; x_wconf 86' lang='lat' dir='ltr'>illud</span> <span class='ocrx_word' id='word_1_646' title='bbox 1928 209 1974 249; x_wconf 76' lang='lat' dir='ltr'>pro</span> <span class='ocrx_word' id='word_1_647' title='bbox 1990 206 2121 249; x_wconf 71' lang='lat' dir='ltr'>potestm</span> 
     </span>
     <span class='ocr_line' id='line_1_76' title="bbox 1172 246 2122 288; baseline 0.003 -12"><span class='ocrx_word' id='word_1_648' title='bbox 1172 246 1390 288; x_wconf 85' lang='lat' dir='ltr'>dimittijuffit:</span> <span class='ocrx_word' id='word_1_649' title='bbox 1411 249 1564 279; x_wconf 82' lang='lat' dir='ltr'>Stalenum</span> <span class='ocrx_word' id='word_1_650' title='bbox 1575 249 1636 288; x_wconf 87' lang='lat' dir='ltr'>ipse</span> <span class='ocrx_word' id='word_1_651' title='bbox 1645 248 1681 279; x_wconf 89' lang='lat' dir='ltr'>ad</span> <span class='ocrx_word' id='word_1_652' title='bbox 1692 249 1827 279; x_wconf 83' lang='lat' dir='ltr'>subsellia</span> <span class='ocrx_word' id='word_1_653' title='bbox 1837 248 1972 280; x_wconf 84' lang='lat' dir='ltr'>adduxit.</span> <span class='ocrx_word' id='word_1_654' title='bbox 1991 251 2122 279; x_wconf 88' lang='lat' dir='ltr'>Consur-</span> 
     </span>
     <span class='ocr_line' id='line_1_77' title="bbox 1171 286 2122 331; baseline 0.003 -13"><span class='ocrx_word' id='word_1_655' title='bbox 1171 290 1250 329; x_wconf 88' lang='lat' dir='ltr'>gitur</span> <span class='ocrx_word' id='word_1_656' title='bbox 1269 291 1301 318; x_wconf 89' lang='lat' dir='ltr'>in</span> <span class='ocrx_word' id='word_1_657' title='bbox 1314 289 1473 320; x_wconf 85' lang='lat' dir='ltr'>consilium</span> <span class='ocrx_word' id='word_1_658' title='bbox 1485 311 1492 324; x_wconf 94' lang='lat'>‚</span> <span class='ocrx_word' id='word_1_659' title='bbox 1515 290 1584 320; x_wconf 64' lang='lat' dir='ltr'>ci‘im</span> <span class='ocrx_word' id='word_1_660' title='bbox 1596 291 1753 320; x_wconf 86' lang='lat' dir='ltr'>sententias</span> <span class='ocrx_word' id='word_1_661' title='bbox 1764 286 1943 330; x_wconf 81' lang='lat' dir='ltr'>Oppianicus</span> <span class='ocrx_word' id='word_1_662' title='bbox 1954 310 1962 324; x_wconf 90' lang='lat'>,</span> <span class='ocrx_word' id='word_1_663' title='bbox 1982 299 2122 331; x_wconf 84' lang='lat' dir='ltr'>quaetum</span> 
     </span>
     <span class='ocr_line' id='line_1_78' title="bbox 1173 329 2124 372; baseline 0.001 -12"><span class='ocrx_word' id='word_1_664' title='bbox 1173 339 1232 360; x_wconf 84' lang='lat' dir='ltr'>erat</span> <span class='ocrx_word' id='word_1_665' title='bbox 1238 330 1375 371; x_wconf 80' lang='lat' dir='ltr'>potestas,</span> <span class='ocrx_word' id='word_1_666' title='bbox 1386 329 1482 372; x_wconf 60' lang='lat' dir='ltr'>pallam</span> <span class='ocrx_word' id='word_1_667' title='bbox 1484 332 1557 370; x_wconf 79' lang='lat' dir='ltr'>ferri</span> <span class='ocrx_word' id='word_1_668' title='bbox 1568 333 1635 360; x_wconf 83' lang='lat' dir='ltr'>velle</span> <span class='ocrx_word' id='word_1_669' title='bbox 1643 330 1773 365; x_wconf 83' lang='lat' dir='ltr'>dixisset,</span> <span class='ocrx_word' id='word_1_670' title='bbox 1789 341 1821 362; x_wconf 88' lang='lat' dir='ltr'>ut</span> <span class='ocrx_word' id='word_1_671' title='bbox 1829 332 1964 363; x_wconf 74' lang='lat' dir='ltr'>scalenus</span> <span class='ocrx_word' id='word_1_672' title='bbox 1973 332 2044 362; x_wconf 89' lang='lat' dir='ltr'>scire</span> <span class='ocrx_word' id='word_1_673' title='bbox 2055 332 2124 371; x_wconf 87' lang='lat' dir='ltr'>pos-</span> 
     </span>
     <span class='ocr_line' id='line_1_79' title="bbox 1173 372 2128 414; baseline 0.001 -13"><span class='ocrx_word' id='word_1_674' title='bbox 1173 372 1215 402; x_wconf 86' lang='lat' dir='ltr'>set</span> <span class='ocrx_word' id='word_1_675' title='bbox 1226 392 1234 405; x_wconf 92' lang='lat'>,</span> <span class='ocrx_word' id='word_1_676' title='bbox 1255 373 1327 413; x_wconf 90' lang='lat' dir='ltr'>quid</span> <span class='ocrx_word' id='word_1_677' title='bbox 1336 375 1444 414; x_wconf 83' lang='lat' dir='ltr'>cuique</span> <span class='ocrx_word' id='word_1_678' title='bbox 1455 373 1618 403; x_wconf 83' lang='lat' dir='ltr'>deberetur.</span> <span class='ocrx_word' id='word_1_679' title='bbox 1646 373 1875 411; x_wconf 74' lang='lat' dir='ltr'>Variaiudicum</span> <span class='ocrx_word' id='word_1_680' title='bbox 1888 383 2010 414; x_wconf 83' lang='lat' dir='ltr'>genera:</span> <span class='ocrx_word' id='word_1_681' title='bbox 2034 382 2128 402; x_wconf 89' lang='lat' dir='ltr'>num-</span> 
     </span>
     <span class='ocr_line' id='line_1_80' title="bbox 1174 415 2127 455; baseline 0.002 -13"><span class='ocrx_word' id='word_1_682' title='bbox 1174 416 1261 443; x_wconf 84' lang='lat' dir='ltr'>marii</span> <span class='ocrx_word' id='word_1_683' title='bbox 1280 416 1382 453; x_wconf 85' lang='lat' dir='ltr'>pauci:</span> <span class='ocrx_word' id='word_1_684' title='bbox 1400 415 1449 444; x_wconf 89' lang='lat' dir='ltr'>sed</span> <span class='ocrx_word' id='word_1_685' title='bbox 1468 424 1576 444; x_wconf 88' lang='lat' dir='ltr'>omnes</span> <span class='ocrx_word' id='word_1_686' title='bbox 1598 416 1676 444; x_wconf 76' lang='lat' dir='ltr'>irati.</span> <span class='ocrx_word' id='word_1_687' title='bbox 1708 418 1749 445; x_wconf 88' lang='lat' dir='ltr'>Ut</span> <span class='ocrx_word' id='word_1_688' title='bbox 1766 417 1819 455; x_wconf 90' lang='lat' dir='ltr'>qui</span> <span class='ocrx_word' id='word_1_689' title='bbox 1832 418 1962 454; x_wconf 89' lang='lat' dir='ltr'>accipere</span> <span class='ocrx_word' id='word_1_690' title='bbox 1975 417 2007 445; x_wconf 90' lang='lat' dir='ltr'>in</span> <span class='ocrx_word' id='word_1_691' title='bbox 2017 424 2127 453; x_wconf 87' lang='lat' dir='ltr'>campo</span> 
     </span>
     <span class='ocr_line' id='line_1_81' title="bbox 1174 454 2127 497; baseline 0.001 -13"><span class='ocrx_word' id='word_1_692' title='bbox 1174 455 1406 489; x_wconf 83' lang='lat' dir='ltr'>consueverunt,</span> <span class='ocrx_word' id='word_1_693' title='bbox 1417 458 1454 486; x_wconf 88' lang='lat' dir='ltr'>iis</span> <span class='ocrx_word' id='word_1_694' title='bbox 1464 455 1626 485; x_wconf 76' lang='lat' dir='ltr'>candidatis</span> <span class='ocrx_word' id='word_1_695' title='bbox 1636 475 1644 488; x_wconf 90' lang='lat'>‚</span> <span class='ocrx_word' id='word_1_696' title='bbox 1665 466 1795 496; x_wconf 81' lang='lat' dir='ltr'>quorum</span> <span class='ocrx_word' id='word_1_697' title='bbox 1808 466 1952 486; x_wconf 88' lang='lat' dir='ltr'>nummos</span> <span class='ocrx_word' id='word_1_698' title='bbox 1962 454 2127 497; x_wconf 74' lang='lat' dir='ltr'>suppressos</span> 
     </span>
     <span class='ocr_line' id='line_1_82' title="bbox 1175 494 2128 535; baseline 0.001 -10"><span class='ocrx_word' id='word_1_699' title='bbox 1175 494 1232 525; x_wconf 86' lang='lat' dir='ltr'>effe</span> <span class='ocrx_word' id='word_1_700' title='bbox 1250 505 1370 535; x_wconf 84' lang='lat' dir='ltr'>putant,</span> <span class='ocrx_word' id='word_1_701' title='bbox 1390 495 1779 527; x_wconf 74' lang='lat' dir='ltr'>inimiciffimisolentess&#39;e:</span> <span class='ocrx_word' id='word_1_702' title='bbox 1797 496 1834 527; x_wconf 86' lang='lat' dir='ltr'>fic</span> <span class='ocrx_word' id='word_1_703' title='bbox 1844 497 2128 533; x_wconf 74' lang='lat' dir='ltr'>eiusmodijudices,</span> 
     </span>
     <span class='ocr_line' id='line_1_83' title="bbox 1174 536 2129 569; baseline 0.001 -3"><span class='ocrx_word' id='word_1_704' title='bbox 1174 536 1275 566; x_wconf 77' lang='lat' dir='ltr'>infesti</span> <span class='ocrx_word' id='word_1_705' title='bbox 1287 547 1350 567; x_wconf 90' lang='lat' dir='ltr'>tum</span> <span class='ocrx_word' id='word_1_706' title='bbox 1363 548 1414 568; x_wconf 90' lang='lat' dir='ltr'>reo</span> <span class='ocrx_word' id='word_1_707' title='bbox 1428 547 1585 568; x_wconf 80' lang='lat' dir='ltr'>venerant:</span> <span class='ocrx_word' id='word_1_708' title='bbox 1604 541 1618 564; x_wconf 68' lang='grc' dir='ltr'><strong><em>ἲ</em></strong></span> <span class='ocrx_word' id='word_1_709' title='bbox 1626 541 1714 568; x_wconf 85' lang='lat' dir='ltr'>ceteri</span> <span class='ocrx_word' id='word_1_710' title='bbox 1728 537 1974 569; x_wconf 79' lang='lat' dir='ltr'>nocentissimum</span> <span class='ocrx_word' id='word_1_711' title='bbox 1983 537 2040 568; x_wconf 58' lang='lat' dir='ltr'>essf:</span> <span class='ocrx_word' id='word_1_712' title='bbox 2050 539 2129 569; x_wconf 85' lang='lat' dir='ltr'>arbi-</span> 
     </span>
     <span class='ocr_line' id='line_1_84' title="bbox 1176 579 2130 621; baseline 0.002 -13"><span class='ocrx_word' id='word_1_713' title='bbox 1176 579 1338 608; x_wconf 83' lang='lat' dir='ltr'>trabantur:</span> <span class='ocrx_word' id='word_1_714' title='bbox 1358 579 1406 609; x_wconf 86' lang='lat' dir='ltr'>sed</span> <span class='ocrx_word' id='word_1_715' title='bbox 1418 579 1586 619; x_wconf 65' lang='lat' dir='ltr'>spestabant</span> <span class='ocrx_word' id='word_1_716' title='bbox 1594 580 1753 610; x_wconf 82' lang='lat' dir='ltr'>sententias</span> <span class='ocrx_word' id='word_1_717' title='bbox 1762 590 1880 613; x_wconf 88' lang='lat' dir='ltr'>eorum,</span> <span class='ocrx_word' id='word_1_718' title='bbox 1890 590 1966 621; x_wconf 87' lang='lat' dir='ltr'>quos</span> <span class='ocrx_word' id='word_1_719' title='bbox 1975 588 2130 620; x_wconf 81' lang='lat' dir='ltr'>corruptos</span> 
     </span>
     <span class='ocr_line' id='line_1_85' title="bbox 1175 620 2129 663; baseline 0.001 -14"><span class='ocrx_word' id='word_1_720' title='bbox 1175 620 1318 659; x_wconf 84' lang='lat' dir='ltr'>putabant</span> <span class='ocrx_word' id='word_1_721' title='bbox 1330 631 1335 649; x_wconf 90' lang='lat'>:</span> <span class='ocrx_word' id='word_1_722' title='bbox 1350 631 1381 651; x_wconf 84' lang='lat' dir='ltr'>ut</span> <span class='ocrx_word' id='word_1_723' title='bbox 1391 631 1428 651; x_wconf 88' lang='lat' dir='ltr'>ex</span> <span class='ocrx_word' id='word_1_724' title='bbox 1439 623 1476 651; x_wconf 87' lang='lat' dir='ltr'>iis</span> <span class='ocrx_word' id='word_1_725' title='bbox 1485 621 1713 654; x_wconf 84' lang='lat' dir='ltr'>constituerent,</span> <span class='ocrx_word' id='word_1_726' title='bbox 1725 622 1740 652; x_wconf 71' lang='lat' dir='ltr'>a</span> <span class='ocrx_word' id='word_1_727' title='bbox 1748 623 1957 662; x_wconf 77' lang='lat' dir='ltr'>quojudicmm</span> <span class='ocrx_word' id='word_1_728' title='bbox 1968 630 2129 663; x_wconf 74' lang='lat' dir='ltr'>corruptum</span> 
     </span>
     <span class='ocr_line' id='line_1_86' title="bbox 1174 661 2127 703; baseline 0.003 -13"><span class='ocrx_word' id='word_1_729' title='bbox 1174 661 1332 691; x_wconf 82' lang='lat' dir='ltr'>videretur.</span> <span class='ocrx_word' id='word_1_730' title='bbox 1364 665 1440 693; x_wconf 88' lang='lat' dir='ltr'>Ecce</span> <span class='ocrx_word' id='word_1_731' title='bbox 1454 663 1509 692; x_wconf 89' lang='lat' dir='ltr'>tibi</span> <span class='ocrx_word' id='word_1_732' title='bbox 1521 663 1669 702; x_wconf 83' lang='lat' dir='ltr'>ejusmodi</span> <span class='ocrx_word' id='word_1_733' title='bbox 1682 663 1808 698; x_wconf 67' lang='lat' dir='ltr'>fintitio,</span> <span class='ocrx_word' id='word_1_734' title='bbox 1819 673 1851 694; x_wconf 90' lang='lat' dir='ltr'>ut</span> <span class='ocrx_word' id='word_1_735' title='bbox 1863 666 1894 693; x_wconf 91' lang='lat' dir='ltr'>in</span> <span class='ocrx_word' id='word_1_736' title='bbox 1903 665 2008 703; x_wconf 89' lang='lat' dir='ltr'>primis</span> <span class='ocrx_word' id='word_1_737' title='bbox 2019 663 2127 696; x_wconf 83' lang='lat' dir='ltr'>Bulbo.</span> 
     </span>
    </p>
   </div>
   <div class='ocr_carea' id='block_1_7' title="bbox 1177 703 2155 739">
    <p class='ocr_par' dir='ltr' id='par_1_9' title="bbox 1177 703 2155 739">
     <span class='ocr_line' id='line_1_87' title="bbox 1177 703 2155 739; baseline 0.002 -7"><span class='ocrx_word' id='word_1_738' title='bbox 1177 703 1209 732; x_wconf 86' lang='lat'>&amp;</span> <span class='ocrx_word' id='word_1_739' title='bbox 1219 704 1338 733; x_wconf 84' lang='lat' dir='ltr'>Staleno</span> <span class='ocrx_word' id='word_1_740' title='bbox 1348 724 1356 737; x_wconf 85' lang='lat'>‚</span> <span class='ocrx_word' id='word_1_741' title='bbox 1379 705 1412 734; x_wconf 88' lang='lat'>&amp;</span> <span class='ocrx_word' id='word_1_742' title='bbox 1422 707 1521 734; x_wconf 74' lang='lat' dir='ltr'>Gutta:</span> <span class='ocrx_word' id='word_1_743' title='bbox 1532 703 1603 734; x_wconf 71' lang='lat' dir='ltr'>ess&#39;et</span> <span class='ocrx_word' id='word_1_744' title='bbox 1614 704 1818 739; x_wconf 77' lang='lat' dir='ltr'>iudicandum.</span> <span class='ocrx_word' id='word_1_745' title='bbox 1850 708 1975 735; x_wconf 86' lang='lat' dir='ltr'>Summa</span> <span class='ocrx_word' id='word_1_746' title='bbox 1984 706 2127 735; x_wconf 79' lang='lat' dir='ltr'>omnium</span> <span class='ocrx_word' id='word_1_747' title='bbox 2151 738 2155 739; x_wconf 20' lang='lat'><em>⁷</em></span> 
     </span>
    </p>
   </div>
   <div class='ocr_carea' id='block_1_8' title="bbox 1175 744 2138 1494">
    <p class='ocr_par' dir='ltr' id='par_1_10' title="bbox 1175 744 2138 1494">
     <span class='ocr_line' id='line_1_88' title="bbox 1175 744 2131 786; baseline 0.003 -13"><span class='ocrx_word' id='word_1_748' title='bbox 1175 744 1368 784; x_wconf 71' lang='lat' dir='ltr'>exspec&#39;ltatio,</span> <span class='ocrx_word' id='word_1_749' title='bbox 1378 746 1523 786; x_wconf 82' lang='lat' dir='ltr'>quidnam</span> <span class='ocrx_word' id='word_1_750' title='bbox 1534 745 1823 780; x_wconf 70' lang='lat' dir='ltr'>sententiaeferrent,</span> <span class='ocrx_word' id='word_1_751' title='bbox 1831 747 1910 776; x_wconf 87' lang='lat' dir='ltr'>leves</span> <span class='ocrx_word' id='word_1_752' title='bbox 1923 758 1954 777; x_wconf 84' lang='lat' dir='ltr'>ac</span> <span class='ocrx_word' id='word_1_753' title='bbox 1965 747 2131 776; x_wconf 82' lang='lat' dir='ltr'>nummarii</span> 
     </span>
     <span class='ocr_line' id='line_1_89' title="bbox 1177 786 2128 828; baseline 0.003 -13"><span class='ocrx_word' id='word_1_754' title='bbox 1177 786 1298 822; x_wconf 79' lang='lat' dir='ltr'>judices.</span> <span class='ocrx_word' id='word_1_755' title='bbox 1331 790 1428 828; x_wconf 83' lang='lat' dir='ltr'>Atque</span> <span class='ocrx_word' id='word_1_756' title='bbox 1448 788 1494 817; x_wconf 90' lang='lat' dir='ltr'>illi</span> <span class='ocrx_word' id='word_1_757' title='bbox 1512 798 1619 817; x_wconf 79' lang='lat' dir='ltr'>omncs</span> <span class='ocrx_word' id='word_1_758' title='bbox 1640 786 1698 817; x_wconf 82' lang='lat' dir='ltr'>sine</span> <span class='ocrx_word' id='word_1_759' title='bbox 1715 789 1775 818; x_wconf 90' lang='lat' dir='ltr'>ulla</span> <span class='ocrx_word' id='word_1_760' title='bbox 1784 788 1972 818; x_wconf 82' lang='lat' dir='ltr'>dubitatione</span> <span class='ocrx_word' id='word_1_761' title='bbox 1981 788 2128 818; x_wconf 84' lang='lat' dir='ltr'>condem-</span> 
     </span>
     <span class='ocr_line' id='line_1_90' title="bbox 1178 826 2129 870; baseline 0.003 -14"><span class='ocrx_word' id='word_1_762' title='bbox 1178 837 1259 857; x_wconf 86' lang='lat' dir='ltr'>nant.</span> <span class='ocrx_word' id='word_1_763' title='bbox 1291 826 1351 858; x_wconf 78' lang='lat' dir='ltr'>Hic</span> <span class='ocrx_word' id='word_1_764' title='bbox 1369 838 1434 858; x_wconf 86' lang='lat' dir='ltr'>turn</span> <span class='ocrx_word' id='word_1_765' title='bbox 1449 828 1579 868; x_wconf 69' lang='lat' dir='ltr'>inje&amp;us</span> <span class='ocrx_word' id='word_1_766' title='bbox 1589 829 1631 859; x_wconf 87' lang='lat' dir='ltr'>est</span> <span class='ocrx_word' id='word_1_767' title='bbox 1642 830 1820 859; x_wconf 86' lang='lat' dir='ltr'>hominibus</span> <span class='ocrx_word' id='word_1_768' title='bbox 1831 830 1994 869; x_wconf 74' lang='lat' dir='ltr'>scrupulus,</span> <span class='ocrx_word' id='word_1_769' title='bbox 2008 830 2129 870; x_wconf 82' lang='lat' dir='ltr'>&amp;quae-</span> 
     </span>
     <span class='ocr_line' id='line_1_91' title="bbox 1178 868 2132 911; baseline 0.002 -13"><span class='ocrx_word' id='word_1_770' title='bbox 1178 868 1246 898; x_wconf 79' lang='lat' dir='ltr'>dam</span> <span class='ocrx_word' id='word_1_771' title='bbox 1257 869 1404 900; x_wconf 87' lang='lat' dir='ltr'>dubitatio</span> <span class='ocrx_word' id='word_1_772' title='bbox 1413 890 1421 903; x_wconf 89' lang='lat'>‚</span> <span class='ocrx_word' id='word_1_773' title='bbox 1445 870 1589 911; x_wconf 85' lang='lat' dir='ltr'>quidnam</span> <span class='ocrx_word' id='word_1_774' title='bbox 1601 869 1669 901; x_wconf 80' lang='lat' dir='ltr'>ess&#39;et</span> <span class='ocrx_word' id='word_1_775' title='bbox 1680 870 1793 901; x_wconf 56' lang='lat' dir='ltr'>achim.</span> <span class='ocrx_word' id='word_1_776' title='bbox 1815 871 1924 901; x_wconf 78' lang='lat' dir='ltr'>deinde</span> <span class='ocrx_word' id='word_1_777' title='bbox 1935 872 2077 901; x_wconf 82' lang='lat' dir='ltr'>homines</span> <span class='ocrx_word' id='word_1_778' title='bbox 2087 871 2132 901; x_wconf 86' lang='lat' dir='ltr'>sa-</span> 
     </span>
     <span class='ocr_line' id='line_1_92' title="bbox 1177 911 2133 954; baseline 0.003 -15"><span class='ocrx_word' id='word_1_779' title='bbox 1177 912 1292 950; x_wconf 88' lang='lat' dir='ltr'>pientes</span> <span class='ocrx_word' id='word_1_780' title='bbox 1303 932 1311 945; x_wconf 90' lang='lat'>,</span> <span class='ocrx_word' id='word_1_781' title='bbox 1323 922 1361 942; x_wconf 86' lang='lat' dir='ltr'>ex</span> <span class='ocrx_word' id='word_1_782' title='bbox 1371 920 1461 941; x_wconf 80' lang='lat' dir='ltr'>vetere</span> <span class='ocrx_word' id='word_1_783' title='bbox 1471 913 1520 941; x_wconf 80' lang='lat' dir='ltr'>illa</span> <span class='ocrx_word' id='word_1_784' title='bbox 1529 912 1871 954; x_wconf 71' lang='lat' dir='ltr'>disciplinajudiciorum</span> <span class='ocrx_word' id='word_1_785' title='bbox 1882 934 1891 947; x_wconf 91' lang='lat'><em>‚</em></span> <span class='ocrx_word' id='word_1_786' title='bbox 1910 915 1962 954; x_wconf 90' lang='lat' dir='ltr'>qui</span> <span class='ocrx_word' id='word_1_787' title='bbox 1973 922 2070 953; x_wconf 89' lang='lat' dir='ltr'>neque</span> <span class='ocrx_word' id='word_1_788' title='bbox 2080 911 2133 942; x_wconf 88' lang='lat' dir='ltr'>ab·</span> 
     </span>
     <span class='ocr_line' id='line_1_93' title="bbox 1177 952 2135 996; baseline 0.001 -14"><span class='ocrx_word' id='word_1_789' title='bbox 1177 953 1290 982; x_wconf 90' lang='lat' dir='ltr'>solvere</span> <span class='ocrx_word' id='word_1_790' title='bbox 1302 955 1462 983; x_wconf 88' lang='lat' dir='ltr'>hominem</span> <span class='ocrx_word' id='word_1_791' title='bbox 1472 952 1716 984; x_wconf 79' lang='lat' dir='ltr'>nocentiffimum</span> <span class='ocrx_word' id='word_1_792' title='bbox 1727 954 1844 995; x_wconf 73' lang='lat' dir='ltr'>possent</span> <span class='ocrx_word' id='word_1_793' title='bbox 1854 975 1862 988; x_wconf 92' lang='lat'>‚</span> <span class='ocrx_word' id='word_1_794' title='bbox 1875 965 1971 996; x_wconf 88' lang='lat' dir='ltr'>neque</span> <span class='ocrx_word' id='word_1_795' title='bbox 1983 963 2052 984; x_wconf 89' lang='lat' dir='ltr'>eum</span> <span class='ocrx_word' id='word_1_796' title='bbox 2063 973 2072 987; x_wconf 88' lang='lat'>‚</span> <span class='ocrx_word' id='word_1_797' title='bbox 2094 953 2135 984; x_wconf 79' lang='lat' dir='ltr'>de</span> 
     </span>
     <span class='ocr_line' id='line_1_94' title="bbox 1177 993 2134 1038; baseline 0.002 -15"><span class='ocrx_word' id='word_1_798' title='bbox 1177 1004 1238 1034; x_wconf 91' lang='lat' dir='ltr'>quo</span> <span class='ocrx_word' id='word_1_799' title='bbox 1249 993 1320 1024; x_wconf 82' lang='lat' dir='ltr'>effet</span> <span class='ocrx_word' id='word_1_800' title='bbox 1328 1004 1391 1025; x_wconf 84' lang='lat' dir='ltr'>orta</span> <span class='ocrx_word' id='word_1_801' title='bbox 1400 996 1526 1036; x_wconf 86' lang='lat' dir='ltr'>suspicio</span> <span class='ocrx_word' id='word_1_802' title='bbox 1537 1016 1545 1028; x_wconf 82' lang='lat'>,</span> <span class='ocrx_word' id='word_1_803' title='bbox 1565 998 1690 1035; x_wconf 76' lang='lat' dir='ltr'>pecunia</span> <span class='ocrx_word' id='word_1_804' title='bbox 1698 1006 1904 1038; x_wconf 80' lang='lat' dir='ltr'>oppugnatum</span> <span class='ocrx_word' id='word_1_805' title='bbox 1915 1017 1924 1030; x_wconf 89' lang='lat'>‚</span> <span class='ocrx_word' id='word_1_806' title='bbox 1946 1006 1976 1026; x_wconf 87' lang='lat' dir='ltr'>re</span> <span class='ocrx_word' id='word_1_807' title='bbox 1985 996 2038 1026; x_wconf 86' lang='lat' dir='ltr'>illa</span> <span class='ocrx_word' id='word_1_808' title='bbox 2046 997 2134 1025; x_wconf 88' lang='lat' dir='ltr'>inco-</span> 
     </span>
     <span class='ocr_line' id='line_1_95' title="bbox 1177 1036 2136 1078; baseline 0.002 -13"><span class='ocrx_word' id='word_1_809' title='bbox 1177 1037 1258 1075; x_wconf 83' lang='lat' dir='ltr'>gnita</span> <span class='ocrx_word' id='word_1_810' title='bbox 1267 1056 1275 1070; x_wconf 90' lang='lat'>‚</span> <span class='ocrx_word' id='word_1_811' title='bbox 1295 1036 1396 1076; x_wconf 74' lang='lat' dir='ltr'>primo</span> <span class='ocrx_word' id='word_1_812' title='bbox 1415 1037 1618 1067; x_wconf 87' lang='lat' dir='ltr'>condemnare</span> <span class='ocrx_word' id='word_1_813' title='bbox 1633 1039 1765 1072; x_wconf 83' lang='lat' dir='ltr'>vellent;</span> <span class='ocrx_word' id='word_1_814' title='bbox 1788 1048 1853 1068; x_wconf 81' lang='lat' dir='ltr'>NON</span> <span class='ocrx_word' id='word_1_815' title='bbox 1873 1047 2027 1078; x_wconf 70' lang='lat' dir='ltr'>mQrERE</span> <span class='ocrx_word' id='word_1_816' title='bbox 2045 1037 2136 1067; x_wconf 85' lang='lat' dir='ltr'>dixe-</span> 
     </span>
     <span class='ocr_line' id='line_1_96' title="bbox 1179 1079 2131 1113; baseline 0.002 -7"><span class='ocrx_word' id='word_1_817' title='bbox 1179 1086 1256 1107; x_wconf 86' lang='lat' dir='ltr'>runt.</span> <span class='ocrx_word' id='word_1_818' title='bbox 1289 1079 1442 1108; x_wconf 88' lang='lat' dir='ltr'>Nonnulli</span> <span class='ocrx_word' id='word_1_819' title='bbox 1461 1089 1559 1109; x_wconf 80' lang='lat' dir='ltr'>autem</span> <span class='ocrx_word' id='word_1_820' title='bbox 1578 1080 1670 1110; x_wconf 85' lang='lat' dir='ltr'>severi</span> <span class='ocrx_word' id='word_1_821' title='bbox 1688 1081 1830 1110; x_wconf 83' lang='lat' dir='ltr'>homines</span> <span class='ocrx_word' id='word_1_822' title='bbox 1842 1101 1850 1113; x_wconf 91' lang='lat'><strong><em>‚</em></strong></span> <span class='ocrx_word' id='word_1_823' title='bbox 1877 1082 1935 1110; x_wconf 90' lang='lat' dir='ltr'>hoc</span> <span class='ocrx_word' id='word_1_824' title='bbox 1955 1079 2131 1112; x_wconf 84' lang='lat' dir='ltr'>statuerunt,</span> 
     </span>
     <span class='ocr_line' id='line_1_97' title="bbox 1179 1120 2131 1163; baseline 0.001 -15"><span class='ocrx_word' id='word_1_825' title='bbox 1179 1128 1246 1158; x_wconf 73' lang='lat' dir='ltr'>QO</span> <span class='ocrx_word' id='word_1_826' title='bbox 1265 1129 1414 1159; x_wconf 49' lang='lat' dir='ltr'>Qnsqm:</span> <span class='ocrx_word' id='word_1_827' title='bbox 1434 1130 1549 1151; x_wconf 64' lang='lat' dir='ltr'>AN1M0</span> <span class='ocrx_word' id='word_1_828' title='bbox 1567 1121 1639 1163; x_wconf 89' lang='lat' dir='ltr'>quid</span> <span class='ocrx_word' id='word_1_829' title='bbox 1651 1120 1767 1155; x_wconf 81' lang='lat' dir='ltr'>faceret,</span> <span class='ocrx_word' id='word_1_830' title='bbox 1783 1122 1904 1161; x_wconf 68' lang='lat' dir='ltr'>spe&amp;ari</span> <span class='ocrx_word' id='word_1_831' title='bbox 1914 1130 2067 1161; x_wconf 85' lang='lat' dir='ltr'>oportere:</span> <span class='ocrx_word' id='word_1_832' title='bbox 2084 1120 2131 1153; x_wconf 82' lang='lat'>&amp;‚</span> 
     </span>
     <span class='ocr_line' id='line_1_98' title="bbox 1179 1159 2132 1202; baseline 0.002 -13"><span class='ocrx_word' id='word_1_833' title='bbox 1179 1159 1198 1189; x_wconf 87' lang='lat' dir='ltr'>fi</span> <span class='ocrx_word' id='word_1_834' title='bbox 1209 1161 1259 1190; x_wconf 86' lang='lat' dir='ltr'>alii</span> <span class='ocrx_word' id='word_1_835' title='bbox 1270 1164 1395 1200; x_wconf 82' lang='lat' dir='ltr'>pecunia</span> <span class='ocrx_word' id='word_1_836' title='bbox 1404 1171 1519 1202; x_wconf 85' lang='lat' dir='ltr'>accepta</span> <span class='ocrx_word' id='word_1_837' title='bbox 1528 1173 1634 1192; x_wconf 86' lang='lat' dir='ltr'>verum</span> <span class='ocrx_word' id='word_1_838' title='bbox 1645 1163 1815 1200; x_wconf 81' lang='lat' dir='ltr'>judicabant</span> <span class='ocrx_word' id='word_1_839' title='bbox 1826 1184 1834 1196; x_wconf 95' lang='lat'>,</span> <span class='ocrx_word' id='word_1_840' title='bbox 1847 1173 1948 1193; x_wconf 82' lang='lat' dir='ltr'>tamen</span> <span class='ocrx_word' id='word_1_841' title='bbox 1957 1162 2057 1192; x_wconf 86' lang='lat' dir='ltr'>nihilo</span> <span class='ocrx_word' id='word_1_842' title='bbox 2071 1163 2132 1191; x_wconf 82' lang='lat' dir='ltr'>mi-</span> 
     </span>
     <span class='ocr_line' id='line_1_99' title="bbox 1180 1203 2133 1244; baseline 0.002 -13"><span class='ocrx_word' id='word_1_843' title='bbox 1180 1212 1235 1231; x_wconf 84' lang='lat' dir='ltr'>nus</span> <span class='ocrx_word' id='word_1_844' title='bbox 1253 1203 1280 1232; x_wconf 88' lang='lat' dir='ltr'>se</span> <span class='ocrx_word' id='word_1_845' title='bbox 1298 1203 1497 1242; x_wconf 85' lang='lat' dir='ltr'>superioribus</span> <span class='ocrx_word' id='word_1_846' title='bbox 1517 1204 1575 1233; x_wconf 86' lang='lat' dir='ltr'>suis</span> <span class='ocrx_word' id='word_1_847' title='bbox 1592 1204 1712 1241; x_wconf 81' lang='lat' dir='ltr'>judiciis</span> <span class='ocrx_word' id='word_1_848' title='bbox 1721 1204 1853 1234; x_wconf 80' lang='lat' dir='ltr'>constare</span> <span class='ocrx_word' id='word_1_849' title='bbox 1862 1204 2133 1244; x_wconf 86' lang='lat' dir='ltr'>putabantoporte-</span> 
     </span>
     <span class='ocr_line' id='line_1_100' title="bbox 1179 1244 2133 1286; baseline 0.001 -13"><span class='ocrx_word' id='word_1_850' title='bbox 1179 1254 1220 1273; x_wconf 91' lang='lat' dir='ltr'>re.</span> <span class='ocrx_word' id='word_1_851' title='bbox 1236 1247 1335 1285; x_wconf 78' lang='lat' dir='ltr'>Itaque</span> <span class='ocrx_word' id='word_1_852' title='bbox 1344 1244 1532 1275; x_wconf 83' lang='lat' dir='ltr'>damnarunt.</span> <span class='ocrx_word' id='word_1_853' title='bbox 1545 1248 1687 1286; x_wconf 83' lang='lat' dir='ltr'>Qinque</span> <span class='ocrx_word' id='word_1_854' title='bbox 1698 1248 1828 1276; x_wconf 87' lang='lat' dir='ltr'>omnino</span> <span class='ocrx_word' id='word_1_855' title='bbox 1836 1245 1968 1279; x_wconf 81' lang='lat' dir='ltr'>fuerunt,</span> <span class='ocrx_word' id='word_1_856' title='bbox 1980 1247 2032 1285; x_wconf 92' lang='lat' dir='ltr'>qui</span> <span class='ocrx_word' id='word_1_857' title='bbox 2041 1245 2133 1275; x_wconf 83' lang='lat' dir='ltr'>illum.</span> 
     </span>
     <span class='ocr_line' id='line_1_101' title="bbox 1178 1284 2134 1327; baseline 0.002 -13"><span class='ocrx_word' id='word_1_858' title='bbox 1178 1285 1311 1316; x_wconf 83' lang='lat' dir='ltr'>vestrum</span> <span class='ocrx_word' id='word_1_859' title='bbox 1330 1288 1526 1317; x_wconf 88' lang='lat' dir='ltr'>innocentem</span> <span class='ocrx_word' id='word_1_860' title='bbox 1546 1289 1746 1327; x_wconf 86' lang='lat' dir='ltr'>Oppianicum</span> <span class='ocrx_word' id='word_1_861' title='bbox 1761 1286 1819 1317; x_wconf 88' lang='lat' dir='ltr'>five</span> <span class='ocrx_word' id='word_1_862' title='bbox 1832 1287 2034 1327; x_wconf 80' lang='lat' dir='ltr'>imprudentia</span> <span class='ocrx_word' id='word_1_863' title='bbox 2042 1306 2050 1320; x_wconf 88' lang='lat'>‚</span> <span class='ocrx_word' id='word_1_864' title='bbox 2074 1284 2134 1316; x_wconf 84' lang='lat' dir='ltr'>five</span> 
     </span>
     <span class='ocr_line' id='line_1_102' title="bbox 1180 1327 2134 1369; baseline 0.001 -13"><span class='ocrx_word' id='word_1_865' title='bbox 1180 1327 1385 1358; x_wconf 83' lang='lat' dir='ltr'>misericordia</span> <span class='ocrx_word' id='word_1_866' title='bbox 1396 1348 1404 1361; x_wconf 84' lang='lat'>‚</span> <span class='ocrx_word' id='word_1_867' title='bbox 1426 1327 1484 1359; x_wconf 86' lang='lat' dir='ltr'>five</span> <span class='ocrx_word' id='word_1_868' title='bbox 1494 1329 1591 1369; x_wconf 81' lang='lat' dir='ltr'>aliqua</span> <span class='ocrx_word' id='word_1_869' title='bbox 1599 1327 1791 1369; x_wconf 83' lang='lat' dir='ltr'>6suspicione</span> <span class='ocrx_word' id='word_1_870' title='bbox 1801 1350 1809 1364; x_wconf 90' lang='lat'>‚</span> <span class='ocrx_word' id='word_1_871' title='bbox 1829 1328 1887 1359; x_wconf 86' lang='lat' dir='ltr'>sive</span> <span class='ocrx_word' id='word_1_872' title='bbox 1905 1329 2071 1359; x_wconf 87' lang='lat' dir='ltr'>ambitione</span> <span class='ocrx_word' id='word_1_873' title='bbox 2082 1327 2134 1357; x_wconf 92' lang='lat' dir='ltr'>ad-</span> 
     </span>
     <span class='ocr_line' id='line_1_103' title="bbox 1179 1368 2136 1411; baseline 0.001 -13"><span class='ocrx_word' id='word_1_874' title='bbox 1179 1368 1474 1402; x_wconf 47' lang='lat' dir='ltr'>dusinabsolverent.</span> <span class='ocrx_word' id='word_1_875' title='bbox 1485 1370 1696 1401; x_wconf 88' lang='lat' dir='ltr'>Condemnato</span> <span class='ocrx_word' id='word_1_876' title='bbox 1705 1369 1983 1411; x_wconf 85' lang='lat' dir='ltr'>Oppianico,statim</span> <span class='ocrx_word' id='word_1_877' title='bbox 1995 1371 2136 1411; x_wconf 84' lang='lat' dir='ltr'>L.Qin-</span> 
     </span>
     <span class='ocr_line' id='line_1_104' title="bbox 1180 1411 2136 1453; baseline 0.001 -13"><span class='ocrx_word' id='word_1_878' title='bbox 1180 1413 1240 1440; x_wconf 85' lang='lat' dir='ltr'>tius</span> <span class='ocrx_word' id='word_1_879' title='bbox 1251 1432 1259 1445; x_wconf 87' lang='lat'>,</span> <span class='ocrx_word' id='word_1_880' title='bbox 1275 1413 1369 1441; x_wconf 87' lang='lat' dir='ltr'>homo</span> <span class='ocrx_word' id='word_1_881' title='bbox 1379 1412 1514 1442; x_wconf 72' lang='lat' dir='ltr'>maxime</span> <span class='ocrx_word' id='word_1_882' title='bbox 1526 1413 1691 1452; x_wconf 88' lang='lat' dir='ltr'>popularis,</span> <span class='ocrx_word' id='word_1_883' title='bbox 1710 1415 1763 1453; x_wconf 92' lang='lat' dir='ltr'>qui</span> <span class='ocrx_word' id='word_1_884' title='bbox 1775 1415 1894 1443; x_wconf 81' lang='lat' dir='ltr'>omneis</span> <span class='ocrx_word' id='word_1_885' title='bbox 1904 1422 2063 1442; x_wconf 89' lang='lat' dir='ltr'>rumorum</span> <span class='ocrx_word' id='word_1_886' title='bbox 2072 1431 2080 1445; x_wconf 87' lang='lat'>‚</span> <span class='ocrx_word' id='word_1_887' title='bbox 2101 1411 2136 1441; x_wconf 74' lang='grc' dir='ltr'>δε</span> 
     </span>
     <span class='ocr_line' id='line_1_105' title="bbox 1181 1452 2138 1494; baseline 0 -12"><span class='ocrx_word' id='word_1_888' title='bbox 1181 1455 1367 1483; x_wconf 88' lang='lat' dir='ltr'>concionum</span> <span class='ocrx_word' id='word_1_889' title='bbox 1376 1463 1483 1483; x_wconf 86' lang='lat' dir='ltr'>ventos</span> <span class='ocrx_word' id='word_1_890' title='bbox 1491 1454 1633 1494; x_wconf 86' lang='lat' dir='ltr'>colligere</span> <span class='ocrx_word' id='word_1_891' title='bbox 1641 1453 1816 1488; x_wconf 71' lang='lat' dir='ltr'>consuesset,</span> <span class='ocrx_word' id='word_1_892' title='bbox 1833 1454 1963 1485; x_wconf 85' lang='lat' dir='ltr'>oblatam</span> <span class='ocrx_word' id='word_1_893' title='bbox 1975 1452 2029 1484; x_wconf 85' lang='lat' dir='ltr'>sibi</span> <span class='ocrx_word' id='word_1_894' title='bbox 2041 1452 2138 1484; x_wconf 86' lang='lat' dir='ltr'>facul-</span> 
     </span>
    </p>
   </div>
   <div class='ocr_carea' id='block_1_9' title="bbox 1180 1492 2254 1536">
    <p class='ocr_par' dir='ltr' id='par_1_11' title="bbox 1180 1492 2254 1536">
     <span class='ocr_line' id='line_1_106' title="bbox 1180 1492 2254 1536; baseline 0 -12"><span class='ocrx_word' id='word_1_895' title='bbox 1180 1503 1271 1524; x_wconf 88' lang='lat' dir='ltr'>tatem</span> <span class='ocrx_word' id='word_1_896' title='bbox 1285 1497 1410 1534; x_wconf 87' lang='lat' dir='ltr'>putavit‚</span> <span class='ocrx_word' id='word_1_897' title='bbox 1423 1504 1455 1525; x_wconf 86' lang='lat' dir='ltr'>ut</span> <span class='ocrx_word' id='word_1_898' title='bbox 1465 1496 1629 1526; x_wconf 82' lang='lat' dir='ltr'>exinvidia</span> <span class='ocrx_word' id='word_1_899' title='bbox 1639 1498 1782 1526; x_wconf 87' lang='lat' dir='ltr'>senatoria</span> <span class='ocrx_word' id='word_1_900' title='bbox 1794 1495 1887 1536; x_wconf 76' lang='lat' dir='ltr'>posset</span> <span class='ocrx_word' id='word_1_901' title='bbox 1904 1496 2030 1536; x_wconf 81' lang='lat' dir='ltr'>crescere,</span> <span class='ocrx_word' id='word_1_902' title='bbox 2052 1492 2138 1536; x_wconf 86' lang='lat' dir='ltr'>quod</span> <span class='ocrx_word' id='word_1_903' title='bbox 2184 1502 2189 1503; x_wconf 51' lang='lat'><em>⁷</em></span> <span class='ocrx_word' id='word_1_904' title='bbox 2217 1508 2222 1517; x_wconf 61' lang='lat' dir='ltr'>v</span> <span class='ocrx_word' id='word_1_905' title='bbox 2247 1520 2254 1528; x_wconf 85' lang='grc'>,</span> 
     </span>
    </p>
   </div>
   <div class='ocr_carea' id='block_1_10' title="bbox 1182 1536 2143 1868">
    <p class='ocr_par' dir='ltr' id='par_1_12' title="bbox 1182 1536 2143 1868">
     <span class='ocr_line' id='line_1_107' title="bbox 1183 1536 2138 1578; baseline 0.001 -13"><span class='ocrx_word' id='word_1_906' title='bbox 1183 1538 1248 1575; x_wconf 87' lang='lat' dir='ltr'>ejus</span> <span class='ocrx_word' id='word_1_907' title='bbox 1267 1537 1382 1566; x_wconf 85' lang='lat' dir='ltr'>ordinis</span> <span class='ocrx_word' id='word_1_908' title='bbox 1397 1536 1507 1574; x_wconf 82' lang='lat' dir='ltr'>judicia</span> <span class='ocrx_word' id='word_1_909' title='bbox 1524 1540 1627 1567; x_wconf 88' lang='lat' dir='ltr'>minus</span> <span class='ocrx_word' id='word_1_910' title='bbox 1643 1539 1706 1577; x_wconf 86' lang='lat' dir='ltr'>jam</span> <span class='ocrx_word' id='word_1_911' title='bbox 1724 1539 1841 1578; x_wconf 85' lang='lat' dir='ltr'>probari</span> <span class='ocrx_word' id='word_1_912' title='bbox 1851 1538 1965 1578; x_wconf 76' lang='lat' dir='ltr'>populo</span> <span class='ocrx_word' id='word_1_913' title='bbox 1975 1536 2138 1568; x_wconf 84' lang='lat' dir='ltr'>arbitraba-</span> 
     </span>
     <span class='ocr_line' id='line_1_108' title="bbox 1183 1579 2139 1620; baseline 0 -13"><span class='ocrx_word' id='word_1_914' title='bbox 1183 1586 1240 1608; x_wconf 81' lang='lat' dir='ltr'>tur.</span> <span class='ocrx_word' id='word_1_915' title='bbox 1262 1579 1396 1608; x_wconf 80' lang='lat' dir='ltr'>Habetur</span> <span class='ocrx_word' id='word_1_916' title='bbox 1404 1588 1472 1611; x_wconf 89' lang='lat' dir='ltr'>una,</span> <span class='ocrx_word' id='word_1_917' title='bbox 1482 1588 1569 1620; x_wconf 85' lang='lat' dir='ltr'>atque</span> <span class='ocrx_word' id='word_1_918' title='bbox 1579 1580 1668 1609; x_wconf 86' lang='lat' dir='ltr'>altera</span> <span class='ocrx_word' id='word_1_919' title='bbox 1677 1581 1785 1610; x_wconf 89' lang='lat' dir='ltr'>concio</span> <span class='ocrx_word' id='word_1_920' title='bbox 1794 1580 1969 1612; x_wconf 86' lang='lat' dir='ltr'>vehemens,</span> <span class='ocrx_word' id='word_1_921' title='bbox 1982 1579 2013 1608; x_wconf 87' lang='lat'>&amp;</span> <span class='ocrx_word' id='word_1_922' title='bbox 2023 1579 2118 1619; x_wconf 85' lang='lat' dir='ltr'>gravis</span> <span class='ocrx_word' id='word_1_923' title='bbox 2128 1586 2139 1606; x_wconf 94' lang='lat'>·.</span> 
     </span>
     <span class='ocr_line' id='line_1_109' title="bbox 1182 1619 2138 1660; baseline -0.001 -10"><span class='ocrx_word' id='word_1_924' title='bbox 1182 1619 1322 1660; x_wconf 84' lang='lat' dir='ltr'>accepisse</span> <span class='ocrx_word' id='word_1_925' title='bbox 1334 1622 1491 1660; x_wconf 84' lang='lat' dir='ltr'>pecuniam</span> <span class='ocrx_word' id='word_1_926' title='bbox 1502 1621 1614 1659; x_wconf 81' lang='lat' dir='ltr'>judices</span> <span class='ocrx_word' id='word_1_927' title='bbox 1625 1641 1632 1654; x_wconf 90' lang='lat'>‚</span> <span class='ocrx_word' id='word_1_928' title='bbox 1645 1630 1678 1651; x_wconf 92' lang='lat' dir='ltr'>ut</span> <span class='ocrx_word' id='word_1_929' title='bbox 1689 1623 1886 1651; x_wconf 85' lang='lat' dir='ltr'>innocentem</span> <span class='ocrx_word' id='word_1_930' title='bbox 1896 1630 1981 1650; x_wconf 87' lang='lat' dir='ltr'>reum</span> <span class='ocrx_word' id='word_1_931' title='bbox 1989 1619 2138 1650; x_wconf 88' lang='lat' dir='ltr'>condem-</span> 
     </span>
     <span class='ocr_line' id='line_1_110' title="bbox 1184 1661 2140 1703; baseline -0.002 -12"><span class='ocrx_word' id='word_1_932' title='bbox 1184 1672 1287 1692; x_wconf 82' lang='lat' dir='ltr'>narent</span> <span class='ocrx_word' id='word_1_933' title='bbox 1296 1682 1304 1695; x_wconf 93' lang='lat'>‚</span> <span class='ocrx_word' id='word_1_934' title='bbox 1329 1662 1467 1692; x_wconf 85' lang='lat' dir='ltr'>tribunus</span> <span class='ocrx_word' id='word_1_935' title='bbox 1487 1662 1581 1702; x_wconf 88' lang='lat' dir='ltr'>plebis</span> <span class='ocrx_word' id='word_1_936' title='bbox 1599 1663 1781 1693; x_wconf 84' lang='lat' dir='ltr'>clamitabat:</span> <span class='ocrx_word' id='word_1_937' title='bbox 1803 1663 1852 1703; x_wconf 82' lang='lat' dir='ltr'>agi</span> <span class='ocrx_word' id='word_1_938' title='bbox 1865 1663 1997 1701; x_wconf 72' lang='lat' dir='ltr'>fortunas</span> <span class='ocrx_word' id='word_1_939' title='bbox 2013 1661 2140 1690; x_wconf 82' lang='lat' dir='ltr'>omnium</span> 
     </span>
     <span class='ocr_line' id='line_1_111' title="bbox 1184 1703 2140 1745; baseline -0.001 -12"><span class='ocrx_word' id='word_1_940' title='bbox 1184 1704 1316 1734; x_wconf 86' lang='lat' dir='ltr'>dicebat:</span> <span class='ocrx_word' id='word_1_941' title='bbox 1340 1704 1422 1733; x_wconf 87' lang='lat' dir='ltr'>nulla</span> <span class='ocrx_word' id='word_1_942' title='bbox 1431 1703 1488 1733; x_wconf 80' lang='lat' dir='ltr'>esse</span> <span class='ocrx_word' id='word_1_943' title='bbox 1498 1704 1622 1740; x_wconf 76' lang='lat' dir='ltr'>judicia:</span> <span class='ocrx_word' id='word_1_944' title='bbox 1639 1707 1691 1745; x_wconf 86' lang='lat' dir='ltr'>qui</span> <span class='ocrx_word' id='word_1_945' title='bbox 1702 1705 1900 1744; x_wconf 88' lang='lat' dir='ltr'>pecuniosum</span> <span class='ocrx_word' id='word_1_946' title='bbox 1914 1705 2075 1733; x_wconf 87' lang='lat' dir='ltr'>inimicum</span> <span class='ocrx_word' id='word_1_947' title='bbox 2086 1703 2140 1732; x_wconf 87' lang='lat' dir='ltr'>ha-</span> 
     </span>
     <span class='ocr_line' id='line_1_112' title="bbox 1184 1744 2143 1785; baseline -0.002 -10"><span class='ocrx_word' id='word_1_948' title='bbox 1184 1746 1264 1775; x_wconf 83' lang='lat' dir='ltr'>beret</span> <span class='ocrx_word' id='word_1_949' title='bbox 1272 1765 1280 1778; x_wconf 84' lang='lat'>,</span> <span class='ocrx_word' id='word_1_950' title='bbox 1293 1746 1481 1775; x_wconf 86' lang='lat' dir='ltr'>incolumem</span> <span class='ocrx_word' id='word_1_951' title='bbox 1501 1744 1558 1775; x_wconf 81' lang='lat' dir='ltr'>effe</span> <span class='ocrx_word' id='word_1_952' title='bbox 1577 1756 1734 1776; x_wconf 80' lang='lat' dir='ltr'>neminem</span> <span class='ocrx_word' id='word_1_953' title='bbox 1752 1744 1846 1785; x_wconf 79' lang='lat' dir='ltr'>posse.</span> <span class='ocrx_word' id='word_1_954' title='bbox 1879 1747 2030 1775; x_wconf 89' lang='lat' dir='ltr'>Homines</span> <span class='ocrx_word' id='word_1_955' title='bbox 2049 1745 2143 1774; x_wconf 78' lang='lat' dir='ltr'>totius</span> 
     </span>
     <span class='ocr_line' id='line_1_113' title="bbox 1185 1784 2140 1828; baseline -0.001 -12"><span class='ocrx_word' id='word_1_956' title='bbox 1185 1789 1276 1828; x_wconf 87' lang='lat' dir='ltr'>ignari</span> <span class='ocrx_word' id='word_1_957' title='bbox 1286 1789 1399 1828; x_wconf 87' lang='lat' dir='ltr'>negotii</span> <span class='ocrx_word' id='word_1_958' title='bbox 1412 1806 1420 1820; x_wconf 92' lang='lat'>‚</span> <span class='ocrx_word' id='word_1_959' title='bbox 1430 1797 1482 1827; x_wconf 89' lang='lat' dir='ltr'>qui</span> <span class='ocrx_word' id='word_1_960' title='bbox 1491 1790 1689 1827; x_wconf 85' lang='lat' dir='ltr'>Oppianicum</span> <span class='ocrx_word' id='word_1_961' title='bbox 1700 1797 1855 1827; x_wconf 89' lang='lat' dir='ltr'>nunquam</span> <span class='ocrx_word' id='word_1_962' title='bbox 1864 1784 2007 1817; x_wconf 75' lang='lat' dir='ltr'>vidissent</span> <span class='ocrx_word' id='word_1_963' title='bbox 2016 1806 2025 1819; x_wconf 85' lang='lat'><em>.</em></span> <span class='ocrx_word' id='word_1_964' title='bbox 2037 1787 2140 1816; x_wconf 85' lang='lat' dir='ltr'>vitum</span> 
     </span>
     <span class='ocr_line' id='line_1_114' title="bbox 1185 1826 2143 1868; baseline -0.001 -10"><span class='ocrx_word' id='word_1_965' title='bbox 1185 1831 1339 1868; x_wconf 83' lang='lat' dir='ltr'>optimum</span> <span class='ocrx_word' id='word_1_966' title='bbox 1350 1848 1358 1862; x_wconf 87' lang='lat'>‚</span> <span class='ocrx_word' id='word_1_967' title='bbox 1369 1829 1401 1859; x_wconf 73' lang='grc' dir='ltr'>δε</span> <span class='ocrx_word' id='word_1_968' title='bbox 1413 1834 1427 1857; x_wconf 94' lang='grc'>7</span> <span class='ocrx_word' id='word_1_969' title='bbox 1438 1831 1596 1859; x_wconf 83' lang='lat' dir='ltr'>&#39;nominem</span> <span class='ocrx_word' id='word_1_970' title='bbox 1609 1827 1854 1868; x_wconf 75' lang='lat' dir='ltr'>pudentissimum</span> <span class='ocrx_word' id='word_1_971' title='bbox 1865 1849 1873 1861; x_wconf 92' lang='lat'>‚</span> <span class='ocrx_word' id='word_1_972' title='bbox 1887 1830 2014 1868; x_wconf 88' lang='lat' dir='ltr'>pecunia</span> <span class='ocrx_word' id='word_1_973' title='bbox 2021 1826 2143 1867; x_wconf 83' lang='lat' dir='ltr'>oppres-</span> 
     </span>
    </p>
   </div>
   <div class='ocr_carea' id='block_1_11' title="bbox 1185 1869 2193 1909">
    <p class='ocr_par' dir='ltr' id='par_1_13' title="bbox 1185 1869 2193 1909">
     <span class='ocr_line' id='line_1_115' title="bbox 1185 1869 2193 1909; baseline -0.002 -9"><span class='ocrx_word' id='word_1_974' title='bbox 1185 1871 1251 1900; x_wconf 91' lang='lat' dir='ltr'>sum</span> <span class='ocrx_word' id='word_1_975' title='bbox 1260 1870 1484 1900; x_wconf 85' lang='lat' dir='ltr'>arbitrarentur:</span> <span class='ocrx_word' id='word_1_976' title='bbox 1500 1869 1613 1900; x_wconf 81' lang='lat' dir='ltr'>incensi</span> <span class='ocrx_word' id='word_1_977' title='bbox 1625 1870 1800 1909; x_wconf 85' lang='lat' dir='ltr'>suspicione,</span> <span class='ocrx_word' id='word_1_978' title='bbox 1814 1881 1877 1900; x_wconf 89' lang='lat' dir='ltr'>rem</span> <span class='ocrx_word' id='word_1_979' title='bbox 1891 1873 1921 1900; x_wconf 91' lang='lat' dir='ltr'>in</span> <span class='ocrx_word' id='word_1_980' title='bbox 1932 1869 2070 1900; x_wconf 87' lang='lat' dir='ltr'>medium</span> <span class='ocrx_word' id='word_1_981' title='bbox 2084 1877 2142 1899; x_wconf 89' lang='lat' dir='ltr'>vo-</span> <span class='ocrx_word' id='word_1_982' title='bbox 2187 1872 2193 1878; x_wconf 86' lang='grc'><em>“</em></span> 
     </span>
    </p>
   </div>
   <div class='ocr_carea' id='block_1_12' title="bbox 1185 1909 2150 2735">
    <p class='ocr_par' dir='ltr' id='par_1_14' title="bbox 1185 1909 2150 2701">
     <span class='ocr_line' id='line_1_116' title="bbox 1185 1909 2142 1952; baseline -0.002 -11"><span class='ocrx_word' id='word_1_983' title='bbox 1185 1922 1249 1942; x_wconf 85' lang='lat' dir='ltr'>care</span> <span class='ocrx_word' id='word_1_984' title='bbox 1258 1921 1423 1951; x_wconf 84' lang='lat' dir='ltr'>coeperunt,</span> <span class='ocrx_word' id='word_1_985' title='bbox 1436 1912 1467 1942; x_wconf 87' lang='lat'>&amp;</span> <span class='ocrx_word' id='word_1_986' title='bbox 1477 1923 1529 1942; x_wconf 89' lang='lat' dir='ltr'>cau</span> <span class='ocrx_word' id='word_1_987' title='bbox 1535 1913 1593 1942; x_wconf 72' lang='lat' dir='ltr'>iiim</span> <span class='ocrx_word' id='word_1_988' title='bbox 1603 1913 1687 1942; x_wconf 88' lang='lat' dir='ltr'>illam</span> <span class='ocrx_word' id='word_1_989' title='bbox 1698 1921 1792 1942; x_wconf 87' lang='lat' dir='ltr'>t0tam</span> <span class='ocrx_word' id='word_1_990' title='bbox 1801 1911 1967 1952; x_wconf 85' lang='lat' dir='ltr'>deposcere.</span> <span class='ocrx_word' id='word_1_991' title='bbox 1979 1914 2077 1951; x_wconf 88' lang='lat' dir='ltr'>Atque</span> <span class='ocrx_word' id='word_1_992' title='bbox 2086 1909 2142 1940; x_wconf 83' lang='lat' dir='ltr'>illo</span> 
     </span>
     <span class='ocr_line' id='line_1_117' title="bbox 1187 1951 2142 1993; baseline -0.002 -10"><span class='ocrx_word' id='word_1_993' title='bbox 1187 1954 1250 1993; x_wconf 90' lang='lat' dir='ltr'>ipso</span> <span class='ocrx_word' id='word_1_994' title='bbox 1260 1963 1395 1993; x_wconf 85' lang='lat' dir='ltr'>tempore</span> <span class='ocrx_word' id='word_1_995' title='bbox 1405 1956 1438 1983; x_wconf 90' lang='lat' dir='ltr'>in</span> <span class='ocrx_word' id='word_1_996' title='bbox 1448 1954 1536 1984; x_wconf 86' lang='lat' dir='ltr'>aedeis</span> <span class='ocrx_word' id='word_1_997' title='bbox 1547 1957 1584 1984; x_wconf 93' lang='lat' dir='ltr'>T.</span> <span class='ocrx_word' id='word_1_998' title='bbox 1597 1956 1702 1986; x_wconf 87' lang='lat' dir='ltr'>Annii,</span> <span class='ocrx_word' id='word_1_999' title='bbox 1716 1955 1851 1983; x_wconf 89' lang='lat' dir='ltr'>hominis</span> <span class='ocrx_word' id='word_1_1000' title='bbox 1861 1951 2070 1986; x_wconf 70' lang='lat' dir='ltr'>honestissimi,</span> <span class='ocrx_word' id='word_1_1001' title='bbox 2087 1961 2142 1981; x_wconf 85' lang='lat' dir='ltr'>ne-</span> 
     </span>
     <span class='ocr_line' id='line_1_118' title="bbox 1186 1993 2142 2033; baseline -0.003 -8"><span class='ocrx_word' id='word_1_1002' title='bbox 1186 1993 1312 2028; x_wconf 72' lang='lat' dir='ltr'>cessarii,</span> <span class='ocrx_word' id='word_1_1003' title='bbox 1322 1996 1354 2024; x_wconf 90' lang='lat'>&amp;</span> <span class='ocrx_word' id='word_1_1004' title='bbox 1364 1997 1453 2025; x_wconf 90' lang='lat' dir='ltr'>amici</span> <span class='ocrx_word' id='word_1_1005' title='bbox 1463 1998 1524 2026; x_wconf 89' lang='lat' dir='ltr'>mei</span> <span class='ocrx_word' id='word_1_1006' title='bbox 1535 2015 1543 2030; x_wconf 84' lang='lat'>,</span> <span class='ocrx_word' id='word_1_1007' title='bbox 1558 1995 1651 2026; x_wconf 58' lang='lat' dir='ltr'>nonu</span> <span class='ocrx_word' id='word_1_1008' title='bbox 1659 1996 1795 2026; x_wconf 76' lang='lat' dir='ltr'>Stalenus</span> <span class='ocrx_word' id='word_1_1009' title='bbox 1805 2016 1812 2029; x_wconf 89' lang='lat'>‚</span> <span class='ocrx_word' id='word_1_1010' title='bbox 1828 1993 1974 2026; x_wconf 82' lang='lat' dir='ltr'>arceffitus</span> <span class='ocrx_word' id='word_1_1011' title='bbox 1986 1995 2022 2025; x_wconf 88' lang='lat' dir='ltr'>ab</span> <span class='ocrx_word' id='word_1_1012' title='bbox 2032 1994 2142 2033; x_wconf 87' lang='lat' dir='ltr'>Oppia-</span> 
     </span>
     <span class='ocr_line' id='line_1_119' title="bbox 1188 2035 2141 2078; baseline -0.002 -12"><span class='ocrx_word' id='word_1_1013' title='bbox 1188 2039 1258 2067; x_wconf 90' lang='lat' dir='ltr'>nico</span> <span class='ocrx_word' id='word_1_1014' title='bbox 1270 2057 1277 2070; x_wconf 92' lang='lat'>,</span> <span class='ocrx_word' id='word_1_1015' title='bbox 1296 2039 1391 2066; x_wconf 86' lang='lat' dir='ltr'>venit.</span> <span class='ocrx_word' id='word_1_1016' title='bbox 1427 2038 1495 2078; x_wconf 88' lang='lat' dir='ltr'>Jarn</span> <span class='ocrx_word' id='word_1_1017' title='bbox 1514 2046 1608 2068; x_wconf 87' lang='lat' dir='ltr'>cetera</span> <span class='ocrx_word' id='word_1_1018' title='bbox 1623 2046 1694 2067; x_wconf 90' lang='lat' dir='ltr'>nota</span> <span class='ocrx_word' id='word_1_1019' title='bbox 1707 2038 1775 2067; x_wconf 85' lang='lat' dir='ltr'>sunt</span> <span class='ocrx_word' id='word_1_1020' title='bbox 1783 2037 1945 2067; x_wconf 82' lang='lat' dir='ltr'>omnibus:</span> <span class='ocrx_word' id='word_1_1021' title='bbox 1965 2046 1997 2066; x_wconf 88' lang='lat' dir='ltr'>ut</span> <span class='ocrx_word' id='word_1_1022' title='bbox 2005 2046 2075 2066; x_wconf 89' lang='lat' dir='ltr'>cum</span> <span class='ocrx_word' id='word_1_1023' title='bbox 2086 2035 2141 2064; x_wconf 91' lang='lat' dir='ltr'>illo</span> 
     </span>
     <span class='ocr_line' id='line_1_120' title="bbox 1189 2075 2145 2119; baseline -0.002 -11"><span class='ocrx_word' id='word_1_1024' title='bbox 1189 2080 1371 2118; x_wconf 81' lang='lat' dir='ltr'>Oppianicus</span> <span class='ocrx_word' id='word_1_1025' title='bbox 1385 2081 1474 2119; x_wconf 86' lang='lat' dir='ltr'>egerit</span> <span class='ocrx_word' id='word_1_1026' title='bbox 1484 2079 1520 2109; x_wconf 86' lang='lat' dir='ltr'>de</span> <span class='ocrx_word' id='word_1_1027' title='bbox 1530 2081 1653 2118; x_wconf 82' lang='lat' dir='ltr'>pecunia</span> <span class='ocrx_word' id='word_1_1028' title='bbox 1665 2089 1671 2108; x_wconf 88' lang='lat'>:</span> <span class='ocrx_word' id='word_1_1029' title='bbox 1692 2088 1724 2108; x_wconf 93' lang='lat' dir='ltr'>ut</span> <span class='ocrx_word' id='word_1_1030' title='bbox 1732 2079 1821 2119; x_wconf 79' lang='lat' dir='ltr'>illese</span> <span class='ocrx_word' id='word_1_1031' title='bbox 1831 2079 2018 2108; x_wconf 89' lang='lat' dir='ltr'>redditurum</span> <span class='ocrx_word' id='word_1_1032' title='bbox 2029 2075 2084 2106; x_wconf 77' lang='lat' dir='ltr'>ess&#39;e</span> <span class='ocrx_word' id='word_1_1033' title='bbox 2095 2075 2145 2106; x_wconf 88' lang='lat' dir='ltr'>di-</span> 
     </span>
     <span class='ocr_line' id='line_1_121' title="bbox 1188 2118 2141 2151; baseline -0.002 -2"><span class='ocrx_word' id='word_1_1034' title='bbox 1188 2122 1282 2150; x_wconf 88' lang='lat' dir='ltr'>xerit:</span> <span class='ocrx_word' id='word_1_1035' title='bbox 1302 2128 1334 2150; x_wconf 89' lang='lat' dir='ltr'>ut</span> <span class='ocrx_word' id='word_1_1036' title='bbox 1352 2130 1457 2150; x_wconf 86' lang='lat' dir='ltr'>eorum</span> <span class='ocrx_word' id='word_1_1037' title='bbox 1475 2122 1645 2151; x_wconf 89' lang='lat' dir='ltr'>sermonem</span> <span class='ocrx_word' id='word_1_1038' title='bbox 1664 2130 1791 2150; x_wconf 87' lang='lat' dir='ltr'>omnem</span> <span class='ocrx_word' id='word_1_1039' title='bbox 1810 2120 1958 2149; x_wconf 89' lang='lat' dir='ltr'>audierint</span> <span class='ocrx_word' id='word_1_1040' title='bbox 1973 2120 2031 2149; x_wconf 85' lang='lat' dir='ltr'>viri</span> <span class='ocrx_word' id='word_1_1041' title='bbox 2053 2118 2141 2150; x_wconf 86' lang='lat' dir='ltr'>boni.</span> 
     </span>
     <span class='ocr_line' id='line_1_122' title="bbox 1188 2158 2145 2202; baseline -0.001 -12"><span class='ocrx_word' id='word_1_1042' title='bbox 1188 2158 1202 2181; x_wconf 84' lang='lat'>8</span> <span class='ocrx_word' id='word_1_1043' title='bbox 1214 2164 1265 2202; x_wconf 91' lang='lat' dir='ltr'>qui</span> <span class='ocrx_word' id='word_1_1044' title='bbox 1275 2172 1340 2192; x_wconf 88' lang='lat' dir='ltr'>tum</span> <span class='ocrx_word' id='word_1_1045' title='bbox 1353 2162 1472 2201; x_wconf 65' lang='lat' dir='ltr'>confitlrb</span> <span class='ocrx_word' id='word_1_1046' title='bbox 1485 2162 1577 2202; x_wconf 75' lang='lat' dir='ltr'>prope</span> <span class='ocrx_word' id='word_1_1047' title='bbox 1594 2164 1627 2192; x_wconf 89' lang='lat' dir='ltr'>in</span> <span class='ocrx_word' id='word_1_1048' title='bbox 1638 2162 1756 2192; x_wconf 87' lang='lat' dir='ltr'>occulto</span> <span class='ocrx_word' id='word_1_1049' title='bbox 1768 2160 1927 2192; x_wconf 74' lang='lat' dir='ltr'>stetiflent:</span> <span class='ocrx_word' id='word_1_1050' title='bbox 1948 2170 1981 2190; x_wconf 90' lang='lat' dir='ltr'>ut</span> <span class='ocrx_word' id='word_1_1051' title='bbox 1999 2169 2044 2190; x_wconf 87' lang='lat' dir='ltr'>res</span> <span class='ocrx_word' id='word_1_1052' title='bbox 2061 2169 2145 2199; x_wconf 86' lang='lat' dir='ltr'>pate-</span> 
     </span>
     <span class='ocr_line' id='line_1_123' title="bbox 1188 2202 2142 2244; baseline -0.004 -10"><span class='ocrx_word' id='word_1_1053' title='bbox 1188 2203 1263 2234; x_wconf 62' lang='lat' dir='ltr'>facia</span> <span class='ocrx_word' id='word_1_1054' title='bbox 1272 2224 1280 2237; x_wconf 89' lang='lat'>‚</span> <span class='ocrx_word' id='word_1_1055' title='bbox 1299 2213 1385 2244; x_wconf 89' lang='lat' dir='ltr'>atque</span> <span class='ocrx_word' id='word_1_1056' title='bbox 1393 2206 1424 2233; x_wconf 91' lang='lat' dir='ltr'>in</span> <span class='ocrx_word' id='word_1_1057' title='bbox 1434 2204 1535 2233; x_wconf 85' lang='lat' dir='ltr'>forum</span> <span class='ocrx_word' id='word_1_1058' title='bbox 1545 2204 1657 2243; x_wconf 88' lang='lat' dir='ltr'>prolata</span> <span class='ocrx_word' id='word_1_1059' title='bbox 1667 2223 1675 2236; x_wconf 91' lang='lat'>‚</span> <span class='ocrx_word' id='word_1_1060' title='bbox 1698 2203 1730 2232; x_wconf 76' lang='grc' dir='ltr'>δε</span> <span class='ocrx_word' id='word_1_1061' title='bbox 1747 2205 1872 2242; x_wconf 85' lang='lat' dir='ltr'>pecunia</span> <span class='ocrx_word' id='word_1_1062' title='bbox 1882 2203 1987 2232; x_wconf 89' lang='lat' dir='ltr'>omnis</span> <span class='ocrx_word' id='word_1_1063' title='bbox 1995 2202 2012 2232; x_wconf 78' lang='lat' dir='ltr'>a</span> <span class='ocrx_word' id='word_1_1064' title='bbox 2022 2202 2142 2232; x_wconf 85' lang='lat' dir='ltr'>Staleno</span> 
     </span>
     <span class='ocr_line' id='line_1_124' title="bbox 1189 2243 2144 2285; baseline -0.003 -10"><span class='ocrx_word' id='word_1_1065' title='bbox 1189 2254 1303 2275; x_wconf 85' lang='lat' dir='ltr'>extorta</span> <span class='ocrx_word' id='word_1_1066' title='bbox 1313 2265 1322 2278; x_wconf 90' lang='lat'>‚</span> <span class='ocrx_word' id='word_1_1067' title='bbox 1341 2254 1429 2285; x_wconf 85' lang='lat' dir='ltr'>atque</span> <span class='ocrx_word' id='word_1_1068' title='bbox 1440 2254 1537 2284; x_wconf 83' lang='lat' dir='ltr'>erepta</span> <span class='ocrx_word' id='word_1_1069' title='bbox 1547 2243 1589 2274; x_wconf 83' lang='lat' dir='ltr'>sit.</span> <span class='ocrx_word' id='word_1_1070' title='bbox 1633 2245 1731 2284; x_wconf 82' lang='lat' dir='ltr'>Hujus</span> <span class='ocrx_word' id='word_1_1071' title='bbox 1745 2245 1856 2275; x_wconf 85' lang='lat' dir='ltr'>Staleni</span> <span class='ocrx_word' id='word_1_1072' title='bbox 1868 2244 2011 2284; x_wconf 84' lang='lat' dir='ltr'>persona,</span> <span class='ocrx_word' id='word_1_1073' title='bbox 2030 2243 2144 2282; x_wconf 88' lang='lat' dir='ltr'>populo</span> 
     </span>
     <span class='ocr_line' id='line_1_125' title="bbox 1185 2285 2144 2327; baseline -0.002 -11"><span class='ocrx_word' id='word_1_1074' title='bbox 1185 2289 1247 2326; x_wconf 85' lang='lat' dir='ltr'>jam</span> <span class='ocrx_word' id='word_1_1075' title='bbox 1259 2295 1339 2320; x_wconf 77' lang='lat' dir='ltr'>nota,</span> <span class='ocrx_word' id='word_1_1076' title='bbox 1348 2295 1435 2325; x_wconf 83' lang='lat' dir='ltr'>atque</span> <span class='ocrx_word' id='word_1_1077' title='bbox 1443 2286 1591 2326; x_wconf 58' lang='lat' dir='ltr'>pei-spem</span> <span class='ocrx_word' id='word_1_1078' title='bbox 1600 2307 1608 2319; x_wconf 90' lang='lat'>‚</span> <span class='ocrx_word' id='word_1_1079' title='bbox 1619 2286 1655 2316; x_wconf 90' lang='lat' dir='ltr'>ab</span> <span class='ocrx_word' id='word_1_1080' title='bbox 1663 2286 1746 2316; x_wconf 86' lang='lat' dir='ltr'>nulla</span> <span class='ocrx_word' id='word_1_1081' title='bbox 1761 2287 1836 2327; x_wconf 74' lang='lat' dir='ltr'>turpi</span> <span class='ocrx_word' id='word_1_1082' title='bbox 1848 2286 1997 2326; x_wconf 73' lang='lat' dir='ltr'>fitspicione</span> <span class='ocrx_word' id='word_1_1083' title='bbox 2005 2285 2144 2315; x_wconf 79' lang='lat' dir='ltr'>abliorre-</span> 
     </span>
     <span class='ocr_line' id='line_1_126' title="bbox 1190 2326 2145 2368; baseline -0.001 -11"><span class='ocrx_word' id='word_1_1084' title='bbox 1190 2330 1252 2358; x_wconf 88' lang='lat' dir='ltr'>bat:</span> <span class='ocrx_word' id='word_1_1085' title='bbox 1271 2326 1448 2366; x_wconf 76' lang='lat' dir='ltr'>suppressam</span> <span class='ocrx_word' id='word_1_1086' title='bbox 1458 2326 1514 2357; x_wconf 84' lang='lat' dir='ltr'>esse</span> <span class='ocrx_word' id='word_1_1087' title='bbox 1524 2328 1559 2357; x_wconf 87' lang='lat' dir='ltr'>ab</span> <span class='ocrx_word' id='word_1_1088' title='bbox 1573 2338 1609 2357; x_wconf 89' lang='lat' dir='ltr'>eo</span> <span class='ocrx_word' id='word_1_1089' title='bbox 1627 2329 1805 2367; x_wconf 84' lang='lat' dir='ltr'>pecuniam,</span> <span class='ocrx_word' id='word_1_1090' title='bbox 1830 2338 1920 2368; x_wconf 82' lang='lat' dir='ltr'>quam</span> <span class='ocrx_word' id='word_1_1091' title='bbox 1940 2337 1993 2367; x_wconf 92' lang='lat' dir='ltr'>pro</span> <span class='ocrx_word' id='word_1_1092' title='bbox 2011 2336 2062 2356; x_wconf 87' lang='lat' dir='ltr'>reo</span> <span class='ocrx_word' id='word_1_1093' title='bbox 2075 2336 2145 2366; x_wconf 87' lang='lat' dir='ltr'>pro-</span> 
     </span>
     <span class='ocr_line' id='line_1_127' title="bbox 1190 2368 2147 2409; baseline -0.002 -10"><span class='ocrx_word' id='word_1_1094' title='bbox 1190 2368 1363 2402; x_wconf 71' lang='lat' dir='ltr'>nunciasset,</span> <span class='ocrx_word' id='word_1_1095' title='bbox 1374 2370 1426 2408; x_wconf 89' lang='lat' dir='ltr'>qui</span> <span class='ocrx_word' id='word_1_1096' title='bbox 1437 2378 1517 2399; x_wconf 89' lang='lat' dir='ltr'>erant</span> <span class='ocrx_word' id='word_1_1097' title='bbox 1527 2371 1560 2398; x_wconf 88' lang='lat' dir='ltr'>in</span> <span class='ocrx_word' id='word_1_1098' title='bbox 1570 2371 1729 2402; x_wconf 86' lang='lat' dir='ltr'>concione,</span> <span class='ocrx_word' id='word_1_1099' title='bbox 1741 2379 1804 2398; x_wconf 86' lang='lat' dir='ltr'>non</span> <span class='ocrx_word' id='word_1_1100' title='bbox 1816 2369 2030 2409; x_wconf 80' lang='lat' dir='ltr'>intelligebant.</span> <span class='ocrx_word' id='word_1_1101' title='bbox 2048 2377 2147 2408; x_wconf 88' lang='lat' dir='ltr'>neque</span> 
     </span>
     <span class='ocr_line' id='line_1_128' title="bbox 1190 2409 2147 2449; baseline 0 -10"><span class='ocrx_word' id='word_1_1102' title='bbox 1190 2413 1274 2440; x_wconf 88' lang='lat' dir='ltr'>enim</span> <span class='ocrx_word' id='word_1_1103' title='bbox 1287 2410 1477 2440; x_wconf 80' lang='lat' dir='ltr'>docebantur.</span> <span class='ocrx_word' id='word_1_1104' title='bbox 1501 2411 1643 2440; x_wconf 73' lang='lat' dir='ltr'>versatam</span> <span class='ocrx_word' id='word_1_1105' title='bbox 1655 2409 1711 2440; x_wconf 78' lang='lat' dir='ltr'>ess&#39;e</span> <span class='ocrx_word' id='word_1_1106' title='bbox 1721 2412 1754 2440; x_wconf 87' lang='lat' dir='ltr'>in</span> <span class='ocrx_word' id='word_1_1107' title='bbox 1764 2410 1879 2449; x_wconf 82' lang='lat' dir='ltr'>judicio</span> <span class='ocrx_word' id='word_1_1108' title='bbox 1895 2412 2083 2440; x_wconf 87' lang='lat' dir='ltr'>mentionem</span> <span class='ocrx_word' id='word_1_1109' title='bbox 2093 2419 2147 2449; x_wconf 75' lang='lat' dir='ltr'>pc-</span> 
     </span>
     <span class='ocr_line' id='line_1_129' title="bbox 1190 2449 2149 2482; baseline -0.002 0"><span class='ocrx_word' id='word_1_1110' title='bbox 1190 2454 1287 2482; x_wconf 85' lang='lat' dir='ltr'>cuniae</span> <span class='ocrx_word' id='word_1_1111' title='bbox 1306 2452 1488 2482; x_wconf 83' lang='lat' dir='ltr'>sentiebant:</span> <span class='ocrx_word' id='word_1_1112' title='bbox 1512 2454 1710 2482; x_wconf 86' lang='lat' dir='ltr'>innocentem</span> <span class='ocrx_word' id='word_1_1113' title='bbox 1729 2462 1814 2481; x_wconf 86' lang='lat' dir='ltr'>reum</span> <span class='ocrx_word' id='word_1_1114' title='bbox 1836 2452 2074 2482; x_wconf 87' lang='lat' dir='ltr'>condemnatum</span> <span class='ocrx_word' id='word_1_1115' title='bbox 2090 2449 2149 2481; x_wconf 64' lang='lat' dir='ltr'>este</span> 
     </span>
     <span class='ocr_line' id='line_1_130' title="bbox 1192 2493 2148 2524; baseline -0.002 -1"><span class='ocrx_word' id='word_1_1116' title='bbox 1192 2493 1349 2523; x_wconf 79' lang='lat' dir='ltr'>audiebant</span> <span class='ocrx_word' id='word_1_1117' title='bbox 1363 2503 1368 2521; x_wconf 89' lang='lat'>:</span> <span class='ocrx_word' id='word_1_1118' title='bbox 1391 2494 1501 2523; x_wconf 87' lang='lat' dir='ltr'>Staleni</span> <span class='ocrx_word' id='word_1_1119' title='bbox 1514 2494 1657 2524; x_wconf 86' lang='lat' dir='ltr'>sententia</span> <span class='ocrx_word' id='word_1_1120' title='bbox 1669 2493 1906 2524; x_wconf 88' lang='lat' dir='ltr'>condemnatum</span> <span class='ocrx_word' id='word_1_1121' title='bbox 1920 2493 2075 2524; x_wconf 81' lang='lat' dir='ltr'>videbant:</span> <span class='ocrx_word' id='word_1_1122' title='bbox 2095 2503 2148 2521; x_wconf 87' lang='lat' dir='ltr'>mm</span> 
     </span>
     <span class='ocr_line' id='line_1_131' title="bbox 1187 2534 2148 2576; baseline 0.001 -13"><span class='ocrx_word' id='word_1_1123' title='bbox 1187 2543 1277 2575; x_wconf 75' lang='lat' dir='ltr'>gratu</span> <span class='ocrx_word' id='word_1_1124' title='bbox 1287 2534 1316 2564; x_wconf 87' lang='lat' dir='ltr'>id</span> <span class='ocrx_word' id='word_1_1125' title='bbox 1328 2534 1363 2564; x_wconf 84' lang='lat' dir='ltr'>ab</span> <span class='ocrx_word' id='word_1_1126' title='bbox 1372 2545 1409 2564; x_wconf 87' lang='lat' dir='ltr'>eo</span> <span class='ocrx_word' id='word_1_1127' title='bbox 1418 2534 1531 2564; x_wconf 60' lang='lat' dir='ltr'>factum</span> <span class='ocrx_word' id='word_1_1128' title='bbox 1542 2534 1600 2564; x_wconf 80' lang='lat' dir='ltr'>esse</span> <span class='ocrx_word' id='word_1_1129' title='bbox 1612 2556 1620 2568; x_wconf 95' lang='lat'>‚</span> <span class='ocrx_word' id='word_1_1130' title='bbox 1633 2535 1713 2576; x_wconf 91' lang='lat' dir='ltr'>quod</span> <span class='ocrx_word' id='word_1_1131' title='bbox 1727 2536 1885 2565; x_wconf 89' lang='lat' dir='ltr'>hominem</span> <span class='ocrx_word' id='word_1_1132' title='bbox 1898 2543 2021 2568; x_wconf 86' lang='lat' dir='ltr'>norant,</span> <span class='ocrx_word' id='word_1_1133' title='bbox 2035 2534 2148 2571; x_wconf 82' lang='lat' dir='ltr'>iudica-</span> 
     </span>
     <span class='ocr_line' id='line_1_132' title="bbox 1193 2574 2148 2616; baseline 0 -10"><span class='ocrx_word' id='word_1_1134' title='bbox 1193 2578 1270 2606; x_wconf 83' lang='lat' dir='ltr'>bant.</span> <span class='ocrx_word' id='word_1_1135' title='bbox 1295 2574 1400 2605; x_wconf 85' lang='lat' dir='ltr'>similis</span> <span class='ocrx_word' id='word_1_1136' title='bbox 1412 2578 1443 2606; x_wconf 91' lang='lat' dir='ltr'>in</span> <span class='ocrx_word' id='word_1_1137' title='bbox 1455 2577 1562 2610; x_wconf 77' lang='lat' dir='ltr'>Bulbo,</span> <span class='ocrx_word' id='word_1_1138' title='bbox 1574 2579 1607 2606; x_wconf 91' lang='lat' dir='ltr'>in</span> <span class='ocrx_word' id='word_1_1139' title='bbox 1619 2579 1718 2609; x_wconf 85' lang='lat' dir='ltr'>Gutta,</span> <span class='ocrx_word' id='word_1_1140' title='bbox 1733 2578 1765 2606; x_wconf 89' lang='lat' dir='ltr'>in</span> <span class='ocrx_word' id='word_1_1141' title='bbox 1774 2578 1839 2606; x_wconf 84' lang='lat' dir='ltr'>aliis</span> <span class='ocrx_word' id='word_1_1142' title='bbox 1853 2577 2010 2606; x_wconf 86' lang='lat' dir='ltr'>nonnullis</span> <span class='ocrx_word' id='word_1_1143' title='bbox 2020 2576 2148 2616; x_wconf 86' lang='lat' dir='ltr'>suspicio</span> 
     </span>
     <span class='ocr_line' id='line_1_133' title="bbox 1192 2617 2148 2659; baseline -0.001 -11"><span class='ocrx_word' id='word_1_1144' title='bbox 1192 2617 1377 2648; x_wconf 83' lang='lat' dir='ltr'>consistebat.</span> <span class='ocrx_word' id='word_1_1145' title='bbox 1401 2621 1501 2659; x_wconf 81' lang='lat' dir='ltr'>Itaque</span> <span class='ocrx_word' id='word_1_1146' title='bbox 1516 2617 1662 2648; x_wconf 81' lang='lat' dir='ltr'>confiteor</span> <span class='ocrx_word' id='word_1_1147' title='bbox 1675 2619 1757 2656; x_wconf 78' lang='lat' dir='ltr'>(licet</span> <span class='ocrx_word' id='word_1_1148' title='bbox 1766 2621 1850 2648; x_wconf 90' lang='lat' dir='ltr'>enim</span> <span class='ocrx_word' id='word_1_1149' title='bbox 1862 2619 1925 2658; x_wconf 82' lang='lat' dir='ltr'>jam</span> <span class='ocrx_word' id='word_1_1150' title='bbox 1941 2617 2077 2657; x_wconf 73' lang='lat' dir='ltr'>impune,</span> <span class='ocrx_word' id='word_1_1151' title='bbox 2088 2618 2148 2647; x_wconf 89' lang='lat' dir='ltr'>hoc</span> 
     </span>
     <span class='ocr_line' id='line_1_134' title="bbox 1193 2657 2150 2701; baseline -0.002 -11"><span class='ocrx_word' id='word_1_1152' title='bbox 1193 2660 1355 2700; x_wconf 85' lang='lat' dir='ltr'>praesertim</span> <span class='ocrx_word' id='word_1_1153' title='bbox 1368 2661 1401 2690; x_wconf 88' lang='lat' dir='ltr'>in</span> <span class='ocrx_word' id='word_1_1154' title='bbox 1412 2660 1499 2694; x_wconf 91' lang='lat' dir='ltr'>loco,</span> <span class='ocrx_word' id='word_1_1155' title='bbox 1521 2659 1678 2701; x_wconf 85' lang='lat' dir='ltr'>confiteri)</span> <span class='ocrx_word' id='word_1_1156' title='bbox 1700 2658 1781 2701; x_wconf 73' lang='lat' dir='ltr'>quod</span> <span class='ocrx_word' id='word_1_1157' title='bbox 1799 2661 1955 2701; x_wconf 86' lang='lat' dir='ltr'>Oppianici</span> <span class='ocrx_word' id='word_1_1158' title='bbox 1972 2669 2036 2690; x_wconf 90' lang='lat' dir='ltr'>non</span> <span class='ocrx_word' id='word_1_1159' title='bbox 2053 2657 2150 2689; x_wconf 74' lang='lat' dir='ltr'>modb</span> 
     </span>
    </p>

    <p class='ocr_par' dir='ltr' id='par_1_15' title="bbox 2067 2709 2146 2735">
     <span class='ocr_line' id='line_1_135' title="bbox 2067 2709 2146 2735; baseline -0.013 -3"><span class='ocrx_word' id='word_1_1160' title='bbox 2067 2709 2146 2735; x_wconf 59' lang='lat' dir='ltr'>Vltaa</span> 
     </span>
    </p>
   </div>
   <div class='ocr_carea' id='block_1_13' title="bbox 1172 2761 1690 2769">
    <p class='ocr_par' dir='ltr' id='par_1_16' title="bbox 1172 2761 1690 2769">
     <span class='ocr_line' id='line_1_136' title="bbox 1172 2761 1690 2769; baseline 0 0"><span class='ocrx_word' id='word_1_1161' title='bbox 1172 2761 1690 2769; x_wconf 95' lang='lat' dir='ltr'> </span> 
     </span>
    </p>
   </div>
   <div class='ocr_carea' id='block_1_14' title="bbox 1166 2435 1178 3141">
    <p class='ocr_par' dir='ltr' id='par_1_17' title="bbox 1166 2435 1178 3141">
     <span class='ocr_line' id='line_1_137' title="bbox 1166 2435 1178 3141; baseline 0 0"><span class='ocrx_word' id='word_1_1162' title='bbox 1166 2435 1178 3141; x_wconf 95' lang='lat' dir='ltr'> </span> 
     </span>
    </p>
   </div>
   <div class='ocr_carea' id='block_1_15' title="bbox 1169 3072 1918 3135">
    <p class='ocr_par' dir='ltr' id='par_1_18' title="bbox 1169 3072 1918 3135">
     <span class='ocr_line' id='line_1_138' title="bbox 1169 3072 1918 3135; baseline -0.001 -34"><span class='ocrx_word' id='word_1_1163' title='bbox 1169 3081 1172 3101; x_wconf 65' lang='lat' dir='ltr'>l</span> <span class='ocrx_word' id='word_1_1164' title='bbox 1193 3072 1347 3135; x_wconf 48' lang='lat' dir='ltr'>seth-santur,</span> <span class='ocrx_word' id='word_1_1165' title='bbox 1358 3073 1421 3099; x_wconf 67' lang='lat' dir='ltr'>edan</span> <span class='ocrx_word' id='word_1_1166' title='bbox 1427 3081 1489 3109; x_wconf 79' lang='lat' dir='ltr'>tque</span> <span class='ocrx_word' id='word_1_1167' title='bbox 1498 3075 1712 3106; x_wconf 57' lang='lat' dir='ltr'>prudenriffimumg</span> <span class='ocrx_word' id='word_1_1168' title='bbox 1724 3074 1834 3100; x_wconf 85' lang='lat' dir='ltr'>omnino</span> <span class='ocrx_word' id='word_1_1169' title='bbox 1844 3073 1918 3109; x_wconf 77' lang='lat' dir='ltr'>iufipi</span> 
     </span>
    </p>
   </div>
   <div class='ocr_carea' id='block_1_16' title="bbox 1194 2783 2150 3207">
    <p class='ocr_par' dir='ltr' id='par_1_19' title="bbox 1194 2783 2149 2851">
     <span class='ocr_line' id='line_1_139' title="bbox 1226 2783 2149 2824; baseline -0.004 -10"><span class='ocrx_word' id='word_1_1170' title='bbox 1226 2797 1255 2821; x_wconf 84' lang='lat'>4.</span> <span class='ocrx_word' id='word_1_1171' title='bbox 1274 2790 1320 2822; x_wconf 76' lang='lat' dir='ltr'>Ipse</span> <span class='ocrx_word' id='word_1_1172' title='bbox 1330 2789 1340 2814; x_wconf 76' lang='grc' dir='ltr'><em>ὲ</em></span> <span class='ocrx_word' id='word_1_1173' title='bbox 1345 2792 1435 2823; x_wconf 79' lang='lat' dir='ltr'>publico</span> <span class='ocrx_word' id='word_1_1174' title='bbox 1436 2791 1552 2824; x_wconf 68' lang='lat' dir='ltr'>jndicio]</span> <span class='ocrx_word' id='word_1_1175' title='bbox 1576 2787 1653 2815; x_wconf 80' lang='lat' dir='ltr'>Haud</span> <span class='ocrx_word' id='word_1_1176' title='bbox 1664 2788 1735 2815; x_wconf 76' lang='lat' dir='ltr'>secus</span> <span class='ocrx_word' id='word_1_1177' title='bbox 1746 2797 1838 2814; x_wconf 84' lang='lat' dir='ltr'>omnes</span> <span class='ocrx_word' id='word_1_1178' title='bbox 1849 2786 1905 2813; x_wconf 84' lang='lat' dir='ltr'>mss.</span> <span class='ocrx_word' id='word_1_1179' title='bbox 1916 2786 2009 2816; x_wconf 86' lang='lat' dir='ltr'>nostri,</span> <span class='ocrx_word' id='word_1_1180' title='bbox 2019 2795 2071 2812; x_wconf 86' lang='lat' dir='ltr'>non</span> <span class='ocrx_word' id='word_1_1181' title='bbox 2081 2783 2110 2817; x_wconf 67' lang='grc' dir='ltr'>ἃ,</span> <span class='ocrx_word' id='word_1_1182' title='bbox 2118 2790 2149 2810; x_wconf 79' lang='lat' dir='ltr'>ut</span> 
     </span>
     <span class='ocr_line' id='line_1_140' title="bbox 1194 2830 1344 2851; baseline 0.007 -1"><span class='ocrx_word' id='word_1_1183' title='bbox 1194 2833 1271 2850; x_wconf 81' lang='lat' dir='ltr'>antea</span> <span class='ocrx_word' id='word_1_1184' title='bbox 1282 2830 1344 2851; x_wconf 80' lang='lat' dir='ltr'>culi.</span> 
     </span>
    </p>

    <p class='ocr_par' dir='ltr' id='par_1_20' title="bbox 1194 2854 2149 2968">
     <span class='ocr_line' id='line_1_141' title="bbox 1231 2854 2149 2894; baseline -0.004 -8"><span class='ocrx_word' id='word_1_1185' title='bbox 1231 2870 1256 2893; x_wconf 82' lang='lat'>5.</span> <span class='ocrx_word' id='word_1_1186' title='bbox 1275 2864 1352 2886; x_wconf 74' lang='lat' dir='ltr'>Cereri</span> <span class='ocrx_word' id='word_1_1187' title='bbox 1360 2863 1538 2894; x_wconf 70' lang='lat' dir='ltr'>nocennffimnm</span> <span class='ocrx_word' id='word_1_1188' title='bbox 1555 2861 1595 2893; x_wconf 73' lang='lat' dir='ltr'>effi&gt;</span> <span class='ocrx_word' id='word_1_1189' title='bbox 1613 2860 1824 2893; x_wconf 63' lang='lat' dir='ltr'>arbitrabantur]</span> <span class='ocrx_word' id='word_1_1190' title='bbox 1845 2858 1968 2885; x_wconf 82' lang='lat' dir='ltr'>Lambini</span> <span class='ocrx_word' id='word_1_1191' title='bbox 1979 2857 2045 2883; x_wconf 85' lang='lat' dir='ltr'>edit.</span> <span class='ocrx_word' id='word_1_1192' title='bbox 2055 2854 2149 2893; x_wconf 78' lang='lat' dir='ltr'>praefe-</span> 
     </span>
     <span class='ocr_line' id='line_1_142' title="bbox 1194 2894 2148 2932; baseline -0.003 -11"><span class='ocrx_word' id='word_1_1193' title='bbox 1194 2904 1254 2922; x_wconf 86' lang='lat' dir='ltr'>runt</span> <span class='ocrx_word' id='word_1_1194' title='bbox 1265 2899 1478 2929; x_wconf 74' lang='lat' dir='ltr'>innocemtfflmnm.</span> <span class='ocrx_word' id='word_1_1195' title='bbox 1499 2896 1541 2923; x_wconf 79' lang='lat' dir='ltr'>sed</span> <span class='ocrx_word' id='word_1_1196' title='bbox 1552 2904 1648 2932; x_wconf 73' lang='lat' dir='ltr'>praeter</span> <span class='ocrx_word' id='word_1_1197' title='bbox 1657 2895 1792 2932; x_wconf 75' lang='lat' dir='ltr'>impressos</span> <span class='ocrx_word' id='word_1_1198' title='bbox 1804 2896 1831 2921; x_wconf 64' lang='grc' dir='ltr'>ἓξ</span> <span class='ocrx_word' id='word_1_1199' title='bbox 1842 2894 1952 2930; x_wconf 70' lang='lat' dir='ltr'>scriptos</span> <span class='ocrx_word' id='word_1_1200' title='bbox 1970 2902 2080 2924; x_wconf 73' lang='lat' dir='ltr'>omiics;</span> <span class='ocrx_word' id='word_1_1201' title='bbox 2102 2900 2148 2918; x_wconf 80' lang='lat' dir='ltr'>ne-</span> 
     </span>
     <span class='ocr_line' id='line_1_143' title="bbox 1194 2931 1458 2968; baseline 0 -10"><span class='ocrx_word' id='word_1_1202' title='bbox 1194 2941 1245 2968; x_wconf 86' lang='lat' dir='ltr'>que</span> <span class='ocrx_word' id='word_1_1203' title='bbox 1259 2931 1334 2957; x_wconf 66' lang='lat' dir='ltr'>rideo</span> <span class='ocrx_word' id='word_1_1204' title='bbox 1346 2932 1458 2958; x_wconf 62' lang='lat' dir='ltr'>causam.</span> 
     </span>
    </p>

    <p class='ocr_par' dir='ltr' id='par_1_21' title="bbox 1194 2963 2150 3028">
     <span class='ocr_line' id='line_1_144' title="bbox 1226 2963 2150 3002; baseline -0.002 -10"><span class='ocrx_word' id='word_1_1205' title='bbox 1226 2967 1255 2992; x_wconf 87' lang='lat'>6.</span> <span class='ocrx_word' id='word_1_1206' title='bbox 1275 2970 1404 3001; x_wconf 74' lang='lat' dir='ltr'>Suspicione</span> <span class='ocrx_word' id='word_1_1207' title='bbox 1421 2968 1542 3001; x_wconf 65' lang='lat' dir='ltr'>addam]</span> <span class='ocrx_word' id='word_1_1208' title='bbox 1563 2967 1676 3002; x_wconf 85' lang='lat' dir='ltr'>Legitur</span> <span class='ocrx_word' id='word_1_1209' title='bbox 1692 2966 1757 2992; x_wconf 68' lang='lat' dir='ltr'>:ilicis</span> <span class='ocrx_word' id='word_1_1210' title='bbox 1775 2966 1801 2993; x_wconf 90' lang='lat' dir='ltr'>in</span> <span class='ocrx_word' id='word_1_1211' title='bbox 1812 2965 1966 2993; x_wconf 61' lang='lat' dir='ltr'>S.Vi&amp;oris</span> <span class='ocrx_word' id='word_1_1212' title='bbox 1977 2963 2067 2993; x_wconf 77' lang='lat' dir='ltr'>codice</span> <span class='ocrx_word' id='word_1_1213' title='bbox 2079 2983 2088 2996; x_wconf 90' lang='lat'>‚</span> <span class='ocrx_word' id='word_1_1214' title='bbox 2106 2963 2150 2988; x_wconf 77' lang='lat' dir='ltr'>ab·</span> 
     </span>
     <span class='ocr_line' id='line_1_145' title="bbox 1194 3003 1268 3028; baseline 0.014 -1"><span class='ocrx_word' id='word_1_1215' title='bbox 1194 3003 1268 3028; x_wconf 63' lang='lat' dir='ltr'>Auni.</span> 
     </span>
    </p>

    <p class='ocr_par' dir='ltr' id='par_1_22' title="bbox 1229 3035 2149 3098">
     <span class='ocr_line' id='line_1_146' title="bbox 1229 3035 2149 3098; baseline -0.003 -35"><span class='ocrx_word' id='word_1_1216' title='bbox 1229 3047 1255 3072; x_wconf 92' lang='lat'>7.</span> <span class='ocrx_word' id='word_1_1217' title='bbox 1276 3042 1307 3063; x_wconf 87' lang='lat' dir='ltr'>Et</span> <span class='ocrx_word' id='word_1_1218' title='bbox 1325 3040 1436 3064; x_wconf 75' lang='lat' dir='ltr'>hominem</span> <span class='ocrx_word' id='word_1_1219' title='bbox 1450 3038 1660 3072; x_wconf 58' lang='lat' dir='ltr'>pudentsffimum]</span> <span class='ocrx_word' id='word_1_1220' title='bbox 1674 3038 1760 3064; x_wconf 84' lang='lat' dir='ltr'>Miror</span> <span class='ocrx_word' id='word_1_1221' title='bbox 1770 3036 1854 3063; x_wconf 80' lang='lat' dir='ltr'>adhuc</span> <span class='ocrx_word' id='word_1_1222' title='bbox 1863 3036 1913 3063; x_wconf 77' lang='lat' dir='ltr'>esse</span> <span class='ocrx_word' id='word_1_1223' title='bbox 1921 3037 1969 3098; x_wconf 73' lang='lat' dir='ltr'>&lt;qui</span> <span class='ocrx_word' id='word_1_1224' title='bbox 1979 3035 2149 3064; x_wconf 72' lang='lat' dir='ltr'>Manutianos</span> 
     </span>
    </p>

    <p class='ocr_par' dir='ltr' id='par_1_23' title="bbox 1196 3083 2148 3207">
     <span class='ocr_line' id='line_1_147' title="bbox 1939 3083 1964 3098; baseline 0 0"><span class='ocrx_word' id='word_1_1225' title='bbox 1939 3083 1964 3098; x_wconf 79' lang='lat' dir='ltr'>C.</span> 
     </span>
     <span class='ocr_line' id='line_1_148' title="bbox 1252 3106 2148 3143; baseline -0.004 -8"><span class='ocrx_word' id='word_1_1226' title='bbox 1252 3130 1256 3135; x_wconf 94' lang='lat'>.</span> <span class='ocrx_word' id='word_1_1227' title='bbox 1277 3112 1325 3142; x_wconf 65' lang='lat' dir='ltr'>{Qi</span> <span class='ocrx_word' id='word_1_1228' title='bbox 1333 3117 1382 3134; x_wconf 81' lang='lat' dir='ltr'>tum</span> <span class='ocrx_word' id='word_1_1229' title='bbox 1393 3110 1488 3141; x_wconf 70' lang='lat' dir='ltr'>consultb</span> <span class='ocrx_word' id='word_1_1230' title='bbox 1496 3111 1564 3142; x_wconf 60' lang='lat' dir='ltr'>pros&amp;</span> <span class='ocrx_word' id='word_1_1231' title='bbox 1573 3113 1597 3134; x_wconf 87' lang='lat' dir='ltr'>in</span> <span class='ocrx_word' id='word_1_1232' title='bbox 1607 3111 1690 3135; x_wconf 73' lang='lat' dir='ltr'>occulto</span> <span class='ocrx_word' id='word_1_1233' title='bbox 1701 3110 1838 3143; x_wconf 70' lang='lat' dir='ltr'>stetiffi’nt]</span> <span class='ocrx_word' id='word_1_1234' title='bbox 1864 3111 1892 3135; x_wconf 88' lang='lat' dir='ltr'>S.</span> <span class='ocrx_word' id='word_1_1235' title='bbox 1904 3108 2019 3135; x_wconf 67' lang='lat' dir='ltr'>Vistoris</span> <span class='ocrx_word' id='word_1_1236' title='bbox 2029 3106 2148 3142; x_wconf 64' lang='lat' dir='ltr'>scriptus,</span> 
     </span>
     <span class='ocr_line' id='line_1_149' title="bbox 1196 3143 2147 3204; baseline -0.006 -31"><span class='ocrx_word' id='word_1_1237' title='bbox 1196 3145 1261 3173; x_wconf 84' lang='lat' dir='ltr'>item</span> <span class='ocrx_word' id='word_1_1238' title='bbox 1272 3146 1329 3173; x_wconf 77' lang='lat' dir='ltr'>Pal.</span> <span class='ocrx_word' id='word_1_1239' title='bbox 1343 3144 1392 3173; x_wconf 83' lang='lat' dir='ltr'>sec.</span> <span class='ocrx_word' id='word_1_1240' title='bbox 1402 3146 1430 3172; x_wconf 84' lang='lat'>&amp;</span> <span class='ocrx_word' id='word_1_1241' title='bbox 1442 3145 1640 3181; x_wconf 57' lang='lat' dir='ltr'>quinnproptcr.</span> <span class='ocrx_word' id='word_1_1242' title='bbox 1662 3154 1735 3182; x_wconf 73' lang='lat' dir='ltr'>aeque</span> <span class='ocrx_word' id='word_1_1243' title='bbox 1745 3145 1844 3173; x_wconf 82' lang='lat' dir='ltr'>bonum</span> <span class='ocrx_word' id='word_1_1244' title='bbox 1855 3164 1864 3178; x_wconf 83' lang='lat'>,</span> <span class='ocrx_word' id='word_1_1245' title='bbox 1876 3144 1894 3173; x_wconf 82' lang='lat' dir='ltr'>fi</span> <span class='ocrx_word' id='word_1_1246' title='bbox 1905 3154 1957 3173; x_wconf 79' lang='lat' dir='ltr'>uon</span> <span class='ocrx_word' id='word_1_1247' title='bbox 1968 3143 2073 3204; x_wconf 51' lang='lat' dir='ltr'>meligs.</span> <span class='ocrx_word' id='word_1_1248' title='bbox 2087 3182 2147 3201; x_wconf 49' lang='lat' dir='ltr'>mam</span> 
     </span>
     <span class='ocr_line' id='line_1_150' title="bbox 1999 3186 2086 3207; baseline -0.011 -3"><span class='ocrx_word' id='word_1_1249' title='bbox 1999 3188 2023 3207; x_wconf 76' lang='grc' dir='ltr'>ι.</span> <span class='ocrx_word' id='word_1_1250' title='bbox 2048 3186 2086 3204; x_wconf 89' lang='lat' dir='ltr'>um</span> 
     </span>
    </p>
   </div>
   <div class='ocr_carea' id='block_1_17' title="bbox 2135 0 2295 3400">
    <p class='ocr_par' dir='ltr' id='par_1_24' title="bbox 2135 0 2295 3400">
     <span class='ocr_line' id='line_1_151' title="bbox 2135 0 2295 3400; baseline 0 0"><span class='ocrx_word' id='word_1_1251' title='bbox 2135 0 2295 3400; x_wconf 95' lang='lat' dir='ltr'> </span> 
     </span>
    </p>
   </div>
  </div>
 </body>
</html>
