2302 3353
71 555 112 589 17

73 1088 111 1121 58

72 1673 113 1706 19

540 141 614 170 AD
650 124 1080 182 HERENNIUM‚
1118 132 1319 179 L1B'ER
1353 131 1662 181 Tana-ius.

132 207 240 240 roiuti,
260 212 294 236 ut
310 211 362 234 eos
379 200 466 232 facile
485 200 612 231 naturali
629 201 779 241 memoria
788 201 1043 239 comprehendere
1055 203 1088 233 «Sc

131 246 272 289 amplefih
282 254 424 287 queamus
435 263 444 277 2
464 252 496 273 ut
505 242 581 272 aedes
592 262 601 276 ‚
622 243 894 272 intercolumnium
907 262 914 275 ,
932 244 1090 282 angulum,

129 290 290 321 fornicem,
303 287 336 316 &
345 286 411 319 alia,
423 295 487 326 quae
499 285 545 314 his
556 282 664 313 similia
674 283 749 313 sunt.
773 285 936 324 Imagines,
950 284 1018 313 sunt
1027 284 1088 313 for-

131 342 188 362 mae
198 329 332 371 quaedam
344 348 352 362 ,
366 327 398 357 δε
407 336 487 356 notae
498 346 506 360 ,
519 326 552 356 &
563 323 716 355 simulacra
724 325 788 364 ejus
799 327 840 355 rei
852 345 859 358 ‚
877 335 967 365 quam
978 327 1091 355 memi-

131 371 204 404 nisse
213 372 355 401 volumus
367 379 373 398 z
391 368 471 409 quod
479 377 573 410 genus
583 387 591 401 ,
604 368 683 408 equi,
696 367 809 400 leones,
821 370 926 407 aquilae
938 387 945 400 ,
958 377 1089 407 quorum

131 414 312 445 memoriam
323 410 344 441 si
353 412 492 441 volemus
502 409 620 442 habere,
633 410 779 449 imagines
789 418 895 438 eorum
905 417 991 438 certis
1001 410 1034 438 iu
1045 409 1091 438 lo-

130 458 173 486 cis
182 455 328 485 collocare
339 463 395 483 nos
406 451 563 492 oportebit.
595 453 686 480 Nunc
697 470 705 484 ‚
727 450 773 490 cuj
778 450 898 480 usmodi
909 450 992 480 locos
1003 452 1089 480 inve-

131 499 207 530 nire,
220 496 252 526 &
262 505 322 536 quo
332 494 418 535 paAEto
429 495 565 534 reperire,
579 493 611 523 &
622 494 655 523 in
666 492 740 522 locis
750 494 897 533 imagines
908 491 1088 522 constituere

132 546 275 579 oporteat,
285 536 487 567 ostendemus.
563 533 803 565 uemadmodum
814 536 904 575 igitur
913 536 964 574 qui
979 534 1089 563 litteras

132 582 239 614 serunt,
252 577 372 620 poss‘unt
382 578 423 611 id,
440 582 448 597 ¹
462 577 543 618 quod
554 572 700 607 dictatum
711 575 765 610 est,
778 577 911 609 scribere,
925 576 1087 606 &recitare

131 624 213 665 quod
233 624 410 663 scripserunt
422 633 427 651 ε
446 625 486 652 ita
504 624 556 662 qui
568 616 740 659 μινκμινυωὲ
748 620 936 653 didicerunt,
956 618 1088 659 possunt,

131 677 197 706 quae
208 665 374 698 audierunt,
387 666 420 694 in
430 665 507 694 locis
517 663 673 699 collocare,
686 662 718 692 &
728 671 767 691 ex
777 662 824 690 his
835 670 1012 691 memoriter
1020 671 1090 700 pro-

132 709 277 738 nuntiare.
300 709 377 736 Loci
385 708 469 736 enim
481 716 564 739 cerae,
575 714 625 735 aut
634 705 738 734 charta:
750 701 897 732 simillimi
910 703 992 732 sunt:
1014 705 1091 733 ima-

131 752 216 791 gines
229 769 236 782 ,
250 749 354 778 litteris
367 759 372 777 ;
387 746 537 788 dispositio
550 747 582 776 ὃς
592 746 752 775 collocatio
762 746 932 785 imaginum
943 764 951 778 ‚
964 745 1090 783 scriptu-

132 802 172 821 rae
184 803 188 820 z
199 792 416 831 pronuntiatio,
429 789 562 819 levitioni.
586 790 710 827 Oportet
719 786 842 827 igitur,fi
854 787 996 816 volumus
1007 787 1090 815 rnul-

133 843 162 864 ta
172 830 345 863 meminisse
356 852 364 866 ,
374 831 485 861 multos
496 829 584 859 nobis
595 830 677 859 locos
687 838 856 868 comparare
865 847 874 862 ‚
896 837 927 857 ut
936 829 970 857 in
981 828 1087 858 multis

135 876 209 905 locis
228 874 336 904 multas
354 874 499 913 imagines
518 871 664 901 collocare
683 868 837 910 poffimus.
861 873 937 899 Item
949 879 1088 909 putamus

133 926 268 957 oportere
288 925 325 945 ex
344 914 449 944 ordine
467 915 521 943 hos
532 913 616 942 locos
625 913 732 942 habere
743 933 751 946 ,
771 911 930 952 nequando
940 912 1092 951 perturba-

133 962 216 991 tione
226 956 340 986 ordinis
352 955 562 996 impediamur,
577 964 638 995 quo
648 955 741 984 secius
751 963 845 994 quoto
856 974 865 988 ‚
888 963 1009 995 quoque
1019 954 1088 983 loco

133 1000 248 1031 libebit,
260 998 307 1027 vel
317 997 332 1028 a
342 998 488 1037 superiore
499 1017 509 1031 ,
529 997 577 1027 vel
587 997 622 1026 ab
632 996 774 1026 inferiore
785 1015 793 1029 ‚
815 997 863 1026 vel
872 995 888 1025 a
898 997 998 1026 media
1009 1004 1089 1035 parte

134 1042 278 1081 imagines
289 1040 381 1080 sequi,
392 1048 425 1069 ut
433 1049 476 1072 ea,
487 1049 552 1080 quae
563 1038 700 1068 mandata
709 1039 784 1068 locis
795 1046 881 1067 erunt
891 1057 899 1071 ‚
911 1041 925 1056 ²
937 1037 1022 1067 edere
1033 1057 1042 1071 ‚
1056 1037 1088 1067 δε

132 1087 260 1123 proterre
270 1080 421 1121 possimus.
445 1083 526 1110 Nam
538 1078 604 1114 ut,si
614 1082 646 1110 in
657 1080 762 1110 ordine
774 1079 892 1110 stanteis
903 1088 992 1109 notos
1002 1089 1091 1109 corn-

131 1125 240 1166 plureis
250 1123 425 1156 viderimus,
438 1123 516 1152 nihil
527 1121 626 1152 nostra
636 1120 759 1156 intersit,
776 1120 878 1151 utrum
889 1120 905 1151 a
916 1121 1089 1154 summoffln

131 1167 167 1198 ab
185 1168 252 1196 imo
262 1185 271 1199 ‚
292 1175 329 1195 an
347 1164 383 1195 ab
402 1165 505 1194 medio
522 1166 650 1194 nomina
662 1174 769 1194 eoi-um
781 1164 878 1194 dicere
889 1165 1068 1203 incipiamus
1081 1173 1087 1192 ·.

131 1209 250 1239 iteruin
261 1208 334 1236 locis
346 1216 383 1236 ex
392 1206 499 1237 ordine
508 1206 664 1236 collocatis
677 1208 796 1236 eveniet
809 1225 817 1239 ‚
839 1214 871 1235 ut
880 1207 912 1235 in
922 1205 1089 1246 quamlibet

130 1258 244 1290 partem
255 1257 359 1289 quoto,
370 1258 489 1289 quoque
499 1248 568 1278 loco
578 1247 695 1281 libebit,
708 1248 892 1288 imaginibus
902 1248 1086 1277 commoniti

131 1293 230 1322 dicere
239 1289 382 1331 poffimus
393 1290 434 1324 id,
445 1290 526 1331 quod
537 1290 610 1320 locis
621 1290 874 1320 mandaverimus.
905 1292 1013 1331 Qare,
1024 1289 1086 1329 pla-

131 1342 178 1365 cet
187 1333 220 1363 &
231 1342 268 1363 ex
278 1332 383 1362 ordine
393 1333 476 1362 locos
485 1341 654 1371 comparare
665 1344 673 1365 5
687 1332 718 1362 ὃς
729 1333 822 1365 iocos,
834 1341 908 1372 quos
918 1330 1086 1361 ass'umseri-

133 1385 202 1406 mus
212 1395 221 1409 ‚
241 1373 357 1419 egregie
368 1377 379 1400 3
392 1373 601 1404 commeditari
610 1373 760 1413 oportebit
769 1393 778 1407 ‚
802 1383 835 1403 ut
843 1372 985 1413 perpetuo
996 1373 1085 1402 nobis

129 1418 240 1447 haerere
250 1415 367 1456 poflint.
389 1425 460 1445 nam
470 1417 615 1456 imagines
627 1435 636 1449 ‚
646 1414 824 1445 sicutlitterae
836 1436 844 1448 ‚
856 1415 1011 1449 delentur,
1033 1414 1085 1444 ubi

132 1458 209 1489 nihil
227 1458 287 1487 iliis
302 1459 432 1497 utimur:
451 1458 530 1491 loci,
552 1466 692 1498 tanquam
702 1467 761 1486 cera
773 1477 781 1489 ,
802 1467 954 1487 remanere
964 1457 1084 1486 debent.

133 1503 171 1531 Et
180 1520 189 1534 ,
209 1510 247 1529 ne
257 1498 334 1530 forte
344 1501 377 1529 in
387 1509 516 1529 numero
525 1499 663 1529 locorum
673 1499 737 1529 falli
755 1497 898 1539 poflimus
909 1519 917 1532 ,
941 1501 1083 1539 quintum

131 1551 283 1583 quemque
300 1542 402 1571 locum
420 1542 516 1582 placet
534 1544 631 1571 notari
644 1553 650 1571 2
671 1541 753 1582 quod
771 1551 865 1582 genus
876 1561 884 1575 ,
905 1539 968 1570 siin
978 1542 1085 1581 quinto

132 1585 200 1614 loco
211 1593 336 1614 manum
345 1593 464 1613 auream
473 1583 659 1613 collocemus
669 1603 678 1617 ,
703 1584 736 1613 &
746 1581 768 1612 si
778 1593 811 1612 in
821 1583 942 1613 decimo
953 1583 1084 1623 aliquem

132 1634 240 1656 notum
252 1645 261 1660 ‚
274 1628 323 1655 cui
332 1635 507 1665 praenomen
517 1623 551 1655 sit
561 1627 677 1655 Decimo
686 1636 697 1652 :
718 1625 829 1655 deinde
838 1624 926 1655 facile
936 1626 993 1654 erit
1002 1623 1087 1655 fimi—

133 1668 188 1698 leis
198 1676 282 1697 notas
291 1676 399 1708 quinto
408 1677 529 1708 quoque
538 1668 608 1698 loco
619 1668 765 1698 collocare
804 1669 880 1697 Item
890 1666 1086 1697 commodius

132 1709 218 1740 estin
228 1708 367 1740 dereiiCta
376 1730 385 1743 ,
407 1719 497 1750 quam
507 1711 541 1739 in
551 1710 662 1739 celebri
672 1711 793 1750 regione
804 1709 887 1739 locos
897 1718 1081 1749 comparare:

132 1760 284 1792 propterea
292 1749 373 1792 quod
382 1750 548 1792 frequentia
558 1771 566 1785 ‚
579 1752 611 1782 &
621 1751 827 1781 obambulatio
835 1752 1001 1781 hominurn
1013 1760 1087 1780 con-

132 1794 238 1827 turbat,
251 1793 283 1823 &
292 1791 426 1823 infirmat
434 1796 604 1834 imaginum
614 1803 698 1824 notas
710 1804 716 1822 z
735 1793 865 1823 solitudo
876 1793 1029 1823 conservat
1040 1794 1088 1823 in-

130 1843 223 1877 tegras
233 1834 459 1866 simulacrorum
479 1835 594 1877 figuras.
616 1839 634 1863 4
643 1838 784 1866 Praeterea
802 1833 956 1866 diflimiles
975 1834 1085 1868 forma,

131 1885 219 1919 atque
229 1885 332 1907 natura
339 1877 399 1907 loci
409 1877 602 1918 comparandi
611 1878 680 1908 sunt
689 1897 697 1911 ,
719 1885 751 1907 ut
760 1876 901 1907 distinere
911 1877 1088 1907 interlucere

132 1917 249 1960 poffint.
273 1929 344 1948 nam
354 1918 442 1960 siquis
452 1920 547 1949 multa
555 1920 791 1950 intercolumnia
799 1919 953 1952 sumserit,
977 1926 1090 1948 contur-

133 1959 249 1990 babitur
258 1958 453 1990 similitudine
463 1962 602 1990 locorum
612 1981 621 1994 ,
642 1969 675 1990 ut
682 1963 801 2002 ignoret
809 1981 818 1994 ‚
839 1960 911 2001 quid
921 1970 1045 2001 quoquo
1055 1962 1088 1989 in

134 2003 205 2032 loco
214 2002 377 2031 collocarit.
402 2006 414 2028 5
426 2004 463 2031 Et
483 2002 689 2041 magnitudine
704 2002 841 2035 modica,
863 2002 895 2031 &
907 2002 1086 2031 mediocreis

136 2044 219 2074 locos
229 2043 334 2072 habeie
346 2051 472 2082 oportet.
495 2053 566 2072 nam
577 2044 610 2073 ὅ(
619 2052 721 2083 praeter
730 2042 859 2072 modum
869 2043 962 2082 ampli
973 2063 981 2076 ‚
1003 2053 1089 2083 vagas

137 2086 282 2125 imagines
292 2084 422 2114 reddunt
431 2105 439 2118 ‚
462 2085 494 2114 ὃ(
505 2087 599 2114 nimis
618 2083 734 2125 angusti
745 2105 753 2118 ‚
774 2085 846 2124 saepe
866 2094 929 2114 non
948 2084 1090 2114 videntur

134 2125 217 2167 poste
234 2136 335 2166 capere
354 2128 524 2167 imaginum
543 2127 788 2155 collocationem.
818 2129 902 2156 Tum
921 2135 978 2155 nec
996 2127 1089 2155 nimis

136 2167 276 2198 iliustreis
288 2188 296 2202 ,
317 2177 371 2197 nec
390 2169 587 2198 vehementer
603 2168 744 2197 obscuros
755 2167 837 2197 locos
848 2167 950 2197 haberi
960 2175 1088 2207 oportet,

136 2221 174 2241 ne
193 2210 381 2239 obcaecentur
398 2209 527 2240 tenebris
545 2211 692 2250 imagines
702 2229 710 2243 ‚
730 2218 780 2239 aut
798 2208 952 2248 splendore
970 2208 1090 2248 piaeful-

133 2260 228 2294 geant.
248 2252 406 2281 Intervalla
416 2251 553 2281 locorum
565 2251 728 2281 mediocria
739 2249 796 2280 effe
805 2251 918 2290 placet,
929 2249 991 2280 fere
1002 2251 1090 2290 paulo

135 2295 200 2334 plus
211 2313 220 2326 ,
238 2303 288 2323 aut
297 2295 399 2322 minus
410 2292 425 2312 ⁶
434 2293 545 2333 pedum
557 2291 716 2323 tricenum.
751 2295 833 2322 Nam
846 2300 877 2321 ut
887 2291 1007 2331 aspec‘i‘m
1020 2313 1027 2325 ‚
1052 2294 1091 2322 ita

135 2337 276 2377 cogitatio
295 2337 396 2364 minus
415 2335 511 2368 valet,
531 2333 590 2364 sive
602 2337 694 2364 nimis
704 2335 809 2374 procul
825 2336 990 2364 removeris
1002 2355 1010 2369 ‚
1034 2332 1092 2364 sive

135 2382 328 2408 vehementer
337 2376 430 2417 prope
439 2376 609 2406 admoveris
620 2376 649 2407 id
662 2397 670 2410 ,
682 2376 763 2417 quod
773 2385 891 2416 oportet
901 2376 1007 2406 videri.
1035 2376 1092 2406 Sed

136 2428 304 2460 quanquam
313 2418 400 2448 facile
411 2418 453 2448 est
464 2420 502 2452 ei,
513 2420 564 2459 qui
573 2418 674 2457 paullo
684 2420 767 2458 plura
777 2418 1094 2459 exploraverit‚quam-

136 2464 180 2491 vis
191 2462 302 2491 multos
313 2481 321 2494 ,
343 2461 375 2491 &
386 2460 512 2491 idoneos
523 2464 606 2491 locos
618 2470 788 2500 comparare
802 2470 807 2488 2
831 2468 932 2490 tamen
950 2458 1038 2501 siquis
1060 2460 1094 2491 ad

173 2591 183 2608 1
191 2602 196 2607 .
215 2580 401 2614 Qoddifffatum
411 2579 575 2613 effscribere]
598 2577 676 2604 Edid'i
687 2579 801 2604 Minium
812 2597 820 2610 ‚
840 2578 926 2612 ejeSm
939 2579 1041 2613 vulgari
1053 2580 1091 2604 di-

134 2619 196 2644 aum
206 2620 219 2644 ὲ
232 2617 276 2642 rai
284 2637 289 2642 .
299 2615 348 2642 sec.
359 2622 447 2651 quart.
458 2614 544 2646 seitto,
555 2615 609 2640 ὅτε.
628 2621 721 2640 notum
733 2615 803 2641 enim
814 2615 941 2640 Amatores
952 2614 1092 2650 fuiil'e,qui

1140 207 1194 238 ista
1205 210 1273 239 satis
1284 208 1412 240 idoneos
1421 211 1560 241 invenire
1570 212 1598 242 se
1608 221 1673 242 non
1681 211 1814 252 putabit,
1835 214 1893 254 ipse
1912 213 1964 245 fibi
1985 216 2098 247 consti·

1138 257 1200 279 tuat
1217 251 1307 291 quam
1326 252 1408 282 volet
1427 253 1540 282 multos
1559 253 1671 284 licebit.
1703 256 1853 295 Cogitatio
1864 258 1946 286 enim
1957 261 2095 297 quamvis

1138 293 1291 330 regionem
1305 293 1401 332 potest
1409 294 1551 333 amplecti
1562 315 1570 328 ,
1596 295 1670 325 &in
1682 305 1715 326 ea
1725 294 1813 326 situm
1824 297 1883 327 loci
1893 299 2045 335 cujusdam
2059 300 2094 330 ad

1137 331 1223 361 suum
1234 334 1389 364 arbitrium
1399 335 1534 366 fabricari
1546 338 1579 367 ὃς
1589 337 1781 368 ειῑςὴίῑεόὶᾱῑὶ.
1814 341 1912 380 Qare
1932 341 2035 371 licebit
2045 362 2052 375 ‚
2076 340 2096 371 si

1138 373 1317 420 hac-promta
1326 379 1411 416 copia
1420 380 1553 408 contenti
1566 389 1631 409 non
1642 381 1754 409 erimus
1765 400 1773 414 ‚
1796 382 1994 421 nosmetipsos
2004 383 2093 413 nobis

1136 423 1317 454 cogitatione
1327 417 1426 447 nostra
1436 422 1591 459 regionem
1601 421 1780 452 constituere
1792 442 1800 456 ,
1813 423 1845 452 &
1856 423 2038 454 idoneorum
2050 425 2096 454 lo-

1137 458 1529 503 corumcommodiffimam
1541 462 1770 494 distinffionem
1781 474 1958 505 comparare.
1989 469 2037 495 De
2050 467 2096 497 lo-

1137 507 1178 526 cis
1198 498 1265 528 satis
1285 498 1403 529 dietum
1413 500 1471 530 est:
1493 513 1574 532 nunc
1583 504 1618 534 ad
1630 506 1798 545 imaginum
1809 509 1955 537 rationem
1968 509 2094 538 transea-

1138 549 1216 568 mus.
1261 542 1414 578 Qoniam
1435 552 1504 583 ergo
1522 554 1621 574 rerum
1640 545 1763 577 simileis
1782 549 1927 589 imagines
1937 549 1994 579 esse
2005 560 2095 589 opor·
2117 555 2127 566 “

1138 589 1180 610 tet
1190 601 1198 615 ‚
1212 581 1245 611 &
1254 591 1292 611 ex
1302 583 1447 612 omnibus
1457 584 1555 614 verbis
1567 595 1649 617 notas
1661 589 1750 618 nobis
1759 588 1972 621 similitudines
1983 592 2092 633 eligere

1138 622 1284 652 debemus
1295 643 1303 657 ,
1324 623 1457 663 duplices
1469 623 1680 658 similitudines
1690 629 1748 660 effe
1758 631 1885 662 debent:
1910 643 1977 663 unae
1988 644 2092 667 rerum,

1135 664 1232 694 alterae
1243 663 1399 694 verborum.
1423 668 1538 697 Rerum
1549 666 1758 701 similitudines
1770 676 1980 713 exprimuntur
1990 695 1997 709 ‚
2023 674 2095 706 cum

1138 707 1314 736 summatim
1334 708 1469 747 ipsorum
1488 712 1678 749 negotiorum
1701 715 1846 752 imagines
1874 727 2093 756 comparamus.

1137 748 1308 778 Verborum
1320 748 1532 780 similitudines
1542 745 1846 787 constituuntuiffcum
1862 759 2096 800 uniuscujusque

1137 792 1273 820 nominis
1285 811 1293 824 ‚
1314 791 1347 820 δε
1356 791 1497 821 vocabuli
1507 802 1657 823 memoria
1668 797 1796 835 imagine
1809 807 1937 829 notatur.
1971 802 2029 830 Rei
2048 810 2095 830 to-

1138 834 1195 861 tius
1207 834 1388 862 memoriam
1399 834 1472 873 saepe
1482 844 1541 864 una
1550 845 1620 865 nota
1631 856 1639 869 ,
1662 836 1695 865 &
1716 839 1845 878 imagine
1865 839 1990 880 simplici
2010 852 2095 872 com*

1135 874 1367 913 prehendemus,
1378 876 1437 905 hoc
1446 876 1540 906 modo
1554 887 1559 906 1
1590 880 1631 907 Ut
1642 898 1650 910 ,
1671 876 1692 907 si
1703 880 1850 909 accusator
1860 881 1970 912 dixerit
1978 903 1986 916 ,
2009 882 2044 912 ab
2056 894 2095 913 reo

1136 917 1297 946 hominem
1308 927 1428 946 veneno
1439 927 1577 948 necatum
1589 929 1595 947 z
1612 919 1644 949 ὃς
1656 920 1825 950 hereditatis
1835 924 1917 953 causa
1928 923 2039 954 saei-„im
2051 936 2094 954 ar-

1136 960 1241 998 guerit,
1253 958 1285 988 &
1295 958 1359 998 ejus
1370 961 1412 988 rei
1425 960 1536 989 multos
1548 961 1657 991 dixerit
1668 961 1776 995 testeis,
1788 963 1821 992 ὃς
1833 965 1969 994 conscios
1980 965 2035 995 effe
2049 978 2053 994 ῑ
2075 966 2094 996 si

1136 1002 1195 1029 hoc
1203 998 1349 1039 primum,
1364 1010 1396 1030 ut
1405 1000 1439 1030 ad
1451 1000 1679 1032 defendendum
1689 1004 1777 1033 nobis
1789 1005 1963 1044 expeditum
1975 1006 2017 1040 sit,
2030 1018 2094 1038 ine-

1136 1040 1258 1072 minifl'e
1277 1042 1434 1072 volemus:
1455 1045 1487 1072 in
1497 1046 1596 1083 primo
1608 1045 1676 1074 loco
1688 1048 1729 1075 rei
1739 1048 1832 1076 totius
1842 1049 2005 1089 imaginem
2019 1060 2092 1079 con—

1134 1082 1336 1114 formabimus
1350 1094 1355 1112 ;
1383 1093 1528 1125 aegrotum
1540 1088 1572 1115 in
1583 1086 1661 1116 lesio
1672 1088 1831 1118 cubantem
1840 1088 1985 1119 faciemus
1996 1091 2092 1129 ipsum

1135 1125 1236 1159 illum,
1250 1125 1286 1155 de
1296 1136 1358 1166 quo
1368 1136 1478 1167 agetur,
1492 1125 1511 1156 si
1521 1126 1654 1158 formam
1665 1130 1728 1168 ejus
1738 1129 1955 1161 detinebimus.
1969 1137 1982 1160 7
1993 1131 2013 1161 fi
2023 1143 2091 1163 eum

1134 1177 1198 1197 non
1210 1170 1422 1208 agnoverimus
1434 1179 1440 1197 ;
1460 1169 1591 1209 aliquem
1603 1180 1748 1210 aegrotum
1759 1167 1773 1190 8
1784 1182 1847 1201 non
1857 1172 1892 1202 de
1904 1176 2038 1204 minimo
2049 1175 2095 1204 lo-

1134 1219 1170 1239 co
1179 1210 1335 1239 sumemus
1347 1230 1355 1243 ‚
1378 1218 1409 1239 ut
1419 1208 1480 1240 cito
1493 1212 1523 1240 in
1535 1221 1670 1242 mentem
1680 1215 1783 1243 venire
1793 1212 1881 1253 possit
1890 1235 1898 1248 ‚
1920 1215 2046 1245 &reum
2058 1217 2093 1246 ad

1132 1250 1247 1281 ieetum
1257 1252 1320 1292 ejus
1331 1250 1524 1282 adstituemus
1536 1273 1544 1286 ,
1556 1253 1658 1284 dextra
1667 1255 1812 1295 poculum
1825 1276 1832 1288 ‚
1847 1254 1958 1287 sinistra
1970 1258 2091 1291 tabulas,

1132 1293 1253 1323 medico
1272 1293 1422 1324 testiculos
1439 1297 1581 1325 arietinos
1601 1305 1764 1327 tenentem.
1794 1300 1863 1327 Hoc
1882 1299 1975 1328 modo
1995 1300 2029 1329 ὃς
2049 1309 2091 1329 te-

1133 1335 1225 1365 stium
1244 1336 1277 1365 &
1295 1335 1466 1366 hereditatis
1477 1356 1485 1370 ‚
1510 1337 1543 1367 δε
1552 1348 1673 1369 veneno
1684 1341 1779 1369 necati
1791 1343 1972 1370 memoriani
1985 1342 2092 1371 habere

1132 1378 1309 1417 poterimus.
1330 1380 1406 1407 Item
1418 1377 1558 1419 deinceps
1569 1389 1663 1410 cetera
1672 1383 1799 1411 crimina
1807 1392 1847 1411 ex
1856 1381 1962 1412 ordine
1973 1385 2006 1412 in
2016 1384 2092 1413 locis

1131 1429 1281 1459 ponemus
1294 1430 1299 1448 τ
1321 1419 1364 1453 &,
1375 1421 1624 1462 quotiescumque
1634 1432 1698 1452 rem
1709 1422 1880 1453 meminisse
1891 1425 2030 1454 volemus
2041 1445 2049 1458 ,
2071 1423 2092 1454 si

1131 1462 1297 1491 formarum
1315 1460 1506 1501 dispositione
1518 1483 1526 1496 ,
1548 1464 1760 1505 &imaginum
1779 1465 1917 1506 diligenti
1936 1469 2094 1497 notatione

1132 1512 1253 1533 utemur
1262 1523 1270 1537 ,
1294 1502 1381 1533 facile
1392 1513 1426 1533 ea
1437 1524 1445 1537 ,
1456 1514 1520 1545 qua:
1530 1505 1670 1547 volemus
1682 1527 1690 1540 ,
1704 1509 1852 1538 memoria
1861 1509 2089 1550 consequemur.

1133 1548 1210 1575 Cum
1241 1543 1387 1574 verborum
1398 1545 1599 1585 similitudines
1617 1549 1800 1589 imaginibus
1820 1552 1988 1589 exprimere
2006 1551 2091 1581 vole-

1134 1587 1281 1627 mus‚p1us
1292 1590 1406 1628 negotii
1416 1588 1622 1628 suscipiemus,
1636 1590 1668 1620 Sc
1679 1592 1774 1632 magis
1784 1593 1943 1633 ingenium
1954 1592 2090 1622 nostrum

1133 1629 1352 1659 exercebimus.
1376 1628 1411 1659 Id
1422 1640 1478 1659 nos
1490 1632 1548 1660 hoc
1559 1632 1653 1662 modo
1663 1631 1757 1662 facere
1767 1634 1925 1673 oportebit.
1937 1638 1952 1660 9
1962 1634 2035 1672 Jam
2043 1635 2093 1664 do·

1132 1672 1298 1700 manitionem
1317 1681 1389 1711 reges
1398 1672 1516 1702 ,Atrida
1531 1681 1643 1714 pararit.
1667 1676 1702 1704 In
1713 1674 1780 1704 loco
1790 1675 1969 1706 constituere
1979 1685 2096 1717 oportet

1134 1724 1242 1744 manus
1261 1713 1294 1743 ad
1316 1713 1429 1744 coelum
1447 1715 1606 1745 tollentem
1626 1718 1803 1746 Domitium
1814 1737 1822 1750 ,
1851 1716 1924 1748 cum
1943 1717 1958 1748 a
1975 1719 2095 1760 regibus

1135 1757 1252 1786 Martiis
1263 1755 1334 1785 loris
1344 1755 1478 1786 caedatur.
1503 1759 1572 1787 Hoc
1581 1759 1646 1791 erit,
1657 1758 1730 1797 Jam
1738 1758 1939 1789 domuitionem
1949 1771 2032 1801 reges.
2056 1762 2092 1790 In

1133 1799 1225 1828 altero
1234 1797 1304 1828 loco
1313 1798 1372 1828 AEs
1368 1807 1461 1838 opum
1473 1799 1505 1828 ὃς
1515 1799 1674 1830 Cimbrum
1688 1803 1717 1819 ¹0
1725 1801 1883 1831 subornare
1893 1802 2093 1843 Iphigeniam,

1135 1843 1399 1882 Agamemnonem
1420 1840 1452 1869 &
1471 1842 1648 1871 Menelaum
1660 1852 1666 1870 1
1685 1843 1743 1872 hoc
1753 1845 1808 1873 erit
1818 1864 1826 1876 ‚
1848 1844 1965 1872 xAtridae
1980 1852 2093 1885 parant,

1134 1883 1193 1912 hoc
1203 1881 1299 1911 modo
1310 1884 1417 1915 omnia
1425 1882 1515 1912 verba
1524 1893 1610 1912 erunt
1620 1882 1761 1924 expreffa.
1785 1885 1841 1915 Sed
1852 1887 1915 1915 haec
1925 1887 2093 1927 imaginum

1136 1923 1339 1954 conformatio
1349 1932 1414 1954 tum
1425 1925 1503 1954 valet
1514 1945 1522 1958 ,
1535 1923 1555 1954 si
1566 1926 1729 1956 naturalem
1741 1929 1924 1957 memoriam
1935 1929 2095 1958 exsuscita-

1135 1968 1269 1996 verimus
1278 1966 1333 1995 hac
1342 1967 1496 1995 notatione
1507 1986 1514 2000 ,
1528 1975 1561 1996 ut
1570 1987 1578 2000 ,
1590 1968 1675 1997 versu
1683 1966 1789 2006 posito,
1800 1967 1853 2008 ipsi
1863 1968 2024 1998 nobiscum
2034 1971 2095 2009 pri·-

1137 2006 1226 2037 mum
1237 2007 1418 2036 transeamus
1428 2006 1535 2039 bis,aut
1544 2016 1588 2038 ter
1597 2019 1668 2039 eum
1680 2009 1809 2043 versum,
1818 2009 1926 2039 deinde
1937 2020 2007 2040 cum
2018 2013 2094 2040 ima-

1137 2048 1258 2089 ginibus
1268 2048 1357 2077 verba
1367 2050 1580 2087 exprimamus.
1601 2051 1660 2080 hoc
1669 2049 1764 2080 modo
1775 2060 1883 2081 natuiae
1897 2052 2096 2092 suppeditabit

1141 2089 1286 2119 dos'trina.
1312 2093 1336 2108 ¹¹
1350 2099 1419 2119 nam
1433 2098 1553 2131 utraque
1573 2092 1660 2122 altera
1679 2093 1801 2131 separata
1811 2095 1913 2122 minus
1925 2096 1979 2123 erit
1989 2094 2074 2123 firma
2086 2105 2093 2123 ;

1137 2134 1178 2161 ita
1198 2140 1298 2160 tamen
1319 2139 1351 2160 ut
1371 2132 1469 2161 multo
1487 2134 1554 2171 plus
1564 2135 1597 2162 in
1609 2133 1745 2162 dostrina
1754 2142 1840 2174 atque
1849 2143 1906 2165 arte
1915 2134 2040 2175 praesidii
2051 2134 2093 2165 sit.

1138 2171 1227 2213 Qod
1240 2171 1347 2201 docere
1357 2182 1421 2201 non
1431 2183 1634 2214 gravaremur,
1660 2176 1690 2204 ni
1701 2185 1904 2205 metueremus
1915 2197 1923 2210 ,
1944 2187 1981 2206 ne
1992 2198 2000 2211 ,
2022 2175 2093 2207 cum

1138 2215 1173 2244 ab
1184 2212 1322 2243 instituto
1332 2213 1434 2245 nostro
1446 2213 1666 2250 recessissemus,
1678 2215 1780 2246 minus
1791 2218 1955 2248 commode
1966 2220 2094 2249 servare—

1138 2257 1257 2285 turhaec
1274 2255 1405 2285 dilucida
1422 2256 1549 2286 brevitas
1567 2260 1784 2298 praeceptionis.
1813 2262 1924 2294 Nunc,
1945 2263 2092 2301 quoniam

1138 2298 1213 2328 solet
1222 2297 1365 2331 accidere,
1378 2306 1410 2327 ut
1419 2300 1565 2339 imagines
1575 2302 1683 2340 partim
1696 2299 1800 2335 firmae,
1814 2302 1846 2330 &
1856 2301 1890 2331 ad
1902 2302 2092 2332 monendum

1138 2339 1255 2369 idoneae
1265 2337 1320 2368 sint
1330 2359 1339 2372 ‚
1359 2342 1465 2379 partim
1476 2341 1643 2372 imbecilles
1655 2363 1663 2377 ‚
1687 2342 1719 2372 ὃς
1729 2343 1858 2373 infirma:
1870 2364 1878 2377 ‚
1890 2353 1954 2384 quae
1963 2346 2016 2374 vix
2028 2354 2091 2373 me-

1138 2383 1268 2411 moriam
1280 2379 1388 2421 poffint
1397 2383 1525 2415 excitare
1540 2394 1544 2411 :
1566 2393 1623 2424 qua
1634 2384 1670 2414 de
1679 2385 1762 2414 causa
1771 2393 1930 2427 utrumque
1942 2385 1990 2416 fiat
2000 2406 2007 2419 ‚
2020 2396 2093 2416 con-

1138 2421 1324 2452 siderandum
1337 2423 1389 2456 est,
1403 2432 1445 2458 ut,
1456 2427 1575 2465 cognita
1584 2426 1675 2459 causa,
1687 2437 1756 2467 quas
1768 2429 1908 2460 vitemus,
1927 2422 1958 2456 δὲ
1969 2437 2038 2468 quas
2052 2428 2094 2457 se-

1140 2475 1266 2505 quamur
1276 2466 1420 2506 imagines
1432 2486 1440 2500 ,
1460 2466 1533 2496 seire
1542 2465 1694 2507 poffimus.

1978 2520 2091 2544 natura,

1170 2580 1198 2606 6.
1219 2581 1307 2606 Pedum
1326 2582 1466 2616 trit-emim]
1498 2582 1573 2607 Pulut
1603 2581 1726 2607 iecuiidus
1746 2585 1876 2613 triremem,
1898 2586 2095 2617 pi·.tricc71cium.

1114 2593 1116 2644 i
1134 2617 1278 2643 Delbeiiius
1290 2616 1432 2653 legendnm
1443 2617 1527 2644 censet
1541 2637 1548 2650 ‚
1559 2618 1748 2650 trintimpcdum.
1770 2618 1827 2643 Pal.
1838 2627 1879 2655 pr.
1891 2619 1928 2645 ait
1939 2619 1988 2645 ess'e
1999 2620 2043 2655 qui
2056 2619 2095 2645 le-

135 2653 223 2680 scribis
241 2651 411 2688 suggererent
430 2650 501 2686 quod
520 2651 692 2686 excipereiit;
714 2650 754 2677 vel
774 2660 806 2676 ex
823 2651 885 2684 joco
904 2650 1012 2676 Catilii-is
1023 2650 1092 2687 apud
1114 2646 1116 2677 i
1135 2660 1200 2688 gant
1210 2655 1319 2685 trigiam.

135 2689 292 2721 Suetonium
305 2707 313 2720 ‚
332 2687 451 2724 negantis
471 2688 556 2713 Sullam
568 2688 662 2721 scivisse
671 2689 755 2712 literas
768 2706 776 2719 ,
794 2685 865 2722 quod
875 2685 1030 2722 deposuisset
1043 2688 1092 2713 Di-

137 2725 280 2752 &atui-am.
828 2756 830 2758 Υ
1053 2746 1061 2750 i

144 2761 149 2764 '
173 2770 202 2788 ι.
221 2762 296 2787 Edere
311 2761 342 2792 (y
354 2761 459 2794 prqurrc
472 2760 604 2794 poffimm]
625 2760 744 2796 Apparet
763 2760 821 2785 loco
833 2759 903 2785 vocis
914 2758 1005 2795 primae
1016 2758 1092 2786 fuisse

138 2796 238 2833 aliquid
252 2816 260 2828 ‚
278 2796 393 2822 librariis
413 2796 499 2822 minus
518 2797 666 2831 cognitum.
688 2805 747 2822 nani
763 2804 873 2822 vacuum
885 2795 1008 2822 relic‘him
1020 2797 1055 2822 est
1066 2796 1092 2821 in

138 2833 224 2860 Palat.
236 2832 285 2860 see.
295 2832 395 2868 primus
408 2832 469 2857 vero
482 2832 561 2859 habet
571 2833 655 2858 dicere.
666 2832 773 2868 quintus
784 2832 875 2857 videre.
886 2841 917 2857 an
928 2831 980 2858 fuit
990 2833 1095 2858 educere?

176 2877 203 2904 3.
221 2869 386 2895 Commeditari
393 2869 527 2903 optinebit]
539 2868 626 2904 Magis
636 2867 756 2904 placebat
765 2867 913 2894 (julielinio
923 2867 993 2903 quod
1006 2869 1031 2894 in
1044 2868 1094 2893 suis

138 2905 276 2932 invenerat
286 2903 415 2940 Stiffi‘idus
428 2923 436 2936 ‚
456 2905 642 2940 commodiierque
649 2911 741 2930 notare.
759 2905 786 2930 Sc
799 2913 862 2930 vero
872 2904 909 2930 ita
923 2913 1027 2940 quoque
1038 2911 1096 2931 erat

138 2941 165 2967 in
177 2941 263 2967 Palat.
274 2948 370 2976 quarto
382 2960 389 2971 ‚
399 2939 474 2967 sexto
486 2959 494 2972 ,
505 2940 655 2967 Coloniensi
668 2960 676 2972 ‚
687 2940 729 2966 scd
741 2940 792 2966 line
803 2940 934 2967 enclitica.

174 2984 202 3009 4.
221 2980 337 3002 Praeterea
346 2977 542 3010 diffimilesfhrma
550 2984 621 3012 atque
629 2977 746 3011 natura]
767 2976 854 3003 Putat.
865 2976 914 3003 sec.
926 2983 1004 3012 quart
1010 2997 1016 3003 .
1026 2975 1093 3003 sext.

135 3019 257 3046 propterea
267 3032 275 3045 ‚
295 3011 402 3048 quidam
413 3013 491 3039 etiam
503 3014 611 3047 diffimili.

181 3057 207 3080 5.
225 3052 257 3074 Ei
267 3049 424 3081 magnitudine
433 3049 521 3075 modica
533 3050 579 3081 2&
588 3049 716 3076 mediocreis
723 3050 780 3075 locos
792 3068 800 3080 ‚
818 3049 885 3083 &·c.]
906 3048 1075 3075 Fabriciaiius
1089 3059 1094 3074 z

140 3084 167 3108 id
175 3085 209 3108 eff
223 3084 343 3109 mediocres
353 3094 360 3108 .·
385 3083 452 3110 adeo
462 3092 492 3111 ut
502 3085 662 3112 Gulielmius
674 3085 767 3111 habeat
777 3086 936 3116 &mediocres
946 3095 993 3121 pro
1002 3084 1099 3120 gloll'e—

1169 2697 1196 2723 7.
1216 2692 1240 2714 Si
1251 2699 1299 2714 exim
1309 2699 1352 2715 non
1363 2691 1550 2724 rignemirum]
1572 2689 1658 2716 Palat.
1677 2696 1786 2725 quartus
1798 2690 1825 2715 δε
1837 2689 1926 2717 sextus
1936 2691 2095 2723 excludunt,

1133 2728 1314 2758 aymoni-imm,-
1333 2725 1441 2760 probem
1454 2744 1461 2755 ,
1483 2725 1498 2751 si
1510 2727 1536 2752 εἰ
1549 2724 1690 2752 tolleretur
1702 2721 1752 2752 una
1766 2746 1773 2758 ‚
1785 2735 1844 2753 eum.
1865 2727 2025 2754 Gulielmius
2037 2737 2094 2754 nia-

1136 2761 1222 2787 luiss'et
1235 2764 1412 2793 cognoverimus.

1173 2797 1199 2823 8.
1220 2801 1270 2822 Non
1281 2797 1306 2821 de
1316 2800 1407 2822 minimo
1417 2798 1485 2831 loca]
1507 2797 1575 2823 Pali.
1586 2797 1666 2824 iidem
1678 2808 1728 2824 uon
1740 2798 1884 2835 agnoscunt
1896 2800 2059 2835 negativam.

1172 2841 1200 2867 9.
1220 2836 1279 2866 Jam
1289 2833 1445 2858 domuitionem
1456 2842 1516 2865 reges
1525 2835 1614 2859 Atridae
1628 2835 1745 2869 parant]
1767 2835 1810 2861 Est
1822 2837 1836 2860 ii
1847 2835 2013 2862 Vit‘ftoriana.
2032 2845 2095 2862 nam

1137 2878 1209 2904 prius
1229 2868 1341 2904 inipressi
1356 2887 1363 2899 ‚
1384 2869 1440 2893 domi
1460 2872 1567 2894 ultionem
1579 2889 1587 2902 ,
1607 2869 1676 2906 quod
1689 2869 1791 2897 servunt
1801 2871 1872 2897 Pan.
1882 2881 1992 2900 omnes3
2013 2872 2096 2913 etiarn

1136 2905 1222 2931 Bruil.
1233 2905 1258 2930 8<
1273 2904 1350 2930 Fabr.
1363 2913 1470 2931 necnon
1482 2906 1500 2931 ii
1512 2915 1576 2941 quos
1586 2906 1697 2933 excullit
1707 2907 1839 2942 Petrejus.
1868 2908 1944 2944 eique
1963 2907 2095 2944 scriptura:

1136 2941 1317 2977 patrocinatui·
1328 2940 1499 2967 Gulielmius.

1177 2986 1218 3004 io.
1238 2978 1369 3002 Silva-t‘nsli's
1376 2979 1519 3010 Iphigeniam
1530 2998 1537 3010 ,
1547 2982 1737 3010 Agamemnonem
1746 2980 1775 3010 ὼ·
1785 2980 1945 3014 Menelaum]
1958 2981 2035 3016 Qot
2047 2989 2095 3006 cx-

1139 3013 1199 3039 cusfi
1212 3012 1297 3038 Palat.
1309 3010 1421 3038 totidem
1432 3014 1520 3040 inveni
1534 3015 1659 3041 {teriones
1673 3016 1941 3042 vai-iiiites.iiielioi·es
1955 3024 2041 3043 tamen
2054 3017 2095 3042 iii-

1138 3048 1309 3079 clinabimt‚in
1315 3048 1443 3081 subornari
1452 3056 1479 3075 rer
1487 3051 1520 3076 ad
1526 3053 1668 3084 Iphigeniam
1676 3054 1702 3077 in
1711 3054 1900 3083 Agamemnonem
1909 3053 1937 3082 ὠ
1946 3055 2091 3078 ΛΙι-ησιᾎηηι.

1179 3093 1220 3111 ii.
1241 3087 1303 3109 Nam
1313 3091 1415 3118 utraque
1424 3087 1621 3119 alfei-askparaeta
1631 3091 1708 3112 mimis
1718 3089 1867 3121 erasit-ma]
1881 3087 1948 3113 Pali.
1960 3088 2092 3114 melior-cs:

144 3124 223 3144 mate.
243 3119 335 3146 eratin
347 3119 405 3146 Pal.
416 3120 523 3155 quinto,
533 3131 562 3148 ex
570 3131 648 3156 magn.
659 3123 757 3148 modica.
776 3120 847 3156 quod
858 3128 994 3149 excutient
1005 3120 1099 3157 quibus
1141 3129 1196 3146 nam
1207 3129 1256 3145 cum
1266 3130 1294 3145 ex
1303 3127 1404 3154 utraque
1414 3123 1491 3147 altera
1500 3125 1631 3155 eft‘parata
1643 3142 1651 3154 ,
1670 3124 1741 3156 magis
1751 3126 1796 3148 erit
1807 3126 1892 3157 firma.
1912 3123 1974 3149 Tos.
1986 3123 2093 3149 Geinbl.

141 3153 226 3181 otium
239 3154 272 3182 est
285 3173 294 3187 ,
314 3164 366 3190 quo
377 3164 464 3182 careo.

1144 3158 1190 3183 Bt.
1201 3166 1256 3183 nam
1267 3165 1317 3182 cum
1326 3165 1355 3182 ex
1362 3164 1464 3192 utraque
1473 3160 1504 3184 ab
1513 3161 1591 3184 attera
1599 3161 1731 3191 cirpea-ma
1742 3178 1749 3191 ,
1769 3162 1847 3185 mimir
1856 3162 1901 3186 erit
1907 3162 2014 3193 infirma.

1566 3196 1588 3221 C
1609 3203 1625 3220 2
1982 3203 1991 3220 1
2000 3215 2005 3220 .
2016 3197 2064 3219 In:-
2072 3203 2095 3215 ¹-

1739 2470 1836 2497 Docet
1852 2470 1942 2509 igitur
1959 2479 2015 2499 nos
2036 2470 2095 2509 ipsa
2115 2473 2126 2483 ⁴

2117 556 2157 578 „C
