2302 3353
480 159 552 189 DE
586 140 1096 189 CLAR.ORA·1·0R.

132 219 329 264 QCaepionL
339 224 372 248 ut
381 217 572 258 QPompejo
582 214 666 246 Rufo
679 226 683 244 :
695 225 875 256 quamquam
886 216 910 244 is
921 217 1008 245 etiam
1021 218 1082 255 ipse

130 263 240 303 scripsit
250 272 295 292 eas
306 281 315 294 ,
326 260 432 301 quibus
442 268 495 298 pro
504 259 531 288 se
542 257 584 288 est
593 258 660 287 usus
670 277 679 291 ,
700 256 749 287 scd
761 267 823 286 non
833 255 894 289 sirie
906 258 997 285 AElio.
1023 260 1079 286 His

130 307 215 335 enim
226 303 336 342 seriptis
345 303 434 330 etiam
445 301 505 340 ipse
526 298 646 329 interfui
659 319 667 331 ‚
689 299 760 327 cum
771 297 862 328 cffem
872 297 948 336 apud
962 298 1078 327 AElinm

128 345 315 376 adolescens,
333 352 462 383 eumque
479 342 578 371 audire
596 339 780 380 perstudiose
799 339 936 369 solerem.
961 341 1078 369 Cottam

127 394 226 417 autem
237 386 349 418 miror,
370 384 527 414 summum
539 382 636 422 ipsum
648 389 796 411 oratorem
820 381 1009 425 minimeque
1030 382 1078 410 in-

126 437 230 467 eptum
247 446 256 460 ,
277 426 408 455 AElianas
419 426 510 454 leveis
522 423 719 454 oratiunculas
736 443 744 457 ‚
768 420 895 452 voluifle
914 420 1078 451 existimari

61 475 83 508 5
90 476 108 510 7
126 469 199 499 suas.
223 469 280 498 His
290 467 406 497 duobus
417 468 441 504 ej
448 466 548 496 iisdem
562 467 650 495 aetatis
661 464 907 495 annumerabatur
917 473 1011 493 nemo
1021 471 1079 493 ter-

126 511 185 540 tius
205 519 211 538 :
234 508 281 539 sed
293 509 369 537 milii
387 508 516 548 placebat
526 509 712 547 Pomponius
731 505 865 536 maxime
877 525 886 539 ‚
907 505 955 535 vel
965 505 1075 538 dicam,

126 549 258 582 minime
271 550 452 590 displicebat.
476 552 575 579 Locus
594 558 653 579 erat
662 550 793 578 omnino
811 549 844 577 in
855 549 1000 577 maximis
1010 557 1079 576 cau-

123 591 160 622 fis
170 612 178 626 ,
221 601 302 622 raeter
318 601 368 621 eos
381 611 388 625 ,
408 591 444 621 de
455 591 563 632 quibus
575 590 656 639 supra
667 590 729 620 dixi
740 610 748 623 ‚
769 591 888 620 nemini
903 600 907 618 :
927 597 1079 628 propterea

122 644 184 675 quo
215 635 366 663 Antonius
379 653 386 666 ,
399 643 449 677 qui
462 635 598 663 maxime
611 632 817 671 expetebatur,
838 630 934 661 facilis
945 632 977 660 in
987 628 1083 660 causis,

121 675 299 715 recipiendis
309 684 369 705 erat
380 695 388 708 ‚
401 673 577 704 fastidiosior
587 673 700 704 crafl'us
712 693 719 706 ,
738 672 784 702 sed
796 682 897 702 tamen
906 672 1074 710 recipiebat.

121 717 232 747 horum
250 718 301 758 qui
322 725 463 746 neutrum
481 716 621 749 habebat,
642 713 832 754 confugiebat
851 713 885 743 ad
903 713 1075 752 Philippum

76 765 78 767 '
119 757 182 789 fere
193 779 201 791 ,
222 767 271 788 aut
285 758 319 788 ad
338 762 347 777 ¹
360 759 501 788 Caesnem
520 768 524 786 z
542 759 624 787 Cotta
642 756 674 786 &
686 756 834 795 Sulpicius
850 754 1072 794 expetebantur.

122 801 163 831 ita
173 800 209 830 ab
218 801 254 829 iis
267 800 317 830 sex
325 802 454 840 patronis
464 800 552 829 causae
560 797 687 827 illustres
697 797 856 838 agebantur
874 807 879 825 z
905 806 1002 836 neque
1011 804 1071 826 tarn

123 842 219 872 multa
239 861 247 875 ,
265 843 354 883 quam
372 840 458 876 ηςίέπιι
477 847 554 868 Μαῖα
573 859 581 874 ,
602 839 715 878 judicia
734 837 844 868 fiebant
864 849 870 867 z
889 848 986 878 neque
1005 838 1073 871 hoc,

121 883 204 924 quod
221 893 302 913 nunc
320 882 370 916 fit,
389 892 421 911 ut
429 882 518 911 causae
534 879 651 921 lingula:
662 879 1073 919 defenderenturapluribus,

123 935 185 966 quo
194 925 272 954 nihil
283 923 325 954 est
343 922 485 954 vitiosius.
507 922 738 962 Respondemus
755 924 809 955 iis,
830 931 906 962 quos
916 931 982 950 non
990 920 1074 951 audi-

120 969 223 996 vimus
235 976 241 995 z
251 967 284 995 in
294 975 354 1006 quo
363 962 497 1004 primum
506 965 580 1003 saepe
591 964 674 994 aliter
683 963 725 994 est
736 962 853 994 dietum
863 984 871 997 ‚
883 962 1007 993 aliterad
1017 972 1073 993 iios

118 1007 245 1037 relatum
258 1017 263 1035 :
279 1006 387 1036 deinde
397 1007 498 1046 magni
513 1004 635 1035 interest
650 1016 750 1035 coram
763 1005 864 1034 videre
881 1015 929 1034 me
940 1025 947 1037 ‚
965 1014 1074 1045 quem-

117 1047 285 1079 admodum
296 1047 475 1077 adversarius
484 1046 520 1077 de
531 1057 645 1088 quaque
655 1057 685 1076 1-6
694 1045 834 1077 asseveret
844 1066 852 1080 ‚
873 1046 1007 1076 maxime
1020 1056 1072 1076 au-

118 1097 182 1119 tem
196 1088 453 1130 quemadmodum
465 1099 588 1129 quaeque
598 1098 643 1118 res
660 1088 800 1119 audiatur.
824 1088 880 1118 Sed
892 1088 970 1118 nihil
981 1089 1072 1118 vitio-

118 1128 175 1161 sius
191 1150 201 1164 ‚
220 1130 310 1171 quam
328 1150 337 1165 ‚
360 1129 430 1161 cum
446 1140 543 1160 unum
559 1140 664 1170 corpus
683 1130 787 1160 debeat
804 1129 862 1160 effe
878 1128 1070 1162 defensionis,

118 1172 196 1203 nasci
213 1172 249 1202 de
267 1174 382 1214 integro
398 1172 515 1202 causam
532 1192 540 1206 ‚
564 1171 637 1201 cum
658 1170 691 1201 sit
707 1173 743 1202 ab
760 1173 851 1202 altero
868 1180 1007 1211 perorata.
1030 1173 1071 1200 0-

118 1214 240 1253 mnium
255 1215 338 1243 enim
356 1214 507 1244 causarum
525 1234 533 1247 ‚
554 1222 651 1243 unum
670 1212 712 1244 est
728 1214 859 1244 naturale
875 1215 1070 1253 principium,

118 1264 177 1287 una
191 1257 355 1295 peroratio:
373 1256 493 1296 reliqua:
499 1264 610 1295 partes,
628 1254 706 1296 quasi
721 1254 859 1288 membra,
876 1256 930 1285 suo
946 1265 1070 1295 quaeque

117 1295 187 1327 loco
197 1297 290 1327 locata
300 1317 308 1330 ‚
326 1297 406 1328 suam
423 1298 455 1327 &
465 1299 529 1327 vim
541 1317 549 1330 ,
567 1297 599 1326 ὃς
611 1297 787 1337 dignitatem
797 1305 908 1327 tenent.
933 1299 1009 1326 Cum
1021 1306 1073 1326 au-

116 1344 180 1368 tem
194 1336 316 1369 difficile
333 1337 368 1368 sit
383 1340 415 1368 in
425 1338 513 1379 longa
522 1340 656 1369 oratione
666 1348 730 1368 non
739 1338 898 1378 aliquando
908 1337 1022 1378 aliquid
1033 1339 1072 1367 ita

116 1378 213 1410 dicere
223 1399 233 1413 ‚
253 1388 286 1409 ut
295 1378 347 1409 fibi
362 1380 423 1419 ipse
432 1390 495 1409 non
502 1381 662 1410 conveniat
671 1399 679 1413 ,
698 1389 811 1420 quanto
822 1378 975 1410 difficilius
985 1389 1072 1409 cave-

114 1429 146 1450 re
156 1440 165 1454 ,
176 1420 287 1461 nequid
298 1420 376 1451 dicas
385 1421 466 1462 quod
477 1431 540 1451 non
548 1423 709 1451 conveniat
717 1423 780 1461 ejus
789 1422 929 1454 orationi,
942 1422 1071 1461 quiante

115 1468 144 1492 te
155 1461 264 1493 dixerit
279 1464 290 1491 ?
311 1462 367 1493 Sed
381 1464 449 1503 quia
460 1462 585 1493 &labor
594 1463 693 1492 multo
709 1462 857 1502 majorest
868 1483 876 1497 ,
894 1471 988 1492 totam
1003 1472 1072 1492 cau—

116 1502 176 1534 sam
188 1523 198 1537 ,
214 1502 305 1544 quam
313 1512 427 1543 partem
438 1504 534 1534 dicere
546 1525 554 1537 ‚
572 1505 605 1535 δε
615 1506 684 1545 quia
697 1505 796 1544 plures
807 1506 949 1534 ineuntur
956 1504 1067 1544 gratia,

117 1543 138 1574 si
147 1554 209 1575 uno
223 1554 356 1585 tempore
371 1545 449 1576 dicas
456 1555 511 1585 pro
520 1546 657 1585 pluribus
668 1566 676 1579 ‚
697 1546 810 1576 idcirco
819 1547 896 1576 hanc
911 1546 1070 1576 consuetu-

49 1587 96 1630 58
118 1585 222 1616 dinem
231 1587 568 1617 lubentei·adscivimus.
591 1591 682 1618 Erant
694 1596 794 1618 tamen
804 1587 1071 1628 quibusvideretur

116 1627 199 1658 illius
208 1630 299 1659 aetatis
309 1630 412 1659 tertius
422 1630 523 1663 Curio,
535 1631 604 1670 quia
614 1629 867 1670 splendidioribus
875 1627 993 1659 fortass'e
1004 1639 1070 1659 ver-

115 1668 163 1700 bis
172 1669 321 1700 utebatur:
338 1671 370 1701 &
380 1672 448 1711 quia
455 1673 563 1701 Latine
578 1681 641 1701 non
655 1669 778 1711 peffime
790 1670 964 1711 loquebatur
974 1690 982 1704 ‚
1002 1671 1067 1704 usu,

114 1710 204 1741 credo
219 1712 321 1752 aliquo
337 1711 511 1744 domestico.
541 1723 613 1743 nam
629 1713 792 1743 litterarum
807 1712 975 1742 admodum
992 1712 1071 1742 nihil

117 1751 237 1783 sciebat.
260 1753 316 1784 Sed
338 1755 461 1784 MAom
482 1754 605 1785 interest
616 1775 627 1789 ,
645 1764 722 1796 quos
731 1755 855 1795 quisque
865 1754 1070 1795 audiatquoti-

116 1793 167 1835 die
185 1793 288 1829 domi,
306 1795 485 1836 quibuscum
501 1796 767 1837 loquaturapuero
786 1807 791 1825 :
808 1795 1068 1837 quemadmodum

113 1843 208 1876 patres
219 1856 228 1870 ,
244 1836 412 1879 paedagogi,
432 1847 541 1868 matres
555 1840 645 1868 etiam
656 1838 826 1879 loquantur.
850 1839 994 1879 Legimus
1005 1839 1069 1878 epi-

114 1875 204 1908 stolas
221 1880 383 1912 Corneliae,
404 1881 506 1909 matris
524 1881 725 1911 Gracchorum
746 1890 752 1908 z
771 1888 888 1920 apparet
905 1878 985 1909 filios
1003 1889 1067 1909 non

113 1919 218 1948 tamin
234 1921 349 1960 gremio
358 1921 495 1950 educatos
505 1941 513 1954 ‚
532 1920 623 1961 quarn
632 1923 666 1951 in
683 1922 819 1952 sermone
835 1923 948 1951 matris.
971 1920 1068 1950 Audi-

113 1967 162 1990 tus
171 1959 215 1989 est
224 1958 312 1990 nobis
321 1961 422 1991 Laeliae
431 1963 493 1999 Caii
503 1961 574 1992 fiiiae
584 1964 658 2002 saepe
669 1964 774 1993 sermo.
798 1973 868 2004 ergo
877 1963 962 1993 illam
979 1964 1068 2001 patris

114 2001 260 2042 elegantia
276 2000 404 2032 1111616111
419 2002 553 2032 vidimus
573 2014 578 2032 2
602 2007 615 2023 ²
627 2004 659 2035 &
671 2003 745 2033 filias
755 2004 818 2044 ejus
828 2005 944 2033 Mucias
955 2003 1066 2036 ambas,

114 2051 240 2083 quarum
257 2043 356 2073 sermo
372 2044 452 2073 mihi
469 2043 528 2073 fuit
542 2053 632 2074 not-us
650 2055 655 2074 z
675 2045 818 2085 &neptes
828 2047 979 2078 Licinias,
997 2054 1068 2085 quas

67 2113 71 2117 ,
115 2093 173 2114 nos
189 2084 313 2124 quidem
324 2083 424 2114 ambas
435 2105 443 2117 ,
460 2085 536 2115 hanc
550 2084 622 2116 vero
631 2088 779 2126 Scipionis
790 2088 879 2116 etiam
898 2095 928 2116 tu
941 2107 949 2120 ,
968 2088 1067 2120 Brute,

115 2125 225 2158 credo,
245 2125 404 2166 aliquando
415 2125 521 2156 audisti
530 2127 716 2167 loquentem.
742 2130 805 2168 Ego
814 2127 904 2160 vero,
921 2139 953 2158 ac
962 2127 1068 2157 luben-

116 2174 160 2196 ter
168 2166 292 2207 quidem
303 2187 311 2200 ‚
327 2169 426 2208 inquit
436 2170 557 2198 Brutus:
569 2170 601 2198 &
611 2167 649 2199 εὸ
661 2168 812 2199 lubentius
821 2188 830 2203 ,
841 2168 923 2210 quod
934 2172 968 2199 L.
981 2168 1068 2199 Craffi

115 2216 176 2238 erat
184 2206 255 2238 filia.
279 2209 360 2251 Qid
372 2207 502 2239 Craffiim
513 2229 522 2243 ,
542 2212 665 2250 inquam
677 2231 685 2244 ,
703 2211 792 2240 illum
809 2211 911 2241 censes
921 2210 1004 2240 istius
1013 2212 1068 2240 Li—

113 2251 200 2280 ciniae
208 2248 306 2280 filium
317 2271 325 2284 ‚
349 2254 361 2278 3
374 2249 461 2281 Crassi
470 2250 647 2282 testamento
658 2254 710 2292 qui
718 2252 777 2282 fuit
786 2252 959 2292 adoptatus?
976 2255 1067 2282 Sum-

116 2299 170 2320 mo
180 2290 233 2322 iste
243 2291 364 2332 quidem
375 2292 614 2334 dicitur-ingenio
623 2292 709 2324 1111111.-
722 2314 730 2327 ,
749 2296 858 2335 inquit.
882 2293 999 2324 Etvero
1018 2295 1066 2324 hic

114 2333 214 2372 Scipio
223 2352 232 2366 ‚
245 2334 358 2375 collega
367 2344 452 2364 meus
462 2354 471 2367 ‚
485 2336 563 2364 mihi
574 2336 641 2366 iane
651 2336 726 2365 bene
737 2336 862 2376 &loqui
872 2336 990 2366 videtur
1001 2356 1009 2369 ‚
1033 2336 1065 2366 δε

113 2372 221 2404 dicer'e.
244 2374 339 2405 Reae
350 2395 358 2409 ‚
370 2377 493 2416 inquam
504 2395 512 2409 ‚
524 2377 638 2414 judicas
648 2398 656 2412 ‚
669 2380 765 2409 Brute.
790 2378 912 2408 Etenim
921 2377 1004 2407 istius
1013 2388 1064 2419 ge-

112 2424 171 2445 nus
185 2435 193 2448 ‚
212 2414 255 2446 est
270 2426 309 2447 ex
323 2416 411 2457 ipsius
424 2418 568 2459 sapientia
579 2417 663 2456 stirpe
677 2428 860 2460 generatum.
885 2422 966 2449 Nam
985 2419 1016 2450 ὃς
1027 2419 1064 2449 de

112 2455 229 2487 duobus
239 2459 299 2488 avis
307 2459 369 2498 jam
378 2458 513 2489 diximus
522 2479 531 2493 ‚
540 2462 679 2500 Scipione
689 2481 699 2494 ,
713 2462 745 2491 &
755 2460 852 2492 Crasso
864 2472 868 2490 :
881 2462 913 2491 &
923 2461 959 2491 de
969 2461 1063 2491 tribus

110 2500 228 2538 proavis
239 2518 247 2533 ,
271 2501 445 2540 QMetello
454 2521 462 2535 ‚
476 2501 560 2541 cujus
568 2511 706 2543 quattuor
716 2502 773 2533 filii
784 2514 788 2532 :
799 2505 972 2543 P Scipione
984 2523 992 2536 ‚
1012 2505 1064 2544 qui

110 2547 150 2569 ex
161 2539 317 2571 dominatu
326 2544 376 2572 Ti.
389 2544 513 2573 Gracchi
522 2545 652 2583 privatus
669 2546 701 2574 in
711 2545 876 2575 libertatem
887 2555 981 2585 remp.
993 2546 1063 2575 viu-

113 2579 238 2612 dicavit:
253 2584 434 2623 QScaevola
443 2595 551 2626 augure
562 2605 571 2619 ‚
588 2588 640 2626 qui
650 2585 840 2626 peritissimus
847 2588 923 2627 juris
935 2608 943 2620 ,
962 2586 1060 2616 idem-

111 2631 168 2662 que
182 2626 331 2662 pcrcomis
346 2624 388 2656 est
404 2626 532 2656 habitus.
553 2628 623 2668 Jam
638 2628 769 2658 duorum
788 2629 951 2659 abavorum
969 2628 1059 2669 quam

109 2662 153 2693 est
162 2664 274 2695 illustre
283 2676 396 2697 nomen
407 2687 416 2701 ,
434 2670 615 2708 P-Scipioni‘s
627 2690 635 2703 ‚
657 2670 764 2710 quibis
782 2673 851 2700 Cos.
862 2669 921 2700 fuit
932 2691 940 2703 ‚
957 2680 1007 2710 qui
1018 2669 1062 2700 est

109 2706 253 2735 corculum
262 2706 358 2739 (1161113
372 2719 378 2738 ε
397 2709 517 2739 alterius
529 2712 671 2741 omnium
682 2710 885 2752 sapientiffimi
896 2732 904 2746 ,
926 2712 1062 2742 CiLaelii?

108 2745 312 2787 Ogenerosam
324 2769 332 2783 ,
345 2751 443 2792 inquit
452 2771 461 2785 ‚
481 2750 603 2791 stirpem
614 2773 621 2786 ,
635 2753 817 2794 &tanquam
834 2756 867 2783 in
876 2764 966 2783 unam
975 2753 1062 2783 arbo—

107 2795 171 2818 rem
185 2789 268 2828 plura
276 2800 382 2832 genera
394 2803 399 2821 :
415 2791 453 2823 fic
467 2794 499 2822 in
510 2794 597 2824 istam
605 2794 733 2825 domurn
746 2796 914 2825 multorum
930 2794 1059 2829 insitam,

42 2835 87 2871 59
107 2831 214 2870 ‘eatque
231 2832 435 2864 illuminatam
450 2835 636 2874 sapientiam.
659 2838 822 2867 Similiteri
844 2839 904 2867 itur
920 2838 1059 2877 suspicor,

107 2870 151 2910 (ut
165 2871 354 2904 conferamus
361 2885 449 2916 parva
458 2878 586 2918 magnis)
603 2881 745 2909 Curionis
755 2899 764 2915 ,
785 2848 842 2910 etii
851 2879 983 2920 pupillus
992 2880 1061 2909 reli·
1081 2912 1082 2915 Ἰ

113 2951 450 2966 Ἢ,-

142 2979 152 2998 ι
160 2991 166 2997 .
185 2973 304 3012 Caeshrem:
327 2977 394 3001 Cotta
403 2977 432 3006 ὼ
440 2980 554 3011 Sulpitim
564 2981 734 3012 expetebantur
743 2998 751 3011 ‚
774 2979 839 3014 dm]
862 2978 1006 3006 Lambinus
1017 2980 1059 3005 in-

105 3006 209 3034 terserit
226 3017 339 3044 quatuor
359 3020 433 3038 voces
445 3031 453 3044 ‚
472 3014 599 3046 Caesarem:
613 3017 740 3048 secundum
748 3017 882 3048 Philippum
891 3017 920 3046 ἐν
929 3018 1038 3050 CaeJarem
1051 3034 1058 3046 ‚

105 3044 251 3105 gardingo·
270 3055 322 3074 nou
341 3047 409 3074 male
421 3067 429 3081 ,
447 3048 583 3077 fielibris.
604 3051 674 3087 quod
685 3051 882 3084 nonai-bition
903 3061 987 3088 neque
1005 3052 1059 3088 ipse

141 3121 168 3139 2.
189 3117 221 3140 Et
230 3117 300 3157 ‘filias‘
308 3118 357 3152 ejus
369 3122 467 3146 Mucias
476 3122 582 3156 amba5.]
603 3122 685 3158 Legit
695 3123 855 3150 Gulielmius
868 3143 876 3155 ‚
894 3124 990 3159 &filios
1000 3127 1058 3151 Sca-

102 3150 158 3181 >vola
167 3153 274 3186 Murum
282 3152 332 3184 &a
342 3161 430 3183 motus
439 3157 471 3185 iis
483 3166 540 3194 quoe
549 3158 675 3195 leguntur
684 3158 755 3190 iufra
764 3168 868 3196 cap-72.

1134 139 1260 183 L113.
1297 154 1426 186 srvit
1460 141 1729 190 BRuTvs.
1989 159 2074 208 143

1125 207 1189 238 &us
1199 208 1258 244 est,
1276 214 1370 251 patrio
1387 212 1473 244 fuifi'e
1481 215 1619 246 instituto
1629 237 1636 250 ,
1655 227 1731 257 puro
1745 217 1879 248 sermone
1890 217 2079 250 affiiefaetam

1123 250 1253 297 domum
1272 263 1278 281 ;
1299 254 1376 284 &eo
1391 258 1485 296 magis
1501 258 1558 287 hoc
1575 259 1692 295 judico,
1712 258 1794 300 quod
1812 262 1970 290 neminem
1987 271 2025 291 ex
2041 263 2080 291 iis

1122 292 1263 331 quidem,
1283 297 1334 334 qui
1349 297 1450 337 aliquo
1466 300 1635 329 innumero
1651 299 1790 334 fuerunt,
1807 304 1937 343 cognovi
1948 304 1980 332 in
1990 304 2080 332 omni

1121 342 1228 370 genere
1246 335 1437 367 honestarum
1459 342 1567 370 artium
1586 350 1646 371 tam
1664 342 1822 373 iiidostum
1842 363 1850 377 ‚
1875 351 1934 373 tam
1957 343 2073 373 rudem-

1121 374 1254 403 Nullum
1271 377 1322 406 ille
1344 380 1463 422 po'e'tam
1480 392 1602 412 noverat
1620 404 1628 416 ‚
1652 384 1772 414 nullum
1789 385 1897 425 legerat
1912 393 2074 420 oratorem,

1119 414 1236 459 nullam
1254 426 1417 448 memorlam
1432 425 1616 463 antiquitatis
1628 426 1785 466 collegerat
1805 437 1810 455 ;
1833 437 1897 456 non
1913 426 2072 466 publicum

1115 465 1184 502 Just,
1205 466 1268 486 non
1284 460 1432 496 privatum
1445 482 1452 495 ‚
1474 464 1506 492 &
1524 466 1611 495 civile
1628 477 1807 507 cognoverat
1823 479 1828 497 2
1846 478 2027 509 quamquam
2045 466 2077 498 id

1120 496 1244 537 quidem
1262 498 1320 528 fuit
1336 504 1425 547 etiam
1444 506 1476 533 in
1488 506 1551 535 aliis
1563 527 1571 538 ,
1590 508 1748 550 &magnis
1760 510 1884 550 quidem
1898 509 2076 543 oratoribus,

1119 548 1194 579 quos
1205 549 1311 587 parum
1329 542 1374 571 his
1384 543 1544 575 instrquS
1562 548 1670 578 artibus
1681 547 1814 581 vidimus
1825 571 1833 585 ,
1853 561 1886 581 ut
1895 551 2075 591 Sulpicium,

1121 589 1152 609 ut
1162 583 1344 611 Antonium.
1367 585 1422 613 Sed
1434 587 1454 614 ii
1465 595 1563 617 tamen
1576 599 1670 621 unum
1682 592 1757 621 illud
1766 593 1912 623 habebant
1924 613 1931 625 ‚
1952 590 2075 623 dicendi

1119 631 1194 668 opus
1214 623 1400 670 elaboratum
1413 636 1418 654 :
1441 625 1530 667 idque
1547 629 1617 659 cum
1628 632 1772 664 constaret
1783 645 1822 664 ex
1832 637 1965 675 quinque
1976 635 2072 664 notis-

1119 662 1201 692 simis
1218 665 1366 711 partibus,
1390 677 1483 697 nemo
1494 671 1526 698 in
1542 671 1637 711 aliqua
1655 683 1732 712 pai-te
1744 686 1845 705 earum
1855 678 1986 706 omnino
1996 677 2074 705 nihil

1118 713 1239 750 poterat.
1253 717 1285 736 in
1296 717 1483 752 quacumque
1494 713 1577 741 enim
1589 723 1647 743 una
1662 718 1674 740 5
1684 716 1770 754 plane
1782 717 1966 750 claudicaret,
1977 725 2076 747 orator

1118 745 1175 776 esle
1187 757 1252 777 non
1270 748 1374 788 pollet.
1397 752 1452 781 Sed
1465 760 1565 782 tamen
1575 754 1649 783 alius
1667 758 1700 785 in
1709 758 1764 787 alia
1780 759 1943 789 excellebat
1960 761 2053 800 magis
2067 771 2072 788 ;

1118 789 1279 828 reperiebat
1290 810 1298 823 ‚
1322 790 1394 831 quid
1404 792 1464 822 dici
1481 804 1558 833 opus
1576 794 1665 831 effen,
1686 798 1884 838 &quomodo
1902 810 2074 840 praeparare2

1118 830 1221 870 &quo
1241 831 1309 861 loco
1329 835 1435 863 locari:
1455 839 1662 878 memoriaque
1680 849 1712 869 ea
1730 842 2076 880 comprehendebatAn-

1118 879 1219 918 tonius
1232 883 1240 920 z*
1259 875 1424 913 excellebat
1433 885 1532 921 autem
1543 879 1662 910 astione
1674 890 1679 909 z
1699 891 1838 921 erantque
1850 885 1878 912 ei
1888 883 2022 923 quaedam
2034 893 2074 913 ex

1116 913 1163 943 his
1183 924 1349 962 pariacum
1361 916 1478 952 Craflo,
1499 920 1634 960 quaedam
1655 924 1747 952 etiam
1766 924 1924 963 superiora.
1948 933 1975 954 at
1986 924 2074 954 Craffi

1118 965 1211 995 magis
1222 956 1353 1000 enitebat
1363 962 1466 989 oratio.
1491 963 1556 992 Nec
1566 961 1637 992 vero
1648 965 1779 1004 Sulpicio
1791 985 1798 997 ‚
1814 975 1910 1006 neque
1921 968 2014 996 Cottae
2024 966 2072 996 di-

1116 1007 1181 1044 cere
1189 996 1347 1045 postumus
1359 1020 1368 1033 ,
1388 1010 1484 1042 neque
1495 1005 1636 1044 cuiquam
1657 1005 1739 1036 bono
1749 1009 1857 1037 oratori
1872 1028 1880 1040 ‚
1898 1017 1961 1036 rem
1978 1008 2072 1039 ullam

1116 1048 1154 1068 ex
1173 1040 1385 1085 illis-quinque
1400 1043 1531 1082 partibus
1550 1046 1637 1085 plane
1658 1066 1666 1080 ‚
1686 1056 1771 1088 atque
1790 1050 1921 1078 omnino
1938 1047 2074 1078 defuiss'e„

1114 1082 1216 1120 Itaque
1234 1091 1266 1110 in
1278 1084 1408 1113 Curione
1426 1085 1485 1114 hoc
1502 1085 1650 1117 veriffime
1664 1089 1790 1128 judicari
1808 1089 1905 1130 potest
1916 1110 1930 1123 ‚i
1944 1090 2025 1120 nulla
2045 1100 2076 1120 re

1116 1131 1175 1152 una
1186 1124 1279 1163 magis
1289 1133 1437 1155 oratorem
1447 1129 1653 1159 commendari
1665 1150 1673 1163 ,
1693 1131 1783 1171 quam
1795 1131 1958 1161 verborum
1975 1132 2076 1171 splen-

1117 1163 1189 1193 dore
1207 1183 1216 1197 ,
1238 1165 1270 1194 δε
1287 1168 1381 1205 copia.
1407 1177 1477 1198 nam
1496 1168 1568 1199 cum
1588 1170 1685 1203 tardus
1700 1183 1734 1201 in
1751 1173 1909 1213 cogitando
1927 1193 1935 1207 ‚
1956 1182 2022 1203 tum
2041 1175 2075 1204 in

1115 1204 1292 1236 instruendo
1302 1206 1451 1248 diffipatus
1459 1209 1528 1240 fuit.
1559 1213 1686 1253 Reliqua
1694 1213 1754 1243 duo
1766 1215 1843 1248 sunt,
1854 1224 1948 1256 agere,
1963 1215 1995 1245 &
2006 1226 2073 1245 me·
2091 1210 2140 1244 60

1115 1246 1246 1277 miniffe.
1270 1250 1304 1278 in
1322 1259 1448 1291 utroque
1465 1254 1628 1283 cachinnos
1648 1255 1839 1287 irridentium
1849 1257 2072 1287 commovebat.

1114 1290 1219 1318 Motus
1230 1299 1289 1319 erat
1297 1292 1332 1324 is,
1344 1302 1436 1332 quem
1449 1293 1481 1323 &
1492 1296 1522 1323 C.
1533 1296 1631 1336 Julius
1642 1298 1674 1325 in
1684 1306 1859 1336 perpetuum
1870 1297 2071 1332 notavit‚cum

1114 1340 1152 1360 ex
1160 1340 1208 1364 eo,
1219 1333 1253 1377 in
1263 1340 1418 1374 utramque
1427 1344 1552 1374 partem,
1566 1345 1629 1367 toto
1639 1348 1772 1378 corpore,
1784 1340 1939 1370 vacillante
1949 1360 1957 1373 ‚
1969 1340 2073 1380 quaesi-

1113 1374 1178 1405 vit,
1198 1383 1258 1413 quii
1271 1373 1429 1414 loqueretur
1440 1374 1452 1404 ὲ
1462 1376 1563 1411 lintrc;
1587 1379 1619 1408 δε
1630 1381 1686 1409 Cn.
1697 1382 1826 1410 Sicinius
1838 1401 1847 1414 ,
1867 1382 1963 1411 homo
1973 1384 2074 1422 impu-

1114 1423 1163 1444 rus
1173 1433 1181 1447 ,
1203 1414 1251 1444 sed
1261 1411 1427 1446 admodum
1438 1418 1583 1449 ridiculus
1593 1440 1600 1453 ‚
1615 1430 1712 1461 neque
1722 1422 1804 1452 aliud
1812 1425 1844 1452 in
1854 1433 1891 1452 eo
1902 1425 2026 1453 oratoris
2037 1422 2074 1452 si‘-

1114 1456 1189 1502 mile
1197 1455 1373 1498 quidquam.
1396 1459 1421 1488 is
1429 1458 1501 1489 cum
1513 1461 1650 1491 tribunus
1660 1463 1739 1502 pleb.
1749 1466 1914 1494 Curionem
1925 1484 1933 1498 ,
1945 1465 1978 1494 &
1987 1463 2075 1495 Oeba-

1112 1506 1198 1526 vium
1210 1500 1296 1528 Coss.
1305 1499 1505 1539 produxiffet‚
1528 1505 1677 1544 Curioque
1688 1505 1784 1535 multa
1791 1504 1912 1536 dixiss‘et
1922 1525 1933 1539 2
1954 1505 2077 1536 sedente

1114 1541 1168 1568 Cn.
1181 1538 1308 1570 oaavio
1326 1541 1439 1584 collega
1451 1562 1459 1576 ‚
1479 1546 1531 1583 qui
1541 1544 1699 1575 devinetus
1710 1555 1769 1576 erat
1779 1546 1876 1577 fasciis
1885 1567 1894 1581 ,
1915 1547 1948 1578 &
1968 1549 2075 1578 multis

1114 1580 1356 1616 medicamentis,
1367 1593 1487 1624 propter
1495 1585 1635 1616 dolorem
1644 1596 1776 1621 artuum,
1792 1588 1943 1619 delibutus
1956 1609 1965 1622 ,
1976 1591 2076 1618 Num-

1112 1632 1201 1669 qfcam
1212 1625 1334 1664 (inquit)
1344 1623 1451 1654 063an
1457 1646 1468 1671 .'
1490 1627 1611 1669 collegae
1621 1638 1674 1658 tuo
1704 1632 1806 1659 ratiam
1816 1629 1923 1660 referes
1935 1650 1944 1665 ,
1955 1633 2006 1671 qui
2017 1628 2074 1661 nifi

1113 1668 1141 1693 ie
1158 1664 1212 1694 suo
1230 1675 1316 1695 more
1321 1665 1504 1706 jaEtaviflet,
1524 1670 1615 1700 hodie
1626 1679 1654 1700 te
1664 1640 1731 1701 nire
1741 1672 1850 1702 muscae
1860 1670 2073 1703 comedissent.

1113 1707 1262 1752 Memoria
1271 1716 1371 1738 autem
1381 1710 1422 1739 ita
1431 1708 1489 1739 fuit
1498 1711 1582 1741 nulla
1592 1731 1601 1745 ‚
1621 1721 1653 1741 ut
1662 1712 1819 1753 aliquoties
1828 1733 1837 1747 ‚
1857 1715 1910 1744 tria
1918 1712 1991 1744 cum
2001 1724 2073 1754 pro-

1111 1746 1264 1787 posuiflet,
1278 1758 1327 1780 aut
1335 1759 1474 1790 quartum
1484 1751 1610 1787 adderet,
1621 1762 1670 1784 aut
1680 1756 1800 1784 tertium
1810 1763 1961 1795 quaereret.
1973 1758 2026 1796 qui
2038 1758 2072 1787 in

1108 1789 1225 1829 judicio
1241 1792 1358 1830 privato
1378 1793 1426 1823 vel
1443 1795 1582 1824 maximo
1593 1815 1601 1829 ‚
1622 1793 1694 1825 cum
1715 1806 1770 1836 ego
1788 1806 1843 1836 pro
1853 1798 1969 1827 Titinia
1979 1799 2075 1828 Cottae

1110 1830 1334 1871 peroraviffem,
1346 1833 1397 1864 1116
1406 1844 1509 1865 contra
1518 1846 1568 1867 me
1578 1846 1632 1876 pro
1642 1839 1701 1867 Ser.
1714 1839 1746 1867 N
1748 1840 1824 1868 aevio
1835 1837 1957 1872 diceret,
1971 1838 2072 1869 subito

1113 1882 1206 1904 totam
1217 1874 1334 1905 causam
1345 1875 1457 1906 oblitus
1466 1875 1508 1907 est
1516 1897 1525 1910 ,
1545 1877 1635 1919 idque
1645 1877 1800 1909 veneficiis
1809 1899 1819 1913 ‚
1838 1880 1871 1910 δε
1881 1880 2073 1911 cantionibus

1112 1917 1237 1945 Titiniae
1247 1915 1361 1946 1118111111
1371 1916 1429 1947 efl'e
1439 1918 1566 1949 dicebat.
1591 1922 1701 1961 Magna
1711 1921 1774 1950 haec
1784 1922 1977 1951 immemoris
1986 1924 2075 1963 inge-

1111 1959 1156 1985 nii
1168 1955 1245 1997 signa
1258 1967 1263 1986 :
1282 1959 1333 1988 sed
1351 1960 1430 1989 nihil
1448 1962 1562 2000 turpius
1572 1981 1580 1994 ‚
1601 1963 1692 2002 quam
1709 1960 1791 2002 quod
1811 1965 1901 1993 etiam
1922 1964 1952 1992 in
1963 1963 2074 2004 scriptia

1112 1997 1423 2040 oblivisceretur,quid
1434 2002 1535 2040 paullo
1545 2011 1612 2032 ante
1622 2002 1778 2042 posuisset,
1787 2006 1862 2033 utin
1871 2014 1908 2034 eo
1917 2004 2005 2039 libro,
2018 2005 2072 2036 ubi

1115 2039 1141 2068 se
1153 2048 1316 2070 exeuntem
1328 2041 1344 2070 e
1356 2042 1468 2076 senatu,
1479 2042 1511 2072 &
1519 2053 1589 2073 cum
1601 2045 1690 2074 Pansa
1700 2044 1803 2074 nostro
1814 2065 1823 2078 ‚
1841 2046 1873 2075 &
1882 2056 1954 2075 cum
1965 2048 2074 2076 Curio-

1113 2091 1152 2110 ne
1163 2079 1227 2110 filio
1235 2081 1459 2123 colloquentem
1470 2083 1540 2114 facit
1548 2105 1557 2117 ‚
1578 2084 1649 2115 cum
1663 2085 1798 2116 senatum
1818 2088 1911 2117 Caesar
1930 2090 1998 2117 Cos.
2020 2089 2075 2118 ha-

1115 2121 1223 2166 buiffet
1232 2143 1241 2156 ,
1262 2126 1422 2165 omnisque
1432 2126 1482 2155 ille
1492 2126 1589 2156 sermo
1600 2127 1709 2157 duetus
1720 2129 1735 2157 e
1745 2127 1988 2167 percunCtatione
2000 2127 2072 2163 filii,

1114 2164 1185 2204 quid
1197 2174 1230 2194 in
1240 2166 1340 2196 senatu
1350 2166 1421 2196 ess'et
1430 2165 1544 2197 astum.
1563 2170 1600 2197 In
1611 2179 1670 2209 quo
1682 2170 1786 2199 multis
1796 2170 1894 2200 verbis
1904 2169 1975 2200 curn
1985 2173 2072 2200 inve-

1111 2207 1270 2236 hereturin
1281 2208 1423 2238 Caesarern
1434 2211 1525 2239 Curio
1535 2229 1543 2243 ‚
1565 2209 1782 2251 disputatioque
1791 2209 1862 2241 esset
1872 2213 1950 2241 inter
1959 2222 2009 2242 eos
2020 2233 2028 2246 ‚
2040 2221 2074 2243 ut

1114 2246 1156 2277 est
1175 2249 1359 2279 consuetudo
1368 2250 1556 2291 dialogorum
1566 2271 1574 2284 ‚
1595 2252 1665 2281 cum
1676 2253 1774 2282 sermo
1784 2252 1855 2283 esset
1864 2253 2015 2284 institutus
2027 2255 2074 2284 se·

1112 2298 1182 2320 natu
1192 2288 1294 2324 miffo,
1304 2301 1395 2332 quem
1406 2293 1540 2322 senatum
1553 2295 1598 2323 Cae
1604 2293 1646 2323 sar
1656 2296 1726 2324 Cos.
1737 2293 1883 2327 habuiflet
1893 2315 1901 2329 ‚
1911 2297 2072 2335 reprehen-

1111 2331 1155 2361 dit
1166 2341 1211 2362 eas
1221 2342 1276 2366 res,
1288 2343 1357 2373 quas
1368 2333 1451 2364 idern
1462 2335 1553 2364 Caesar
1563 2345 1642 2365 anno
1651 2335 1718 2376 post
1727 2353 1735 2369 ‚
1756 2336 1788 2366 δε
1798 2336 1937 2376 deinceps
1947 2338 2070 2378 reliquis

1110 2375 1197 2402 annis
1214 2373 1475 2406 administraviffet
1494 2378 1526 2406 in
1546 2377 1650 2407 Gallia.

1110 2418 1279 2446 Tantamne
1287 2415 1375 2446 fuifl'e
1385 2417 1577 2448 oblivionem
1589 2438 1596 2451 ‚
1615 2420 1724 2459 inquit,
1735 2421 1767 2448 in
1776 2420 1883 2459 scripto
1892 2420 2066 2459 praesertim,

1110 2465 1141 2486 ut
1152 2467 1189 2487 ne
1199 2458 1299 2499 legens
1310 2458 1445 2499 quidem,
1473 2470 1618 2500 umquam
1638 2461 1777 2495 senserit,
1796 2469 1943 2501 quantum
1963 2461 2070 2503 flagitii

1109 2498 1327 2530 commiiifl'et?
1346 2501 1427 2541 Qid
1438 2510 1549 2534 autem,
1563 2503 1698 2542 inquam,
1711 2504 1810 2535 Brute,
1823 2501 1955 2536 stultius,
1964 2513 2070 2544 quam,

1108 2539 1128 2570 fi
1139 2552 1173 2571 ea
1182 2544 1345 2582 vituperare
1354 2543 1490 2577 volebat,
1509 2553 1575 2583 quae
1591 2545 1769 2583 vituperavit
1778 2563 1789 2576 ‚
1810 2554 1875 2574 non
1887 2554 1923 2574 eo
1933 2553 2070 2585 tempore

1109 2582 1264 2613 instituere
1274 2584 1459 2617 sermonem,
1470 2583 1541 2614 cum
1552 2584 1672 2614 illarum
1682 2595 1782 2615 rerum
1787 2586 1851 2625 jam
1863 2594 1985 2627 tempora
1993 2597 2069 2627 prae-

1111 2624 1276 2655 teriiffent?
1297 2626 1353 2656 Sed
1373 2628 1413 2656 ita
1423 2635 1501 2656 totus
1511 2635 1602 2659 errat,
1623 2635 1654 2656 ut
1665 2628 1698 2656 in
1710 2627 1818 2657 eodem
1830 2628 1967 2658 sermone
1978 2629 2067 2663 dicat,

1109 2670 1142 2697 in
1161 2668 1262 2698 senatu
1280 2669 1307 2698 se
1317 2688 1325 2701 ‚
1347 2668 1455 2698 Caesare
1474 2670 1544 2698 Cos.
1561 2678 1624 2698 non
1637 2669 1772 2699 accedere
1783 2689 1791 2703 ‚
1811 2669 1860 2700 sed
1871 2670 1902 2700 id
1913 2670 1991 2700 dicat
2000 2671 2068 2710 ipso

1111 2712 1184 2739 cos.
1206 2710 1310 2740 exiens
1330 2710 1345 2740 e
1365 2710 1477 2740 senatu.
1506 2711 1575 2751 Jam
1592 2712 1644 2751 qui
1654 2711 1707 2740 hac
1716 2719 1796 2750 parte
1804 2713 1899 2741 animi
1908 2722 1973 2753 quae
1983 2711 2069 2748 custos

1109 2750 1151 2781 est
1161 2760 1323 2781 ceterarum
1334 2753 1449 2793 ingenii
1458 2753 1586 2791 partium
1598 2772 1607 2786 ‚
1627 2761 1687 2782 tam
1700 2752 1808 2783 debilis
1818 2751 1888 2783 effet
1898 2774 1906 2787 ‚
1927 2763 1960 2783 ut
1979 2764 2017 2784 ne
2031 2755 2068 2783 in

1108 2795 1215 2833 scripto
1226 2793 1349 2833 quidem
1361 2791 1556 2827 meminisset,
1569 2793 1640 2834 quid
1651 2794 1752 2834 paullo
1761 2794 1831 2824 ante
1838 2793 2068 2835 posuiffit,huic

1110 2838 1242 2865 minime
1259 2838 1374 2865 mirum
1393 2834 1435 2865 est
1451 2845 1489 2865 ex
1507 2844 1642 2876 tempore
1664 2835 1775 2866 dicenti
1801 2837 1919 2866 solitam
1944 2836 2066 2867 effluere

1110 2887 1255 2909 mentem.
1287 2880 1387 2918 ltaque
1397 2876 1469 2908 cum
1478 2879 1506 2907 ei
1516 2887 1572 2908 nec
1582 2875 1718 2909 officium
1729 2877 1837 2908 deefl'et
1846 2898 1856 2913 ,
1883 2879 1916 2908 ὅ(
1935 2877 2067 2950 Ηεσηᾏῑεῑ

1965 2923 1976 2951 1
1993 2930 2010 2950 u
2034 2921 2067 2949 io

1142 2988 1168 3010 3.
1187 2982 1264 3013 Craffi
1270 2982 1400 3012 testamento
1409 2981 1504 3014 quifieit
1515 2979 1665 3014 adoptatur]
1685 2979 1804 3006 Illustrat
1813 2977 1936 3014 Cujacius
1947 2977 1995 3005 lib.
2006 2986 2067 3003 vu.

1104 3012 1217 3043 Emend.
1229 3018 1254 3041 s:
1267 3015 1379 3041 Observ.
1392 3025 1447 3051 cap.
1458 3025 1486 3050 7.

1138 3060 1166 3085 4.
1187 3057 1277 3086 <Atque
1287 3054 1445 3077 issuminatam
1455 3051 1627 3087 sapientiam]
1646 3051 1675 3078 N
1678 3061 1712 3079 on
1723 3051 1757 3078 est
1768 3051 1901 3087 inelegans
1912 3049 2063 3077 emendatio

1104 3088 1225 3114 Lambini
1240 3107 1246 3117 ,
1257 3090 1417 3113 imminutam.

1142 3133 1167 3157 5.
1187 3126 1263 3149 'Plane
1281 3124 1454 3159 claudicarem]
1474 3124 1531 3153 Pal.
1542 3125 1569 3151 ὃς
1580 3124 1674 3160 Cujac.
1685 3123 1803 3152 elmodam
1814 3142 1822 3157 ‚
1840 3121 1912 3159 quod
1922 3130 1973 3149 non
1986 3119 2064 3146 rideo

1103 3169 1148 3188 cui·
1159 3159 1250 3188 cedere
1261 3159 1353 3189 debeat
1361 3159 1450 3189 alteri,

1939 3200 1968 3225 J.
1979 3191 2063 3224 Pusilli

1695 2380 1779 2408 Tum
1790 2380 1895 2407 Brutus
1905 2379 2067 2413 admirans,
2088 2379 2132 2415 61
