2302 3353
589 164 683 197 ΒΕ

104 232 138 265 in
158 234 204 265 his
221 232 281 265 fere
302 230 405 263 decem
427 230 577 262 versiculis
598 239 697 262 totum
727 230 875 262 conficere
901 230 1042 269 potuisset
1055 241 1060 260 ε

103 285 282 317 quamquam
293 275 352 304 hoc
362 274 471 314 ipsum,
486 275 620 314 Effertur,
631 275 714 306 imm,
725 273 880 303 concisum
892 271 934 301 est
945 292 953 305 ,
967 273 1014 304 ita,
1028 280 1061 301 ut

104 327 168 347 non
180 317 311 346 brevitati
322 316 464 345 servitum
475 314 518 349 sit,
532 315 579 345 sed
592 317 686 357 magis
696 314 855 345 venustati.
879 312 969 353 Qud
982 311 1001 341 si
1012 314 1060 341 ni-

103 359 148 389 hil
158 355 267 390 fuiffet,
280 355 344 390 niti,
357 359 391 385 In
403 358 494 397 ignem
501 357 588 398 pqfi‘ra
597 356 640 386 est'
652 369 660 390 3
681 366 781 386 tamen
791 365 836 386 res
848 363 908 385 tota
920 354 1060 394 cognosci

99 399 186 430 facile
195 396 341 439 potuiffet.
370 398 425 429 Sed
437 399 469 428 ὃς
479 398 669 429 festivitatem
682 398 770 428 habet
777 399 907 428 narratio
917 394 1060 426 diffinista

99 441 254 481 personis,
274 439 307 470 &
324 439 512 480 interpun8m
530 440 735 470 sermonibus:
757 440 790 470 &
804 437 847 469 est
863 437 1058 478 probabilius,

45 483 55 513 ἶ
100 481 182 523 quod
191 481 306 522 gestum
317 480 374 511 effe
385 481 464 512 dicas
475 502 484 516 ,
503 481 575 512 cum
587 502 596 515 ,
617 481 878 523 quemadmodum
898 478 999 509 a&um
1015 477 1057 512 sir,

100 532 250 563 exponas:
269 523 302 552 &
322 524 420 553 multo
439 526 566 564 apertius
585 524 621 554 ad
643 523 874 564 intelligendum
885 520 947 555 estj
969 525 978 540 ¹
992 519 1012 550 fi
1023 518 1060 550 fic

101 562 268 595 consistitur
290 565 450 605 aliquando
469 586 477 599 ‚
501 575 534 595 ac
552 575 617 595 non
636 564 690 595 ista
706 565 848 595 brevitate
867 564 1058 603 percurritur.

101 609 239 646 Apertam
251 608 334 636 enim
345 610 546 637 narrationem
555 616 616 637 tam
628 606 687 637 effe
697 609 918 646 oportenquam
930 613 1040 649 ceteras
1054 613 1059 632 :

100 647 148 678 sed
159 649 215 678 hoc
224 649 318 687 magis
328 650 360 678 in
371 650 425 679 hac
434 648 647 679 elaborandum
659 647 721 681 est,
751 646 833 688 quod
855 647 887 676 ὃς
905 644 1060 692 difficilius

99 688 154 723 est,
166 699 230 719 non
239 687 296 720 effe
307 690 469 720 obscurum
480 695 512 720 in
523 700 553 720 re
563 689 703 720 narranda
713 709 721 722 ‚
743 687 835 730 quam
846 689 937 718 autin
946 688 1060 727 princi-

99 733 152 772 pio
161 751 170 764 ,
180 733 271 762 autin
281 741 459 773 argumento
470 752 478 766 ,
489 740 538 762 aut
547 733 578 761 in
588 730 741 772 purgando
752 750 760 764 ‚
771 739 820 760 aut
830 731 861 759 in
872 727 1039 769 perorando
1051 739 1060 762 ·,

102 773 137 803 &
156 774 269 813 majore
287 774 422 813 periculo
440 775 503 803 haec
519 783 583 812 pars
599 774 743 802 orationis
756 772 879 801 obscura
887 770 949 804 est,
970 779 1059 810 quam

99 823 204 845 cetera:
217 825 222 844 1
243 815 290 844 vel
308 817 376 856 quia
395 814 476 855 siquo
495 815 555 844 alio
566 816 598 844 in
610 814 678 844 loco
689 812 856 843 estdi&um
867 812 940 853 quid
949 811 1059 841 obscu-

101 858 164 886 rius
175 876 184 890 ,
205 865 320 886 tantum
339 856 368 886 id
386 858 478 896 perit,
497 855 579 896 quod
599 858 638 885 ita
655 854 770 885 dietum
782 854 841 884 est:
865 855 993 884 narratio
1004 853 1060 882 ob·-

102 898 183 928 scura
195 906 288 928 totam
297 897 423 927 obcaecat
432 899 598 928 orationem
614 908 620 926 :
636 898 684 926 vel
694 897 774 938 quod
784 897 840 926 alia
849 893 935 936 possis
947 915 957 929 ‚
967 894 1059 941 semel

101 938 123 968 fi
134 939 286 969 obscurius
294 938 404 968 dixeris
414 958 422 972 ,
444 938 540 969 dicere
561 940 620 969 alio
639 939 707 969 loco
725 939 846 978 planius
859 949 864 967 :
885 938 1060 967 narrationis

102 989 180 1010 unus
189 979 233 1009 est
241 982 273 1009 in
283 980 366 1009 causa
374 980 466 1010 locus.
483 982 548 1011 Erit
556 990 654 1010 autem
663 981 802 1021 perspicua
811 979 948 1011 narratio,
962 977 983 1007 fi
993 987 1059 1007 ver-

100 1021 147 1051 bis
157 1019 276 1054 usitatiS‚
286 1019 307 1050 fi
316 1021 423 1051 ordine
434 1031 604 1062 temporum
615 1023 789 1052 conservato
800 1042 807 1055 ,
821 1018 841 1050 si
852 1031 915 1050 non
927 1022 1056 1050 interru—

33 1064 51 1099 8
62 1073 73 1098 1
99 1061 149 1104 ptZ.²
160 1062 330 1093 narrabitur.
366 1063 421 1093 Sed
433 1064 553 1104 quando
564 1063 712 1094 utendum
726 1062 769 1097 fit,
782 1072 831 1093 aut
842 1073 905 1093 non
917 1060 950 1091 fit
959 1071 1057 1091 narra-

100 1106 182 1135 tione
193 1124 202 1137 ,
223 1104 253 1134 id
263 1103 307 1134 est
314 1103 439 1135 consilii.
463 1116 560 1146 neque
572 1108 657 1135 enim
667 1104 689 1135 si
699 1114 823 1135 notares
832 1103 875 1134 est
884 1124 892 1138 ‚
911 1107 924 1123 2
935 1113 991 1133 nec
1001 1102 1057 1132 du·

99 1146 183 1177 bium
196 1165 204 1179 ‚
224 1145 295 1186 quid
306 1145 420 1184 gestum
432 1145 466 1177 fit
475 1167 483 1181 ‚
505 1150 612 1178 narrari
624 1156 759 1187 oportet,
780 1157 836 1176 nec
845 1145 866 1176 si
875 1145 1056 1176 adversarius

98 1188 226 1218 narravit
236 1208 244 1219 ,
266 1184 322 1217 nisi
330 1186 351 1217 fi
362 1187 534 1219 refellemus
548 1199 554 1218 ε
573 1198 606 1219 ac
616 1210 624 1223 ‚
638 1188 658 1219 fi
667 1189 788 1230 quando
798 1190 853 1219 erit
862 1187 1052 1220 narrandum,

98 1228 205 1262 ncilla,
217 1239 282 1269 quae
295 1229 495 1269 suspicionem
507 1231 540 1261 &
549 1232 665 1261 crimen
675 1229 817 1264 efficient,
829 1238 988 1270 contraque
998 1238 1055 1258 nos

97 1278 184 1300 erunt
192 1279 295 1300 acriter
303 1290 312 1304 ‚
322 1272 550 1313 persequamur,
563 1273 594 1302 ὅτ.
606 1293 614 1305 ,
626 1272 772 1314 quidquid
783 1273 909 1312 poterit,
921 1270 1055 1301 detraha-

98 1322 185 1342 mus:
204 1322 244 1342 ne
252 1312 327 1342 illud
337 1332 346 1346 ‚
357 1313 437 1354 quod
448 1313 562 1344 Crafl'us
575 1334 582 1347 ‚
595 1313 615 1343 fi
625 1314 745 1354 quando
756 1312 805 1344 fiat
815 1333 823 1346 2
835 1311 959 1353 perfidia
968 1332 976 1345 ‚
989 1322 1054 1342 non

98 1353 220 1384 stultitia
237 1352 300 1384 fieri
323 1363 423 1394 putat,
443 1364 476 1385 ut
486 1357 577 1386 caui’ae
589 1365 750 1386 noceamus
762 1376 769 1388 ‚
791 1354 913 1385 accidat.
936 1364 1007 1384 nam
1018 1353 1053 1383 ad

98 1395 250 1426 summam
261 1398 353 1426 totius
362 1397 452 1427 causa:
462 1399 591 1437 pertinet
601 1417 609 1431 ,
629 1397 711 1428 caute
725 1417 732 1431 ‚
746 1407 782 1427 an
791 1395 893 1427 contra
903 1416 911 1429 ‚
924 1395 1054 1425 demon-

97 1436 182 1468 strata
199 1446 245 1466 res
263 1435 315 1472 fit3
332 1437 412 1478 quod
425 1441 527 1468 omnis
539 1441 683 1469 orationis
692 1439 812 1479 reliquae
821 1437 891 1468 fons
903 1437 945 1468 est
954 1447 1053 1467 narra—

96 1479 153 1509 tio.
183 1480 330 1519 Sequitur,
342 1488 375 1509 ut
382 1480 465 1510 causa
473 1490 610 1520 ponatur,
622 1483 654 1510 in
664 1491 725 1522 quo
735 1480 904 1510 videndum
914 1478 968 1512 est,
979 1479 1052 1519 quid

95 1522 129 1550 in
139 1520 368 1551 controversiam
378 1523 486 1552 veniat.
518 1525 567 1552 Tu
572 1533 602 1563 m
613 1522 792 1564 suggerenda
801 1521 1054 1560 suntfirmamema

95 1562 186 1592 causae
197 1563 265 1602 conj
269 1562 358 1593 [inste
367 1583 377 1597 ‚
396 1562 627 1594 &infirmandis
636 1566 790 1594 contrariis
801 1584 809 1598 ‚
831 1564 932 1593 &tuis
942 1561 1052 1593 confir-

98 1603 228 1634 mandis.
250 1613 379 1645 namque
399 1615 458 1635 una
476 1608 508 1635 in
531 1604 622 1636 causis
632 1608 706 1636 ratio
715 1605 852 1647 quaedam
863 1604 905 1635 est
915 1605 978 1645 ejus
989 1614 1053 1634 ora-

96 1646 190 1675 tionis
201 1665 210 1679 ,
228 1655 293 1686 quae
302 1646 336 1677 ad
347 1647 530 1686 probandam
542 1650 830 1690 argumentationem
840 1647 927 1677 valet.
952 1649 994 1676 Ea
1002 1656 1054 1675 au-

97 1695 158 1716 tem
171 1706 179 1720 ,
200 1687 233 1717 ὃς
242 1686 506 1719 confirmationem
516 1710 525 1723 2
547 1690 579 1720 &
589 1688 848 1730 reprehensionem
859 1689 979 1729 quaerit:
1003 1687 1051 1718 sed

95 1729 167 1769 quia
175 1738 212 1758 ne
234 1739 270 1759 ue
280 1730 455 1770 reprehendi
465 1741 531 1772 quae
540 1731 644 1762 contra
653 1731 795 1761 dicuntur
803 1752 811 1765 ‚
832 1729 954 1771 possunt
964 1750 972 1763 ‚
998 1727 1054 1760 nisi

96 1778 146 1800 tua
155 1780 212 1800 con
236 1781 316 1801 rmes
327 1783 333 1801 1
344 1781 440 1813 neque
452 1774 515 1803 haec
525 1772 709 1806 confirmari,
721 1772 775 1803 nisi
785 1774 837 1803 ilia
845 1771 1052 1812 reprehendas,

95 1811 208 1842 idcirco
218 1813 280 1843 haec
288 1814 322 1843 ὃς
331 1823 444 1848 natura,
460 1815 492 1845 &
505 1816 630 1846 utilitate
643 1836 651 1849 ‚
665 1816 698 1845 &
708 1814 880 1846 t1·a‹5tatlone
890 1812 1053 1852 conjunfita

94 1853 173 1884 sunt.
196 1856 307 1885 Omnia
323 1864 425 1886 autem
442 1857 649 1887 concludenda
658 1857 835 1897 plerumque
844 1857 931 1886 rebus
943 1865 1053 1896 augen-

95 1893 142 1924 dis
153 1915 162 1928 ,
181 1896 231 1925 vel
241 1895 462 1928 inflammando
471 1898 572 1938 judice
585 1920 593 1932 ,
613 1899 662 1929 vel
681 1898 862 1940 mitigando:
889 1900 1053 1938 omniaque

95 1945 167 1966 cum
177 1936 376 1975 superioribus
386 1941 528 1969 orationis
539 1940 613 1970 locis
625 1960 633 1974 ,
644 1941 714 1970 tum‘
723 1939 857 1970 maxime
868 1948 1006 1969 extremo
1016 1939 1051 1968 ad

97 1979 227 2007 menteis
233 1978 370 2017 judicum
378 1982 467 2020 quam
478 1981 613 2011 maxime
624 1981 841 2021 permovendas
851 2001 859 2014 ‚
880 1982 914 2011 δε
924 1981 958 2011 ad
969 1981 1053 2011 utili—

93 2026 184 2048 tatem
197 2018 326 2050 nostram
338 2021 495 2054 vocandas,
508 2022 690 2053 conferenda
700 2023 775 2052 sunt.
794 2025 902 2062 Neque
911 2022 980 2052 sane
991 2023 1050 2058 iam

90 2058 175 2090 causa
185 2059 302 2090 videtur
311 2061 378 2095 effe,
401 2073 452 2092 cur
461 2064 644 2094 secernamus
654 2074 687 2094 ea
695 2073 838 2104 praecepta
849 2084 857 2097 ‚
866 2074 931 2104 quae
942 2063 979 2093 de
989 2063 1054 2093 sua-

92 2099 225 2131 fionibus
235 2101 373 2133 tradenda
383 2104 468 2138 sunt,
489 2114 538 2135 aut
548 2105 779 2135 laudationibus.
804 2107 872 2135 sunt
885 2108 971 2134 enim
987 2105 1051 2144 ple-

91 2150 179 2183 raque
189 2146 381 2178 communia,
395 2145 442 2175 sed
454 2154 554 2176 tamen
564 2147 680 2177 suadere
690 2147 802 2187 aliquid
813 2166 821 2180 ,
845 2156 894 2176 aut
904 2145 1050 2176 dissuade-

91 2194 122 2214 re
133 2203 141 2217 ‚
161 2184 333 2226 graviffimae
353 2187 430 2216 mihi
448 2187 566 2217 videtur
585 2187 642 2219 effe
662 2189 807 2228 personae.
839 2190 871 2217 N
874 2197 893 2217 A
899 2198 925 2217 M
947 2198 987 2217 ετ
1007 2188 1049 2217 sa-

90 2227 200 2266 pientis
219 2225 280 2261 est,
298 2227 458 2258 confilium
477 2230 624 2269 explicare
642 2230 730 2259 suum
740 2229 776 2259 de
786 2231 929 2259 maximis
940 2229 1026 2258 rebus
1041 2239 1046 2258 :

91 2267 125 2298 &
135 2267 262 2302 honesti,
276 2269 308 2299 &
317 2269 438 2304 diserti,
451 2279 483 2300 ut
493 2280 597 2301 niente
607 2271 764 2311 providere
776 2292 785 2304 ,
796 2270 968 2302 auetoritate
979 2280 1049 2311 pro-

91 2308 159 2338 bare
169 2329 178 2343 ‚
197 2313 330 2341 oratione
339 2312 509 2351 persuadere
519 2311 614 2353 poffit.
654 2316 751 2354 Atque
763 2314 825 2343 haec
834 2314 867 2342 in
878 2312 978 2343 senatu
989 2315 1049 2342 mi-

92 2359 165 2381 nore
184 2361 318 2391 apparatu
337 2353 449 2394 agenda
467 2354 543 2384 sunt.
574 2357 693 2394 Sapiens
713 2356 797 2384 enim
817 2354 860 2385 est
870 2353 1028 2385 consilium
1040 2366 1048 2388 3

93 2392 253 2434 multisque
262 2394 327 2423 aliis
338 2395 459 2425 dicendi
468 2396 683 2436 relinquendus
696 2397 790 2430 locus,
805 2400 817 2424 3
830 2395 950 2426 vitanda
958 2398 1047 2426 etiam

92 2433 223 2474 ingenii,
242 2434 507 2477 ostentationisque
522 2438 659 2478 suspicio.
692 2440 808 2468 Concio
825 2448 856 2468 ca
880 2440 903 2467 it
920 2447 1046 2468 omnem

27 2477 45 2511 8
53 2485 72 2511 2
92 2476 157 2505 vim
168 2478 320 2510 orationis,
333 2478 365 2508 ὃς
375 2481 560 2519 gravitatem,
571 2482 800 2520 varietatemque
810 2480 845 2510 dc
858 2480 960 2510 ideiat.
992 2482 1048 2509 Er—

90 2525 130 2557 go
147 2518 180 2546 in
201 2518 348 2549 suadendo
366 2520 443 2550 nihil
462 2519 505 2551 est
516 2522 677 2561 optabilius
689 2542 697 2555 ,
718 2522 807 2562 quam
819 2521 953 2561 dignitas.
977 2530 1047 2550 nam

92 2560 144 2598 qui
154 2559 312 2590 utilitatem
321 2570 404 2601 putat
412 2582 421 2595 ‚
442 2572 505 2592 non
524 2563 597 2603 quid
615 2564 749 2593 maxime
767 2563 842 2592 velit
860 2563 958 2593 suasor
969 2583 977 2595 ‚
999 2562 1047 2592 sed

72 2599 163 2639 “quid
173 2601 323 2632 interdum
336 2606 428 2644 magis
440 2604 584 2645 sequatur,
596 2605 686 2634 videt.
702 2607 804 2634 Nemo
815 2603 857 2634 est
867 2606 961 2637 enim,
973 2614 1047 2644 pra:-

92 2641 193 2671 settim
204 2644 236 2672 in
247 2651 307 2673 tam
319 2645 393 2674 clara
401 2647 520 2676 civitate
529 2666 536 2678 ‚
560 2657 634 2686 quin
644 2655 727 2686 putet
738 2645 935 2686 expetendam
948 2648 1048 2675 maxi-

91 2681 143 2712 me
154 2682 327 2724 dignitatem
339 2696 344 2714 z
365 2687 413 2716 sed
426 2689 521 2717 vincit
531 2689 641 2718 utilitas
650 2689 828 2728 plerumque
838 2708 847 2721 ‚
866 2686 938 2716 cum
948 2686 1045 2717 subest

90 2723 142 2753 ille
154 2726 255 2758 timor,
268 2736 300 2757 ea
309 2727 484 2767 neglec‘ffame
494 2729 671 2769 dignitatem
682 2729 806 2770 quidem
818 2727 900 2769 posse
911 2730 1042 2759 retineri.

91 2766 292 2798 Controversia
301 2778 399 2799 autem
411 2771 488 2800 inter
498 2772 663 2801 hominum
674 2772 834 2801 sententias
845 2791 853 2804 2
871 2779 921 2800 aur
938 2772 971 2800 in
988 2771 1042 2800 illo

88 2804 140 2841 cst,
152 2815 252 2838 utrum
262 2807 295 2839 sit
306 2811 427 2842 utilius:
449 2821 499 2842 aut
507 2813 597 2843 etiam
609 2811 681 2843 cum
691 2813 721 2843 id
732 2815 878 2844 convenit
887 2832 894 2845 2
907 2821 1040 2846 certatur,

82 2888 608 2904 ἧκ’-’ἡ

763 151 1203 197 ΟκΑτοιιΈ

1285 149 1327 196 L
1360 164 1379 195 1
1407 166 1453 196 Β.
1498 149 1599 196 ‘IL'
1973 169 2074 217 ‘¹09

1102 227 1203 258 utrum
1215 228 1361 259 honestati
1371 230 1473 268 potius
1484 248 1492 263 ‚
1509 238 1547 259 an
1558 228 1681 260 utilitati
1689 229 1909 261 consulendum
1920 228 1964 261 sit.
1998 231 2074 273 Qae

1102 271 1172 309 quia
1180 279 1309 310 pugnare
1322 271 1394 310 saepe
1405 273 1485 300 inter
1493 271 1521 301 se
1531 271 1674 302 videntur
1685 292 1694 304 ,
1723 274 1775 313 qui
1786 273 1947 302 utilitatem
1961 271 2074 303 defen—

1104 311 1159 343 dit,
1171 312 1362 342 enumerabit
1371 313 1536 343 commoda
1546 315 1624 353 pacis
1635 333 1643 346 ,
1658 317 1676 340 4
1685 323 1781 354 opum
1792 333 1801 347 ,
1813 321 1901 353 poten
1907 315 1964 346 tiae,
1979 322 2073 354 pecu-

1105 353 1162 380 niae
1174 371 1182 384 ,
1193 352 1388 393 ve&igalium
1399 374 1408 387 ,
1418 353 1544 394 praefidii
1557 375 1565 389 ‚
1577 356 1713 385 rnilitum
1724 375 1732 388 ,
1754 356 1895 385 utilitates
1907 364 2071 386 ceterarum

1103 401 1204 422 rerum
1214 411 1223 424 2
1246 403 1371 433 quarum
1391 395 1527 426 frudium
1544 397 1670 428 utilitate
1686 399 1832 427 metimur
1843 418 1852 430 ,
1873 398 2008 438 itemque
2020 399 2070 428 in—

1104 433 1270 463 commoda
1298 439 1528 466 contrariorum.
1568 440 1629 478 Qi
1657 438 1691 468 ad
1720 439 1895 480 dignitatem
1924 439 2068 479 impellit,

1105 476 1257 513 majorum
1277 477 1414 515 exempla
1425 497 1433 510 ,
1453 488 1519 517 quae
1537 489 1625 509 crunt
1642 481 1690 510 vel
1701 491 1771 510 curn
1782 481 1917 520 periculo
1927 481 2070 521 gloriosa,

1105 517 1245 558 colliget,
1257 516 1436 555 posteritatis
1448 520 1654 551 immortalem
1663 525 1846 552 memoriam
1857 523 1976 564 augebit
1987 543 1994 555 ‚
2009 525 2071 552 uti—

1104 558 1220 588 litatem
1238 567 1277 587 ex
1297 558 1382 587 laude
1402 559 1479 588 nasci
1491 560 1634 592 defendet
1645 583 1652 596 ‚
1674 564 1791 604 semper
1813 574 1850 594 ue
1859 574 1926 594 eam
1938 574 2008 595 cum
2021 564 2070 594 di-

1103 601 1214 639 ‘unitate
1224 598 1283 628 effe
1292 599 1497 637 conjunctam.
1521 602 1576 632 Sed
1585 604 1657 644 quid
1670 604 1734 634 fieri
1743 575 1830 645 possit
1838 626 1846 639 ‚
1865 615 1916 636 aui:
1926 616 1990 636 non
2001 606 2069 646 pos·

1104 624 1137 670 sit
1149 661 1157 673 ,
1177 641 1308 681 quidque
1318 643 1409 671 etiarn
1421 639 1454 671 sit
1465 642 1579 672 nee-esic
1593 664 1600 676 ,
1621 654 1670 674 :tut
1688 657 1751 676 non
1770 646 1804 677 fit
1816 668 1824 680 ,
1846 649 1878 677 in
1897 656 2020 689 utraque
2038 657 2068 677 re

1105 682 1241 712 maxime
1263 681 1306 712 est·
1323 683 1529 723 quaerendum.
1554 686 1701 716 Inciditur
1712 691 1795 718 enim
1806 691 1909 719 omnis
1920 691 1980 725 iam
1990 688 2068 719 deli-

1103 724 1227 757 beratio,
1239 722 1259 753 fi
1269 726 1450 765 intelligitur
1460 735 1523 755 nori
1533 725 1615 765 poss'e
1628 725 1688 757 fieri
1703 749 1710 761 ‚
1732 740 1780 759 aut
1792 729 1812 759 si
1824 730 1972 761 neceffitas
1981 730 2069 761 affer-

1104 775 1151 795 tur
1162 786 1171 798 ‚
1193 765 1226 796 δε
1244 767 1296 806 qui
1315 765 1344 796 id
1355 766 1459 796 docuit
1468 787 1476 799 ,
1499 777 1562 796 non
1572 768 1744 799 videntibus
1755 772 1819 801 aliis
1829 793 1838 805 ,
1862 775 1886 802 is
1895 773 2063 812 plurimum

1102 806 1190 837 vidit.
1213 808 1260 837 Ad
1271 806 1429 837 consilium
1458 817 1540 838 'item
1552 809 1588 838 de
1599 810 1746 849 republica
1755 812 1898 846 dandum,
1915 823 2000 854 caput
2010 815 2064 848 est,

1102 848 1172 886 nosse
1189 848 1388 890 rempublicam
1397 863 1408 879 .·
1426 859 1441 879 a
1479 850 1644 881 dicendum
1664 851 1737 882 vero
1751 854 1943 892 probabiliter
1952 875 1960 888 2
1981 855 2066 886 noffe

1104 901 1189 920 mores
1210 891 1338 920 civitatis
1346 902 1357 917 :
1376 893 1428 932 qui
1447 894 1515 932 quia
1533 892 1636 922 crebro
1649 903 1803 924 mutantur
1813 915 1821 928 ,
1844 906 1936 936 genus
1947 907 2066 938 quoquc

1102 933 1249 962 orationis
1259 931 1302 962 est
1312 933 1387 972 saepe
1400 933 1590 964 mutandum.
1616 935 1649 965 ὃς
1661 956 1669 969 ,
1690 946 1871 977 quamquain
1882 947 1939 967 una
1948 939 2009 968 sere
2021 942 2067 969 vis

1103 973 1145 1003 est
1154 974 1345 1014 eloquentiae,
1359 983 1460 1005 tamen
1471 977 1541 1016 quia
1552 977 1669 1007 summa
1678 976 1806 1018 dignitas
1817 977 1860 1008 est
1869 981 1971 1018 populi
1983 1000 1991 1010 2
2003 990 2067 1020 gra—

1102 1013 1219 1045 vifflma
1227 1016 1313 1045 causa
1323 1018 1394 1056 reip.
1408 1019 1538 1047 maximi
1548 1028 1648 1048 motus
1659 1019 1875 1050 multitudinis:
1885 1030 1977 1066 genus
1988 1032 2065 1062 quo-

1100 1067 1159 1097 que
1173 1056 1295 1087 dicendi
1305 1058 1445 1098 grandius
1455 1059 1607 1099 quoddam
1620 1081 1628 1093 ,
1652 1061 1685 1091 &
1695 1061 1840 1091 illustrius
1850 1061 1907 1092 este
1917 1062 2062 1092 adhiben—

1101 1100 1176 1128 dum
1187 1098 1323 1129 videtur:
1345 1101 1538 1141 maximaque
1549 1112 1612 1141 pars
1622 1104 1766 1133 orationis
1775 1103 1965 1134 admovenda
1975 1104 2017 1134 est
2028 1105 2062 1134 ad

1100 1143 1275 1171 animorum
1296 1150 1398 1171 motus
1418 1151 1652 1184 nonnumquam
1679 1153 1729 1175 aut
1756 1146 1964 1175 cohortatione
1984 1166 1993 1180 ‚
2015 1155 2065 1176 aut

1099 1184 1394 1213 commemoratione
1403 1183 1509 1224 aliqua,
1521 1188 1611 1215 autin
1621 1186 1715 1226 spem,
1727 1196 1776 1218 aut
1785 1189 1817 1216 in
1830 1196 1957 1220 metum,
1968 1196 2017 1218 aut
2026 1187 2063 1218 ad

1099 1224 1294 1264 cupiditatem
1305 1245 1313 1257 ‚
1329 1233 1379 1254 aut
1388 1224 1423 1255 ad
1433 1228 1560 1266 gloriam
1570 1228 1765 1258 concitandos
1778 1239 1783 1257 :
1805 1229 1879 1268 saepe
1889 1231 1979 1259 etiam
1990 1230 2006 1259 a
2018 1239 2062 1259 te-

1099 1268 1232 1296 meritate
1242 1285 1251 1300 ‚
1262 1266 1413 1297 iracundia
1422 1287 1430 1300 ,
1443 1268 1492 1307 spe
1503 1288 1511 1302 ‚
1523 1269 1641 1308 injuria,
1654 1269 1779 1303 invidia,
1790 1271 1962 1301 crudelitate
1973 1281 2061 1301 revo-

1098 1307 1220 1338 candos.
1259 1309 1306 1338 Fit
1315 1316 1427 1342 autem,
1437 1318 1480 1342 ut,
1492 1313 1560 1350 quia
1570 1313 1702 1341 maxima
1712 1310 1791 1354 quasi
1800 1315 1910 1342 oratori
1921 1313 2004 1343 scena
2015 1315 2062 1342 vie

1098 1348 1200 1379 deatur
1208 1351 1330 1382 concio,
1346 1359 1448 1380 natura
1457 1353 1517 1391 ipsa
1527 1352 1561 1382 ad
1572 1355 1705 1383 ornatius
1715 1354 1837 1384 dicendi
1846 1364 1938 1395 genus
1948 1357 2060 1384 excite-

1098 1399 1154 1420 tur.
1180 1391 1279 1421 Habet
1287 1394 1372 1420 enim
1383 1392 1548 1423 multitudo
1558 1396 1624 1424 vim
1634 1395 1784 1435 quandam
1795 1396 1898 1428 talem,
1912 1404 1944 1425 ut
1953 1406 2062 1437 quem-

1097 1432 1264 1462 admodum
1277 1431 1377 1462 tibicen
1388 1431 1449 1463 fine
1460 1434 1541 1464 tibiis
1551 1446 1668 1469 canere,
1679 1435 1716 1466 fic
1725 1446 1833 1470 orator,
1849 1436 1909 1467 sine
1920 1438 2058 1468 multitu-

1098 1474 1168 1504 dine
1178 1473 1475 1515 audiente-‚eloquens
1486 1475 1543 1506 effe
1553 1487 1617 1507 non
1626 1476 1725 1518 possit.
1742 1482 1778 1509 Et
1786 1478 1858 1509 cum
1871 1478 1926 1509 sint
1934 1480 2060 1519 popular

1098 1526 1144 1546 res
1154 1536 1162 1550 ,
1174 1517 1265 1546 multi
1277 1535 1285 1550 ,
1298 1518 1431 1557 variique
1440 1518 1536 1557 lapsus
1549 1539 1557 1551 ‚
1577 1520 1700 1551 vitanda
1710 1519 1752 1550 est
1762 1521 1934 1551 acclamatio
1944 1521 2062 1552 adversa

1097 1559 1203 1598 populi
1216 1578 1224 1591 ‚
1244 1568 1310 1598 quae
1319 1561 1524 1589 autorationis
1533 1570 1651 1600 peccato
1661 1562 1762 1603 aliquo
1773 1572 1935 1595 excitatur,
1950 1562 1970 1592 si
1980 1563 2061 1602 aspe-

1097 1600 1141 1634 re,
1152 1598 1172 1629 s1
1181 1609 1360 1640 arroganter,
1372 1599 1393 1629 si
1404 1604 1546 1640 turpiter,
1559 1601 1578 1632 s1
1590 1603 1708 1634 sordide
1719 1624 1727 1638 ,
1741 1603 1762 1634 fi
1771 1615 1895 1645 quoquo
1905 1607 2002 1634 animi
2013 1607 2060 1635 vi-

1099 1643 1142 1671 tio
1153 1641 1271 1671 dietum
1282 1639 1339 1671 csse
1349 1642 1462 1682 aliquid
1471 1644 1607 1674 videatur
1616 1665 1624 1678 ,
1642 1654 1692 1675 aut
1701 1647 1868 1678 hominum
1879 1644 2056 1681 offensione,

1098 1684 1147 1713 vel
1158 1683 1272 1714 invidia
1282 1703 1290 1716 ‚
1303 1693 1368 1723 quae
1377 1684 1510 1724 aurjusta
1519 1684 1562 1716 est
1572 1706 1580 1719 ‚
1592 1696 1642 1717 aut
1651 1697 1688 1717 ex
1696 1689 1909 1718 criminatione
1919 1697 2004 1728 atque
2014 1687 2059 1720 fa-

1099 1736 1148 1756 ma
1159 1745 1167 1759 ,
1189 1733 1239 1755 aut
1256 1735 1301 1754 res
1317 1724 1338 1754 si
1357 1725 1493 1765 displicet
1502 1747 1510 1761 ,
1537 1737 1587 1757 aut
1596 1727 1616 1757 si
1628 1728 1713 1759 estin
1723 1730 1824 1770 aliquo
1836 1739 1924 1760 motu
1935 1730 1993 1760 suae
2004 1740 2056 1760 cu-

1096 1767 1226 1807 piditatis
1236 1787 1244 1801 2
1255 1776 1305 1797 aut
1315 1776 1412 1797 metus
1423 1768 1588 1799 multitudo
1599 1781 1604 1798 z
1614 1770 1718 1812 hisque
1727 1780 1867 1812 quattuor
1883 1770 1973 1802 causis
1986 1774 2057 1801 toti-

1097 1809 1169 1839 dem
1180 1809 1338 1839 medicina:
1354 1819 1550 1849 opponuntur
1561 1821 1565 1840 :
1586 1820 1651 1842 tum
1663 1813 1832 1855 objurgatio
1842 1833 1857 1847 ,ν
1871 1813 1891 1842 fi
1902 1812 1945 1843 est
1957 1812 2057 1842 auth>-

1096 1851 1184 1880 rium:
1194 1860 1259 1881 tum
1269 1850 1535 1892 admonitio‚quafi
1548 1853 1646 1884 lenior
1656 1854 1838 1897 objurgatio:
1850 1865 1915 1885 tum
1925 1855 2056 1894 promis—

1096 1892 1137 1923 sio
1147 1913 1154 1927 ,
1168 1892 1188 1922 si
1199 1893 1345 1923 audierint
1356 1913 1363 1926 ‚
1376 1894 1550 1933 probaturos
1563 1906 1568 1924 ;
1581 1904 1646 1926 tum
1657 1896 1822 1936 deprecatio
1833 1916 1841 1930 ,
1862 1897 1942 1937 quod
1954 1896 1996 1927 est
2006 1898 2055 1926 in-

1097 1934 1206 1964 fimum
1219 1955 1227 1969 ‚
1248 1934 1298 1965 sed
1314 1945 1549 1976 nonnumquam
1567 1938 1650 1967 utile.
1675 1939 1772 1968 Nullo
1781 1947 1880 1968 autem
1899 1939 1968 1968 loco
1986 1939 2056 1978 plus

1095 1976 1206 2006 facetiae
1215 1977 1338 2016 prosunt
1347 1996 1355 2010 ‚
1377 1977 1410 2006 δε
1419 1978 1552 2008 celeritas
1563 1998 1571 2011 ,
1589 1979 1622 2008 δε
1632 1979 1720 2009 breve
1737 1980 1860 2020 aliquod
1870 1979 1986 2009 di&um
1998 1990 2055 2010 nec

1097 2016 1156 2047 sine
1167 2018 1321 2058 dignitate,
1334 2018 1367 2047 ὃς
1376 2028 1446 2048 cum
1458 2018 1566 2058 lepore.
1587 2021 1676 2050 Nihil
1686 2022 1769 2050 enim
1781 2030 1839 2051 tarn
1851 2020 1949 2054 facile,
1961 2022 2052 2061 quam

1096 2059 1261 2089 multitudo
1271 2079 1281 2092 ‚
1299 2059 1314 2089 a
1325 2058 1442 2089 tristitia
1451 2080 1458 2092 ‚
1481 2061 1513 2090 &c
1523 2061 1597 2100 saepe
1607 2062 1642 2091 ab
1651 2062 1808 2092 acerbitate
1819 2083 1827 2096 ,
1845 2062 2010 2093 commode
2021 2073 2054 2093 ac

1095 2152 1127 2172 ut
1136 2144 1220 2182 potui
1231 2162 1239 2176 ‚
1260 2143 1346 2172 vobis
1356 2146 1390 2172 in
1400 2152 1526 2183 utroque
1536 2154 1644 2185 genere
1659 2146 1811 2175 causarum
1823 2157 1889 2187 qua:
1907 2146 1989 2186 sequi
2005 2146 2054 2176 su-

1093 2185 1186 2214 lerem
1198 2204 1206 2217 ‚
1219 2194 1284 2224 quae
1292 2183 1394 2224 fugere
1406 2205 1414 2217 ,
1430 2195 1495 2226 quae
1507 2186 1633 2224 spectare
1643 2206 1652 2220 ‚
1673 2197 1788 2228 quaque
1798 2197 1929 2218 omnino
1939 2198 1971 2217 in
1982 2198 2053 2217 cau-

1094 2225 1129 2255 sis
1139 2228 1253 2256 ratione
1264 2227 1382 2258 versari.
1395 2228 1426 2256 N
1429 2237 1462 2256 ec
1471 2227 1546 2257 illud
1557 2230 1678 2259 tertium
1689 2229 1895 2260 laudationum
1905 2239 1998 2269 genus
2009 2229 2051 2259 eil

1093 2266 1216 2297 difficile
1226 2287 1234 2301 >
1255 2267 1336 2308 quod
1348 2278 1403 2309 ego
1417 2267 1508 2298 initio
1527 2268 1603 2310 quasi
1613 2269 1628 2300 a
1639 2273 1790 2311 praeceptis
1800 2271 1909 2301 nostris
1920 2272 2051 2301 secreve-

1092 2309 1218 2344 ram,sed
1232 2310 1263 2339 ὅτ.
1272 2311 1341 2350 quia
1350 2310 1445 2340 multa
1454 2310 1521 2340 sunt
1530 2314 1701 2342 orationum
1711 2314 1864 2353 genera,&
1872 2314 2052 2355 graviora‚&

1092 2352 1214 2390 majoris
1223 2361 1317 2391 copia:
1328 2371 1341 2384 ,>
1355 2352 1395 2382 de
1408 2352 1516 2392 quibus
1527 2363 1620 2383 nemo
1638 2353 1700 2384 fere
1712 2357 1882 2394 praeciperet
1894 2376 1902 2387 ‚
1923 2354 1955 2384 &
1966 2355 2047 2394 quod

1091 2403 1148 2423 nos
1166 2393 1387 2423 laudationibus
1405 2404 1470 2424 non
1489 2396 1527 2425 ita
1538 2395 1671 2426 muitum
1691 2398 1734 2427 uti
1748 2397 1929 2428 soleremus,
1949 2405 2047 2425 totum

1091 2436 1172 2464 hunc
1190 2434 1375 2476 segregabam
1393 2436 1508 2466 locum.
1528 2435 1581 2476 ipsi
1598 2439 1680 2467 enirn
1693 2440 1789 2468 Graeci
1806 2440 1899 2478 magis
1918 2438 2050 2478 legendi,

1092 2481 1104 2504 5
1116 2477 1148 2506 &
1167 2476 1376 2506 delectationis
1396 2497 1405 2511 ,
1429 2487 1478 2508 aut
1496 2479 1632 2508 hominis
1650 2480 1774 2517 alicujus
1787 2479 1933 2512 ornandi,
1956 2478 2047 2519 quam

1093 2519 1228 2549 utilitatis
1239 2519 1329 2557 hujus
1337 2517 1460 2549 forensis
1470 2520 1553 2549 causa
1565 2540 1573 2552 ,
1594 2520 1790 2550 laudatione-is
1802 2521 2048 2560 scriptitavcrunt:

1113 2571 1222 2590 uorum
1234 2560 1300 2590 sunt
1309 2560 1378 2590 libri
1391 2581 1398 2594 ‚
1418 2561 1527 2602 quibus
1539 2561 1760 2592 Themistocles
1770 2583 1779 2596 ,
1792 2562 1937 2592 Aristides
1946 2583 1954 2596 ,
1970 2565 2050 2603 Age—

1103 2603 1193 2636 ilaus,
1215 2602 1456 2641 Epaminondas,
1476 2603 1646 2643 Philippus,
1664 2604 1836 2634 Alexander
1853 2605 1965 2644 aliique
1985 2605 2048 2634 lau—

1091 2644 1205 2674 dantur.
1230 2643 1350 2673 Nosti‘ae
1364 2644 1564 2677 laudationes,
1585 2645 1692 2685 quibus
1713 2647 1745 2676 in
1760 2645 1829 2676 foro
1847 2648 1981 2679 utimur,
1999 2655 2050 2676 aut

1091 2685 1260 2716 testimonii
1269 2685 1444 2715 brevitatem
1456 2685 1566 2716 hibent
1576 2686 1689 2716 nudam
1700 2696 1785 2728 atque
1796 2690 1962 2718 inornatam
1975 2707 1984 2719 ‚
2000 2697 2050 2717 aut

1091 2727 1259 2757 scribuntur
1273 2726 1307 2756 ad
1318 2725 1478 2756 funebrem
1489 2729 1670 2758 concionem
1680 2750 1691 2762 ‚
1711 2739 1775 2770 qua:
1784 2729 1820 2759 ad
1830 2731 1975 2759 orationis
1987 2731 2051 2759 iau-

1091 2768 1162 2799 dem
1179 2768 1310 2798 minime
1329 2769 1555 2799 accommodata
1571 2769 1622 2799 cst.
1645 2770 1702 2800 Sed
1719 2781 1821 2801 tamen
1837 2773 1982 2811 quoniam
2003 2770 2045 2800 cst

1069 2836 1070 2841 ,
1091 2810 1666 2852 υῑειιάυιη»ἃΜςμαῃάο,ηουιιυῑῆςιιαῡ]
1675 2814 1765 2843 etiam
1776 2812 2048 2845 scribendum‚vel.-

1896 2863 1929 2884 ut
1939 2857 1969 2884 P.
1982 2856 2048 2884 Tu-

125 2917 148 2934 1.
168 2913 193 2935 Si
204 2912 238 2943 fic
252 2913 376 2945 consissitur
385 2914 540 2947 aliquando]
560 2914 602 2939 Sic
611 2913 776 2941 Vic'toriana.
797 2912 846 2940 Sed
859 2914 923 2940 nibil
938 2915 1042 2940 variant

87 2942 155 2970 Pall.
167 2954 244 2980 quam
255 2947 325 2981 quod
336 2957 376 2983 pr.
387 2957 416 2973 ac
426 2948 474 2974 sec.
487 2948 884 2985 excludantsi‘dmbeuntque,fic
894 2953 1044 2981 cow'lismtzaer

86 2979 222 3012 aliquando.
242 2983 321 3008 ceteri
335 2984 441 3010 firmant
453 2994 508 3011 rece
530 2992 582 3011 tam
595 2985 738 3012 lestkonem
752 2988 828 3020 ‚ſssic
839 2988 984 3018 constituitur
994 2988 1041 3012 ali-

86 3016 187 3054 quando.
207 3017 352 3045 Lambinus
363 3019 476 3055 reposuit
487 3024 499 3046 ὲ
512 2995 586 3047 libris
598 3041 605 3052 ,
619 3030 648 3048 ut
660 3022 767 3057 quidem
777 3021 865 3047 uss‘erit
879 3023 915 3055 ‚fi
923 3022 958 3047 hic
969 3023 1041 3054 confi-

80 3049 157 3080 stmer
173 3053 327 3085 aliquamdiu.
350 3056 378 3081 in
398 3056 529 3083 Pithoean.
551 3057 578 3082 &
588 3058 746 3084 Memmian.
766 3065 823 3084 erat
834 3077 842 3088 ,
857 3058 880 3091 st
897 3060 1044 3091 constituitur

88 3085 226 3117 aliquando.

126 3127 164 3159 ²⁵.
174 3124 220 3146 Nec
228 3123 321 3149 dubium
333 3143 339 3155 ‚
351 3126 559 3162 quidscflumfit]
573 3127 615 3154 Est
627 3129 641 3154 ἐι
653 3129 708 3155 Pal}
716 3149 721 3154 .
733 3130 760 3155 &
771 3128 873 3155 duobus
884 3128 1043 3161 Gallicanis,

89 3162 262 3192 mem‘c‘iue
272 3160 372 3188 accedit
381 3162 546 3196 vatter-iana,
557 3163 603 3191 nisi
615 3164 685 3199 quod
695 3165 729 3198 is,
740 3175 781 3192 mc
791 3166 931 3199 n'icl-inmfit,
942 3166 1046 3200 widge-

1062 2918 1065 2947 Ι
1076 2918 1141 2948 stum
1143 2915 1188 2947 fit.
1209 2914 1328 2949 vulgata,
1339 2916 1407 2948 necfi
1413 2915 1509 2939 dub-inm
1511 2916 1554 2946 fir,
1566 2916 1761 2948 quidgefi‘umstt.

1063 2950 1064 2958 ¹
1119 2959 1132 2985 3
1142 2971 1145 2974 .
1167 2951 1274 2976 Vitanda
1284 2953 1354 2975 eriam
1365 2953 1450 2982 irre-mii
1460 2951 1786 2985 oUcntatianffiucfitffiicm]
1798 2951 1927 2977 Enclitica
1939 2960 1981 2985 qut
1992 2960 2045 2977 non

1062 2959 1065 3012 i
1085 2986 1119 3012 est
1132 2987 1156 3012 in
1169 2987 1237 3012 Pall.
1249 2986 1328 3021 prim.
1339 2994 1384 3013 aut
1395 2985 1444 3012 see.
1455 2986 1482 3012 'in
1493 2987 1606 3013 Meninx.
1617 2995 1663 3013 aut
1674 2987 1747 3013 Pith.
1758 2989 1772 3013 ἐ
1783 2987 1877 3022 quibus
1887 2986 1940 3013 duo
1951 2987 2047 3023 przcsen

1086 3030 1147 3048 runt
1161 3041 1169 3053 ,
1179 3022 1284 3055 ingmiir.

1062 3074 1064 3093 Ι
1120 3065 1148 3090 4.
1169 3063 1240 3090 opum
1252 3059 1373 3089 ,poteniiae
1385 3057 1526 3092 ²securim]
1547 3058 1608 3085 Vox
1622 3060 1725 3092 scennis
1735 3067 1786 3085 non
1807 3058 1841 3085 est
1862 3059 1888 3085 in
1903 3058 1958 3085 ullo
1969 3062 1982 3084 ι’.-
1995 3068 2046 3085 no-

1085 3093 1142 3121 stris
1154 3100 1278 3128 quatuor.

1123 3139 1149 3162 5.
1170 3132 1201 3153 Et
1211 3129 1368 3154 dcleflarioms
1379 3147 1388 3160 ,
1405 3129 1472 3163 ὡς]
1492 3129 1628 3156 Rerocavi
1640 3129 1711 3166 quod
1723 3130 1815 3156 eratin
1827 3130 1896 3156 l'all.
1906 3130 1933 3155 S<
1945 3127 2042 3156 Gallie.

1087 3163 1219 3198 omnibus,
1231 3165 1295 3202 item
1306 3164 1423 3193 editione
1434 3166 1702 3228 priiuabstqueutes,
1711 3170 1753 3201 qui
1762 3166 1932 3197 damnamus,
1941 3165 2024 3227 <37ch

1572 3210 1585 3237 3
1954 3209 1976 3225 1.
1988 3207 2001 3233 3
2011 3208 2043 3232 'J'

1096 2102 1225 2131 breviter
1233 2101 1285 2134 y.&
1296 2102 1380 2131 acute
1390 2102 1442 2134 ,ἃς
1452 2102 1546 2131 hilare
1555 2103 1638 2132 dicto
1649 2103 1815 2134 deducitur.
1834 2105 1967 2144 Exposui
1975 2103 2051 2138 sere,
2076 2109 2092 2141 3
2101 2119 2124 2144 4,
