2360 3400
529 106 873 154 Tri-scut„

219 318 385 347 sinerentur
394 333 403 347 ,

210 860 284 902 quid
302 868 351 890 aut
369 861 402 888 in
421 858 526 888 studiis
543 858 684 886 humanis
695 875 703 889 ‚
724 859 815 886 autin
826 865 889 887 tarn
901 858 1008 897 exigua
1020 857 1163 904 brevitate

207 903 280 932 vitae
297 909 441 941 magnum
461 900 586 938 sapienti
606 898 702 927 videri
719 897 835 936 potest,
855 899 908 937 qui
924 898 1039 937 semper
1056 908 1163 928 animo

205 942 244 974 sic
255 943 403 975 excubat,
424 941 495 970 utei
505 939 792 978 nihilimprovisum
809 939 938 969 accidere
957 938 1041 978 pofflt
1056 960 1064 973 ‚
1087 941 1165 970 nihil

206 987 413 1024 inopinatum,
427 982 504 1011 nihil
517 983 648 1011 omnino
660 983 800 1012 novum?
822 990 910 1021 atque
922 980 1003 1011 idem
1015 983 1055 1012 ita
1065 991 1163 1013 acrem

206 1029 241 1056 in
259 1027 379 1057 omneis
399 1032 493 1064 partes
512 1025 607 1053 aciem
618 1022 768 1056 intendit,
788 1022 1162 1063 utiempervi'deatsedem

205 1067 281 1101 fibi,
302 1077 334 1097 ac
353 1066 458 1096 locum
483 1063 542 1094 fine
565 1064 720 1098 molestia,
744 1073 829 1105 atque
839 1074 948 1105 angore
961 1066 1107 1099 vivendi,
1129 1074 1161 1096 ut

225 1118 427 1148 uemcumque
437 1108 535 1137 casum
546 1107 821 1136 fortunainvexerit
831 1126 840 1139 ‚
854 1107 934 1138 hunc
944 1106 1010 1146 apte
1019 1107 1161 1148 &quiete

202 1119 288 1182 perat.
317 1150 400 1191 quod
422 1151 474 1190 qui
493 1148 578 1179 faciet
599 1168 608 1181 ,
630 1158 694 1178 non
713 1147 887 1188 aegritudine
904 1148 1011 1184 'solum
1031 1149 1156 1183 vacabit,

207 1193 257 1223 sed
277 1194 365 1223 etiarn
387 1190 661 1231 perturbationibus
682 1191 807 1229 reliquis
824 1190 981 1221 omnibus.
1005 1191 1043 1219 his
1058 1199 1159 1222 autem

203 1243 314 1264 vacuus
331 1234 463 1266 animm„
483 1230 601 1273 perfecffe
610 1239 697 1273 atque
705 1230 832 1270 absalme
841 1230 932 1260 beatos
941 1231 1042 1273 efficit:
1057 1233 1160 1263 idem—

203 1286 263 1317 que
273 1277 439 1306 concitatus
449 1294 457 1308 ‚
482 1276 513 1303 &
522 1273 680 1304 abstractus
690 1275 724 1303 ab
734 1275 846 1313 integra
858 1293 866 1307 ,
885 1276 1157 1314 certaqueratione,

202 1327 268 1348 non
287 1316 485 1348 constantiam
499 1315 597 1345 solum
609 1317 739 1348 amittit,
760 1315 866 1345 verum
886 1318 975 1345 etiam
989 1315 1153 1347 sanitatem.

201 1361 342 1400 quocirca
359 1358 463 1388 mollis
475 1377 483 1391 ‚
501 1357 534 1387 &
551 1366 691 1386 enervata
701 1357 828 1395 putanda
840 1356 883 1387 est
893 1360 1156 1397 Peripateticorum

203 1404 298 1434 ratio,
320 1400 353 1430 &
372 1401 486 1432 oratio,
506 1399 558 1438 qui
570 1397 730 1438 perturbari
747 1399 854 1427 animos
873 1398 968 1435 neceffit
989 1398 1036 1436 effi
1044 1400 1155 1429 dmum.

200 1443 250 1475 sed
260 1440 393 1471 adhibent
405 1440 517 1469 modum
525 1438 663 1480 quendam
675 1459 683 1471 ,
706 1449 789 1478 quem
798 1440 875 1468 ultra
882 1441 1008 1479 progredi
1017 1452 1068 1470 non
1078 1450 1156 1482 opor—

199 1491 273 1515 teat.
303 1482 435 1512 Modum
456 1490 486 1511 tu
503 1480 626 1510 adhibes
644 1482 721 1510 vitio
740 1482 751 1508 ?
771 1490 808 1509 an
828 1482 939 1510 vitium
961 1483 1083 1512 nullum
1101 1483 1153 1517 est,

199 1535 265 1556 non
283 1533 381 1564 parere
400 1523 528 1553 rationi?
550 1531 588 1551 an
599 1523 673 1551 ratio
683 1530 788 1560 parum
798 1523 931 1561 praecipit
942 1542 950 1554 ‚
971 1533 1027 1553 nec
1038 1524 1154 1554 bonum

197 1566 276 1597 illud
289 1563 347 1594 effe
359 1584 367 1598 ,
388 1563 470 1605 quod
481 1564 638 1603 autcupias
649 1562 784 1592 ardenter
794 1582 802 1596 ‚
820 1572 869 1593 aut
878 1563 1000 1603 adeptus
1012 1563 1115 1594 efferas
1127 1574 1155 1595 te

194 1607 383 1639 insolenter?
402 1615 458 1635 nec
473 1604 565 1645 porro
587 1605 700 1634 malum
716 1624 725 1637 ‚
745 1614 807 1645 quo
827 1613 876 1634 aut
888 1604 1042 1644 opprefl'us
1047 1607 1154 1645 jaceas,

194 1659 266 1683 aut,
289 1658 326 1679 ne
348 1650 538 1688 opprimam,
558 1655 658 1677 mente
667 1649 721 1676 vix
730 1645 846 1676 constes
862 1649 872 1676 ?
893 1657 984 1688 eaque
995 1650 1156 1679 omniaaut

195 1692 293 1722 nimis
310 1689 430 1723 tristia,
460 1697 510 1719 aut
530 1690 624 1718 nitriis
641 1688 705 1718 laeta
724 1698 823 1718 errore
843 1687 930 1718 fieri?
959 1689 1012 1729 qui
1031 1688 1054 1719 fi
1072 1700 1154 1720 error-

195 1732 295 1764 stultis
312 1739 490 1761 extenuetur
500 1731 548 1760 die
559 1749 567 1763 ,
589 1739 621 1760 ut
634 1749 642 1764 ,
662 1728 733 1760 cum
744 1740 788 1774 res
795 1730 900 1760 eadem
911 1739 1030 1761 maneat
1041 1750 1050 1765 ,
1071 1732 1155 1762 aliter

195 1774 294 1805 ferant
314 1775 493 1806 inveterata,
515 1773 600 1801 aliter
617 1773 762 1807 recentia:
783 1775 798 1791 ²
820 1772 963 1811 sapientes
981 1782 1019 1802 ne
1029 1775 1154 1814 attingat

194 1816 324 1858 quidem
342 1816 483 1845 omnino.
506 1815 619 1843 etenim
642 1814 710 1853 quis
732 1815 788 1843 erit
807 1813 927 1843 tandem
947 1814 1058 1843 modus
1078 1814 1148 1845 iste?

197 1866 372 1899 quaeramus
381 1858 464 1886 enim
476 1855 603 1885 modum
615 1854 800 1895 aegritudini's
813 1875 822 1887 ‚
844 1856 876 1884 in
885 1865 943 1895 qua
953 1865 1050 1894 operae
1058 1856 1152 1895 pluri-

196 1909 285 1930 mum
305 1900 437 1938 ponitur.
460 1898 535 1938 aegre
551 1894 647 1926 tulifl‘e
664 1899 695 1926 Ρ.
720 1896 876 1926 Rutilium
894 1896 989 1926 fratris
1002 1898 1150 1936 repulsam

193 1941 369 1972 consulatus
379 1959 389 1974 ,
410 1940 551 1979 scriptum
562 1937 639 1978 apud
650 1939 799 1969 Fannium
809 1937 862 1968 est.
884 1938 933 1968 sed
945 1947 1045 1969 tamen
1056 1947 1151 1969 trans-

193 1981 248 2013 iffe
267 1982 387 2012 videtui·
403 1981 532 2011 'modum
544 1999 554 2014 ,
582 1982 692 2021 quippe
709 1982 761 2020 qui
780 1980 821 2010 ob
840 1989 907 2010 eam
925 1981 1042 2011 causam
1061 1979 1078 2012 ἒι
1093 1984 1150 2012 vita

192 2023 350 2055 recess'erit.
374 2021 557 2054 moderatius
568 2021 741 2062 igiturferre
751 2021 866 2052 debuit.
889 2022 962 2062 quid
972 2020 994 2052 fi
1005 2041 1012 2055 ‚
1032 2021 1104 2053 cum
1116 2023 1147 2053 id

193 2066 285 2097 ferret
295 2063 416 2095 modice
428 2084 437 2098 ‚
450 2074 532 2094 mors
540 2064 706 2093 liberorum
716 2062 892 2094 acceffifl'et?
907 2073 974 2094 nata
983 2063 1054 2095 esset
1062 2066 1148 2105 aegri-

189 2108 268 2139 tudo
278 2117 368 2141 nova,
374 2107 420 2137 sed
430 2116 463 2136 ea
473 2106 594 2136 modica
603 2115 613 2134 :-
622 2114 727 2146 magna
737 2113 837 2136 tamen
846 2105 922 2136 facta
932 2104 1003 2136 effer
1013 2105 1145 2137 acceffio:

193 2149 275 2192 Qid
294 2170 303 2184 ,
334 2148 354 2178 fi
381 2148 490 2178 deinde
508 2148 628 2178 dolores
643 2157 745 2188 graves
767 2149 898 2187 corporis
919 2169 928 2181 ,
955 2147 976 2179 fi
994 2148 1145 2179 bonorum

191 2190 309 2222 arniffio
318 2211 326 2225 ‚
347 2190 366 2220 fi
378 2192 493 2220 caecitas
506 2210 515 2223 ,
540 2187 698 2229 flexilium
710 2208 719 2222 ‚
740 2187 760 2219 fi
771 2198 826 2229 pro
835 2188 957 2231 singulis
966 2190 1054 2229 malis
1063 2193 1147 2231 aegri-

193 2234 313 2264 tudines
330 2232 501 2263 accederent
511 2237 522 2258 ?
543 2232 661 2262 summa
671 2241 703 2261 ea
713 2229 813 2265 fieret,
834 2241 900 2272 quae
910 2241 974 2261 non
986 2231 1146 2263 sustinere-

132 2285 172 2319 13
194 2284 250 2306 tur.
274 2277 335 2317 Qi
356 2274 483 2304 modum
497 2275 587 2315 igitur
597 2275 672 2303 vitio
681 2275 809 2314 quaerit,
830 2272 1064 2307 similiter-facit,
1083 2273 1146 2305 utfi

126 2324 128 2326 '
190 2316 442 2358 poffeputeteum
454 2335 463 2349 ‚
489 2315 775 2356 3quiseeLeucade
794 2317 1040 2356 praecipitaverit,
1059 2316 1148 2346 susti-

193 2361 266 2389 nere
285 2359 328 2392 se,
350 2359 420 2388 cum
438 2358 521 2388 velit.
545 2365 576 2387 ut
595 2359 679 2387 enim
704 2357 734 2387 id
757 2366 820 2387 non
843 2356 1007 2398 potestzsic
1026 2359 1151 2389 animusv

192 2400 377 2441 perturbatus
390 2419 398 2433 ‚
422 2399 454 2429 &
477 2401 616 2429 incitatus
626 2408 664 2428 ne
673 2398 972 2439 cohibere-sepotest,
992 2408 1150 2441 nec‚.<quo1=

192 2444 263 2472 lo'co
286 2442 350 2472 vult
361 2462 368 2475 ‚
395 2439 524 2471 infistere
547 2443 680 2470 omnino
694 2451 700 2469 z
713 2451 827 2482 quaque
838 2442 1150 2483 crefientiaperniciosar

183 2485 257 2524 sirmt
269 2504 277 2516 .
297 2485 392 2512 eadem
407 2484 478 2523 fient
487 2478 591 2523 viriofi
602 2483 753 2522 nas'cenrmss
776 2485 920 2526 aegritudo
930 2493 1028 2513 autem
1040 2503 1048 2517 ,
1068 2494 1148 2523 cete-

190 2535 289 2566 raeque
309 2526 544 2565 perturbationes
563 2524 750 2565 ampiificatae
769 2544 778 2558 ‚
807 2526 886 2555 certe
905 2524 1051 2565 pestiferae
1068 2526 1147 2557 sunt.

188 2569 281 2608 igitur
303 2567 538 2606 ctiamsssusceptae
547 2586 555 2601 ‚
576 2566 724 2597 continuo
735 2569 765 2596 in
777 2576 883 2607 magna
893 2566 981 2606 pestis
991 2576 1071 2607 parte
1081 2578 1148 2599 ver—.

189 2609 298 2639 santur,
331 2611 443 2639 etenim
466 2609 533 2647 ipsae.
554 2609 581 2638 se
602 2608 764 2647 impellunt
782 2628 790 2642 ‚
818 2609 870 2638 ubi
889 2610 980 2638 semel
999 2610 1014 2639 a
1033 2611 1146 2640 ratione

190 2648 302 2682 disceff
300 2661 350 2681 um
362 2650 403 2682 est
416 2661 420 2680 z
432 2649 605 2692 ipsaque-[ibi
616 2649 793 2680 imbecillitas
803 2650 940 2691 indulget,
953 2651 981 2680 in
991 2651 1126 2694 altumqu
1133 2662 1146 2682 e

198 2798 202 2807 '
225 2802 250 2820 1.
270 2797 401 2829 Nunquam
410 2794 469 2819 illud
476 2796 512 2820 ita
527 2795 693 2828 pervulgatum
710 2793 789 2827 effin]
810 2793 878 2820 Pau.
898 2801 1012 2835 quatuor
1021 2795 1141 2831 priores:

187 2838 308 2864 nunquam
317 2834 353 2856 ita
359 2832 524 2864 pervulgatum
533 2832 591 2858 illud
607 2832 668 2864 cffit.
687 2830 834 2866 elegantius
845 2829 981 2858 vietorms
993 2842 999 2858 ;
1021 2841 1149 2868 nunquam,

189 2867 227 2891 fta
231 2873 275 2898 per
283 2867 475 2899 illud'vii.<3va1ur›7
485 2867 546 2899 effer.
831 2869 833 2872 '

948 107 1521 167 Quies-tronum,
1583 115 1737 168 Lini·
1780 118 1870 165 iV.

219 189 405 223 oonstantem
425 206 435 221 ‚
466 187 739 228 continentemque
766 186 906 218 dicii-nus.
941 197 1176 229 nonnumquam

221 236 284 264 haec
299 231 403 262 eadem
423 228 565 260 vocabula
583 229 619 260 ad
639 229 815 270 frugalitatis
835 239 950 260 nomen
962 250 971 263 2
990 238 1128 269 tanquam
1140 231 1175 261 ad

219 282 316 315 caput,
331 270 439 302 referre
453 272 605 303 volumus.
628 271 710 312 quod
720 270 774 301 nifi
784 281 821 301 eo
832 272 958 302 nomine
968 273 1009 304 yii
1017 280 1092 317 tutes
1102 282 1178 302 con—

429 316 439 332 ¹
460 323 627 354 numquam
648 313 724 344 illud
745 316 784 344 ita
804 313 1011 354 pervulgatum
1031 311 1121 348 estet,
1143 323 1176 344 ut

214 358 278 398 jam
289 355 440 396 proverbii
452 355 554 385 locum
569 355 717 386 obtineret
728 375 736 389 ‚
758 365 926 385 HOMINEM
937 364 1043 386 Fauor
1056 365 1174 386 οΜΝιΑ

218 407 330 429 ancre
339 407 481 427 FACERE.
495 398 578 438 quod
592 398 673 427 idem
684 397 757 429 cuni
767 399 863 441 Stoici
870 397 906 427 de
917 397 1046 436 sapiente
1055 398 1172 431 dicunt,

217 441 313 470 nimis
323 440 538 470 admirabiliter
550 459 558 473 ‚
580 439 732 480 nimisque
742 440 901 479 magnince
912 438 1011 469 dicere
1021 439 1171 471 videntur.

156 499 169 524 1
219 485 297 524 Ergo
307 483 344 515 is,
355 481 488 522 quisquis
499 480 552 514 est,
565 484 617 522 qui
627 482 852 514 moderatione,
868 479 1076 511 &constantia
1085 483 1170 521 quie-

179 500 198 533 7
217 533 264 554 tus
284 526 389 554 animo
410 523 471 556 est,
493 522 605 564 sibique
623 523 837 562 ipseplacatus‚
859 530 890 552 ut
900 531 956 552 nec
967 522 1090 553 tabescat
1102 532 1172 552 mo-

214 565 326 599 lesciis,
347 576 402 595 nec
418 565 568 607 frangatur
579 567 707 599 timore,
728 575 783 595 nec
796 563 928 594 sitienter
942 565 1013 604 quid
1028 573 1170 604 expetens

213 609 311 639 ardeat
332 607 499 641 desiderio,
519 617 575 638 nec
593 609 738 637 alacritate
749 606 831 636 futili
838 605 968 647 gestiens
981 606 1170 646 deliquescat‚

216 660 244 680 is
255 660 310 680 asa·
322 658 459 680 SAPIENS
471 669 479 683 ‚
500 659 590 690 quem
602 650 764 690 quaerimus
779 668 788 682 ‚
809 650 834 678 is
845 647 885 679 est
898 648 998 678 beatus
1009 658 1014 677 :
1026 658 1073 677 cui
1088 649 1168 678 nibil

212 693 414 723 humanarum
434 701 534 721 rerum
553 700 602 721 aut
620 690 809 721 intolerabile
819 689 856 720 ad
869 690 1091 723 demittendum
1105 691 1170 720 ani-

212 744 314 768 mum,
327 743 375 764 aut
385 735 478 763 nimis
488 733 614 763 laztabile
624 732 659 762 ad
670 731 856 762 efferendum
865 731 960 761 videti
972 730 1081 771 potest.
1097 731 1169 779 quid

209 778 296 807 enim
315 776 448 806 videatur
467 777 494 804 ei
514 783 657 814 magnum
669 776 702 804 in
713 774 801 805 rebus
811 775 971 806 humanis,
991 776 1169 805 cuiaeterni—

210 827 253 850 tas
269 819 373 847 omnis
393 837 401 850 ‚
423 816 572 856 totiusque
590 815 699 845 mundi
717 824 797 845 nota,
810 813 844 844 sit
861 815 1041 855 magnitudo
1061 818 1072 844 ?
1096 825 1166 846 nam

2059 138 2076 168 1
2088 138 2148 186 09
2159 142 2177 171 1

1217 192 1382 233 provehitur
1400 194 1557 236 imprudens
1568 215 1578 230 ,
1597 199 1766 241 nee-*reperit
1781 198 1875 229 iocum
1883 198 2046 240 consistendi⁷
2070 212 2180 243 quam-

1221 234 1325 264 obrem
1354 237 1433 266 nihil
1453 237 1575 268 interest
1593 258 1601 272 ‚
1630 242 1732 270 utrum
1755 241 1918 273 moderatas
1937 242 2178 282 perturbationes

1219 277 1382 315 approbent
1396 298 1405 312 ,
1424 289 1462 309 an
1472 279 1656 312 moderatam
1672 281 1849 322 injustitiam
1861 305 1871 318 ,
1892 286 2077 316 moderatam
2091 288 2175 328 igna-

1217 326 1297 348 viam
1309 338 1317 352 ‚
1335 320 1520 351 moderatam
1539 322 1811 363 intemperantiam.
1834 327 1887 367 qui
1904 337 1988 358 enim
2012 329 2096 358 vitiis
2114 338 2178 359 mo·-

1215 358 1282 387 dum
1291 368 1422 402 apponit,
1443 370 1580 404 uparrem
1592 364 1711 407 suscipit
1723 375 1872 397 vitiorum.
1895 369 1976 409 quod
1988 368 2058 400 cum
2070 371 2172 410 ipsum

1215 402 1304 439 perse
1316 404 1454 435 odiosum
1466 405 1518 438 est,
1531 414 1596 436 tum
1608 418 1644 437 eo
1657 408 1814 439 molestius
1823 430 1831 444 ‚
1843 412 1912 452 quia
1923 411 2032 442 suntin
2042 412 2174 448 lubrico,

1215 445 1231 469 4
1252 444 1431 484 incitataque
1451 447 1542 476 semel
1554 449 1688 487 proclive
1700 450 1859 485 labuntur,
1880 452 2077 494 sustinerique
2086 455 2176 490 nullo

1217 484 1311 514 modo
1324 485 1452 524 pofl'unt.
1477 490 1572 529 Qid³
1582 490 1664 529 quod
1677 492 1768 526 iidem
1779 495 1964 534 Peripatetici
1975 496 2174 535 perturbatio-

1217 535 1269 556 nes
1288 526 1355 557 istas
1367 547 1374 561 ,
1393 538 1466 568 quas
1478 539 1534 559 nos
1544 532 1747 572 exstirpandas
1762 544 1901 574 putamus
1911 555 1920 569 ,
1940 546 2003 567 non
2015 537 2112 568 modo
2121 548 2174 575 na-

1215 567 1334 598 turaleis
1344 568 1403 599 effe
1413 570 1519 601 dicunt
1530 592 1537 605 ,
1550 573 1598 603 sed
1611 578 1700 605 etiarn
1716 577 1829 607 utiliter
1839 577 1969 613 anatura
1978 579 2081 614 datas?
2098 589 2175 620 quo-

1214 619 1283 639 rum
1300 609 1344 641 est
1365 611 1432 640 talis
1448 615 1556 642 oratio.
1587 615 1725 646 Primum
1745 619 1850 648 multis
1869 620 1969 654 verbis
1986 621 2172 652 iracundiam

1216 651 1353 682 laudant:
1373 662 1450 682 cor
1466 664 1523 684 EM
1542 654 1729 688 fortitudinis
1749 658 1806 689 ess'e
1827 661 1951 694 dicunt,
1971 662 2172 703 multoque&

1213 694 1246 722 in
1267 692 1383 723 hostem
1397 713 1405 726 ‚
1426 695 1458 724 ὃς
1477 697 1652 735 improbum
1663 701 1762 730 civem
1775 703 2014 735 vehementiores
2027 705 2171 739 iratorum

1213 736 1341 774 impetus
1360 734 1433 766 effe:
1447 737 1539 767 leveis
1555 748 1654 769 autem
1666 743 1843 773 ratiunculas
1856 754 1963 774 eorum
1974 765 1983 778 ,
2005 747 2056 786 qui
2069 748 2108 776 ita
2117 756 2171 776 co-

1208 778 1353 817 gitarent:
1372 778 1514 817 proelium
1534 780 1649 811 reetum
1669 782 1710 812 est
1729 785 1786 814 hoc
1805 783 1889 814 ficri:
1911 789 2058 817 convenit
2073 787 2171 818 dimi·

1210 828 1274 848 care
1293 828 1346 858 pro
1364 819 1478 860 legibus
1491 840 1500 853 ‚
1521 831 1576 860 pro
1595 823 1729 854 libertate
1742 845 1750 858 ‚
1771 835 1824 864 pro
1842 829 1943 866 patria.
1967 829 2029 863 haec
2050 829 2167 865 nullam

1211 859 1321 890 habent
1343 862 1428 894 vim,
1453 861 1508 892 nisi
1527 865 1568 894 ira
1585 865 1749 896 excanduit
1770 867 1926 899 fortitudo.
1957 880 2014 900 nec
2032 870 2104 901 vero
2127 871 2168 901 de

1210 901 1403 932 bellatoribus
1420 902 1521 934 solum
1539 905 1698 945 disputant.
1730 909 1847 947 imperia
1859 910 2001 948 severiora
2018 913 2095 942 nulla
2116 912 2167 950 eff}

1207 951 1312 983 putant
1324 944 1383 984 fine
1400 945 1502 986 aliqua
1522 946 1675 977 acerbitate
1684 949 1830 979 iracundia
1842 962 1852 977 .·
1869 962 2017 984 oratorem
2029 954 2165 995 denique

1207 995 1270 1015 non
1288 985 1385 1016 modo
1396 988 1580 1018 accusantem
1593 1010 1601 1022 .
1621 990 1670 1021 sed
1685 1001 1723 1022 ne
1733 991 1949 1023 defendentem
1962 995 2085 1034 quidem
2097 1006 2169 1035 pro-r

1207 1027 1277 1057 bant
1286 1026 1347 1058 fine
1356 1029 1466 1059 aculeis
1476 1030 1647 1062 iracundiae.
1669 1042 1734 1072 quae
1743 1036 1834 1064 etiam
1847 1033 1866 1064 si
1877 1045 1941 1065 non
1952 1035 2023 1067 adsit
2032 1056 2040 1070 ,
2063 1047 2164 1068 tamen

1206 1069 1304 1109 verbis
1315 1089 1324 1104 ‚
1342 1079 1429 1111 atque
1451 1081 1536 1102 moru
1547 1071 1743 1105 simulandam
1755 1075 1935 1108 arbitrantur
1945 1098 1956 1111 ,
1977 1087 2010 1108 ut
2019 1079 2165 1115 auditoris

1204 1111 1279 1141 iram
1299 1115 1426 1142 oratoris
1445 1114 1584 1144 incendat
1603 1114 1693 1145 aCtio.
1717 1118 1819 1149 virum
1840 1118 1970 1160 denique
1988 1120 2084 1150 videri
2108 1131 2163 1151 ne-

1201 1162 1271 1193 gant
1289 1173 1298 1186 ‚
1319 1155 1372 1194 qui
1390 1155 1473 1185 irasci
1493 1156 1610 1186 nesciat.
1642 1167 1766 1199 eamque
1786 1179 1794 1192 ,
1816 1169 1906 1200 quam
1929 1160 2083 1193 lenitatem
2105 1172 2165 1194 nos

1202 1194 1332 1225 dicimus
1345 1215 1353 1228 ,
1374 1197 1485 1227 vitioso
1503 1197 1677 1228 lentitudinis
1696 1203 1824 1232 nomine
1843 1203 2008 1243 appellant,
2025 1213 2081 1240 nec
2092 1203 2168 1238 vero

1202 1235 1300 1266 solum
1323 1238 1399 1268 hanc
1418 1238 1580 1269 libidinem
1602 1241 1721 1271 laudant
1738 1242 1748 1280 (
1765 1242 1807 1273 est
1821 1246 1906 1274 enim
1930 1246 2043 1280 iraLut
2064 1245 2162 1280 modi),

1202 1277 1351 1314 definivi,
1374 1279 1536 1318 ulciscendi
1556 1282 1676 1323 libido)
1699 1283 1747 1315 sed
1766 1284 1953 1324 ipsumillud
1962 1287 2166 1327 genusyelli-

1200 1319 1313 1351 bidinis
1326 1341 1335 1354 ‚
1357 1322 1406 1352 vel
1424 1322 1593 1362 cupiditatis
1602 1323 1637 1354 ad
1649 1325 1799 1356 summam
1810 1327 1972 1360 utilitatem
1984 1326 2042 1358 effe
2053 1328 2160 1359 dicunt

1198 1360 1213 1391 a
1224 1371 1326 1393 natura
1336 1362 1439 1394 datum
1451 1375 1456 1394 z
1477 1365 1561 1395 nihil
1571 1368 1668 1397 ,enim
1675 1376 1859 1408 quemquam
1873 1376 1885 1402 ,ζ
1895 1367 1950 1402 nisi
1965 1370 2047 1410 quod
2058 1371 2159 1404 libeat.

1197 1404 1334 1443 praeclare
1351 1404 1449 1445 facere
1468 1405 1560 1446 pofi'e-
1584 1407 1677 1442 noctu
1697 1406 1868 1449 ambulabat
1891 1412 1923 1442 in
1943 1411 2066 1454 publico
2076 1414 2160 1442 The-

1199 1445 1353 1476 mistocles
1366 1467 1374 1479 ‚
1395 1447 1479 1487 quod
1497 1448 1642 1479 somnum
1662 1460 1764 1490 capere
1788 1461 1852 1481 non
1872 1451 1968 1491 poss‘et
1982 1457 2161 1494 :quaerenti-

1198 1486 1311 1528 busque
1335 1488 1550 1527 respondebat,
1570 1491 1717 1521 Miltiadis
1739 1492 1895 1532 rr-opaeasee'
1906 1494 2003 1533 somno
2013 1495 2159 1533 suscitari.

1197 1530 1245 1558 cui
1265 1538 1330 1559 non
1354 1530 1422 1559 sunt
1443 1530 1551 1561 auditae
1569 1532 1789 1563 Demosthenis
1808 1535 1942 1575 vigilias?
1963 1537 2016 1575 qui
2033 1536 2118 1565 dolere
2132 1538 2163 1576 [ὲ

1197 1568 1292 1608 ajebat
1302 1588 1311 1603 ‚
1328 1570 1357 1610 fi
1372 1571 1488 1611 quando.
1499 1572 1632 1613 opificum
1648 1573 1817 1607 antelucana
1837 1574 1934 1608 vista&
1945 1575 2161 1613 effetindustrta.

1195 1611 1395 1650 philosophiae
1422 1612 1553 1653 denique
1579 1612 1670 1652 ipsius
1686 1618 1836 1656 principes
1854 1626 2023 1657 numquam
2044 1620 2076 1648 in
2101 1619 2163 1649 suis

1198 1651 1307 1682 studiis
1337 1661 1436 1684 tantos
1462 1653 1629 1696 progress'us
1647 1655 1708 1686 fine
1725 1656 1859 1697 flagranti
1881 1649 2043 1698 cupiditate
2065 1658 2162 1697 facere

1196 1693 1370 1734 potuissent.
1394 1695 1517 1726 ultimas
1541 1704 1630 1727 terras
1651 1696 1784 1730 iustrafl'e
1800 1700 1998 1740 Pythagoram
2011 1720 2020 1734 ‚
2041 1704 2162 1733 Demo-

1194 1738 1304 1766 critum
1325 1756 1333 1769 ‚
1351 1736 1508 1768 Platonem
1531 1741 1710 1779 accepimus.
1752 1739 1801 1770 ubi
1824 1742 1897 1769 enim
1920 1741 2064 1782 qu'idqusd
2080 1742 2154 1781 fft,

1195 1776 1270 1817 quod
1278 1777 1348 1816 disci
1354 1777 1439 1819 poſj'et
1448 1798 1457 1813 ,
1469 1778 1496 1808 eb
1507 1780 1692 1819 veniendumj
1699 1783 1903 1813 udicaverunt.
1927 1793 2004 1813 num
2015 1794 2156 1824 putamus

1195 1820 1258 1848 liaec
1277 1817 1342 1848 fieri
1361 1818 1422 1850 fine
1442 1820 1566 1859 summo
1587 1823 1761 1862 cupiditatis
1771 1823 1876 1854 ardore
1887 1823 2036 1864 potuisse?
2057 1828 2157 1866 Ipsam,

1194 1859 1417 1899 aegritudinem,
1427 1871 1518 1902 quam
1528 1872 1585 1892 nos
1595 1872 1627 1894 ut
1637 1872 1739 1895 tetram
1752 1884 1760 1898 ,
1787 1865 1820 1894 δε
1829 1875 1999 1897 immanem
2009 1867 2154 1903 belluam,

1190 1900 1366 1941 fugiendam
1379 1899 1437 1932 effe
1444 1902 1580 1934 diximus
1591 1924 1599 1937 ‚
1624 1915 1687 1936 non
1698 1904 1760 1936 fine
1770 1915 1877 1947 magna
1891 1908 2016 1938 utilitate
2026 1908 2042 1939 a
2050 1919 2153 1941 natura

1193 1942 1301 1973 dicunt
1308 1941 1503 1974 constitutam
1515 1963 1524 1977 ‚
1545 1948 1559 1972 5
1570 1955 1600 1976 ut
1611 1946 1752 1977 homines
1761 1947 2008 1989 castigationibus
2019 1971 2028 1984 ‚
2051 1961 2157 1992 repre-2

1191 1983 1406 2018 henfionibust,
1423 1987 1604 2026 ignominiis
1628 1986 1706 2019 affici
1716 1988 1789 2019 sein
1799 1989 1912 2022 delicio
1924 1991 2075 2026 dolerent.
2097 1994 2155 2022 im-

1187 2027 1305 2067 punitas
1324 2027 1408 2056 e'nim
1428 2035 1602 2068 peccatorum
1619 2030 1689 2060 data
1708 2029 1823 2060 videtu»-
1841 2033 1892 2067 ει),
1912 2043 1964 2073 qus
1981 2034 2017 2070 (2-
2030 2034 2153 2075 ignomi—

1190 2068 1288 2101 niam,
1310 2067 1345 2101 ὠν
1365 2068 1519 2107 infamiam
1528 2066 1703 2109 ftrusirssne÷
1717 2071 1815 2101 dolore.
1839 2077 1972 2109 morderi
1987 2075 2030 2105 est
2042 2078 2155 2107 melius

1189 2109 1380 2141 conscientia.
1403 2108 1419 2130 ⁶
1430 2120 1468 2141 ex
1487 2121 1548 2151 quo
1568 2112 1612 2143 est
1629 2113 1708 2144 illud
1728 2113 1818 2148 evita
1826 2114 1954 2147 ductum
1967 2117 2003 2149 ab
2014 2116 2156 2149 Afranio.

1189 2161 1260 2182 nam
1269 2150 1339 2182 cum
1350 2150 1509 2183 dissolutus
1522 2151 1603 2184 filius
1613 2173 1622 2188 ,
1996 2162 1999 2165 “

1281 2198 1294 2222 7
1305 2195 1372 2224 Hm,
1388 2204 1431 2227 me
1450 2195 1582 2234 miserum
1592 2215 1602 2230 ,

1188 2243 1256 2266 tum
1271 2235 1390 2266 severus
1398 2245 1482 2275 pater
1492 2257 1501 2270 ‚
1622 2267 1624 2270 ,

1283 2277 1554 2310 ‘Dummodadoleat
1571 2279 1686 2322 aliquid
1698 2280 1818 2315 ..doleat
1835 2284 1909 2324 quod
1928 2284 2013 2313 itabat,

1191 2319 1334 2359 Reliquas
1354 2329 1477 2360 quoque
1494 2324 1602 2361 parteis
1620 2324 1806 2364 aegritudinis
1817 2345 1826 2359 ,
1845 2325 2021 2361 utileiseffe
2032 2326 2148 2362 dicunt,

1175 2379 1177 2383 -
1194 2369 1482 2393 MISE-RJCORDJAM
1501 2363 1536 2394 ad
1559 2374 1650 2404 opem
1662 2364 1819 2403 ferendam
1832 2387 1841 2402 ‚
1861 2367 2082 2401 &calamitates
2093 2371 2157 2404 hor,

1192 2404 1315 2433 minum
1338 2403 1536 2445 indignorum
1550 2406 1765 2441 sublevandas-z
1786 2409 1886 2449 ipsum
1902 2410 1983 2451 'illud
2004 2411 2155 2446 aemulam,

1191 2444 1354 2476 obtreetare
1365 2465 1373 2479 ‚
1396 2456 1463 2479 non
1482 2445 1541 2483 effe
1550 2449 1660 2488 inutile
1672 2468 1682 2484 ‚
1701 2450 1773 2481 cum
1787 2460 1837 2485 aut
1848 2451 1876 2481 se
1887 2461 1949 2481 non
1959 2450 2041 2482 idem
2053 2451 2155 2489 videat

1191 2489 1386 2519 consecutum
1405 2508 1414 2522 ‚
1442 2489 1526 2530 quod
1546 2489 1639 2522 alium
1655 2510 1663 2524 ‚
1691 2500 1741 2525 aut
1758 2492 1853 2526 alium
1873 2492 1955 2523 idem
1970 2494 2082 2534 ,quod
2100 2495 2129 2525 se
2141 2505 2156 2527 z,

1192 2538 1318 2560 Mitt-um
1340 2530 1522 2572 verosiquis
1533 2531 1713 2567 sustuliss'et,
1737 2543 1864 2565 omnem
1878 2536 1946 2565 vitae
1956 2534 2148 2576 diligentiam

1195 2570 1340 2602 sublatam
1359 2571 1425 2613 fore
1437 2593 1446 2606 ‚
1465 2583 1533 2613 quae
1550 2574 1669 2606 summa
1686 2574 1757 2605 css'et
1777 2578 1810 2606 in
1828 2577 1891 2610 eis,
1913 2577 2072 2618 quiieges,
2095 2580 2154 2619 qui

1192 2612 1381 2654 magistratus
1401 2634 1410 2648 ,
1438 2617 1490 2655 qui
1510 2624 1711 2655 paupertatem
1731 2637 1740 2651 ,
1769 2619 1821 2657 qui
1842 2620 2046 2659 ignominiam
2067 2639 2076 2653 ,
2097 2622 2152 2661 qui

1169 2689 1171 2692 Α
1193 2663 1323 2686 mortem
1337 2676 1345 2689 ‚
1360 2658 1411 2697 qui
1424 2656 1564 2687 dolorem
1574 2659 1725 2689 timerent.
1748 2660 1811 2690 haec
1824 2668 1924 2692 tamen
1936 2662 1975 2691 ita
1984 2661 2150 2702 disputant,

2111 2713 2151 2737 ut,

1225 2804 1250 2829 5.
1271 2799 1300 2821 Ut
1309 2797 1411 2822 homines
1420 2798 1634 2831 castrationibus]
1659 2799 1722 2826 Non
1733 2798 1813 2826 aufim
1825 2799 1921 2834 ejicere
1931 2804 1961 2829 τὸ
1970 2802 2080 2828 homines.
2090 2800 2151 2828 illi-

1186 2840 1237 2868 que
1248 2832 1403 2860 substituere
1413 2838 1442 2860 τὸ
1452 2843 1537 2860 omncs.
1559 2834 1629 2869 quod
1640 2835 1726 2861 exstat
1735 2836 1761 2862 iu
1773 2836 1891 2872 quinque
1902 2837 1970 2864 Pali.
1982 2837 2044 2865 Fab.
2060 2837 2150 2865 Vatic.

1185 2869 1228 2894 cd.
1240 2869 1364 2895 Vitiorii.
1385 2869 1455 2905 quod
1467 2870 1531 2897 item
1542 2870 1566 2897 se
1577 2879 1683 2898 tueatur
1694 2878 1761 2898 vett.
1771 2872 1937 2900 editionibus
1945 2892 1954 2906 ,
1964 2873 2078 2910 huicque
2089 2873 2150 2902 loco

201 2905 205 2909 “
226 2909 255 2927 2.
272 2905 392 2934 Sapientes
401 2912 430 2928 ne
439 2905 545 2936 attingat
553 2903 671 2937 quidem]
691 2901 826 2929 Vhstorius
838 2913 844 2929 ε
862 2902 899 2929 ita
909 2904 937 2929 Sc
949 2910 1002 2930 vet.
1013 2903 1072 2930 cod.
1083 2913 1141 2930 cum
1187 2905 1284 2941 aptius.

190 2935 263 2977 Pau:
271 2946 310 2973 pr.
320 2937 369 2964 sec.
380 2946 443 2965 terti
454 2947 542 2976 quart,
555 2940 760 2973 Varie-‚sivimus
769 2949 797 2965 ne
807 2942 918 2973 attingat.
930 2940 987 2966 Pal.
998 2940 1085 2975 quint.
1098 2941 1143 2974 sa·
1171 2946 1173 2955 ¹

188 2975 274 3005 Ρίιηιω
284 2974 374 3006 quidem
382 2983 410 2999 ne
420 2978 522 3008 attingat
531 2976 631 3001 omninb.

1223 2941 1251 2967 6.
1275 2943 1315 2967 Ex
1324 2952 1366 2976 quo
1375 2945 1410 2969 eff
1417 2943 1476 2968 illud
1482 2947 1493 2968 e
1502 2943 1559 2968 vird
1568 2944 1662 2969 duflum
1672 2945 1702 2970 ab
1711 2945 1850 2980 cAfianim]
1871 2945 1900 2971 N
1903 2955 1936 2972 οη
1948 2946 2051 2982 reperio
2063 2946 2148 2973 ullum

1188 2978 1325 3011 vestigium
1345 2979 1371 3004 iii
1385 2979 1478 3005 nostris
1496 2979 1575 3004 codd.
1593 2980 1788 3008 emendationis
1808 2981 1932 3008 Lambin.
1951 2991 1980 3008 ex
1997 2993 2040 3017 quo
2049 2982 2151 3009 cniund

229 3016 256 3042 3-
275 3010 323 3040 Q!
337 3010 497 3042 jeeLeucade
511 3012 694 3046 precipiunt]
716 3011 848 3039 Vet.c0cl.
861 3012 977 3048 quinque
988 3011 1044 3039 Pal.
1058 3012 1144 3040 Vatic.
1182 3014 1337 3046 sbiiidiffnm
1355 3016 1384 3040 ab
1393 3016 1461 3048 eAft.
1481 3014 1549 3042 solus
1561 3016 1618 3043 Pal.
1637 3017 1726 3053 quint.
1745 3026 1806 3044 cum
1818 3018 1939 3045 Vaticaii.
1958 3020 2046 3045 mitia.
2066 3018 2148 3046 Fubr.

190 3043 202 3069 ὲ
212 3044 330 3070 Limata.

228 3087 256 3112 4.
274 3082 425 3114 imitataque
445 3082 800 3126 smel-procliuelabamur]
832 3085 990 3118 Conjccerat
1010 3085 1058 3111 lioc
1079 3084 1144 3111 olim
1172 3081 1173 3085 ¹

192 3115 222 3141 P.
237 3115 392 3148 Lambinus,
411 3118 592 3153 exstatquev'in
603 3119 670 3146 Pau.

190 3150 439 3193 Fabsemelproclivi
447 3155 497 3181 lab.
510 3153 589 3191 vulg&
595 3173 603 3188 ,
611 3157 639 3183 in
644 3158 760 3191 procli-rea

1171 3156 1173 3161 ”
1190 3157 1325 3188 inserirur.

1200 3057 1253 3075 tem
1265 3050 1339 3076 deli-t
1349 3052 1389 3076 ab.

1189 3059 1197 3075 ι
1225 3094 1251 3120 7.
1279 3088 1503 3121 lii-umemiserum:
1521 3095 1571 3113 mm
1582 3088 1683 3122 scmus
1698 3090 1794 3124 pater.]
1816 3089 1905 3118 Rec'te
1916 3090 1949 3117 fic
1958 3090 2044 3117 edidit
2052 3089 2149 3117 Victo-

683 3130 721 3156 pr.
735 3122 824 3157 quirit.
843 3120 940 3159 reliqui
950 3130 1010 3150 cum
1021 3121 1106 3151 Vatic.
1119 3122 1146 3148 ὃς
1191 3121 1244 3147 rius
1256 3121 1408 3151 consensum
1418 3124 1509 3154 naetus
1520 3125 1639 3161 quinque
1648 3125 1717 3154 Pall.
1737 3127 1828 3164 inepte
1837 3127 1894 3164 post
1912 3129 2020 3164 miserum
2030 3146 2040 3161 ‚
2059 3126 2152 3160 dixffl'et

1500 3186 1704 3236 Y'yxy'yyi
2061 3177 2155 3232 *ms

2198 505 2237 539 19
