2295 3400
206 121 305 160 202.
590 107 1148 155 -⁴M.·Tut.r.11

199 193 233 224 δε
243 195 276 223 in
285 201 336 222 ore
346 190 489 221 omnium
501 188 635 231 quotidie
645 187 828 219 versabatur:
853 189 947 230 magis
966 196 998 217 ut
1016 187 1161 218 exsultare

199 235 327 266 visitoria
337 233 502 263 nobilitatis
513 232 684 263 videretur,
701 240 792 272 quam
803 233 908 260 timere
920 250 928 264 ,
948 240 987 260 ne
998 229 1071 270 quid
1082 238 1120 259 ex
1130 238 1163 258 ea

195 277 372 308 calamitatis
394 273 446 303 sibi
465 273 616 304 accideret.
650 275 741 302 Erant
752 274 779 302 ei
790 281 903 303 veteres
913 273 1082 302 inimicitiae
1091 281 1162 301 cum

199 318 318 350 duobus
330 317 449 347 Rosciis
460 316 612 345 Amerinis
625 334 633 347 ,
645 324 776 355 quorum
790 315 917 345 alterum
928 314 1027 344 sedere
1037 316 1070 344 in
1078 323 1163 343 accu-

202 362 332 391 satorum
344 358 488 389 subselliis
498 356 588 386 vidco
600 368 609 390 3
620 356 747 386 alterum
758 358 812 386 tria
822 357 873 393 huj
879 357 944 386 usce
956 355 1065 396 praedia
1074 354 1164 396 poffi-

201 403 269 432 dere
287 400 388 431 audio.
414 409 483 441 quas
500 399 677 428 inimicitias
688 397 778 428 sitam
791 408 887 427 cavere
896 396 1054 438 potuisset,
1073 397 1163 438 quam

201 451 321 473 metuere
330 441 451 474 solebat,
463 442 587 470 viveret.
612 443 720 480 Neque
731 442 826 474 enim,
839 441 850 479 j
855 439 968 473 udices,
979 440 1090 479 injuria
1099 449 1165 469 me—

201 485 308 515 tuebat.
322 493 393 514 nam
403 483 464 513 duo
474 481 523 512 isti
533 482 600 512 sunt
610 484 651 512 T.
663 482 778 516 Roscii,
791 492 924 523 quorum
934 482 1017 512 alteri
1027 483 1164 521 Capitoni

201 536 377 566 cognomen
388 524 444 554 est:
464 523 518 554 iste
528 544 536 557 ,
549 526 602 564 qui
611 522 690 553 adest
699 544 708 557 ‚
728 526 856 566 Magnus
867 533 1003 554 vocatur:
1024 525 1165 554 homines

199 567 351 608 ejusmodi
364 577 369 595 :
390 567 462 596 alter
478 566 679 606 plurimarum
697 566 866 606 palmarum
884 575 968 596 vetus
981 586 990 599 ,
1010 576 1043 595 ac
1052 565 1166 595 nobilis

201 609 347 651 gladiator
356 608 489 638 habetur:
501 609 550 638 hic
561 617 660 637 antem
672 617 767 647 nuper
777 609 806 638 se
816 608 850 638 ad
863 618 933 638 eum
946 607 1081 638 lanistam
1092 617 1166 637 con-

201 651 280 684 tulit,
293 652 345 692 qui
355 648 427 680 cum
435 659 502 680 ante
513 651 588 679 hanc
596 659 728 690 pugnam
742 653 751 669 ¹
766 650 820 679 tiro
832 648 903 679 ess'et
914 650 1036 680 scientia
1047 670 1055 682 ‚
1075 648 1163 679 facile

202 693 300 732 ipsum
312 691 488 733 magistrum
498 692 615 725 scelere,
626 691 802 732 audaciaque
814 692 970 731 superavit.
999 694 1080 721 Nam
1092 689 1164 721 cum

200 736 252 764 hic
262 737 330 765 Sex.
341 734 472 764 Roscius
482 731 553 763 ess'et
563 735 693 763 Ameriae
703 753 711 767 ‚
737 736 775 763 T.
786 743 887 763 autem
897 732 951 763 iste
960 733 1087 763 Roscius
1099 735 1164 762 Ro-

203 786 262 807 ma:
276 787 281 806 ι
301 775 375 806 cum
385 775 434 805 hic
444 774 524 805 filius
533 773 658 805 affiduus
668 777 701 804 in
712 775 829 814 praediis
839 773 920 808 ess'et,
930 785 1058 815 cumque
1070 775 1099 805 se
1109 784 1165 803 vo—

202 821 318 849 luntate
327 819 417 858 patris
427 819 470 847 rei
488 816 628 847 familiari
640 837 649 849 ,
670 819 799 857 vitaeque
817 816 931 846 rusticae
948 814 1072 846 dediss'et
1084 827 1089 845 z
1112 815 1165 845 iste

201 868 303 891 autem
312 859 451 900 frequens
462 861 572 889 Romae
591 857 662 888 ess'et
674 869 680 887 :
703 858 849 888 occiditur
866 857 901 888 ad
922 858 1041 887 balneas
1060 857 1166 887 Palati—

203 912 267 935 nas,
277 901 395 932 rediens
404 900 420 931 a
431 910 517 931 coena
527 904 633 931 Sextus
643 900 787 929 Roscius.
811 903 901 939 Spero
911 909 949 928 ex
959 900 1017 929 hoc
1026 899 1090 939 ipso
1100 909 1165 928 non

204 942 261 974 esse
273 943 447 976 obscurum,
460 942 494 972 ad
505 952 594 983 quem
602 942 719 981 fiaspicio
730 941 861 979 maleficii
870 942 1024 980 pertineat.
1049 939 1164 970 Verum

203 985 249 1019 id,
262 985 343 1027 quod
352 984 447 1015 adhuc
458 983 501 1014 est
512 984 719 1023 suspiciosum,
732 981 786 1012 nisi
796 983 985 1023 perspicuum
995 992 1040 1012 res
1052 982 1112 1022 ipsa
1122 981 1165 1011 fe-

203 1028 293 1060 cci-it,
313 1028 395 1056 hunc
404 1025 526 1056 affinem
537 1026 629 1064 culpae
643 1024 812 1062 judicatote.
847 1024 952 1054 Occiso
962 1027 1029 1054 Sex.
1042 1023 1163 1057 Roscio,

203 1070 321 1109 primus
331 1070 483 1098 Ameriam
496 1069 617 1097 nunciat
627 1070 641 1085 ²
655 1067 777 1096 Mallius
789 1066 912 1096 Glaucia
921 1066 1057 1106 quidam,
1070 1067 1165 1096 horno

204 1111 303 1141 tenuis
315 1130 323 1143 ,
335 1110 491 1139 libertinus
503 1129 511 1141 ,
526 1109 618 1138 cliens
631 1128 639 1142 ‚
662 1109 695 1138 ὃς
712 1107 869 1138 familiaris
888 1107 972 1137 istius
992 1110 1031 1138 T.
1044 1108 1164 1139 Roscii:

167 701 186 735 “xl

206 1151 241 1182 &
251 1153 368 1181 nuntiat
377 1151 516 1184 domum,
528 1160 591 1180 non
603 1148 669 1183 filii,
683 1149 729 1179 sed
741 1152 780 1179 T.
791 1151 956 1189 capitonis,
968 1151 1089 1179 inimici
1101 1159 1106 1177 :
1120 1149 1162 1182 &,

204 1203 275 1224 cum
285 1191 352 1233 post
361 1194 464 1222 horam
476 1194 606 1232 primam
617 1190 717 1221 nouis
727 1192 842 1221 occisus
853 1189 923 1221 effer
934 1211 942 1224 ‚
965 1193 1066 1230 primo
1086 1190 1166 1220 dilu-

205 1235 275 1264 culo
295 1235 422 1264 nuncius
442 1235 491 1263 hic
510 1235 666 1263 Ameriam
682 1234 775 1263 venit.
798 1233 903 1262 decem
914 1234 995 1262 horis
1006 1231 1164 1262 noum-nis

204 1276 257 1306 sex
268 1276 525 1317 &quinquaginta
535 1275 632 1305 millia
648 1274 783 1315 paffuum
801 1272 878 1304 cisiis
897 1274 1082 1314 pervolavit5
1101 1284 1163 1303 non

205 1316 302 1348 modo
313 1326 344 1347 ut
360 1325 524 1359 exoptatum
542 1317 654 1346 inimico
674 1317 809 1345 nuntium
825 1318 941 1356 primus
960 1315 1093 1348 afferret,
1115 1315 1163 1344 sed

204 1361 296 1390 etiam
314 1369 452 1389 cmorem
472 1360 608 1392 inimici,
631 1357 722 1399 quarn
732 1356 966 1387 recentissimum
978 1378 986 1390 ‚
1010 1357 1163 1398 telumque

203 1399 307 1442 paullo
327 1401 395 1430 ante
417 1400 433 1430 ὲ
453 1410 577 1440 corpore
595 1399 762 1430 excraetum
776 1398 952 1429 ostenderet.
984 1398 1160 1440 Qatriduo,

204 1453 266 1484 quo
276 1443 338 1472 haec
347 1441 426 1483 gesta
435 1442 514 1475 sunt,
526 1452 570 1472 res
581 1441 616 1471 ad
627 1442 857 1482 Chrysogonum
868 1442 901 1470 in
912 1442 1001 1471 castra
1012 1443 1084 1471 Luc.
1098 1441 1164 1470 Sul-

204 1486 241 1515 1ae
251 1484 416 1514 Volaterras
426 1483 557 1513 defertur
568 1494 574 1512 :
597 1484 773 1524 magnitudo
784 1485 918 1523 pecuniae
928 1481 1145 1512 demonstratur
1158 1492 1163 1511 :

204 1525 325 1557 bonitas
343 1525 526 1567 praediorum
538 1545 546 1559 ,
567 1525 650 1564 (nam
668 1524 782 1554 fundos
794 1524 898 1554 decem
911 1524 943 1554 δε
954 1526 1022 1554 treis
1033 1524 1163 1564 reliquit,

205 1569 257 1609 qui
277 1567 417 1598 Tiberim
435 1566 497 1597 fere
517 1577 625 1597 omnes
643 1566 778 1608 tangunt)
797 1567 847 1605 huj
854 1575 885 1596 us
896 1566 989 1607 inopia
1002 1566 1163 1605 &sbiitudo

206 1617 470 1639 commemoratur.
481 1608 698 1642 demonstrant,
711 1618 780 1638 cum
789 1617 870 1648 pater
879 1608 1012 1646 hujusce,
1020 1611 1087 1638 Sex.
1098 1609 1162 1637 Ro—

203 1652 292 1684 scius,
303 1652 398 1680 homo
409 1650 469 1680 tam
478 1650 650 1690 splendidus
660 1670 669 1684 ,
687 1651 719 1680 ὃς
729 1650 871 1690 gratiosus
881 1669 889 1683 ,
902 1650 988 1679 nullo
998 1651 1120 1690 negotio
1131 1648 1164 1679 sit

205 1693 330 1726 occisus,
340 1691 478 1732 perfacile
489 1693 570 1722 hunc
581 1693 754 1724 hominem,
769 1695 781 1718 3
794 1691 997 1724 incautum&
1008 1691 1162 1724 rusticum,

207 1734 242 1764 δε
251 1737 360 1764 Romae
370 1735 509 1775 ignotum
520 1754 528 1767 ,
540 1734 576 1763 de
588 1734 692 1763 medio
702 1733 768 1763 tolli
780 1731 872 1773 poise-
896 1733 931 1762 ad
941 1743 1007 1763 eam
1017 1743 1079 1763 rem
1092 1743 1162 1773 ope—

206 1785 269 1806 ram
281 1776 362 1805 suam
370 1776 560 1815 pollicentur.
583 1778 657 1805 4Ne
677 1775 789 1805 diutius
808 1784 862 1804 vos
878 1783 995 1805 teneam
1008 1795 1016 1808 ,
1033 1775 1160 1814 judices,

170 1812 188 1845 3
207 1818 329 1848 societas
339 1820 444 1847 coitur.
469 1821 481 1843 5
492 1816 570 1847 Cum
580 1819 641 1857 jam
652 1817 877 1856 proscriptionis
889 1818 1006 1846 mentio
1015 1817 1098 1846 nuila
1111 1815 1163 1846 fie—

203 1868 258 1893 ret,
273 1860 305 1889 &
317 1857 388 1888 cum
398 1860 488 1888 etiam
498 1860 550 1900 qui
559 1859 644 1889 ante-21
655 1867 834 1891 metuerant,
845 1857 986 1890 redirent,
999 1858 1098 1897 acjam
1112 1858 1163 1888 de-

205 1900 328 1930 funStos
349 1901 407 1931 sese
424 1901 563 1940 periculis
572 1901 792 1930 arbitrarentur:
815 1901 950 1929 hominis
961 1899 1162 1929 studiosissimi

206 1943 372 1972 nobilitatis
383 1952 521 1982 manceps
534 1940 566 1972 fit
577 1942 797 1983 Chrysogonus.
821 1943 874 1971 tria
891 1941 1000 1980 praedia
1014 1942 1061 1971 vel
1072 1942 1162 1971 nobi-

204 1982 312 2014 lislima
323 1985 460 2024 Capitoni
470 1985 587 2024 propria
597 1984 752 2014 traduntur
763 2004 770 2017 ,
790 1992 855 2024 quae
867 1983 956 2013 hodie
967 1981 1091 2023 possidet
1103 1993 1109 2012 :
1129 1986 1161 2013 in

202 2026 331 2067 reliquas
351 2027 471 2055 omneis
491 2025 625 2056 fortunas
644 2025 697 2055 iste
709 2028 747 2056 T.
758 2025 885 2055 Roscius
896 2027 1021 2054 nomine
1034 2026 1162 2064 Chryso—

203 2070 287 2109 goni,
299 2067 556 2108 quemadmodum
569 2068 629 2107 ipse
640 2067 721 2101 dicit,
733 2069 882 2107 impetum
890 2065 969 2096 facit.
995 2064 1012 2086 ⁶
1024 2069 1096 2096 Haec
1108 2067 1161 2096 bo-

202 2120 243 2140 na
253 2110 380 2150 sexagies
391 2118 427 2138 Η-
435 2119 456 2137 s.
469 2118 612 2138 emuntur
620 2108 737 2138 duobus
751 2108 889 2137 millibus
900 2106 1075 2137 nummum.
1088 2111 1161 2139 Haec

204 2152 311 2180 omnia
320 2170 328 2184 ,
344 2150 460 2189 judices
472 2170 479 2184 ‚
497 2150 667 2192 imprudente
679 2152 700 2178 L
709 2170 716 2178 .
728 2150 808 2179 Sulla
811 2148 895 2188 fasta
905 2148 962 2178 effe
972 2154 986 2177 7
997 2149 1074 2179 certe
1088 2150 1156 2180 scio.

203 2195 313 2232 Neque
322 2193 405 2221 enim
416 2194 613 2224 mii·um,cum
623 2191 732 2220 eodem
743 2200 877 2230 tempore
888 2190 920 2219 ὃς
930 2200 972 2223 ea,
987 2187 1001 2210 8
1012 2200 1077 2230 quae
1086 2200 1160 2230 prae-

204 2235 288 2264 terita
297 2233 363 2263 sunt
375 2252 383 2266 ‚
395 2233 426 2262 &
436 2243 467 2262 ca
478 2253 485 2266 ,
497 2243 560 2273 quae
572 2233 713 2263 videntur
722 2231 828 2262 instare
840 2252 849 2264 ,
868 2240 1008 2271 praeparet
1020 2242 1025 2260 :
1046 2242 1116 2261 cum
1128 2232 1160 2261 ὃς

203 2277 283 2316 pacis
293 2273 512 2304 constituenda:
522 2277 686 2307 rationem,
707 2273 740 2303 &
756 2273 826 2303 belli
847 2272 967 2313 gerendi
984 2272 1158 2312 potestatem

203 2317 285 2348 solus
301 2316 420 2346 habeat:
441 2326 510 2345 cum
530 2326 636 2345 ornnes
648 2318 680 2345 in
691 2325 786 2345 unum
798 2314 944 2354 spec‘lent,
969 2324 1046 2343 unus
1056 2316 1161 2344 omnia

202 2358 362 2400 gubernet:
385 2367 454 2387 cum
466 2366 520 2391 tot,
532 2358 676 2398 tantisque
686 2358 813 2398 negotiis
823 2355 967 2385 distentus
976 2354 1010 2385 sit
1020 2376 1027 2389 ‚
1039 2364 1070 2385 ut
1080 2356 1160 2394 respi-

203 2410 265 2429 mre
282 2398 365 2429 liberi
381 2409 432 2428 non
443 2399 546 2441 poffit:
562 2397 583 2429 si
602 2398 713 2440 aliquid
730 2407 795 2428 nou
804 2397 1071 2428 aninimadvertat:
1087 2407 1159 2429 curn

1059 2475 1078 2495 Q

207 2541 224 2568 ·'
245 2537 270 2554 τ,
289 2530 342 2562 Yy'ro
360 2529 409 2563 cffrt
423 2528 552 2564 stantia]
573 2528 642 2555 Pan.
654 2528 795 2555 S.Vi8tor.
806 2526 867 2554 edd.
879 2534 979 2554 veteres
992 2534 1039 2560 tyro
1047 2527 1097 2560 effer
1107 2527 1168 2561 11qu

219 2573 288 2589 {lam-

200 2566 217 2598 Ι
243 2608 271 2625 2.
291 2601 391 2625 Mallius
401 2600 525 2634 Glaucia]
546 2600 588 2626 Sic
597 2599 738 2636 legendum
749 2598 887 2626 contendit
897 2599 927 2624 P.
939 2598 1075 2624 Manutius
1088 2617 1097 2629 ,
1116 2607 1163 2624 ne-

206 2642 259 2670 que
269 2635 347 2661 aliter
359 2636 414 2661 Pal.
424 2636 543 2662 cSt-avus.
554 2636 607 2662 duo
619 2645 706 2663 tamen
717 2636 773 2668 alii,
785 2637 812 2662 δι’
823 2635 887 2661 olim
899 2634 950 2661 cusi
959 2636 1082 2661 fllanlita.

1219 107 1754 156 CICERONIS

1208 185 1368 226 praesertim
1377 195 1439 217 tam
1452 187 1541 217 multi
1561 189 1793 226 occupationem
1811 184 1875 227 ejus
1894 185 2072 222 observent,
2092 196 2172 221 temq

1208 228 1320 269 pusque
1330 238 1514 269 aucupentur
1524 250 1532 263 ,
1543 233 1560 256 9
1571 239 1612 263 ut,
1624 228 1713 259 simul
1724 238 1810 270 atque
1821 230 1872 259 ille
1882 230 2030 269 despexerit
2040 251 2048 264 ,
2060 231 2175 272 aliquid.-

1210 271 1422 307 hujuscemodi
1441 272 1616 301 moliantur.
1650 273 1720 301 Huc
1730 271 1843 302 accedit
1852 292 1860 306 ,
1881 271 1964 313 quod
1974 275 2112 313 quamvis
2120 273 2173 304 ille

1208 311 1284 342 felix
1294 311 1337 346 fit,
1349 312 1421 343 sicut
1430 312 1473 343 est
1485 325 1491 343 ;
1512 315 1541 333 ¹0
1552 322 1653 344 tamen
1671 316 1711 343 IN
1724 322 1841 343 τΑΝτΑ
1851 323 2062 344 FELiCITATE
2079 324 2174 346 nemo

1209 353 1306 394 potest
1316 353 1372 385 ess'e
1383 357 1416 385 in
1426 365 1533 396 magna
1542 355 1666 389 familia,
1679 357 1732 396 qui
1742 358 1901 385 neminem
1915 376 1923 390 ,
1932 366 2029 397 neque
2040 356 2172 392 servum,

1211 406 1306 437 neque
1317 397 1460 427 libertum
1473 397 1648 438 improbum
1659 397 1772 428 habeat.
1791 401 1908 428 Interea
1917 397 1970 428 iste
1981 401 2019 428 Τ.
2033 398 2176 434 Roscius,

1210 440 1258 468 vir
1267 441 1401 478 optimus
1412 459 1420 472 ‚
1440 447 1609 479 procurator
1619 440 1827 481 Chrysogoni,
1851 442 2006 470 Ameriam
2014 441 2117 470 venit:
2139 441 2175 471 in

1210 480 1321 521 praedia
1331 482 1382 519 huj
1387 490 1420 510 us
1429 481 1554 511 invadit:
1568 482 1648 511 hunc
1657 482 1803 511 miserum
1814 480 1897 511 iustu
1907 481 2071 521 perditum,
2084 485 2110 501 ¹¹
2121 483 2175 523 qui

1211 522 1351 552 nondum
1361 525 1452 553 etiam
1462 525 1568 553 omnia
1576 532 1700 563 paterno
1711 522 1809 553 funeri
1821 524 1827 560 i
1834 522 1895 553 usta
1903 522 2045 558 solvisset,
2056 523 2175 555 nudum.

1213 566 1295 603 ejicit
1304 564 1400 594 domo
1411 584 1419 598 ,
1431 574 1518 606 atque
1528 564 1606 595 focis
1616 567 1732 605 patriiS,
1747 565 1863 605 diisque
1873 565 2029 605 penatibus
2039 567 2176 605 praecipi-

1211 614 1284 639 tem,
1295 607 1305 646 j
1310 606 1410 637 udices
1422 626 1431 640 ‚
1444 607 1594 637 exrurbat:
1618 608 1679 647 ipse
1688 605 1874 647 ampliffimae
1883 609 2018 647 pecuniae
2028 606 2062 637 fit
2073 607 2177 637 dorni—

1212 658 1278 677 nus.
1309 650 1369 690 Qi
1380 650 1412 678 in
1421 649 1468 679 sua
1479 659 1508 679 re
1519 647 1620 679 fuiss'et
1628 647 1831 690 egentissimus
1841 669 1849 682 ,
1873 658 1933 679 erat
1945 648 1987 688 (ut
1998 647 2043 685 fit)
2060 649 2174 689 insidens

1212 690 1239 718 in
1250 689 1352 719 aliena.
1374 691 1472 720 Multa
1480 691 1577 731 palam
1589 690 1719 721 domurn
1731 691 1813 721 suam
1825 689 1974 720 auferebat
1986 691 2086 731 :plura
2094 691 2173 723 clam

1212 731 1247 761 de
1259 732 1363 762 medio
1373 733 1563 763 removebat:
1587 743 1650 762 non
1661 741 1752 773 pauca
1763 733 1822 762 suis
1833 732 2017 771 adjutoribus
2028 732 2115 774 large,
2128 731 2173 763 ef-

1210 771 1333 814 fuseque
1350 773 1494 804 donabat:
1515 775 1627 815 reliqua
1638 794 1646 808 ‚
1665 773 1825 805 constituta
1833 773 1973 804 auffione
1986 795 1995 808 ,
2012 774 2172 805 vendebat.

1212 815 1302 854 Qod
1314 817 1467 845 Amerinis
1477 816 1568 857 usque
1579 815 1616 845 eo
1626 816 1725 847 visum
1737 815 1779 846 est
1789 816 1949 857 indignum
1959 835 1968 849 ‚
1991 817 2024 846 u't
2030 816 2103 846 urbe
2113 824 2173 847 tota
2186 825 2210 857 9

1211 854 1298 886 fletus
1310 877 1317 890 ,
1329 858 1516 898 gemitusque
1528 856 1621 888 fieret.
1647 860 1770 888 Etenim
1783 858 1878 888 multa
1889 856 1977 887 simul
1989 867 2056 888 ante
2066 858 2173 889 oculos

1212 898 1400 929 versabantur
1413 910 1417 928 :
1439 908 1521 929 mors
1531 901 1667 930 hominis
1677 898 1890 933 florentiffimi,
1903 903 1968 930 Sex.
1979 900 2095 933 Roscii,
2104 909 2174 930 cru-

1213 938 1375 972 deliffimat
1397 939 1453 970 filii
1462 950 1561 971 autem
1573 942 1637 980 ejus
1647 941 1755 986 egestas
1766 939 1969 982 indigniffima
1982 951 1988 970 1
2002 943 2050 972 cui
2061 940 2098 971 de
2108 950 2174 971 tan-

1212 989 1243 1010 to
1254 983 1438 1020 patrimonio
1448 983 1548 1023 praedo
1558 983 1611 1013 iste
1621 986 1751 1013 netarius
1762 994 1798 1013 ne
1817 984 1870 1012 iter
1887 983 2010 1023 quidem
2029 983 2068 1012 ad
2078 982 2175 1024 [ἑρκί-

1213 1033 1290 1051 crum
1293 1025 1426 1064 patrium
1444 1023 1623 1065 reliquisset:
1645 1029 1672 1044 ¹2
1684 1025 1833 1055 bonorum
1845 1027 1940 1065 emtio
1951 1023 2105 1065 flagitiosa,
2119 1023 2175 1055 fla·

1211 1065 1315 1104 gitiosa
1324 1064 1471 1105 poss‘effio,
1482 1065 1568 1100 furta,
1580 1068 1698 1106 rapinae,
1711 1067 1899 1097 donationes.
1924 1069 2028 1096 Nemo
2039 1074 2109 1099 erat,
2119 1067 2175 1106 qui

1212 1116 1277 1136 non
1294 1107 1387 1136 ardere
1397 1109 1491 1136 omnia
1501 1109 1621 1142 mallet,
1642 1119 1732 1149 quam
1743 1109 1843 1138 videre
1852 1110 1885 1137 iri
1895 1111 1962 1137 Sex.
1972 1108 2076 1137 Roscii
2087 1127 2096 1141 ,
2115 1107 2185 1148 viri-

1212 1149 1332 1187 optimi,
1345 1158 1430 1189 atque
1441 1148 1640 1180 honestissimi
1651 1171 1659 1183 ,
1671 1151 1762 1180 bonis
1768 1151 1778 1189 j
1783 1149 1930 1180 astantem
1940 1169 1948 1183 ,
1968 1159 2000 1179 ac
2009 1148 2174 1179 dominan-

1213 1198 1274 1219 tem
1291 1192 1330 1220 T.
1341 1191 1497 1221 Roscium.
1528 1194 1630 1231 Itaque
1639 1192 1840 1221 decurionum
1851 1191 2005 1221 decretum
2017 1189 2116 1220 statim
2127 1188 2174 1225 fit,

1213 1241 1257 1260 UT
1276 1241 1513 1262 DECEM-PniMr
1535 1231 1758 1273 proficiscantur
1777 1233 1811 1262 ad
1830 1234 1866 1262 L.
1878 1233 1991 1262 Sullam
2003 1252 2013 1265 ,
2032 1231 2176 1265 doceant7

1212 1282 1270 1312 que
1281 1275 1423 1314 eum,qui
1434 1276 1480 1304 vir
1489 1277 1557 1304 Sex.
1569 1275 1696 1305 Roscius
1705 1274 1794 1304 fuerit
1806 1285 1810 1302 z
1822 1283 2043 1314 conquerantur
2052 1273 2088 1303 de
2098 1268 2180 1306 istos⁴

1212 1324 1282 1343 rum
1291 1315 1397 1345 scelere
1408 1335 1417 1349 ‚
1431 1316 1463 1345 δε
1473 1317 1594 1355 injuriis
1605 1327 1611 1345 ;
1632 1325 1729 1349 orent,
1742 1325 1774 1345 ut
1783 1316 1816 1345 &
1827 1316 1909 1345 illius
1920 1317 2035 1345 mortui
2044 1314 2173 1349 famam,

1215 1356 1247 1385 ὃς
1257 1354 1316 1386 filii
1324 1358 1497 1387 innocentis
1506 1357 1640 1387 fortunas
1649 1358 1834 1388 conservatas
1844 1358 1931 1387 velit.
1962 1360 2062 1397 Atque
2071 1357 2173 1396 ipsum

1212 1397 1383 1432 decretum,
1393 1400 1493 1439 quaeso
1506 1420 1514 1432 ,
1525 1400 1703 1440 cognoscite.
1727 1408 1914 1428 necuim-uin
1930 1408 2173 1429 DECURIONUM·

1212 1441 1314 1481 Legati
1325 1442 1357 1470 in
1368 1439 1459 1470 castra
1467 1443 1605 1471 veniunt.
1626 1441 1816 1482 intelligitur,
1829 1440 1953 1479 judices,
1964 1439 2006 1474 id,
2017 1440 2172 1480 quodiam

1211 1489 1279 1511 ante
1290 1481 1374 1515 dixi,
1390 1483 1604 1522 imprudenreL.
1616 1483 1696 1513 Sulla
1705 1503 1713 1516 ,
1725 1483 1830 1512 scelera
1839 1483 1898 1512 haze
1910 1502 1920 1515 ,
1933 1483 1965 1511 ὃς
1976 1481 2086 1523 flagitia
2094 1480 2176 1513 fieri.

1212 1532 1283 1553 nam
1295 1522 1393 1554 statim
1404 1525 1615 1564 Chrysogonus
1626 1525 1658 1554 δε
1667 1525 1728 1565 ipse
1737 1524 1773 1554 ad
1781 1534 1833 1554 eos
1842 1524 1954 1553 accedit
1962 1544 1971 1557 ,
1987 1524 2020 1553 δε
2028 1525 2174 1554 homines

1211 1564 1341 1595 nobileis
1349 1566 1454 1607 allegat
1462 1569 1499 1595 iis
1510 1586 1518 1600 ,
1541 1569 1593 1607 qui
1604 1575 1756 1607 peterent,
1768 1576 1806 1595 ne
1817 1565 1852 1595 ad
1862 1565 1975 1595 Sullam
1985 1565 2100 1596 adirent
2110 1585 2119 1599 ,
2133 1565 2169 1597 δε

1212 1609 1317 1637 omnia
1326 1609 1556 1650 Chrysogonum
1569 1629 1577 1642 ‚
1588 1618 1653 1649 quae
1663 1609 1777 1638 vellent
1785 1628 1795 1641 ‚
1817 1605 1873 1636 effe
1883 1606 2033 1637 fafihnum
2043 1607 2172 1646 pollicer

1211 1657 1322 1679 rentur.
1340 1651 1442 1690 Usque
1451 1648 1525 1680 adeo
1535 1660 1637 1680 autem
1648 1650 1700 1680 ille
1707 1651 1914 1690 pertimuerat,
1923 1652 1950 1679 ¹3
1965 1657 1997 1678 ut
2006 1650 2086 1679 mori
2095 1647 2173 1682 mal:-

1212 1690 1253 1720 let
1262 1711 1270 1724 ,
1288 1702 1377 1731 quam
1398 1691 1434 1722 de
1453 1693 1500 1721 his
1510 1692 1596 1722 rebus
1606 1692 1720 1722 Sullam
1733 1691 1845 1721 doceri.
1879 1693 2031 1721 Homines
2041 1687 2170 1730 antiqui,

1212 1735 1263 1773 qui
1273 1734 1367 1773 exsuci
1378 1740 1482 1762 natura
1492 1741 1589 1762 ceteros
1592 1733 1739 1774 fingerent,
1752 1732 1824 1763 curn
1833 1732 1886 1762 ille
1896 1731 2098 1765 confirmaret,
2110 1732 2170 1765 sese

1194 1778 1197 1779 ⁷
1211 1785 1327 1804 nomen
1337 1778 1403 1806 Sex.
1414 1775 1519 1805 Roscii
1529 1775 1566 1805 de
1577 1776 1684 1806 tabulis
1694 1783 1885 1804 exemturum
1896 1793 1904 1808 ,
1914 1774 2024 1813 praedia
2035 1783 2124 1803 vacua
2134 1771 2172 1803 fi-

1210 1817 1253 1846 lio
1265 1816 1441 1846 traditurum
1454 1828 1459 1846 :
1479 1820 1608 1858 cumque
1618 1817 1649 1846 id
1660 1819 1700 1847 ita
1711 1816 1848 1846 futurum
1860 1819 1900 1845 Τ.
1909 1816 2040 1845 Roscius
2050 1816 2169 1854 Capito,

1210 1860 1303 1898 quiin
1315 1861 1353 1888 X.
1366 1859 1467 1900 legatis
1479 1867 1548 1892 erat,
1561 1857 1987 1898 appromitteret‚crediderunt
1998 1858 2170 1887 :Ameriam

1210 1910 1240 1929 re
1251 1902 1365 1930 inorata
1374 1909 1568 1930 reverterunt.
1591 1904 1634 1930 Ac
1644 1897 1745 1940 primo
1757 1909 1821 1929 rem
1832 1897 1952 1929 differre
1962 1897 2099 1939 quotidie
2109 1918 2118 1932 ,
2135 1908 2170 1929 ac

1209 1941 1419 1981 procrastinare
1429 1943 1474 1971 illi
1486 1951 1642 1982 coeperunt
1655 1953 1660 1971 :
1672 1941 1780 1971 deinde
1790 1941 1944 1981 aliquanto
1952 1940 2079 1973 lentius,
2088 1939 2170 1970 nihil

1209 1993 1393 2024 agere‚atque
1402 1983 1540 2013 deludere
1554 1995 1558 2012 :
1569 1982 1723 2024 postremo
1735 1983 1777 2021 (id
1788 1982 1870 2023 quod
1879 1980 1966 2012 facile
1974 1980 2169 2012 intellefilmm

1210 2025 1262 2064 cst)
1273 2025 1384 2065 infidias
1395 2026 1459 2054 vitae.
1467 2027 1518 2065 huj
1524 2026 1589 2056 usce
1599 2029 1668 2056 Sex.
1681 2025 1785 2055 Roscii
1795 2033 1891 2063 parare
1901 2035 1910 2057 ;
1929 2033 2029 2063 neque
2047 2023 2106 2054 sese
2123 2032 2170 2053 ar-

1211 2066 1308 2096 bitrari
1327 2066 1410 2106 pofl'e
1427 2067 1539 2097 diutius
1557 2067 1687 2097 alienam
1706 2066 1836 2096 domino
1853 2065 2003 2095 incolumi
2021 2064 2168 2094 obtinere.

1209 2108 1298 2149 Qod
1310 2109 1334 2136 is
1346 2107 1523 2148 simulatque
1532 2107 1632 2138 sensit:
1654 2108 1690 2137 de
1699 2109 1868 2136 amicorum
1879 2125 1888 2138 ,
1908 2112 2166 2147 cognatorumque

1208 2149 1353 2179 sententia
1361 2152 1495 2179 Romam
1506 2148 1653 2190 confugit,
1667 2153 1697 2175 ¹4
1709 2149 1741 2177 &
1752 2148 1811 2177 sese
1820 2147 1855 2176 ad
1866 2149 2030 2180 Caec'iiiain,
2037 2149 2167 2187 Nepotis

1208 2189 1300 2219 filiam
1312 2210 1321 2223 ,
1339 2200 1430 2230 quam
1441 2191 1566 2219 honoris
1575 2190 1658 2219 causa
1668 2199 1799 2219 nomino
1809 2208 1818 2222 ‚
1838 2189 1988 2222 contulit,
2011 2198 2069 2229 qua
2084 2197 2167 2229 patei·

1207 2232 1275 2260 usus
1286 2241 1344 2261 erat
1352 2232 1521 2271 plurimum
1533 2241 1538 2260 :
1556 2233 1589 2261 in
1597 2241 1655 2271 qua
1664 2231 1790 2260 muliere
1801 2250 1810 2263 ‚
1820 2230 1936 2269 judices
1948 2249 1957 2263 ,
1967 2231 2058 2261 etiam
2070 2240 2166 2266 nunc,

1206 2272 1236 2302 id
1267 2272 1327 2302 uod
1337 2283 1445 2302 omnes
1457 2273 1572 2312 semper
1578 2272 1836 2304 eXistimaverunt,
1851 2270 1929 2312 quasi
1941 2271 2060 2312 exempli
2069 2272 2164 2312 causa,

1207 2316 1255 2343 vel
1273 2316 1328 2354 igia
1337 2315 1453 2353 antiqui
1463 2312 1557 2344 officii
1567 2323 1734 2344 remanent.
1748 2316 1789 2343 Ea
1796 2314 2014 2344 sexRoscium
2023 2315 2163 2354 inopem,

1207 2356 1338 2395 ejectum
1357 2355 1452 2385 domo
1466 2376 1474 2388 ,
1496 2364 1582 2396 atque
1599 2356 1756 2395 expulsum
1776 2365 1814 2384 ex
1833 2355 1893 2384 suis
1911 2354 2000 2385 bonis
2011 2375 2021 2388 ,
2042 2354 2164 2395 fugien-

1209 2406 1270 2427 tem
1280 2396 1433 2427 latronum
1443 2397 1516 2431 tela,
1540 2398 1572 2428 ὃ(
1583 2399 1693 2430 minas,
1703 2398 1815 2437 recepit
1823 2396 1969 2427 domum:
1991 2397 2166 2438 hospitique

2028 2437 2168 2479 oppreffo

1206 2535 1258 2561 quo
1268 2526 1346 2562 longe
1358 2527 1460 2562 optimo
1470 2527 1539 2553 libro
1551 2547 1557 2558 ‚
1569 2527 1701 2554 interserit
1713 2547 1721 2559 ‚
1741 2534 1785 2552 unt
1794 2533 1887 2560 reparet
1896 2545 1904 2558 ‚
1913 2526 1943 2557 όν
1951 2535 1979 2552 ea
1987 2526 2038 2557 (γε.
2049 2534 2109 2551 cuni
2119 2524 2163 2553 ni-

1206 2562 1242 2588 hil
1253 2562 1309 2596 ejus
1320 2563 1403 2589 exstet
1415 2565 1439 2589 in
1453 2565 1525 2589 Vett.
1537 2562 1597 2588 edd.

1241 2607 1269 2632 9.
1291 2602 1319 2623 Ut
1323 2601 1396 2632 simul
1403 2607 1473 2632 atque
1482 2600 1516 2624 ille
1526 2600 1679 2633 suspexerit]
1700 2599 1763 2625 Non
1774 2599 1809 2625 est
1820 2597 1893 2634 quod
1904 2598 1961 2634 quis
1972 2596 2082 2624 verbum
2091 2595 2162 2624 istud

1206 2634 1340 2661 sollicitet.
1361 2634 1394 2661 sic
1404 2636 1474 2662 enini
1485 2635 1565 2662 etiam
1576 2636 1607 2662 P.
1618 2636 1699 2670 Syrus
1711 2645 1717 2662 2
1738 2638 1857 2669 Despicere
1872 2640 1956 2667 oportet
1972 2633 2034 2668 quod
2044 2635 2111 2667 pqffis
2120 2633 2163 2658 de·
2230 2660 2239 2664 ⁴

245 2678 258 2702 3
267 2691 271 2696 .
290 2674 415 2696 Ineamum
425 2672 453 2701 (ἐν
464 2674 573 2703 rusticum
582 2673 610 2702 ὠ·
619 2676 690 2698 Romae
698 2671 823 2705 ignorum]
838 2671 929 2697 Editio
939 2669 1126 2705 antiquissima,
1136 2669 1165 2699 ὠ
1200 2672 1305 2702 pei-Am.

209 2703 317 2738 Testitum
326 2707 354 2737 d*
364 2717 418 2732 rure
426 2709 455 2738 (ἶ)
463 2711 543 2734 Romae.
562 2708 689 2744 posterior
702 2708 792 2744 paullo
802 2712 935 2741 ‚incautum
944 2708 973 2738 ὠ·
983 2716 1037 2731 rure
1045 2706 1074 2736 (ἶ)
1083 2708 1163 2731 Romae.

208 2741 286 2769 ,estat
298 2750 384 2769 tamen
399 2743 503 2778 vulgata
517 2744 541 2769 in
554 2744 612 2770 aliis
625 2743 692 2771 Pali.

244 2785 271 2809 4.
290 2782 326 2804 Νε
335 2779 425 2804 diutius
433 2789 475 2804 wi
485 2780 600 2814 teneam]
614 2781 890 2811 Pi·onoinen,vos‚non
901 2778 971 2806 estin
983 2777 1052 2804 Pali.
1063 2784 1108 2804 aut
1118 2786 1162 2804 co-

208 2812 266 2839 dice
277 2815 304 2839 S.
314 2814 439 2840 Victoris.
460 2814 607 2850 abjecitque
618 2816 791 2842 Gulielmius.

249 2858 274 2882 5.
294 2849 406 2883 Ciimjam
417 2851 586 2883 prescriptionis
596 2855 676 2877 mentio
685 2854 824 2885 nullafieret
834 2870 842 2883 ‚
852 2850 919 2885 (ly-n]
940 2849 1046 2876 Monuit
1058 2848 1160 2885 Lipsius

208 2884 278 2911 libro
292 2894 300 2910 i
310 2894 317 2911 ι
327 2895 348 2911 i.
361 2886 500 2912 Variornm
511 2895 566 2923 cap.
575 2888 604 2913 6.
613 2887 700 2914 locuni
712 2888 780 2914 hunc
789 2887 841 2923 legi
853 2887 878 2913 in
890 2886 1021 2922 Sosiputro
1032 2885 1162 2916 Chai-iiio,

210 2920 262 2947 sine
274 2920 319 2946 lib.
335 2921 489 2948 111.1nstit.
501 2923 623 2949 (Ji-annii.
646 2923 730 2959 scripti
744 2931 831 2950 tamen
844 2923 908 2949 nihil
920 2923 971 2949 tale
982 2921 1137 2958 praefcrunt,
1149 2922 1163 2947 a

210 2956 303 2995 quibus
322 2956 392 2982 abire
412 2957 475 2982 inihi
493 2958 598 2993 religio.
620 2959 740 2987 videatur
749 2960 814 2987 item
824 2959 856 2985 de
866 2959 983 2986 hocloco
994 2959 1161 2984 Hotomanus

208 2991 257 3018 lib.
270 3001 314 3018 ix.
327 2992 455 3018 observat.
466 3001 521 3029 cap.
536 3003 575 3019 ii.

247 3028 263 3052 6
270 3047 275 3052 .
292 3032 341 3053 'LII-⁴
349 3029 408 3053 bona
418 3031 634 3062 (munim-sitast&
644 3031 717 3062 H-s,
728 3031 815 3056 (hiobus
824 3032 924 3057 mitlibm
932 3029 1076 3064 nummiim]
1087 3030 1162 3057 Vett-

210 3062 272 3090 «Μ.
283 3063 310 3088 &
321 3063 381 3089 libii
393 3065 484 3096 noltri,
494 3066 760 3099 emnmurfiflertiorum
770 3067 856 3092 duobus
865 3068 965 3092 millibus·
973 3066 1101 3093 nummiim.

247 3107 276 3133 7.
296 3100 439 3134 eureseim]
454 3100 524 3126 Editi
537 3110 618 3137 nuper
630 3103 688 3126 carso
698 3114 706 3133 ,-
718 3101 758 3127 sed
770 3110 861 3128 contra
872 3101 929 3128 mss'.
940 3102 1052 3129 nostros.

247 3134 277 3163 8.
295 3138 327 3163 Et
338 3144 365 3162 ca
375 3145 423 3171 quae
428 3139 550 3170 praetrita
553 3138 612 3172 sum
624 3156 631 3171 ,
642 3137 671 3170 ἁ
679 3147 706 3165 ca
715 3147 764 3174 qux
774 3157 782 3172 ,
793 3138 859 3174 evin]
879 3138 1024 3170 Lambinus
1035 3147 1069 3166 ex
1079 3137 1165 3168 nescio

1245 2715 1286 2732 10.
1296 2706 1380 2732 ‘famen
1389 2709 1413 2732 in
1423 2707 1639 2741 tantaftlicifate]
1652 2706 1795 2733 Lambinus
1807 2706 1834 2732 &
1845 2704 1931 2732 Aldus
1942 2705 2033 2742 Nepos
2043 2704 2163 2740 abjecere

1204 2744 1229 2768 In
1239 2750 1333 2777 practer
1344 2741 1425 2768 libros
1436 2741 1520 2769 editos
1531 2742 1701 2778 scriptosque.

1246 2787 1254 2804 1
1264 2787 1272 2804 r
1281 2799 1285 2804 .
1305 2779 1353 2811 Qi
1360 2780 1459 2804 nondum
1468 2781 1538 2804 etiam
1547 2781 1625 2803 omnia
1631 2785 1729 2810 paterno
1741 2780 1824 2811 νᾕὶινιινί
1834 2776 2031 2811 justaftl‘viffitss
2044 2774 2162 2802 Verbum

1203 2818 1279 2839 omnia
1298 2815 1478 2840 revocavimus
1492 2834 1500 2846 ,
1519 2813 1590 2850 quod
1600 2821 1655 2840 crat
1664 2814 1691 2840 in
1702 2812 1762 2840 edd.
1773 2812 1862 2850 priscis
1875 2832 1884 2845 ‚
1894 2813 1920 2840 in
1931 2814 1959 2839 S.
1969 2811 2074 2839 Viaor.
2093 2811 2160 2838 item

1205 2849 1262 2876 Pal.
1275 2857 1337 2876 tert.
1348 2851 1376 2875 8(
1386 2850 1492 2876 ottavo.

1245 2895 1287 2912 η.
1307 2888 1421 2911 Bonorum
1431 2885 1632 2920 cmprioflagitiosa
1644 2885 1773 2918 ‚flagiti'qfa
1782 2884 1898 2918 poffiffia]
1909 2882 2054 2909 Lambinus
2064 2882 2163 2910 affeve-
2206 2874 2210 2883 ⁶

1206 2928 1246 2947 rat
1256 2929 1347 2948 extare
1362 2922 1388 2948 in
1399 2922 1561 2948 Memmiano
1581 2922 1722 2956 repetitum
1736 2921 1857 2955 flagitiosi:
1870 2940 1876 2950 ‚
1895 2919 1922 2946 id
1940 2918 2045 2946 admifit
2055 2918 2163 2946 Gulicl-
2207 2952 2210 2957 .

1207 2957 1284 2984 mius.
1305 2957 1385 2984 testor
1395 2964 1482 2983 tamen
1493 2956 1558 2983 nihil
1570 2956 1645 2990 hiijus
1656 2963 1747 2982 extare
1758 2957 1784 2982 in
1795 2955 1899 2981 nostris.

1245 3001 1287 3029 13.
1309 2997 1336 3018 Ut
1346 2993 1514 3027 morimallct]
1527 2993 1660 3019 Antonius
1669 2992 1832 3028 Augustinus
1844 3010 1852 3023 ‚
1861 2998 1888 3017 ut
1897 2993 1974 3018 omnia
1982 2992 2070 3018 maun.
2088 2988 2163 3027 quod

1206 3028 1440 3066 reprehenditjure
1450 3028 1622 3055 Gulielmius.
2043 3035 2045 3038 ⁴

1247 3072 1287 3099 14.
1299 3068 1331 3090 Et
1335 3066 1382 3099 sifi
1392 3066 1425 3090 aa
1432 3066 1548 3091 Caci-uam
1558 3063 1810 3098 Nepotisfiliam,&c.]
1823 3063 1865 3089 Sic
1875 3063 1904 3089 sc
1914 3063 2012 3089 Pau&
2022 3061 2161 3091 eddyett.
2206 3049 2213 3053 ’
2258 3046 2259 3049 '

1208 3101 1351 3128 Lambinus
1363 3101 1460 3138 recepit
1471 3101 1496 3127 in
1508 3108 1664 3127 contextum
1677 3119 1684 3131 ,
1697 3099 1862 3130 Hotomzumi
1872 3099 2052 3136 conjecturam
2064 3118 2073 3132 ,
2091 3099 2164 3125 6αεὶ-

1207 3140 1265 3165 liam
1275 3139 1478 3173 Balcaricifiliam
1488 3156 1497 3171 ,
1507 3135 1599 3172 Nepotis
1599 3137 1714 3173 finirem·

2055 3167 2166 3206 ,1ιῖκῶ
2257 3185 2260 3192 ·
