2360 3400
494 150 843 227 Tus-*conj
910 157 1483 222 Quium-rosioni
1561 166 1709 214 Lin.
1757 168 1819 214 11.

199 244 238 283 de
256 246 434 281 anaxarcho
455 246 648 276 Democritio
667 246 813 286 cogitetur
823 263 831 278 ,
854 247 864 264 ¹
875 241 1008 285 quicum
1019 244 1109 282 Cypri
1121 243 1153 272 in

201 300 308 323 manus
317 288 529 319 Nicocreontis
538 289 613 328 regis
625 285 773 317 incidisset
785 305 792 319 ‚
805 286 926 316 nullum
938 294 1032 326 genus
1041 283 1153 323 suppli-

196 333 238 364 cii
248 332 419 370 deprecatus
428 327 580 369 est‚neque
591 329 743 359 recusavit.
753 328 879 358 calanus
889 324 1151 359 Indusnndoetus,

197 383 233 405 ac
242 373 377 403 barbarus
387 391 396 405 ,
409 373 441 400 in
451 370 599 400 radicibus
609 369 722 400 Caucasi
735 379 831 403 natus,
845 369 892 399 sua
902 368 1055 398 voluntate
1066 368 1152 396 vivus

200 412 375 445 combustus
394 411 446 442 est.
469 421 536 446 ῐιοε,
552 410 570 441 fi
579 421 631 452 pes
640 411 798 442 condoluit
808 430 818 444 ‚
830 409 849 440 fi
860 409 947 442 dens,
957 412 973 428 ²
986 408 1033 438 sed
1047 406 1092 437 fac
1105 416 1152 437 to-

191 460 265 486 ³tum
278 455 379 485 dolere
397 463 505 493 corpus
514 473 522 486 ‚
543 453 617 483 ferre
635 463 698 483 non
718 451 883 493 poss'umus.
907 451 997 492 opinio
1015 448 1059 478 ess}
1068 450 1151 478 enim

197 497 323 538 quadam
332 496 508 536 effaminara,
519 506 553 525 ac
561 495 631 524 levis
640 515 648 528 ‚
661 505 706 524 nec
719 496 747 523 in
756 493 844 523 dolore
854 503 951 533 magu,
962 501 1050 533 quam
1059 490 1151 519 cadem

194 549 228 568 m
239 539 405 579 voluptate:
429 547 486 577 qua
495 536 567 567 cum
578 537 772 577 liquescimus
784 555 793 569 ,
813 534 996 574 fluimusque
1009 532 1151 564 mollitia,

198 581 262 620 apis
281 580 419 610 aculeum
438 577 498 608 slne
515 579 646 608 clamore
660 577 740 608 ⁴feri-e
758 587 822 607 non
843 574 1009 616 poss'umus.
1033 572 1151 603 Atvero
1173 599 1175 610 k

1373 52 1383 65 X

2015 184 2131 233 1073

1198 243 1342 289 abjeb'tus,
1355 245 1373 275 si
1391 244 1499 276 flebilis
1512 256 1516 275 z
1531 247 1558 277 ei
1568 248 1619 287 qui
1632 247 1791 282 i'edederit,
1804 249 1857 279 vix
1868 256 1937 278 eum
1949 248 2049 279 virum
2064 249 2151 280 dixe—

1198 295 1267 314 rim.
1301 289 1354 327 qui
1372 289 1495 328 quidem
1514 291 1643 329 gemitus
1663 287 1684 319 si
1705 290 1864 320 levationis
1889 290 2003 331 aliquid
2022 287 2150 324 afferret,

1200 335 1298 376 tamxen
1309 329 1481 359 videremus
1492 350 1500 363 ‚
1523 330 1595 370 quid
1606 329 1676 361 ess'ct
1685 330 1774 361 fortis
1784 352 1792 366 ‚
1805 331 1973 363 &animosi
1983 332 2052 362 viri.
2074 331 2149 364 cum

1199 377 1269 398 vero
1290 371 1367 399 nihil
1379 372 1541 402 imminuat
1551 372 1668 402 doloris
1679 392 1687 405 ‚
1707 382 1759 403 cur
1768 373 1871 404 frustra
1885 383 1983 413 turpes
1991 372 2049 404 effe
2059 375 2151 404 volu·

1198 413 1284 451 mus?
1306 411 1378 451 quid
1393 411 1436 440 ess?
1450 415 1531 442 enim
1539 413 1616 450 fletu
1625 413 1755 443 muliebri
1764 416 1825 444 viro
1838 416 1948 455 turpius
1962 422 1971 444 ,τ
1994 421 2080 457 atque
2092 417 2152 446 hoc

1197 460 1376 497 praeceptum
1389 473 1396 486 ‚
1418 454 1499 493 quod
1512 455 1661 485 dedolore
1671 455 1756 485 datur
1768 475 1775 488 ‚
1789 465 1866 495 patet
1879 456 1976 487 latius.
2001 458 2151 487 omnibus

1196 501 1281 521 enim
1294 493 1381 523 rebus
1393 514 1401 527 ‚
1424 505 1487 525 non
1498 495 1597 525 solum
1610 496 1728 529 dolori,
1743 495 1832 527 simili
1843 500 2042 528 contentione
2053 500 2148 529 animi

1195 532 1389 564 resistendum
1421 535 1472 565 est.
1505 539 1545 566 ira
1567 538 1727 568 exardescit
1753 550 1758 567 :
1786 539 1884 570 libido
1904 541 2081 570 concitatur.
2114 542 2148 570 in

1200 575 1325 605 eandem
1345 586 1440 606 arcem
1459 578 1697 617 confugiendum
1722 579 1896 611 est2eadem
1914 581 1983 611 sunt
2000 591 2081 612 arma
2101 582 2148 611 su·-

196 623 233 652 C.
255 623 366 651 Marius
377 641 385 654 ‚
406 620 571 651 rusticanus
582 622 628 650 vir
638 640 648 653 ,
668 619 716 649 sed
725 619 813 659 plane
824 621 886 651 vir,
906 627 977 647 cum
992 616 1134 646 secaretur
1145 635 1153 648 ‚
1173 614 1176 647 ἱ
1199 617 1317 647 menda.
1336 618 1382 646 sed
1395 622 1538 657 quoniam
1550 622 1585 648 de
1595 620 1698 650 dolore
1711 621 1883 661 loquimur,
1898 622 1948 652 1112
1959 625 2147 653 omittamus.

196 672 231 694 ut
251 663 332 703 supra
351 662 437 696 dixi,
459 661 608 702 principib
626 664 722 691 vetuit
741 662 769 691 se
778 661 906 700 alligari:
927 657 1149 698 necquisquam

196 713 266 736 ante
281 707 413 736 Marium
433 704 548 734 solutus
565 703 675 733 dicitur
691 702 749 733 effe
771 701 876 732 festus.
899 710 951 730 cur
969 709 1040 740 ergo
1051 697 1150 737 postea

196 747 271 777 alii?
293 747 384 776 valuit
405 744 574 775 austoritas.
598 744 721 775 videsne
740 744 831 785 igitur
850 743 1005 782 opinionis
1014 739 1072 770 ess'e
1083 749 1147 769 non

195 798 309 819 naturae
329 787 441 817 malum
455 790 465 816 ?
487 787 521 817 &
539 795 640 816 tamen
657 784 745 824 fuisse
762 794 858 815 acrem
875 783 1010 814 morsum
1021 781 1146 813 doloris,

193 830 278 860 idem
298 831 410 859 Marius
429 827 569 858 ostendit.
593 836 660 857 crus
678 828 761 857 enim
784 827 910 856 alterum
930 833 993 854 non
1011 823 1145 863 praebuit.

193 873 235 902 ita
250 872 283 901 &
295 870 509 901 tulitdoloi·em
521 877 554 898 ut
565 869 629 901 vir,
654 868 687 898 ὃς
699 888 709 901 ,
729 877 760 897 ut
771 868 866 897 homo
881 886 890 899 ,
912 867 1058 903 majorem
1072 863 1146 894 ferre

193 911 255 943 fine
273 912 355 943 causa
365 908 520 940 necessaria
531 909 642 939 noluit·
666 918 764 939 totum
779 910 785 937 i
810 911 867 938 itur
877 910 908 937 in
920 917 956 937 eo
967 906 1026 939 est,
1047 914 1078 936 ut
1089 905 1145 935 tibi

193 955 332 994 imperes.
375 951 492 982 ostendi
513 959 612 981 autem
630 968 642 984 ‚
666 950 746 991 quod
762 919 836 980 eget
855 948 1021 988 imperandi
1039 957 1143 989 genus,

192 1003 279 1036 atque
302 1003 367 1024 11AE
380 1003 399 1021 ο
417 991 558 1033 cogitatio
572 991 674 1032 ‚quid
692 993 832 1031 patientia
845 1011 853 1024 ,
873 990 944 1031 quid
954 989 1143 1022 fortitudine,
1167 1015 1169 1023 ,

195 1040 209 1064 3
228 1035 300 1077 quid
321 1034 528 1075 magnitudine
546 1035 642 1064 animi
661 1031 868 1075 digniffimum
885 1031 916 1062 sit
931 1051 939 1066 ,
959 1042 1023 1062 non
1042 1030 1142 1061 solum

192 1080 331 1108 animum
350 1078 537 1115 *comprimet
562 1096 571 1108 ‚
591 1075 639 1106 sed
657 1076 755 1115 ipsum
773 1077 862 1105 etiam
883 1073 1022 1104 dolorem
1041 1073 1142 1102 nescio

130 1128 174 1161 23
191 1129 253 1160 quo
275 1117 362 1159 paeto
374 1119 528 1147 mitiorem
541 1116 620 1147 facit.
643 1125 677 1146 ut
685 1119 768 1148 enim
780 1115 812 1146 fit
825 1116 975 1155 inprcelio
990 1135 998 1148 ,
1018 1116 1144 1155 utigna-

190 1171 246 1191 vus
267 1160 355 1190 miles
366 1180 375 1193 ‚
396 1170 428 1190 ac
438 1159 564 1189 timidus
575 1179 584 1191 ‚
605 1156 738 1188 simulac
751 1157 986 1188 viderithostem
998 1177 1006 1190 ,
1025 1154 1143 1195 abjecto

188 1203 275 1234 scuto
296 1202 406 1242 fugiat,
431 1210 577 1240 quantum
599 1198 705 1240 poffit‚
728 1200 768 1229 ob
784 1208 909 1239 eamque
922 1198 1037 1228 causam
1049 1205 1145 1237 pereat

190 1252 437 1283 nonnumquam,
449 1244 540 1272 etiam
555 1243 670 1281 integro
680 1240 896 1281 corporescum
908 1241 946 1274 ei,
958 1242 1009 1281 qui
1021 1239 1143 1271 steterit,

190 1286 271 1316 nihil
290 1285 347 1315 tale
365 1285 498 1314 evenerit
516 1295 521 1312 z
544 1282 580 1313 fic
600 1303 608 1316 ‚
628 1287 680 1323 qui
699 1283 814 1313 doloris
833 1283 962 1323 speciem
980 1280 1057 1311 ferre
1077 1290 1142 1310 non

189 1326 330 1367 possunt,
349 1325 493 1365 abjiciunt
503 1325 550 1358 se,
569 1334 654 1365 atque
666 1326 706 1355 ita
723 1323 844 1357 afflisti,
866 1324 899 1354 δε
917 1324 1080 1353 exanimati
1098 1324 1142 1361 J'a-

187 1378 273 1399 cent:
296 1369 456 1408 quiautem
467 1366 654 1399 restiterunt,
678 1364 997 1406 disceduntsaepiffime
1010 1365 1142 1404 superio-

190 1419 238 1441 res
249 1420 255 1439 ι
266 1409 334 1439 sunt
346 1410 430 1438 enirn
445 1408 579 1448 quaedam
591 1409 685 1437 animi
695 1406 907 1437 similitudines
917 1417 986 1438 curn
998 1415 1139 1446 corpore:

188 1460 224 1482 ut
235 1459 325 1481 onera
341 1452 493 1479 contentis
511 1448 687 1487 corporibus
706 1447 822 1477 facilius
841 1447 997 1481 feruntur,
1016 1445 1142 1477 remiffis

189 1493 385 1532 opprimunt:
416 1488 573 1520 fimillime
590 1490 702 1517 animm
712 1490 861 1517 intentione
874 1489 931 1528 sua
947 1489 1054 1529 depellit
1067 1488 1143 1530 preJL

183 1535 252 1574 sum
268 1542 374 1561 omnem
387 1531 559 1574 ponderum:
577 1530 724 1569 remisfione
742 1538 839 1559 autem
852 1530 892 1570 fic
908 1538 1042 1569 urgetur,
1063 1538 1096 1558 ut
1110 1529 1142 1567 se

189 1582 309 1616 nequeat
318 1577 451 1603 extollere.
475 1575 513 1603 Et
524 1592 532 1606 ‚
544 1570 565 1601 fi
574 1582 678 1602 verum
689 1574 862 1612 quaerimus,
877 1574 908 1600 in
917 1570 1064 1600 omnibus
1073 1569 1142 1600 offi-

186 1618 243 1646 ciis
261 1615 470 1656 persequendis
486 1615 580 1644 animi
597 1613 640 1644 est
660 1613 827 1643 adhibenda
844 1614 1009 1643 contentio.
1043 1622 1076 1642 ea
1097 1610 1140 1641 est

186 1657 253 1688 sela
268 1655 367 1687 officii
384 1665 523 1697 tanquam
535 1655 676 1686 custodia.
698 1659 716 1682 4
727 1655 776 1685 sed
788 1656 845 1685 hoc
853 1654 977 1695 quidem
992 1655 1025 1683 in
1037 1653 1142 1683 dolore

188 1699 325 1730 maxime
336 1697 377 1728 est
386 1697 621 1739 providendum,
633 1707 671 1726 ne
684 1696 757 1738 quid
767 1696 881 1736 abjeete‘
894 1715 902 1730 ‚
922 1706 959 1726 ne
972 1695 1044 1736 quid
1056 1697 1141 1728 timi—

189 1740 229 1771 de
242 1760 251 1774 ,
263 1751 301 1770 ne
310 1740 383 1781 quid
393 1740 514 1781 ignave,
523 1749 560 1769 ne
569 1739 643 1779 quid
652 1739 807 1771 serviliter,
819 1737 1044 1768 muliebriterve
1054 1737 1142 1768 facia-

189 1791 260 1812 mus
271 1784 320 1812 :in
329 1782 492 1823 primisque
501 1780 662 1814 refutetur,
671 1790 703 1810 ac
713 1780 859 1820 rejiciatur
870 1778 1079 1810 Philo&etaeus
1089 1779 1142 1809 ille

185 1824 312 1854 clamor.
346 1823 541 1864 ingemiscere
564 1831 785 1862 nonnunquam
805 1823 873 1851 viro
891 1819 1064 1851 concessum
1084 1819 1138 1853 est,

186 1865 280 1906 idque
296 1863 377 1895 raro:
396 1865 521 1904 ejulatus
543 1874 581 1893 ne
593 1863 714 1893 mulieri
723 1862 858 1904 quidem.
883 1863 916 1892 &
927 1864 975 1892 hic
989 1863 1139 1891 nimirum

189 1905 233 1938 est
254 1905 361 1941 fletus,
380 1916 472 1947 quem
493 1905 656 1935 duodecim
678 1904 784 1935 tabulae
794 1907 826 1934 in
836 1903 991 1934 Funeribus
1004 1903 1139 1933 adhiberi

186 1957 357 1979 vetuerunt.
380 1958 438 1978 nec
459 1946 532 1978 vero
550 1956 694 1987 umquam
716 1956 754 1976 ne
773 1946 943 1986 ingemiscit
959 1944 1082 1985 quidem
1093 1946 1139 1974 vir

170 2003 173 2005 Α
185 1988 274 2020 sortis
285 2010 295 2023 ‚
317 2000 349 2020 ac
369 1990 483 2029 sapiens
493 2008 502 2023 ‚
524 1987 578 2019 nisi
590 1987 669 2019 foi-te
681 1997 714 2018 ut
723 1988 894 2018 seintendat
905 1986 940 2017 ad
951 1985 1137 2020 firmitatem,

186 2041 221 2063 ut
237 2033 270 2062 in
290 2030 384 2062 stadio
402 2031 536 2061 cursores
554 2030 726 2060 exclamant
743 2029 835 2070 quam
855 2027 991 2059 maxime
1006 2026 1136 2068 possunt.

184 2073 405 2106 faciuntidem,
415 2073 486 2103 cum
498 2081 673 2102 exercentur
681 2071 796 2102 athletae
807 2081 812 2100 :
825 2071 942 2112 pugiles
951 2069 1034 2103 vero,
1047 2071 1137 2100 etiam

184 2113 259 2146 cum
277 2114 390 2145 feriunt
409 2114 625 2147 adversarium,
644 2114 677 2144 in
690 2112 838 2152 jmstandis
858 2111 986 2143 cestibus
994 2111 1138 2152 ingemis-

185 2166 277 2187 cunt:
292 2167 355 2187 non
367 2156 449 2196 quod
459 2156 580 2186 doleant
589 2174 598 2188 ‚
624 2157 767 2185 animove
776 2155 988 2188 succumbant,
1009 2153 1058 2184 sed
1069 2154 1138 2193 quia

183 2197 395 2238 profundenda
408 2207 481 2228 voce
492 2206 585 2227 omne
595 2205 702 2236 corpus
712 2196 890 2230 intenditur,
901 2197 1045 2236 venitque
1054 2197 1136 2236 plaga

120 2244 172 2277 -24
185 2241 405 2271 vehementior.
428 2239 523 2280 quid?
543 2240 596 2279 qui
613 2239 723 2268 volunt
743 2238 909 2268 exclamare
919 2246 1035 2276 majus,
1059 2245 1134 2266 num

185 2282 254 2313 satis
271 2282 380 2312 habent
398 2281 502 2314 latera,
522 2279 762 2320 fauceslinguam
777 2279 951 2312 intendere,
976 2281 990 2306 5
1001 2278 1135 2319 equibus

183 2324 255 2354 elici
265 2332 374 2353 vocem
386 2343 395 2357 ,
407 2323 440 2353 &
450 2321 538 2352 fundi
549 2321 711 2351 videmus?
728 2330 792 2351 toto
802 2330 926 2360 corpore
937 2339 946 2354 ,
965 2329 1052 2365 atque
1065 2329 1136 2349 om—

186 2364 276 2395 nibus
301 2365 421 2406 ungulis
431 2384 440 2398 ,
459 2373 492 2394 ut
513 2363 623 2393 dicitur
633 2382 642 2396 ,
661 2364 851 2393 contentioni
870 2363 954 2392 vocis
963 2361 1134 2392 asserviunt.

183 2416 262 2446 genu
281 2406 453 2437 mehercule
473 2407 515 2435 M.
527 2406 699 2435 Antonium
710 2404 791 2438 vidi,
811 2403 881 2434 cum
890 2403 1031 2434 contente
1041 2413 1096 2442 pro
1107 2403 1135 2432 se

183 2448 246 2487 ipse
263 2448 326 2488 lege
344 2450 430 2478 Varia
445 2446 555 2477 diceret
566 2466 574 2480 ‚
594 2454 699 2476 terram
719 2454 843 2487 tangere.
867 2454 899 2475 ut
917 2446 1000 2475 enim
1024 2444 1134 2474 balistae

183 2489 320 2528 lapidum
331 2509 339 2522 ,
352 2489 384 2519 &
395 2489 508 2529 reliqua
518 2496 666 2518 tormenta
678 2487 806 2517 telorum
818 2507 827 2520 ,
839 2497 875 2517 eo
884 2490 1032 2527 graviores
1043 2486 1135 2516 ernis—

182 2529 280 2560 siones
291 2531 419 2563 habent,
451 2540 491 2560 uo
503 2530 570 2561 sunt
579 2538 728 2563 contenta,
739 2538 824 2570 atque
834 2528 959 2558 adduEta
968 2529 1131 2558 vehemen-

183 2572 245 2602 tius
259 2583 263 2599 z
282 2571 319 2601 fic
329 2582 390 2602 vox
402 2591 410 2606 ,
429 2540 467 2601 iic
485 2571 586 2603 cursus
597 2591 607 2604 ,
629 2569 666 2600 fic
673 2570 757 2610 plaga
767 2590 776 2604 ,
798 2571 854 2600 hoc
864 2572 981 2612 gravior
993 2589 1002 2604 ,
1021 2579 1082 2609 quo
1092 2568 1134 2599 est

183 2612 270 2643 mifl'a
291 2612 473 2643 contentius.
495 2613 580 2652 cujus
599 2614 806 2642 contentionis
815 2611 886 2642 cum
899 2620 977 2642 tanta
986 2614 1030 2641 vis
1043 2609 1074 2641 sit
1085 2630 1092 2644 ‚
1115 2609 1134 2639 si

181 2657 312 2694 gemitus
327 2657 358 2685 in
369 2655 471 2685 dolore
481 2654 514 2685 ad
525 2652 769 2684 confirmandum
780 2654 919 2682 animum
930 2653 1040 2683 valebit
1051 2672 1059 2685 ,
1070 2662 1134 2682 ute-

182 2706 262 2727 mur.
287 2695 300 2716 ⁶
313 2695 355 2727 fin
365 2697 480 2727 eritille
489 2697 619 2737 gemitus
628 2695 847 2726 clamentabilis
859 2715 868 2728 ,
880 2693 900 2724 si
910 2694 1081 2725 imbecillus
1093 2713 1102 2728 ,
1115 2692 1135 2723 fi

1194 657 1227 687 ad
1246 659 1406 702 ferendum
1423 662 1512 698 igitur
1523 660 1655 690 dolorem
1670 663 1783 700 placide
1795 663 1826 694 &
1838 664 1932 694 sedate
1948 684 1956 697 ,
1975 665 2145 704 plurimum

1193 702 1310 738 proncit
1321 710 1384 730 toto
1394 701 1512 739 pechne
1528 721 1535 734 ‚
1559 712 1589 731 ut
1604 703 1727 736 dicitur,
1748 708 1877 745 cogitare
1888 726 1896 739 ,
1907 715 1997 746 quam
2008 699 2038 735 sd
2051 708 2149 735 houe-

1193 740 1273 770 stum
1290 740 1332 770 sit.
1356 742 1458 771 sumus
1468 752 1551 772 enim
1561 753 1665 773 natura
1676 764 1683 777 ,
1705 755 1735 774 ut
1748 746 1887 777 ante-dixi
1907 749 1917 785 ξ
1928 747 2091 778 dicendum
2102 746 2146 778 est

1192 785 1276 828 enirn
1297 783 1421 822 saepius)
1441 783 1643 814 studiosiffimi
1662 805 1670 818 ‚
1693 787 1950 828 appentiffimique
1973 788 2148 820 honestatis.

1191 833 1276 859 cu1us
1286 823 1306 854 si
1315 823 1392 865 quafi
1405 826 1509 855 lumen
1521 827 1642 865 aliquod
1653 827 1886 865 adspexerinius‚
1900 830 2039 864 niliilest,
2050 831 2146 872 quod,

1191 875 1223 895 ut
1233 875 1270 895 eo
1280 869 1432 905 potiamur
1442 886 1450 900 ,
1474 877 1538 896 non
1552 870 1642 907 parati
1655 867 1746 898 simus
1756 870 1788 900 δε
1798 869 1878 900 ferre
1891 891 1898 904 ‚
1920 872 1952 901 δε
1963 881 2083 912 perpeti.
2105 882 2146 902 ex

1191 909 1250 937 hoc
1258 908 1343 938 cursu
1356 928 1363 940 ‚
1382 918 1468 949 atque
1478 910 1592 949 impetu
1605 912 1777 940 animorum
1789 912 1823 941 ad
1836 921 1933 949 veiam
1948 913 2064 943 laudeni
2074 934 2084 948 ,
2095 923 2148 946 lat-

1189 959 1248 989 que
1267 949 1450 980 honestatem
1471 969 1479 983 ,
1501 951 1550 980 illa
1567 952 1695 990 pericula
1714 952 1859 983 adeuntur
1876 955 1906 983 in
1927 951 2041 993 proeliis
2052 975 2060 989 ,
2080 965 2144 985 non

1191 992 1324 1021 sentiunt
1333 994 1388 1021 viri
1400 991 1493 1022 fortes
1504 994 1535 1022 in
1549 995 1610 1022 acie
1621 993 1754 1026 vulnera,
1768 995 1817 1024 vel
1827 996 1958 1025 sentiunt
1970 1016 1977 1028 ,
2002 997 2049 1027 scd
2065 999 2144 1027 mori.

1192 1033 1320 1077 malunt,
1332 1034 1420 1073 quam
1434 1043 1549 1063 tantum
1562 1033 1657 1064 modo
1669 1035 1704 1064 de
1714 1036 1866 1076 dignitatis
1875 1039 1964 1077 gradu
1975 1038 2146 1068 demoveri.

1190 1074 1349 1115 tulgentei's
1357 1075 1472 1116 gladios
1486 1075 1616 1105 hostium
1633 1077 1773 1107 videbant
1785 1080 1872 1107 Decii
1884 1098 1892 1110 ,
1916 1079 1987 1108 cum
2003 1081 2033 1108 in
2045 1081 2143 1111 aciem

1188 1126 1295 1146 eorum
1313 1117 1472 1147 irruebant.
1496 1118 1532 1145 liu
1549 1117 1664 1146 levabat
1674 1128 1779 1147 omnem
1789 1120 1940 1149 vulnerum
1949 1128 2055 1150 merum
2065 1121 2146 1150 ›iobi-

1187 1158 1255 1187 lztas
1264 1160 1367 1192 mortis,
1381 1158 1522 1198 &gloria
1547 1169 1622 1188 num
1632 1168 1696 1189 tum
1708 1160 1884 1201 'ingemuisse
1896 1156 2143 1202 Epaminondam

1188 1209 1269 1240 putas
1281 1219 1289 1233 ‚
1302 1200 1372 1230 cum
1384 1204 1522 1230 unacum
1534 1201 1673 1241 sanguine
1685 1211 1776 1231 vitam
1787 1201 1907 1232 effluere
1919 1203 2038 1234 sentiret
2053 1208 2063 1234 ?
2080 1204 2143 1234 irn—

1185 1251 1337 1282 perantem
1351 1243 1434 1271 enim
1445 1244 1570 1282 patriam
1584 1243 1823 1276 Lacedaemoniis
1838 1245 2033 1285 relinquebat,
2045 1256 2138 1286 quain

1187 1293 1334 1322 acceperat
1344 1284 1531 1313 servientem.
1558 1285 1620 1314 fiaec
1630 1285 1698 1314 sunt
1709 1284 1807 1315 solatia
1818 1306 1826 1318 ‚
1841 1287 1901 1316 haec
1912 1286 2142 1318 fomentasumq

1191 1335 1313 1355 morum
1324 1325 1478 1355 dolorum.
1502 1327 1607 1359 Dices,
1620 1326 1693 1366 quid
1705 1329 1835 1366 iiipace?
1853 1328 1925 1368 quid
1936 1329 2022 1359 domi
2037 1333 2048 1358 ?
2067 1330 2140 1370 quid

1187 1368 1220 1396 in
1242 1365 1376 1396 leckulo?
1396 1367 1432 1396 ad
1443 1368 1638 1407 philosophos
1649 1378 1698 1397 me
1709 1378 1828 1398 revocas
1838 1388 1846 1402 ,
1866 1372 1919 1409 qui
1928 1371 1961 1400 in
1969 1373 2064 1401 aciem
2076 1381 2141 1402 non

1187 1409 1260 1448 saepe
1287 1409 1445 1447 prodeunt.
1482 1409 1499 1439 ὲ
1526 1410 1634 1449 quibus
1652 1410 1750 1439 homo
1768 1411 1836 1440 sane
1858 1411 1931 1440 levis
1950 1414 2143 1443 Heracleotes

1186 1448 1352 1488 Dionyfius
1363 1470 1371 1482 ,
1392 1450 1464 1480 cum
1482 1451 1497 1479 a
1519 1451 1646 1480 Zenone
1656 1450 1742 1480 fortis
1756 1450 1812 1481 effe
1823 1451 1989 1487 didicisset,
2010 1454 2143 1484 &dolore

1185 1491 1329 1521 deductus
1338 1491 1391 1520 est.
1414 1501 1483 1520 nam
1495 1494 1566 1521 curn
1578 1501 1615 1521 cx
1626 1493 1747 1521 renibus
1758 1493 1912 1526 laboraret,
1927 1495 1992 1533 ipso
2002 1497 2033 1524 in
2044 1497 2141 1530 ejula—

1187 1541 1218 1562 tu
1227 1532 1398 1562 clamitabat
1407 1552 1416 1564 ,
1425 1533 1501 1571 fffls‘
1511 1532 1557 1569 effe
1571 1534 1618 1562 iua
1629 1552 1637 1565 ,
1649 1543 1707 1573 qua
1714 1541 1797 1562 antea
1808 1533 1838 1562 de
1849 1533 1936 1563 dolore
1946 1536 1999 1575 ipse
2010 1531 2140 1575 ftiififfbr.

1184 1583 1276 1613 quern
1285 1573 1358 1603 cum
1370 1574 1526 1603 Cleanthes
1537 1574 1760 1613 condismpulus
1771 1584 1883 1614 rogaret
1899 1594 1907 1608 ‚
1918 1585 2054 1615 quaenam
2065 1588 2140 1608 ratio

1184 1623 1255 1644 eum
1268 1614 1304 1643 de
1316 1614 1459 1644 sententia
1469 1613 1636 1644 deduxisset
1646 1634 1655 1647 ,
1677 1615 1831 1654 respondit
1842 1636 1850 1650 ‚
1863 1616 1948 1657 Qta
1959 1637 1967 1650 ‚
1978 1622 1992 1644 7
2002 1617 2066 1646 cicm
2075 1629 2142 1646 ran-

1185 1663 1248 1685 tum
1266 1664 1345 1696 operae
1352 1655 1523 1698 philofhphiae
1532 1654 1657 1694 dedtſjbm
1668 1676 1675 1689 ,
1699 1656 1816 1686 dolorem
1828 1664 1921 1686 tamen
1932 1658 2008 1697 ferre
2020 1670 2070 1688 non
2076 1660 2142 1701 pos-

1179 1698 1239 1737 [ἔνη
1248 1707 1259 1724 .·
1265 1697 1336 1737 fiiri-5
1346 1696 1407 1736 esset
1416 1699 1577 1739 argumenti
1587 1718 1596 1732 ‚
1618 1699 1729 1727 malum
1739 1697 1787 1736 effi
1795 1699 1920 1729 dolorem.
1942 1700 2075 1740 plurimos
2084 1712 2141 1730 au-

1184 1747 1241 1769 tem
1258 1750 1342 1769 annos
1357 1740 1386 1768 in
1394 1740 1565 1782 F¹7il⁰st3pl³ia
1574 1741 1709 1781 consicmfi
1717 1761 1726 1774 ‚
1751 1741 1874 1780 necferre
1881 1741 1986 1782 poffiam
1996 1752 2007 1769 .·
2027 1744 2139 1772 malum

1183 1780 1228 1811 eff
1249 1781 1340 1820 igitur
1358 1781 1441 1810 dolor.
1465 1785 1549 1812 Tum
1567 1783 1766 1815 Cleanthem,
1787 1782 1858 1812 cuin
1869 1784 1944 1823 pede
1952 1783 2058 1815 terratia
2068 1791 2139 1826 p'er-
2178 1791 2183 1794 '

1181 1821 1307 1853 cuffiss'et
1315 1842 1324 1855 ,
1336 1817 1351 1842 8
1362 1823 1479 1853 versum
1489 1832 1527 1852 ex
1541 1826 1685 1864 Epigonis
1695 1823 1796 1853 ferunt
1807 1823 1927 1854 dixiss‘e:

1271 1863 1407 1903 ,Audifiie
1416 1865 1467 1893 hac
1475 1865 1663 1905 *Amphiarai*
1670 1884 1679 1898 ‚
1694 1864 1749 1905 βιὸ
1759 1872 1861 1894 terram
1871 1864 1984 1898 abdite?

1182 1905 1342 1935 Zenonem
1360 1903 1540 1945 significabat
1564 1915 1570 1935 ε
1590 1905 1606 1936 a
1624 1916 1685 1946 quo
1702 1906 1791 1936 illum
1808 1907 1983 1948 degenerare
2004 1908 2138 1941 dolebat.

1182 1950 1221 1977 At
1239 1956 1305 1976 non
1328 1946 1428 1976 noster
1446 1944 1624 1977 Posidonius
1642 1957 1749 1988 :quem
1760 1947 1863 1989 &ipse
1873 1949 1947 1989 faepe
1958 1951 2039 1984 vidi,
2061 1951 2138 1983 &id

1180 1989 1289 2021 dicam,
1298 1987 1379 2028 quod
1388 1987 1500 2018 solebat
1509 1997 1622 2018 narrare
1633 1989 1808 2028 Pompeius:
1835 1990 1864 2020 se
1875 2010 1884 2023 ‚
1905 1991 1976 2021 cum
1986 1992 2136 2023 Rhodum

1180 2028 1305 2060 veniffet
1320 2028 1466 2059 decedens
1483 2039 1523 2059 ex
1542 2032 1623 2069 Syria
1638 2050 1646 2063 ,
1668 2031 1769 2060 audire
1789 2030 1915 2062 voluisse
1928 2031 2136 2064 Posidonium:

1181 2071 1229 2101 sed
1241 2070 1312 2102 cum
1333 2069 1491 2100 audiviffet
1512 2081 1581 2101 eum
1593 2074 1719 2112 graviter
1728 2070 1786 2102 effe
1795 2083 1906 2114 aegruin
1919 2094 1928 2107 ,
1951 2074 2032 2114 quod
2043 2076 2137 2106 vehe-

1180 2123 1298 2143 menter
1307 2113 1372 2151 ejus
1379 2122 1456 2142 artus
1467 2112 1645 2146 laborarent,
1658 2112 1786 2144 voluisse
1796 2122 1895 2145 tamen
1908 2113 2132 2147 nobilissimum

1179 2154 1395 2194 philosophum
1409 2154 1502 2184 visere
1514 2165 1518 2184 :
1530 2164 1620 2195 quem
1633 2163 1664 2185 ut
1673 2154 1813 2191 vidisset,
1827 2156 1859 2187 δε
1869 2155 2063 2192 salutaviffet‚
2077 2159 2136 2188 ho-

1180 2195 1371 2236 norificisque
1381 2196 1480 2226 verbis
1489 2197 1662 2236 prosecutus
1671 2195 1743 2227 ess'et
1753 2217 1762 2231 ,
1777 2197 1962 2239 molesteque
1972 2200 2000 2229 se
2010 2195 2134 2231 dixisset

1178 2237 1257 2267 ferre
1268 2258 1277 2270 ‚
1297 2237 1380 2278 quod
1391 2247 1462 2267 eum
1473 2247 1536 2267 non
1548 2236 1640 2277 pofl‘et
1650 2239 1762 2268 audire.
1787 2248 1815 2269 at
1826 2240 1877 2270 ille
1887 2259 1896 2273 ‚
1917 2242 1962 2269 Tu
1973 2241 2035 2271 verb
2047 2260 2055 2274 ‚
2081 2243 2136 2271 in·-

1179 2281 1253 2320 quit,
1262 2286 1338 2319 potes
1347 2290 1358 2306 .·
1369 2290 1414 2308 nec
1424 2281 1601 2308 committam
1611 2299 1619 2313 ,
1633 2287 1666 2309 ut
1675 2280 1749 2310 dolor
1760 2282 1871 2321 corporis
1879 2282 1980 2321 effi'ciat
1989 2281 2132 2320 urfrustrae

1178 2328 1275 2349 tantm
1297 2322 1343 2349 vir
1363 2321 1402 2349 ad
1418 2331 1461 2349 me
1480 2322 1595 2349 venerit.
1618 2324 1721 2362 Itaque
1740 2323 1872 2353 narrabat
1885 2343 1893 2357 ,
1912 2333 1981 2355 eum
1993 2327 2130 2365 graviter,

1178 2362 1210 2392 &
1219 2363 1342 2402 copiose
1353 2363 1388 2392 de
1399 2363 1457 2392 hoc
1471 2363 1535 2402 ipso
1545 2383 1554 2396 ,
1566 2363 1647 2392 nihil
1657 2361 1714 2393 effe
1723 2364 1839 2394 bonum
1853 2384 1860 2398 ‚
1872 2363 1926 2394 nisi
1935 2365 2016 2405 quod
2033 2367 2133 2396 hone-

1179 2403 1258 2433 stum
1277 2403 1347 2434 effer
1358 2423 1366 2437 ‚
1385 2404 1545 2434 cubantem
1556 2403 1762 2444 disputavisse:
1783 2405 2000 2447 cumqucquafi
2011 2406 2088 2437 faces
2101 2410 2131 2437 ei

1178 2445 1291 2475 doloris
1303 2446 1545 2479 admoverentur,
1558 2446 1630 2486 saepe
1640 2446 1913 2487 dixiss'e,Nil1ilagis
1921 2448 2014 2477 dolor:
2026 2458 2131 2489 quam-

1178 2497 1218 2515 vu
1232 2486 1271 2526 fis
1290 2486 1415 2523 molestus
1427 2507 1435 2521 ‚
1454 2497 1611 2529 numquam
1630 2495 1656 2516 te
1665 2488 1712 2525 effe
1725 2488 1868 2527 cotfitebor
1877 2490 1996 2518 malum.
2020 2492 2132 2520 Omni-

1180 2538 1280 2569 noque
1298 2539 1406 2559 omnes
1424 2529 1494 2559 clari
1518 2550 1526 2563 ‚
1555 2530 1587 2559 δε
1604 2530 1754 2560 nobilitati
1772 2530 1887 2560 labores
1905 2532 2132 2563 contemnendo

1180 2569 1256 2600 fiunt
1266 2572 1356 2601 etiarn
1367 2570 1542 2601 tolerabiles.
1567 2571 1751 2602 Videmusne
1763 2591 1772 2605 ,
1791 2572 1867 2611 apud
1878 2582 1954 2612 quos
1964 2583 2072 2604 eorum
2083 2574 2130 2604 lu-

1179 2611 1288 2641 dorum
1310 2632 1318 2646 ‚
1337 2613 1388 2653 qui
1407 2613 1552 2652 Gymnici
1575 2614 1775 2642 nominantur
1791 2633 1801 2646 ‚
1826 2623 1950 2654 magnus
1967 2615 2068 2645 honos
2084 2614 2130 2650 fit,

1179 2654 1301 2683 nullum
1321 2654 1357 2683 ab
1380 2655 1434 2687 iis,
1453 2655 1506 2694 qui
1527 2655 1558 2683 in
1577 2654 1608 2683 id
1631 2663 1780 2684 certamen
1789 2654 1985 2689 descendant,
2007 2657 2134 2688 devitari

1179 2694 1318 2725 dolorem
1337 2698 1347 2724 ?
1366 2694 1441 2735 apud
1458 2705 1534 2736 quos
1556 2704 1657 2726 autem
1675 2696 1822 2731 ven-indi,
1844 2696 1878 2727 &
1897 2698 2050 2738 equitandi
2068 2700 2133 2729 laus

2037 2749 2130 2782 viget,

222 2840 246 2858 ι.
264 2833 310 2864 Q}
321 2842 372 2858 cum
381 2834 449 2866 Cypri
466 2834 491 2857 in
501 2840 586 2857 manus
596 2831 775 2865 Nicocreontis]
798 2832 839 2857 lta
850 2829 954 2856 Vietor.
973 2838 1032 2856 cuni
1044 2830 1132 2856 onini-

183 2865 231 2893 bus
241 2866 297 2894 fere
309 2869 402 2895 nostris
413 2867 470 2894 mss.
488 2866 531 2893 sed
544 2868 584 2893 illi
595 2875 682 2895 tamen
693 2876 821 2901 germano
832 2865 954 2893 consensu
964 2866 1132 2892 Timocreontis.

185 2909 215 2928 ut
225 2903 251 2928 &
264 2904 335 2930 Pitb.
347 2904 427 2939 vulgo
437 2906 477 2938 qui
486 2913 537 2929 cum
545 2905 571 2929 in
581 2913 667 2928 manus
676 2905 753 2936 Cyprii
763 2906 816 2928 Nic.

222 2946 252 2963 2.
268 2939 357 2973 Sedfac
366 2947 437 2965 rorum
445 2940 517 2965 dultre
534 2939 640 2972 corpur]
662 2938 785 2964 Enni-niis
796 2938 830 2965 est
841 2937 976 2964 diversitas
988 2937 1037 2964 sec.
1050 2937 1134 2971 Palfi

184 2975 275 2999 &aslum
286 2975 356 2999 dolore
365 2982 455 3007 eorpm.
476 2975 610 3007 Vatic.sed
616 2977 656 3007 fac
666 2981 737 2999 totum
747 2982 837 3007 σαν-[ιω.
857 2973 1016 3008 elegantius.

1174 2829 1333 2862 Lambinus,
1345 2840 1378 2858 ex
1389 2830 1502 2863 duobus,
1514 2839 1543 2858 ut
1555 2833 1603 2863 ait,
1615 2831 1671 2859 mss.
1682 2833 1693 2858 ὲ
1710 2835 1796 2866 quihus
1805 2835 1857 2867 ejici
1866 2843 1944 2859 >vocem
1955 2845 1961 2859 :
1972 2836 2030 2868 qnia
2038 2833 2131 2866 etiam.

1175 2867 1245 2900 quod
1257 2867 1345 2893 Latini
1359 2887 1367 2899 ,
1386 2869 1466 2900 ejicere
1475 2868 1501 2892 &
1514 2870 1604 2893 mittere
1614 2869 1748 2901 &fitndt'rc
1757 2878 1834 2895 vocem
1846 2888 1854 2901 ,
1870 2869 1919 2897 hoc
1929 2870 2016 2896 (ἄνκαὶ
2025 2868 2132 2902 dicunt,

1173 2903 1263 2934 &esim
1274 2906 1358 2935 φωνήν.
1381 2902 1423 2929 scd
1435 2903 1498 2939 quid
1510 2904 1556 2929 liae
1575 2905 1692 2931 novitate
1702 2905 1788 2940 opus?

1211 2939 1238 2977 ᾇ.
1263 2942 1303 2963 sm
1314 2947 1358 2964 erit
1366 2940 1505 2971 illcgemitus
1514 2941 1711 2974 clami-niahilis]
1726 2941 1810 2967 Extra
1820 2940 2022 2968 controversiam
2034 2942 2088 2968 liaec
2097 2941 2133 2969 est

1177 2973 1252 3007 liujus
1264 2974 1314 3000 loci
1330 2984 1387 3001 iera
1398 2974 1489 3000 lcfflio.
1509 2975 1534 3001 in
1549 2983 1601 3002 vet.
1613 2977 1672 3002 cod.
1684 2976 1719 3002 est
1729 2978 1900 3003 clami-mabam
1911 2996 1919 3008 ,
1939 2976 2034 3005 solenti
2046 2984 2135 3004 muta-

224 3017 250 3044 3.
270 3010 336 3041 Qid
353 3011 509 3042 magnitudine
527 3013 602 3036 animi
614 3010 763 3044 digmffimum
775 3010 832 3044 fi'·]
857 3010 1004 3036 Adstruunt
1014 3009 1080 3036 hanc
1094 3008 1133 3035 le·
1177 3010 1249 3036 tione
1260 3019 1269 3034 e
1279 3010 1305 3036 iii
1318 3020 1339 3035 c.
1360 3011 1387 3036 iii
1400 3011 1456 3037 l'al.
1468 3011 1550 3037 tei-tio
1559 3013 1734 3038 clemmtabilis.
1753 3011 1793 3038 sed
1807 3012 1833 3039 iii
1844 3021 1933 3049 quart.
1943 3015 1970 3040 δ(
1984 3012 2062 3041 Fabr.
2081 3016 2134 3040 ela-

184 3043 302 3072 &ionem
315 3044 386 3070 Vici.
397 3044 461 3071 edit.
473 3045 643 3083 reliquaejque.
654 3046 771 3081 quinque
783 3046 850 3071 Pali.
862 3045 924 3071 Fab.

223 3087 252 3113 4.
269 3081 313 3106 Sed
320 3082 358 3105 hoc
366 3081 455 3113 quidem
463 3082 489 3106 in
498 3081 570 3106 dolare
579 3083 677 3107 maxime·
686 3084 722 3107 eff
728 3081 919 3115 providendum]
943 3082 1068 3118 Qatuor
1078 3080 1123 3107 Pal
1130 3100 1135 3106 .

186 3116 348 3152 prioi·es‚sed
356 3117 394 3140 hoc
402 3116 470 3141 idem.
489 3124 554 3151 puto
565 3126 607 3143 me
616 3116 738 3144 iudicasse
748 3117 773 3144 in
785 3117 945 3153 crepundiis.

228 3161 254 3186 5.
274 3155 296 3177 E
304 3153 388 3185 quibus
397 3153 448 3176 elici·
455 3160 533 3177 vocem
542 3152 649 3183 &fundi
655 3153 790 3187 videnum]
811 3155 853 3179 Sic
863 3153 898 3180 est
909 3153 935 3180 in
947 3162 987 3178 om
994 3151 1068 3178 nibus
1081 3150 1138 3178 mss.

188 3195 246 3216 tum
256 3187 350 3216 nosti-is
370 3194 426 3216 tum
438 3186 569 3217 Gulielm.
579 3186 695 3224 denique
713 3188 832 3218 editione
842 3188 957 3220 visioni
969 3188 1139 3225 reliquisque.

1176 3047 1318 3071 mentabilis.
1341 3046 1421 3081 vulgo
1430 3048 1599 3073 lamentabilie.

1212 3089 1239 3115 7.
1261 3082 1318 3106 Cz‘mi
1337 3089 1431 3107 rantum
1451 3090 1519 3115 opere
1536 3083 1681 3117 'Philqsbphiae
1689 3083 1741 3110 dedi
1760 3083 1819 3119 ειη]
1841 3084 1898 3111 Pil.
1920 3091 1985 3112 tert.
2005 3091 2134 3118 tantopere.

1179 3123 1267 3153 quart.
1279 3124 1346 3143 tamo
1354 3126 1428 3151 opere,
1439 3117 1522 3144 rcSte.

1218 3152 1245 3193 ξ.
1265 3154 1359 3187 Verfiim
1369 3163 1397 3179 ex
1407 3154 1599 3187 Epigonisfcrum
1608 3153 1714 3189 dixi'ffb]
1736 3155 1793 3182 Pal.
1804 3156 1918 3192 primus,
1929 3156 2056 3191 Epigonus.
2071 3154 2136 3182 reli-

1181 3197 1226 3226 qui
1237 3197 1326 3226 quart.
1337 3190 1466 3224 Epigonus,
1477 3198 1507 3219 ut
1516 3189 1633 3254 &Sabin
1645 3191 1716 3218 l‘ith.
1729 3192 1814 3222 Vane.

1582 3234 1703 3255 vvvvv
1779 3234 1780 3237 ’

2056 3225 2139 3261 ntis<

2150 2568 2197 2602 26
