2297 3389
31 1434 46 1544 «ηψπ-τ
18 1398 38 1426 75„
19 1367 23 1386 Ἀ
18 1295 25 1303 ’

18 1871 27 1880 -
16 1842 33 1857 ,ζ
13 1731 32 1806 ⁴2⁸·
14 1690 33 1718 «η
12 1448 42 1679 §ciffis-an

33 1697 40 1748 -..⁴

106 1025 146 1052 21

710 104 973 151 1.1n.111.

161 197 261 224 mur,
277 194 311 220 ut
319 197 359 220 ex
367 194 447 221 area,
464 182 519 216 nisi
527 181 629 224 paetus
639 180 728 217 effet,
742 192 837 214 arator
853 193 892 213 ne
913 184 1045 215 tolleret:
1069 187 1079 203 ¹
1094 193 1128 215 ut

163 241 233 264 ante
244 232 311 262 Kal,
321 233 402 261 Sext.
415 228 553 259 decumas
571 225 735 266 deportatas
741 225 897 255 -haberent
909 236 914 254 ;
933 226 996 255 haec
1008 228 1122 260 omnia,

165 273 295 306 venditis
305 271 438 303 decumis
447 290 456 302 ‚
475 277 555 298 anno
572 269 660 299 tertio
671 276 699 296 te
710 265 834 297 edixisse
848 266 916 296 dico
929 277 933 295 :
954 276 1019 307 quae
1030 265 1050 296 si
1066 269 1125 297 rei-

165 315 237 356 pub.
247 313 328 345 causa
344 312 452 342 faceres
463 329 472 344 ,
489 312 521 340 in
535 308 698 340 vendundo
715 307 808 338 effent
824 311 1014 348 pronuntiata
1028 319 1032 337 :
1055 310 1125 349 quia

168 366 217 388 tua
232 356 312 387 causa
326 352 467 386 faciebas,
487 351 568 392 quod
585 359 646 381 erat
664 350 865 390 imprudentia
880 347 1121 389 praetei‘miss‘um.

165 401 182 419 ²
191 397 222 428 id
231 394 340 438 quaestu
349 405 381 425 ac
397 402 532 434 tempore
540 392 701 423 admonitus
710 391 936 432 reprehendisti.
961 391 1039 421 Illud
1051 390 1123 420 vero

165 437 337 478 cuiprobari
345 435 462 476 potest?
480 444 508 466 tc
518 433 579 465 fine
587 443 640 465 tuo
651 433 762 475 quaestu
773 453 782 467 ‚
803 443 836 464 ac
848 435 984 463 maximo
993 432 1118 473 quaestu,

167 489 277 512 antam
287 487 369 508 tuam
381 477 551 511 infamiam,
563 485 679 507 tantum
690 478 794 516 capitis
805 478 859 509 tui,
871 475 1121 515 fortunarumque

164 520 332 562 periculum
344 517 506 561 neglexisse
521 530 530 554 ς
550 527 582 549 ut
591 539 600 553 ‚
618 517 690 549 cum
701 520 793 548 totius
802 517 912 548 Siciliae
926 516 1063 558 quotidie
1073 527 1124 558 ge-

164 563 258 594 mitus
268 582 277 595 ‚
289 561 553 603 querimoniasque
561 560 688 595 audires;
699 559 783 593 cum,
798 568 830 589 ut
839 560 900 599 ipse
910 558 1024 592 dixisti,
1037 568 1122 587 reum

165 613 194 637 te
202 603 266 634 fore
275 612 392 643 putares
402 614 411 638 2
429 602 501 633 cum
513 602 748 642 hujuscejudicii
759 601 921 631 discrimen
931 600 967 630 ab
977 602 1123 639 opinione

164 654 212 677 tua
232 655 295 675 non
305 645 474 676 abhorreret
484 657 492 679 3
511 654 640 684 paterere
658 653 759 674 tamen
775 652 901 672 aratores
910 640 1123 683 indigniffimis

164 688 283 727 injuriis
292 689 412 720 vexari.
425 697 457 717 ac
467 687 577 726 diripi?
589 684 734 725 profe&b‚
744 694 926 725 quamquam
936 694 973 713 ex
985 682 1122 724 singulari

164 728 349 763 crudelitate,
361 729 395 758 &
404 728 523 759 audacia
535 740 540 757 z
552 737 652 758 tamen
662 727 712 756 abs
724 735 751 756 te
763 735 855 756 totam
866 726 986 755 alienari
996 727 1122 765 provin-

166 773 246 802 ciam
256 790 265 804 ,
289 774 302 798 3
323 780 366 801 tot
383 772 524 801 homines
539 767 761 800 honestiffimos
772 788 780 801 ,
804 778 837 798 ac
856 765 1121 807 locupletissimos,

165 812 221 843 tibi
231 811 453 843 inimicissimos
464 810 528 843 fieri
539 811 650 844 nolles,
664 809 719 840 n'ifi
730 811 806 840 hanc
816 811 963 840 rationem
974 829 982 842 ‚
997 809 1029 839 ὃ(
1039 810 1123 850 cogi-

164 856 311 885 tationem
324 855 422 884 salutis
433 863 489 883 tuae
498 874 506 886 .
513 855 631 894 pecunia
640 852 779 894 cupiditas
789 872 796 885 ,
811 861 843 881 ac
853 851 978 891 praesens
990 851 1041 880 illa
1050 861 1123 890 prae-

165 895 203 927 da
212 897 365 936 superaret.
389 898 511 926 Etenim
522 915 530 929 ‚
549 897 695 936 quoniam
715 895 865 925 summam
877 913 885 927 ‚
907 893 940 923 δε
957 902 1122 923 numerum

164 939 342 977 injuriarum
354 958 362 970 ,
372 937 485 976 judices
494 957 503 970 ,
514 938 601 967 vobis
612 947 675 967 non
685 934 804 976 possum
816 945 968 975 exponere
979 947 984 963 z
994 933 1124 979 singilla-

166 981 223 1010 tim
240 988 341 1009 autern
351 979 387 1012 de
401 979 633 1019 uniuscujusque
644 977 846 1008 incommodo
856 977 952 1007 dicere
963 977 1122 1006 infinitum

166 1019 210 1052 est
221 1031 226 1049 t
238 1031 344 1061 genera
354 1021 597 1061 ipsainjuriarum
609 1041 617 1054 ‚
631 1021 732 1061 quaeso
744 1041 752 1053 ‚
764 1020 948 1060 cognoscite.
974 1019 1123 1058 Nympho

165 1062 208 1093 est
217 1063 449 1103 Centuripinus,
468 1063 565 1092 homo
578 1072 671 1093 navus
685 1082 693 1096 ‚
717 1062 749 1092 δε
761 1061 939 1094 industrius,
965 1070 1124 1100 experien-

165 1102 314 1138 tiffimus,
334 1114 367 1134 ac
384 1102 626 1146 diligentiffimus
643 1113 749 1134 arator.
774 1106 799 1133 is
813 1102 885 1133 cum
899 1104 1044 1132 arationes
1059 1112 1123 1132 ma-

185 1155 234 1176 nas
249 1145 411 1176 conductas
428 1146 563 1179 haberet,
579 1146 673 1187 (quod
685 1147 827 1176 homines
846 1147 936 1175 etiam
947 1145 1121 1184 locupletes,

162 1155 237 1218 {cut
246 1188 297 1217 ille
309 1187 352 1217 est
361 1208 370 1222 ,
392 1188 425 1218 10
436 1189 536 1218 Sicilia
543 1187 638 1218 facere
649 1188 894 1226 consueverunt,)
905 1186 1009 1227 easque
1019 1196 1124 1227 magna

163 1229 299 1270 impensa
307 1250 315 1263 ,
325 1240 435 1272 magno
444 1229 646 1260 instrumento
656 1240 799 1260 tueretur:
811 1238 889 1260 tanta
897 1229 933 1258 ab
942 1228 999 1259 isto
1009 1230 1124 1269 iniqui-

163 1279 222 1302 tate
232 1270 383 1312 oppressus
393 1271 437 1302 est
448 1292 455 1306 ‚
477 1282 510 1302 ut
518 1282 580 1301 non
590 1271 685 1302 modo
697 1273 838 1302 arationes
857 1272 1038 1311 relinqueret
1047 1291 1055 1303 ‚
1076 1269 1123 1300 sed

164 1314 256 1344 ctiam
268 1323 305 1344 ex
317 1315 416 1344 Sicilia
430 1313 620 1355 profugeret,
640 1316 834 1354 Romamque
852 1312 911 1342 una
929 1323 998 1342 cum
1020 1313 1123 1341 multis

163 1354 202 1385 ab
211 1354 269 1385 isto
278 1354 380 1393 ejec'kis
387 1376 396 1389 ‚
408 1357 533 1385 veniret.
545 1355 617 1385 fecit
627 1365 659 1386 ut
670 1355 853 1385 decumanus
874 1359 891 1381 4
900 1356 1122 1394 Nymphonem

163 1405 281 1427 vocaret
288 1407 328 1427 ex
337 1396 437 1427 edi&o
445 1398 501 1427 illo
513 1398 653 1437 praeclaro
661 1418 670 1431 ‚
682 1397 765 1438 quod
775 1397 890 1426 nullam
902 1396 936 1426 ad
947 1397 1036 1426 aliam
1047 1407 1121 1429 rem,

164 1437 220 1470 nisi
235 1437 270 1468 ad
281 1438 456 1478 hujusmodi
464 1438 591 1479 quaestus
603 1439 786 1488 pertinebat,
811 1449 973 1468 numerum
983 1439 1121 1480 jugerum

161 1478 325 1521 profess'um
334 1478 404 1510 effe.
424 1482 572 1521 Nympho
582 1491 653 1510 cum
664 1481 691 1511 se
701 1481 793 1511 vellet
802 1480 988 1522 aquojudicio
997 1480 1122 1520 defende-

163 1531 207 1556 re,
219 1520 288 1563 ‘iste
304 1523 386 1553 viros
405 1526 539 1563 optimos
557 1532 774 1563 recuperatores
791 1522 857 1556 dat,
879 1522 1010 1553 eundem
1030 1523 1119 1552 illum

163 1563 317 1603 medicum
328 1565 506 1595 Cornelium
524 1563 562 1604 (is
571 1564 614 1595 est
623 1564 833 1595 Artemidorus
842 1567 976 1605 Pergaeus
988 1585 996 1597 ‚
1020 1566 1071 1605 qu'i
1086 1565 1119 1594 in

162 1605 213 1637 fua
221 1607 312 1646 patria
323 1605 389 1636 dux
398 1605 447 1637 isti
457 1606 613 1648 quondam
623 1627 632 1641 ,
647 1607 680 1637 &
689 1606 829 1648 magister
837 1606 872 1637 ad
888 1606 1119 1646 despoliandum

163 1648 271 1678 Dianae
299 1648 448 1688 templum
477 1648 548 1690 fuit)
572 1650 606 1680 &
625 1650 812 1690 haruspicem
834 1647 1032 1679 Volusianum
1051 1668 1061 1682 ‚
1085 1648 1118 1678 &

116 1714 127 1730 r
161 1688 316 1720 Valerium
332 1700 512 1730 praeconem.
535 1693 684 1732 Nympho
695 1711 704 1726 ‚
725 1700 883 1732 antequam
901 1691 989 1731 plane
1007 1689 1120 1722 consti-

161 1731 220 1764 tit,
243 1731 472 1763 condemnatur.
503 1735 634 1773 Qami,
653 1732 770 1764 fortaffe
793 1735 935 1774 quaeritis.
958 1733 1042 1763 nulla
1061 1741 1122 1763 erat

162 1771 255 1812 edisti
271 1783 361 1814 poena
369 1782 457 1807 certa.
476 1773 625 1805 frumenti
634 1776 834 1816 ejusomnis,
853 1774 936 1816 quod
948 1777 981 1805 in
990 1776 1064 1805 areis
1074 1775 1119 1805 es-

160 1813 213 1860 [et.
235 1816 284 1844 Sic
295 1817 444 1855 Apronius
453 1816 650 1852 decumanus,
659 1828 723 1848 non
734 1818 894 1847 decumam
906 1816 1118 1850 debirammon

160 1863 351 1886 trumentum
361 1867 514 1888 remotum
525 1879 534 1893 ,
553 1868 641 1900 atque
658 1860 808 1894 celatum3
832 1859 880 1889 sed
898 1860 989 1889 tritici
1006 1859 1118 1899 septem

162 1897 262 1927 millia
270 1897 466 1929 medimnum
477 1910 515 1930 ex
524 1902 721 1940 Nymphonis
729 1901 911 1931 arationibus
923 1920 932 1934 ,
951 1900 1043 1930 edisti
1055 1910 1120 1940 poe-

102 1953 151 1979 22
165 1948 213 1973 na,
225 1949 289 1969 non
297 1940 514 1980 redemptionis
523 1943 625 1982 aliquo
631 1943 696 1981 jure
707 1943 797 1972 tollit.
828 1944 968 1973 Xenonis
979 1944 1118 1976 Meneni,

164 1979 345 2010 nobiliffimi
359 1983 516 2016 hominis,
538 1985 643 2013 uxoris
660 1983 773 2014 fundus
791 1993 851 2014 erat
869 1983 982 2013 colono
995 1984 1120 2013 locatus.

164 2022 292 2052 colonus
302 2043 310 2056 ,
330 2023 412 2064 quod
430 2023 668 2055 decumanorum
687 2026 810 2065 injurias
826 2024 902 2054 ferre
922 2035 986 2054 non
995 2033 1118 2064 poterat,

162 2073 204 2094 ex
220 2074 289 2105 agro
306 2064 482 2106 proiugemt.
513 2069 620 2096 Verres
638 2068 671 2096 in
692 2069 856 2097 Xenonem
877 2066 1026 2103 iudicium
1035 2066 1121 2096 dabat

162 2105 241 2135 illud
252 2106 270 2136 s
266 2116 340 2138 uum
350 2107 573 2138 damnatorium
583 2106 964 2150 dejugerum'profeffione.
983 2110 1073 2138 Xeno
1083 2108 1118 2138 ad

161 2146 192 2178 se
201 2149 349 2187 pertinere
358 2149 497 2189 negabat:
518 2149 649 2179 fundum
661 2151 810 2180 elocatum
819 2148 876 2179 effe
886 2149 1008 2179 dicebat.
1033 2150 1120 2179 dabat

161 2186 217 2219 iste
225 2189 374 2228 judicium
387 2210 396 2224 ‚
416 2194 428 2218 5
438 2191 484 2220 SI
503 2193 607 2220 PAR
617 2194 641 2220 E
652 2194 677 2220 R
688 2194 712 2220 E
723 2193 764 2224 T,
779 2193 882 2232 jugera
892 2192 955 2227 ejus
963 2191 1051 2221 fundi
1062 2189 1118 2221 effe

160 2230 256 2271 plura,
267 2231 356 2272 quam
366 2232 495 2262 colonus
504 2231 574 2262 effet
582 2231 726 2273 profeffus
737 2253 745 2267 ‚
761 2242 828 2263 tum
839 2235 881 2262 uti
893 2235 982 2262 Xeno
994 2233 1118 2263 damna-

160 2280 250 2303 retur.
274 2274 461 2305 Dicebat-ille
472 2294 480 2307 ‚
500 2284 566 2304 non
576 2273 671 2304 modo
683 2285 746 2312 non
758 2273 845 2305 araffe
855 2275 884 2305 se
894 2295 902 2308 ‚
923 2273 938 2293 ⁶
952 2274 983 2304 id
994 2274 1074 2315 quod
1085 2277 1118 2304 in

162 2313 230 2345 satis
239 2324 308 2349 erat,
325 2315 374 2345 sed
383 2325 439 2346 nec
447 2315 611 2346 dominum
623 2317 686 2356 ejus
695 2315 752 2346 effe
761 2316 859 2350 fundi,
870 2326 926 2346 nec
936 2317 1098 2347 locatorem
1112 2327 1117 2346 ι

161 2359 178 2384 7
188 2358 292 2386 uxoris
308 2354 365 2387 efl'e
377 2368 382 2386 ;
402 2367 468 2388 cam
485 2359 580 2399 ipsam
599 2359 688 2388 suum
708 2360 864 2400 negotium
883 2369 982 2400 gerere
997 2369 1001 2387 :
1024 2359 1118 2398 ipsam

162 2396 309 2428 locavisse.
335 2398 525 2430 Defendebat
534 2402 697 2430 Xenonem
709 2401 806 2430 horno
818 2401 938 2430 summo
949 2400 1116 2440 splendore,

162 2438 196 2469 &
204 2439 320 2471 summa
329 2440 500 2471 austoritate
509 2441 650 2482 praeditus
660 2462 669 2475 ‚
692 2444 738 2474 M.
749 2441 913 2472 Coffetius.
937 2442 994 2472 Iste
1004 2443 1119 2472 nihilo-

160 2482 264 2512 minus
268 2483 280 2523 j
285 2481 421 2513 udicium
431 2492 489 2513 n—s
500 2493 592 2514 cxxx
602 2484 739 2514 millium
751 2484 846 2515 dabat.
881 2483 938 2515 Ille
949 2483 1062 2514 tametsi
1071 2494 1118 2514 re-

157 2566 2138 2583 hhu———ffiq-

199 2600 223 2619 ι.
242 2595 272 2618 Ut
280 2601 335 2620 anre
343 2597 400 2621 Kal.
408 2596 506 2621 sextiles
518 2613 525 2626 ‚
535 2593 602 2628 ἀνα]
623 2593 784 2621 Particulam
803 2600 831 2619 ut
848 2592 955 2630 adposui
967 2593 1118 2621 volentibus

162 2629 322 2656 membranis
332 2631 444 2657 Nannii.

163 2690 166 2693 .
199 2673 227 2692 2.
245 2666 275 2691 111
282 2673 377 2699 tempore
387 2676 416 2692 ac
424 2667 507 2701 quaestu
517 2667 651 2692 admonitus
659 2667 850 2701 reprehendiffi]
871 2666 963 2703 Apage
981 2665 1119 2693 cori-ecsto-

162 2708 204 2728 105
214 2701 274 2728 istos
286 2721 294 2733 ,
305 2703 350 2738 qui
362 2703 418 2728 heic
427 2706 522 2737 argute
532 2703 616 2738 inepti
626 2702 695 2729 {iii-it.

199 2744 225 2772 3.
234 2739 272 2763 Ἱὶιι
280 2740 381 2764 homines
389 2741 473 2773 hengst.
483 2747 512 2768 at
521 2739 724 2773 locupletissimos]
739 2739 806 2765 Tres
819 2747 894 2765 voces
906 2738 1051 2766 intersertae
1060 2737 1120 2765 sunt

161 2770 195 2803 de
203 2772 363 2800 auEtoi-itate
374 2774 435 2801 libri
446 2775 595 2801 Nanniani.

195 2816 223 2841 4.
241 2812 392 2844 Nymphonem
411 2818 505 2843 negaret
522 2820 551 2836 ex
568 2811 639 2836 admo
651 2830 659 2842 ‚
668 2811 735 2845 dnn]
758 2810 800 2836 Est
813 2811 827 2836 ὲ
840 2811 896 2836 Ρ;11.
907 2810 956 2837 sec.
970 2819 1028 2837 nam
1040 2810 1120 2846 prim.

160 2851 264 2871 necaret.
287 2845 392 2882 vulgata
402 2846 480 2873 hodie
492 2865 501 2880 ,
510 2854 609 2872 ‘vocaret
618 2866 626 2879 ,
638 2848 665 2873 &
676 2847 732 2883 post
743 2866 751 2879 ,
763 2847 886 2882 profeſsum
895 2857 940 2874 non
950 2849 999 2882 estet
1010 2865 1018 2878 ‚
1030 2854 1123 2873 contra

162 2887 251 2907 utrum
272 2890 303 2908 ue
315 2882 373 2908 mss.

199 2925 225 2950 5.
242 2891 270 2944 S}
281 2925 379 2950 parerer
389 2919 476 2952 jugera
494 2919 544 2953 ejus
555 2919 580 2952 f.
591 2921 656 2952 e.pl.
666 2929 691 2953 q.
702 2921 744 2945 col.
755 2919 819 2951 es.p.
837 2926 887 2944 tum
896 2922 932 2944 uti
941 2918 1028 2951 xeno]
1049 2917 1093 2944 Est
1107 2918 1121 2944 ἐι

161 2950 218 2978 Pal.
229 2962 269 2989 pr.
279 2954 307 2979 δε
318 2953 367 2981 sec.
385 2954 434 2981 11111
445 2954 516 2990 quod
526 2954 548 2980 is
561 2973 569 2987 ,
578 2963 689 2989 appar-et.
709 2955 832 2992 vulgata,
841 2955 1052 2990 fipattrctjugera
1062 2955 1122 2989 ejus-

161 2987 221 3017 uodi
228 2989 279 3019 &c.
293 2996 342 3014 tum
353 2993 414 3016 Xeno
425 2991 476 3021 ὅγε.
1054 2988 1057 2994 “

196 3024 225 3050 6.
244 3024 273 3050 ld
280 3025 340 3059 quod
346 3028 370 3051 in
374 3027 436 3059 sat-³5
446 3027 524 3061 eran]
545 3027 586 3054 Ita
596 3027 660 3054 citat
669 3036 703 3054 ex
715 3025 800 3054 nescio
810 3026 905 3063 quibus
916 3026 1052 3058 veteribus
1062 3026 1121 3052 Ho-

162 3064 293 3086 romanus.
314 3068 340 3087 at
351 3061 408 3088 mss.
420 3063 515 3089 nostris
524 3063 552 3088 &
562 3062 624 3089 edd.
637 3064 696 3090 :iliis
708 3063 778 3089 abest
788 3063 946 3099 pra-positio.

195 3102 225 3129 7.
243 3097 325 3123 Uxoris
341 3097 407 3132 esse.]
429 3099 470 3125 lta
487 3098 554 3125 liber
565 3099 678 3126 Nauuii.
697 3100 811 3128 aliorum
823 3119 832 3133 ,
853 3109 947 3127 nmrem
958 3117 968 3134 ‚
987 3097 1122 3136 quomodo

139 3157 143 3162 ,
159 3126 226 3159 floem
236 3130 326 3175 paffim
339 3132 444 3171 vulgata
453 3153 464 3169 ‚
474 3143 522 3163 nec
532 3136 642 3166 omnino
651 3135 732 3164 male..

1027 117 1093 150 ru
1138 103 1522 152 C.VERREM.

2035 122 2127 171 273

1171 195 1356 226 cuperatores
1367 187 1403 217 de
1412 188 1535 218 cohorte
1547 187 1698 218 latronum
1713 185 1765 218 fibi
1773 187 1863 228 parari
1873 186 2006 218 videbat:
2029 194 2133 218 tament

1168 228 1320 266 judicium
1331 239 1520 269 accepturum
1533 230 1561 260 se
1571 228 1629 260 effe
1637 230 1760 260 dicebat.
1786 233 1870 260 Tum
1881 229 1934 259 iste
1941 239 2048 270 magna
2055 237 2132 259 voce

1169 272 1307 299 Veneriis
1317 273 1443 310 imperat
1453 292 1460 305 ‚
1474 267 1487 290 Β
1500 281 1532 301 ut
1545 274 1635 302 Xeno
1645 272 1779 306 audiret3
1802 274 1871 300 D'U
1881 273 1922 301 M
1940 275 1967 300 R
1976 274 2001 300 E
2010 272 2031 300 S
2050 272 2129 310 va

1169 313 1200 339 D
1209 313 1226 339 I
1235 314 1287 340 CE
1298 313 1355 340 Tv
1365 315 1390 341 R
1401 333 1410 346 ‚
1432 314 1594 343 hominem
1606 313 1804 344 utass'ervent:
1824 313 2070 354 cumjudicatum
2082 310 2130 345 sit,

1167 351 1202 381 ad
1214 353 1241 381 se
1252 352 1399 383 adducant
1409 375 1418 387 ,
1430 355 1547 385 &illud
1558 355 1645 385 simul
1657 356 1752 390 dixin
1774 356 1804 386 se
1813 365 1877 385 non
1887 364 2005 395 putare,
2023 355 2128 384 illum.

1168 392 1187 421 si
1197 400 1304 434 propter
1313 395 1434 424 divitias·
1444 417 1452 429 ,
1459 405 1553 436 poenas
1562 398 1747 426 damnarmnis
1755 404 1937 427 contemnerer
1945 418 1953 430 ‚
1965 399 2055 427 etiam
2067 397 2129 426 vir-

1167 444 1216 475 gas
1227 445 1428 466 contemnere.
1448 440 1511 468 Hac
1522 439 1573 468 1110
1582 442 1624 472 ν1,
1637 439 1669 469 &
1680 441 1736 470 1100
1747 448 1831 470 metu
1840 438 1995 472 adductus,
2009 447 2128 468 tantum

1167 475 1341 506 decumanis
1353 497 1360 510 ‚
1382 477 1527 518 quantum
1538 480 1592 510 iste
1602 483 1777 521 imperavit,
1794 482 1931 511 exsolvit.
1976 481 2127 511 Polemar—
2143 485 2184 517 23

1166 518 1240 564 chus
1250 517 1292 547 est
1302 521 1525 559 Murgentinus,
1537 524 1584 551 vir
1594 522 1703 556 bonus.
1715 533 1802 564 atque
1811 523 1966 553 honestus.
1991 525 2016 552 is
2029 543 2036 555 ,
2052 521 2126 552 cum

1167 568 1221 599 pro
1229 560 1382 601 jugeribus
1392 563 1624 603 quinquaginta,
1643 565 1801 594 medimna
1817 574 1907 594 tocc.
1924 564 2129 595 decumaeim-

1167 610 1336 640 perarentur
1347 622 1355 635 ‚
1366 602 1448 642 quod
1459 605 1623 638 recusabat,
1643 606 1771 636 domum
1782 607 1817 636 ad
1828 606 1916 636 istum
1929 611 1943 633 9
1952 609 1984 636 in
1993 607 2042 646 jus
2053 605 2128 636 edu-

1168 642 1232 672 etus
1244 642 1304 673 est:
1324 644 1356 673 δε
1367 664 1375 677 ,
1396 644 1467 673 cum
1480 644 1534 674 iste
1545 649 1633 676 etiam
1644 648 1763 678 cubaret
1774 668 1783 681 ,
1802 650 1835 678 iri
1844 649 2018 678 cubiculum
2030 650 2128 677 intro-

1167 683 1275 714 duetus
1285 684 1327 715 est
1339 696 1344 714 t
1356 685 1448 726 quod,
1462 685 1516 715 nisi
1528 688 1662 722 mulieri,
1678 690 2014 728 &decumanmpatebat
2026 692 2129 719 nerni-

1166 728 1199 755 ni
1209 727 1269 755 alii.
1302 727 1368 760 Ibi,
1391 726 1461 757 cum
1482 731 1591 768 pugnis
1612 730 1644 759 δε
1658 732 1788 761 calcibus
1800 731 1957 761 consciffus
1969 731 2054 761 ess'et:
2075 733 2128 771 qui

1167 777 1232 797 Dec
1250 768 1416 798 medimnis
1426 769 1561 799 decidere
1572 771 1714 801 noluisset
1724 792 1732 805 ,
1754 773 1838 802 mille
1849 772 1997 812 promisit.
2024 773 2128 803 Eubu-

1167 809 1242 839 lides
1250 809 1292 840 est
1304 811 1469 850 Grosphus,
1481 814 1707 852 Centuripinus,
1720 815 1816 844 homo
1825 814 1896 844 cuni
1907 817 2015 845 virtute
2026 816 2058 845 80
2070 825 2129 844 no-

1168 852 1284 881 bilitate
1297 852 1382 882 domi
1392 853 1460 885 suae,
1473 861 1538 883 tum
1547 857 1639 884 etiam
1650 857 1774 894 pecunia
1783 859 1929 896 princeps.
1942 858 2013 886 huic
2025 859 2131 886 homi-

1165 895 1210 927 ni,
1218 894 1345 933 judices,
1355 893 1569 925 honestiffimae
1577 899 1704 927 civitatis
1715 896 1923 927 honestissimo
1936 919 1943 931 ‚
1957 908 2021 927 nori
2032 898 2128 928 modo

1167 934 1315 966 frumenti
1325 937 1426 966 scitote
1437 957 1445 970 >
1468 937 1515 967 sed
1525 940 1614 968 etiam
1628 940 1694 968 vitre
1703 959 1710 972 ‚
1733 940 1915 979 &siznguiw
1932 948 2049 969 tantum
2058 940 2130 970 reli*

1168 977 1253 1007 Ctum
1263 977 1321 1007 effe
1333 999 1340 1011 ‚
1359 988 1505 1018 quantum
1517 982 1645 1019 Apronii
1658 981 1756 1011 libido
1765 982 1845 1012 tulit.
1877 991 1948 1011 nain
1962 983 1992 1010 vi
2005 1002 2013 1014 ‚
2032 981 2132 1014 malo..

1166 1020 1261 1060 plagis
1270 1019 1416 1050 adduEtus
1427 1020 1468 1050 est
1477 1041 1486 1054 ‚
1499 1030 1532 1050 ut
1540 1022 1686 1053 frumenti
1697 1023 1792 1057 daret,
1808 1025 1836 1042 ¹0
1846 1033 1909 1052 non
1919 1033 2065 1063 quantum
2076 1025 2128 1053 ha-

1170 1062 1263 1094 beret,
1277 1062 1325 1091 sed
1335 1071 1481 1102 quantum
1493 1074 1655 1104 cogeretur.
1688 1064 1842 1099 Sostratus,
1855 1065 1887 1094 &
1897 1067 2084 1099 Numenius,
2097 1066 2131 1095 δε

1170 1104 1411 1143 Nymphodorus
1432 1105 1567 1139 eiusdem
1579 1108 1707 1136 civitatis
1716 1126 1724 1139 ,
1746 1106 1817 1137 cum
1829 1117 1866 1137 ex
1874 1109 1949 1148 agris
1960 1116 2017 1136 tres
2027 1105 2129 1137 fratres

1168 1146 1321 1191 consortes
1329 1145 1537 1188 profugissent,
1546 1147 1628 1188 quod
1640 1151 1676 1178 iis
1684 1149 1753 1188 plus
1761 1148 1908 1179 frumenti
1917 1149 2129 1190 imperabatur.

1168 1188 1257 1229 quarn
1269 1197 1415 1228 quantum
1426 1199 1592 1219 exararant:
1615 1190 1796 1220 hominibus
1815 1190 1925 1220 coactis
1936 1211 1943 1223 ‚
1965 1194 1998 1220 in
2017 1200 2125 1220 eorum

1165 1232 1310 1260 arationes
1322 1232 1473 1269 Apronius
1485 1234 1580 1261 venit:
1594 1232 1932 1262 onineinstrumentum
1943 1231 2129 1272 diripuitJa*

1168 1272 1287 1301 miliam
1307 1272 1433 1301 abduxit
1443 1292 1451 1305 ‚
1468 1283 1559 1312 pecus
1575 1274 1681 1315 abegit.
1703 1273 1804 1314 postea
1814 1274 1885 1304 cum
1897 1275 1931 1304 ad
1943 1285 2013 1304 eum
2025 1276 2128 1313 Nym*

1166 1314 1319 1354 phodorus
1338 1313 1465 1344 veniss'et
1484 1318 1624 1345 AEtnam:
1644 1316 1676 1345 &
1691 1325 1785 1346 oraret
1795 1337 1802 1349 ‚
1825 1326 1858 1346 ut
1867 1315 1919 1346 sio:
1931 1317 1981 1346 sua
1993 1315 2130 1346 restitue-

1166 1365 1268 1385 rentur
1279 1367 1284 1384 2
1297 1356 1456 1386 hominem
1467 1359 1586 1398 corripi,
1598 1368 1628 1388 ac
1634 1358 1843 1398 fiaspendzjuffit
1855 1362 1880 1377 ¹¹
1893 1359 1921 1387 in
1930 1356 2038 1393 oleastro
2047 1367 2127 1398 quo-

1167 1398 1235 1428 dam
1249 1408 1254 1426 :
1271 1408 1337 1438 quae
1345 1397 1387 1428 est
1398 1399 1484 1428 arbor
1494 1420 1502 1432 ,
1525 1399 1639 1435 iudices
1649 1420 1656 1434 ‚
1676 1403 1709 1430 in
1719 1399 1797 1430 foro.
1821 1399 1935 1430 tamdiu
1945 1401 2128 1439 pependztin

1165 1440 1268 1470 arbore
1277 1439 1374 1469 socius
1387 1460 1395 1473 ‚
1407 1442 1580 1482 amicusque
1589 1442 1695 1481 populi
1705 1444 1799 1472 Rom.
1812 1444 1843 1471 in
1852 1442 2003 1472 sociorum
2014 1442 2085 1470 urbe
2095 1451 2129 1470 ac

1163 1481 1232 1512 foro
1243 1502 1251 1516 ,
1270 1482 1400 1511 colonus
1411 1491 1564 1523 aratorque
1574 1483 1680 1517 vester,
1691 1483 1837 1525 quamdiu
1849 1484 1987 1513 voluntas
1998 1484 2129 1523 Apronii

1163 1525 1241 1553 tulit.
1265 1525 1380 1553 Genera
1391 1524 1567 1561 jamdudum
1578 1526 1850 1556 innumerabilium
1862 1527 2040 1562 injuriarum
2053 1545 2061 1558 ,
2074 1526 2128 1564 ju-

1161 1566 1241 1597 dices
1256 1585 1264 1599 ,
1284 1564 1405 1607 singulis
1422 1567 1602 1597 nominibus
1620 1566 1760 1607 profero:
1780 1566 1932 1598 infinitam
1952 1567 2126 1596 multitudi-

1163 1618 1235 1638 nem
1246 1608 1425 1647 injuriarum
1435 1611 1645 1648 praetermitto.
1670 1619 1723 1640 vos
1733 1618 1800 1640 ante
1811 1610 1914 1639 oculos
1927 1630 1934 1641 ,
1946 1609 2126 1649 animosque

1162 1649 1275 1680 vestros
1285 1669 1293 1684 ‚
1314 1658 1374 1680 tota
1382 1651 1483 1680 Sicilia
1491 1650 1730 1681 decumanorum
1743 1653 1798 1682 hos
1807 1653 1936 1691 impetus
1945 1671 1954 1685 ‚
1975 1659 2128 1681 aratorum.

1162 1692 1347 1732 direptiones
1359 1713 1367 1726 ,
1386 1692 1476 1733 hujus
1487 1695 1766 1733 importunitatem,
1784 1695 1912 1734 Apronii
1928 1703 2042 1733 regnum
2055 1702 2126 1733 pro-

1162 1736 1276 1774 ponite.
1300 1732 1467 1764 Contemsit
1477 1736 1609 1766 Siculos:
1631 1745 1695 1766 non
1707 1735 1796 1766 duxit
1805 1737 1963 1766 homines:
1982 1745 2037 1765 nec
2047 1735 2128 1774 ipsos

1162 1776 1198 1806 ad
1208 1776 1448 1817 persequendum
1459 1778 1665 1808 vehementeis
1675 1777 1738 1808 fore
1748 1799 1756 1812 ,
1779 1778 1810 1808 &
1820 1787 1875 1807 vos
1885 1787 1990 1807 eorum
2000 1778 2126 1816 injurias

1162 1819 1268 1848 leviter
1286 1819 1396 1848 laturos
1413 1818 1613 1850 existimavit.
1662 1819 1734 1850 Esto
1748 1830 1753 1848 :
1772 1818 1876 1849 falsam
1896 1819 1934 1849 de
1951 1819 2012 1849 illis
2022 1818 2126 1848 habuit

1163 1862 1344 1900 opinionem
1357 1880 1365 1894 ,
1379 1861 1488 1890 malam
1501 1860 1537 1890 de
1546 1862 1634 1891 vobis
1646 1872 1651 1890 :
1667 1870 1878 1891 verumtamen
1887 1860 1959 1890 curn
1970 1860 2006 1891 de
2017 1860 2126 1891 Siculis

1165 1902 1242 1931 male
1254 1911 1427 1936 mercretur,
1439 1904 1532 1932 civeis
1541 1905 1699 1933 Romanos
1706 1903 1863 1935 coluit‚his
1872 1901 2004 1936 indulsit,
2017 1911 2127 1932 eorum.

1163 1944 1332 1976 voluntati,
1352 1943 1385 1973 &
1395 1946 1494 1983 gratiae
1503 1944 1622 1974 deditus
1635 1943 1701 1974 fuit.
1734 1948 1762 1963 ¹²
1775 1943 1832 1974 Iste
1842 1945 1935 1974 civeis
1945 1946 2104 1974 Romanos
2115 1945 2129 1971 ξ

1164 1988 1190 2012 ¹3
1204 1987 1244 2014 At
1254 1985 1346 2014 nuliis
1355 1985 1794 2019 inimicior‚autinfestiorfuit.
1815 1988 1908 2015 Mitto
1918 1985 2130 2018 vincla,mitto

1163 2036 1307 2057 carcerem
1321 2046 1328 2059 ‚
1341 2029 1431 2056 mitto
1441 2027 1563 2057 verbera
1572 2048 1581 2061 ,
1602 2029 1692 2057 mitto
1701 2028 1825 2058 secureis
1838 2038 1843 2056 :
1862 2038 1981 2058 crucem
1992 2027 2130 2069 denique

1162 2068 1246 2098 illam
1258 2071 1452 2107 praetermitto
1463 2089 1471 2102 ,
1491 2079 1581 2109 quarn
1597 2069 1715 2099 civibus
1727 2071 1876 2100 Romanis
1891 2067 1983 2104 testem
1992 2068 2128 2097 humani-

1166 2111 1231 2139 raris
1248 2112 1281 2139 in
1297 2120 1348 2139 eos
1360 2130 1368 2143 ,
1387 2121 1419 2140 ac
1436 2111 1651 2141 benivolentiae
1672 2112 1729 2141 suae
1743 2112 1843 2141 voluit
1852 2109 1926 2141 effe:
1947 2112 2057 2144 mitto,
2077 2112 2128 2140 in-

1165 2162 1254 2192 quam
1266 2172 1274 2185 ,
1294 2152 1356 2181 haec
1367 2153 1471 2181 omnia
1481 2172 1489 2186 ,
1509 2161 1595 2193 atque
1605 2155 1637 2182 in
1647 2153 1728 2183 aliud
1742 2152 1863 2183 dicendi
1875 2162 1993 2193 ternpus
2004 2153 2108 2192 rejicio
2121 2162 2130 2181 :

1165 2194 1201 2223 de
1212 2193 1357 2226 decumis,
1369 2193 1405 2223 de
1414 2196 1529 2223 civium
1541 2197 1706 2224 Romanor.
1719 2195 1894 2225 conditione
1903 2197 1937 2224 in
1946 2195 2131 2224 arationibus

1164 2235 1282 2274 disputo
1295 2245 1300 2263 :
1317 2236 1369 2275 qui
1378 2236 1638 2276 quemadmodum
1649 2235 1741 2266 essent
1750 2238 1862 2276 accepti
1873 2257 1880 2270 ,
1891 2236 2008 2276 judices
2020 2256 2027 2269 ,
2040 2235 2127 2266 audi·-

1167 2276 1219 2306 stis
1235 2287 1272 2306 ex
1290 2275 1370 2316 ipsis.
1395 2277 1473 2307 bona
1492 2276 1545 2307 fibi
1563 2287 1661 2318 erepta
1681 2277 1737 2308 esse
1757 2278 1870 2308 dixere.
1902 2276 2018 2308 Verum
2043 2279 2106 2307 haec
2115 2297 2127 2312 ‚

1167 2322 1197 2345 14
1206 2320 1350 2359 quoniam
1360 2318 1510 2357 ejusmodi
1520 2320 1603 2349 causa
1611 2319 1805 2353 fuit,ferenda
1815 2321 1885 2350 sunt
1896 2331 1902 2349 :
1915 2320 1993 2350 nihil
2002 2317 2128 2350 valuisse
2175 2318 2182 2326 ⁵

1164 2362 1346 2401 aequitatem,
1357 2361 1436 2390 nihil
1446 2361 1697 2392 consuetudinem
1711 2373 1715 2390 z
1739 2365 1874 2392 DAMNA
1894 2361 2127 2402 11011100οη010-

1165 2412 1225 2434 ces,
1237 2403 1319 2432 nulla
1330 2410 1410 2432 tanta
1419 2402 1486 2433 sunt
1496 2423 1503 2436 ‚
1520 2413 1585 2444 quae
1597 2413 1661 2434 non
1671 2406 1727 2433 viri
1737 2403 1828 2434 fortes
1839 2425 1847 2437 ,
1867 2413 1976 2444 magno
1989 2402 2131 2433 &libero

1167 2446 1273 2474 animo
1283 2442 1393 2477 affecti,
1404 2443 1525 2475 ferenda
1535 2445 1720 2475 arbitrentur.
1743 2443 1858 2485 Qidffl
1868 2444 2019 2486 equitibus
2030 2447 2128 2475 Rom.

1167 2495 1234 2516 non
1244 2486 1376 2517 obscuris
1386 2506 1395 2520 ,
1415 2496 1512 2527 neque
1522 2489 1634 2528 ignotis
1645 2507 1653 2522 ,
1673 2487 1722 2517 sed
1733 2486 1867 2517 honestis
1876 2507 1884 2521 ,
1905 2487 1937 2517 &
1947 2485 2127 2519 illustribus.

2019 2537 2129 2558 manus

1197 2594 1225 2621 8.
1245 2598 1274 2620 Ut
1283 2598 1345 2622 Xeno
1355 2596 1475 2629 audie-ert]
1494 2596 1554 2621 Hoc
1563 2595 1637 2622 estut
1649 2595 1694 2621 ille
1705 2594 1832 2622 exaudire
1842 2596 1925 2632 poss‘et
1935 2597 2017 2622 minas
2032 2596 2126 2622 Vei-ris

1161 2630 1311 2667 subsequas.
1331 2632 1373 2657 Sic
1384 2632 1497 2657 Ovidius
1517 2630 1564 2657 lib.
1577 2640 1612 2656 11.
1624 2632 1756 2657 Amorum
1769 2642 1774 2657 :
1796 2633 1852 2666 Risit
1863 2651 1871 2663 ,
1890 2638 1917 2657 ut
1927 2633 2033 2658 audirem
2042 2640 2127 2659 tenera

1162 2676 1212 2692 eum
1222 2675 1298 2728 'nfra
1306 2668 1402 2701 Cupido.
1423 2666 1574 2694 emendatio
1584 2667 1661 2699 hujus
1673 2668 1723 2694 loci
1736 2667 1771 2694 est
1782 2667 1814 2694 ab
1823 2668 1968 2695 Nanniano
1981 2687 1990 2700 ,
1999 2669 2026 2695 Sc
2038 2669 2124 2696 Palat-

1162 2703 1237 2729 secun
1263 2724 1268 2729 .

1196 2747 1225 2773 9.
1246 2742 1273 2765 1η
1285 2742 1330 2773 jui-
1347 2739 1444 2765 edamur
1461 2740 1520 2774 effi]
1542 2738 1726 2766 Habentistud
1737 2739 1805 2766 Pau,
1815 2739 1844 2765 δε
1854 2739 1946 2768 Nanu.
1961 2741 2129 2770 utoniittam

1162 2774 1224 2802 edd.
1237 2775 1347 2801 rancidae
1358 2776 1503 2802 vetustatis.
1527 2775 1633 2810 vulgata
1646 2795 1654 2806 ‚
1666 2776 1788 2801 dednc'lm.

1203 2820 1245 2837 xo,
1265 2814 1318 2836 Non
1327 2819 1444 2845 quantum
1453 2812 1573 2844 haberer]
1589 2812 1630 2837 Sic
1642 2811 1708 2837 Pall.
1720 2810 1836 2847 edd.que
1846 2821 1950 2839 omnes.

1177 2856 1212 2908 di
1220 2856 1243 2873 1.
1263 2849 1291 2873 ln
1301 2849 1393 2880 oleastro
1402 2848 1525 2882 quodam]
1538 2846 1627 2876 Hodie
1638 2847 1735 2883 legitur
1744 2847 1906 2882 quadam,sed
1915 2855 2008 2875 contra
2018 2848 2086 2876 Pan.
2098 2849 2127 2876 ὅ(

1162 2893 1175 2909 0
1218 2903 1223 2909 .
1235 2890 1347 2909 veteres.

1202 2928 1244 2945 12.
1262 2921 1304 2950 Iste
1314 2922 1377 2944 cives
1385 2922 1497 2945 Romanos
1507 2918 1532 2953 ἓ]
1544 2918 1706 2946 Gulielmius
1716 2918 1835 2947 censebat
1845 2919 1969 2946 excidisse
1980 2921 2100 2948 voculam
2113 2940 2124 2954 ,

1163 2957 1231 2981 coluit
1240 2957 1279 2987 istc
1289 2958 1326 2980 εἰν
1347 2959 1387 2981 Ro.
1400 2959 1410 2980 ἐ
1427 2962 1454 2981 :it
1469 2955 1538 2981 enim
1550 2955 1619 2982 Pau.
1630 2955 1756 2992 scriptum
1767 2956 1804 2983 est
1816 2975 1825 2988 ‚
1838 2958 1877 2990 iste
1887 2960 1915 2983 C.
1925 2960 1954 2982 R.
1967 2961 1977 2984 ?
1995 2957 2057 2984 edd.
2067 2958 2124 2994 pri-

1164 2991 1212 3017 mis
1223 3001 1231 3021 5
1243 2993 1283 3023 Iste
1293 2994 1340 3016 civ.
1351 2995 1392 3016 Ro.
1405 2994 1415 3016 ἓ

1202 3034 1243 3062 ¹3·
1266 3030 1314 3054 (At
1323 3027 1392 3052 nullis
1399 3027 1540 3063 inimicior]
1553 3026 1597 3054 Est
1608 3027 1640 3055 ab
1651 3028 1799 3056 Hotomani
1809 3027 1974 3063 conjeRura,
1991 3038 2050 3056 iiam
2061 3027 2124 3055 scri-

1163 3062 1201 3099 pti
1214 3062 1332 3097 editiquc
1342 3064 1430 3088 nullut.

1203 3105 1242 3131 14.
1263 3099 1378 3131 Qaniam
1389 3099 1495 3133 ejusmodi
1505 3099 1658 3134 caiafhsuih]
1671 3101 1713 3128 Sic
1722 3100 1849 3132 Lambini.
1860 3103 1874 3129 ὲ
1886 3099 2052 3129 fabriciano.
2064 3099 2124 3126 vul-

1162 3141 1226 3171 gata
1237 3152 1246 3168 ‚
1258 3138 1368 3171 quopiam
1375 3134 1503 3171 hujusmodi
1511 3136 1580 3171 casm
1587 3136 1678 3170 adsuit.

1605 3172 1635 3201 Μ
1659 3181 1686 3203 m
2009 3180 2020 3198 x
2027 3190 2033 3197 .
2043 3172 2116 3197 Porti-
