2337 3400
174 121 270 174 952
336 102 495 152 MT.
527 99 886 148 Cic-E1’1s’r.
917 111 992 143 An
1021 94 1343 159 Qui-rum
1378 92 1731 152 Fan-rami,
1758 97 1884 145 L1ii.
1915 96 2013 143 111.

173 195 222 216 tus
246 186 315 216 cum
336 194 444 224 opera,
464 191 527 212 turn
543 182 647 210 animo
661 178 724 209 sum
736 178 836 208 multo
849 177 963 217 magis,
983 175 1130 216 quoniam

174 236 275 256 tamen
294 236 330 255 ex
345 224 467 264 epistola
479 243 486 256 ,
510 231 598 262 quam
608 221 642 251 ad
653 230 680 251 te
690 221 828 251 miseram
842 239 850 252 ‚
871 227 1016 258 cognovit
1027 216 1130 250 Caesar,

177 277 227 298 mc
236 266 347 306 aliquid
357 264 414 295 else
426 265 579 298 exorsum,
591 272 717 292 revertar
725 262 759 292 ad
774 260 956 291 institutum:
968 259 1058 299 idque
1070 267 1134 297 per—

181 307 279 337 ficiam
299 309 345 336 liis
358 307 609 346 supplicationum
630 302 735 334 otiosis
749 302 871 333 diebus:
894 301 1004 342 quibus
1017 297 1136 329 Messal-

173 350 235 378 lam
245 349 307 387 jam
322 347 471 380 nostrum,
481 346 669 387 reliquosque
677 343 816 375 molestia
825 345 939 373 levatos
950 363 958 374 ‚
970 342 1136 372 vehemen-

175 399 220 420 ter
243 390 377 430 gaudeo:
400 398 529 428 eumque
539 387 621 428 quod
630 396 745 417 certum
758 389 826 416 Cos.
838 395 907 415 cum
923 384 1066 414 Domitio
1080 391 1137 412 nu-

177 433 312 464 meratis,
324 431 401 460 nihil
412 431 426 460 a
438 429 536 460 nostra
546 431 691 469 opinione
703 426 872 459 dissentitis.
896 429 959 465 Ego
970 422 1135 455 Meffiillam

179 469 288 504 Caestin
306 471 462 513 praestabo,
485 471 541 501 Sed
554 473 721 500 Memmius
733 472 764 499 in
778 469 907 499 adventu
917 467 1037 498 Caesaris
1048 466 1135 495 habet

177 518 262 556 spem
284 525 291 543 ·.
313 517 346 544 in
372 523 433 554 quo
460 513 549 543 illum
576 521 651 552 puto
676 521 769 542 errare
788 522 793 539 z
819 511 868 540 hic
889 509 1013 550 quidem
1037 507 1134 548 friget.

175 562 285 590 scatit-u
295 566 326 588 m
336 564 436 585 autem
445 554 627 594 jampridem
638 553 799 593 Pompejus
808 552 916 592 abjecit
924 571 932 585 ,
951 560 996 581 res
1006 549 1136 590 prolatae.

175 599 212 631 ad
236 601 442 638 interregnum
458 597 584 626 comitia
593 595 728 625 adduita.
752 593 1034 624 Rumordifitatoris
1054 591 1136 630 inju-

176 640 294 673 cundus
312 641 419 669 bonis:
442 638 619 667 mihietiarn
632 639 798 678 magisquae
810 636 982 676 loquuntur.
1005 635 1062 665 Sed
1077 640 1137 663 tota

177 693 224 714 res
242 683 275 712 δε
296 684 438 712 timetur,
459 681 492 709 &
514 678 684 719 refrigescit.
709 682 872 718 Pompeius
894 677 981 716 plane
1005 677 1033 706 se
1051 684 1137 720 negat
1155 691 1158 701 ι

176 724 257 755 velle
278 734 284 754 2
306 731 389 754 antea
407 721 466 762 ipse
482 722 563 752 mihi
581 730 646 753 non
663 720 794 761 negabat.
829 721 938 748 Hirrus
956 717 1058 748 aurstor
1073 720 1137 747 fore

177 765 307 797 videtur.
332 766 358 793 O
376 763 420 793 dii
439 773 530 804 quam
554 764 690 802 ineptus!
712 762 802 803 quam
821 761 849 791 se
869 761 931 800 ipsc
955 770 1057 790 amans
1078 758 1137 789 sine

181 808 273 838 rivali
287 810 291 836 !
311 804 444 836 Crass'utn
456 808 618 837 Iunianum
633 824 641 838 ,
652 805 811 835 hominem
826 803 904 831 mihi
918 801 1053 832 debitum
1066 822 1074 836 ,
1087 810 1139 841 per

178 859 231 880 me
241 848 393 879 deterruit.
418 849 492 878 velit
507 868 515 882 ,
529 846 609 877 nolit
622 865 630 879 ,
641 846 713 876 scire
723 844 846 875 difficile
857 842 908 873 est.
934 845 1025 873 Hirro
1037 852 1136 874 tamen

176 900 283 934 gente
294 910 303 924 ,
323 890 406 920 nolle
427 890 456 920 se
464 900 528 920 non
538 887 684 929 probabit.
708 886 801 916 Aliud
813 887 870 915 hoc
885 894 1020 924 tempore
1029 885 1066 915 de
1077 894 1138 924 rep-

176 933 260 964 nihil
284 931 492 973 loquebantur.
509 929 646 971 agebatur
666 928 790 969 quidem
812 927 891 957 certe
911 927 999 956 nihil.
1021 928 1137 958 Serrani

179 972 354 1006 Domestici
374 971 430 1002 filii
450 973 540 1003 funus
556 969 782 1010 perluffiiosum
802 968 859 999 fuit
881 979 905 998 a.
925 969 954 999 d.
979 979 1034 999 11x
1067 969 1136 998 Kal.

179 1015 332 1048 Decemb.
353 1013 500 1045 Laudavit
517 1022 597 1054 pater
618 1012 726 1051 scripto
745 1020 825 1041 meo.
851 1013 942 1041 Nunc
960 1011 996 1041 :le
1006 1011 1135 1042 Milone,

178 1058 346 1097 Pompejus
363 1058 390 1086 ei
413 1057 490 1086 nihil
509 1055 633 1085 tribuit:
655 1054 688 1084 &
710 1054 815 1083 omnia
825 1054 939 1083 Guttae:
967 1052 1137 1093 dicitquese

178 1098 384 1141 perfeCwium
397 1119 405 1132 ‚
426 1107 458 1128 ut
469 1100 500 1128 in
511 1096 565 1127 illo
578 1094 671 1126 Caesar
681 1094 844 1125 incumbat.
864 1095 923 1124 hoc
934 1096 1035 1125 horret
1047 1093 1133 1123 Milo:

179 1152 237 1172 nec
255 1142 381 1180 injuria:
403 1140 454 1173 &,
477 1138 496 1169 si
515 1139 566 1168 ille
584 1136 710 1167 di&ator
730 1135 825 1166 faetus
845 1134 897 1169 sit,
919 1146 1004 1176 paene
1015 1134 1136 1165 diffidit.

177 1181 406 1214 Interccss'orem
424 1180 577 1212 di&atui·ae
598 1178 737 1218 sijuverit
748 1188 838 1208 manu
851 1198 859 1211 ‚
884 1178 916 1208 ὃς
927 1176 1062 1217 praesidio
1073 1177 1137 1209 suo,

180 1224 363 1265 Pompejum
387 1224 495 1253 metuit
512 1222 685 1253 inimicum.
710 1219 730 1249 si
750 1220 949 1260 nonjuverit:
971 1227 1079 1252 timet,
1101 1227 1139 1247 ne

179 1277 233 1307 per
265 1269 330 1296 vim
358 1264 527 1305 perferatur.
560 1262 663 1294 Ludos
682 1270 798 1301 apparat
816 1259 1138 1302 magnificentissimos.

183 1307 377 1348 sic2inquam
390 1327 398 1340 ,
418 1316 450 1337 ut
460 1303 785 1336 nemosumtuofiores.
799 1302 886 1338 stulte
896 1302 932 1332 bis
941 1310 1053 1344 terque,
1075 1311 1138 1332 non

183 1348 364 1390 postulatus:
383 1349 430 1379 vel
440 1350 509 1389 quia
521 1356 635 1377 munus
646 1344 843 1386 magnificum
855 1345 973 1375 dederat
989 1364 997 1378 ,
1016 1346 1064 1374 vel
1073 1345 1141 1385 quia

178 1392 333 1422 facultates
346 1399 521 1423 nouerant,
541 1389 588 1419 vel
599 1390 669 1429 quia
685 1386 839 1427 magister,
859 1388 907 1417 vel
926 1389 996 1427 quia
1006 1395 1142 1426 potuerat

181 1432 358 1474 magistrum
379 1433 406 1462 se
425 1452 434 1466 ,
467 1442 533 1462 non
548 1430 668 1462 aedilcm
687 1438 798 1469 putare.
825 1430 940 1459 >Omnia
957 1428 1018 1459 fere
1035 1427 1141 1469 scripsi.

182 1478 273 1508 Cura,
287 1477 331 1504 mi
341 1473 483 1504 cariffime
492 1473 594 1505 frater,
614 1481 646 1502 ut
656 1472 764 1502 valeas.

369 1529 586 1557 MARCUS
617 1528 664 1564 Q
686 1527 907 1559 FRATRI,
930 1528 957 1556 S.

281 1579 306 1607 E
317 1575 450 1605 Gabinio
460 1573 604 1604 nihilfuit
617 1572 789 1603 faciendum
801 1572 928 1602 istorum
941 1592 949 1605 ‚
962 1582 1027 1614 quae
1038 1582 1141 1603 aman-

281 1622 392 1654 tiss'ime
402 1625 530 1664 cogitata
539 1623 607 1653 sunt
617 1615 686 1647 ⁷²3⁷?
699 1614 856 1660 stfflaevb'vot.
876 1621 934 1651 feci
946 1622 1064 1652 summa
1073 1632 1142 1652 cum

183 1667 327 1706 gravitate
338 1685 345 1699 ,
359 1673 389 1695 ut
400 1675 508 1695 omnes
518 1665 660 1696 sentiunt,
674 1662 707 1692 &
717 1662 833 1692 summa
843 1661 915 1692 cum
925 1663 1047 1693 lenitate
1057 1684 1065 1696 ,
1078 1673 1143 1705 quae

183 1707 253 1738 feci.
271 1707 359 1737 illum
379 1716 475 1748 neque
487 1705 541 1736 ursi
553 1726 561 1739 ‚
584 1714 681 1745 neque
693 1704 800 1734 levavi.
822 1703 902 1734 testis
913 1705 1077 1735 vehemens
1089 1705 1140 1735 fui:

184 1757 325 1789 praeterea
342 1749 455 1788 quievi.
479 1749 604 1777 Exitum
616 1746 625 1784 j
632 1745 724 1775 udicii
734 1744 853 1775 foedum
867 1765 876 1778 ,
896 1745 1143 1785 &perniciosum

183 1788 335 1819 levissime
357 1789 422 1819 tuli.
446 1789 536 1827 Quod
555 1788 679 1828 quidem
700 1787 819 1816 bonum
832 1787 1002 1817 mihinunc
1012 1787 1143 1828 denique

183 1831 351 1865 redundat,
373 1839 406 1860 ut
425 1831 472 1860 his
495 1830 583 1859 malis
605 1830 677 1868 reip.
698 1828 876 1868 licentiaque
886 1827 1065 1862 audacium,
1088 1838 1145 1869 qua

183 1873 253 1904 ante
271 1872 449 1912 rumpebar‚
469 1881 551 1901 nunc
569 1881 606 1901 ne
626 1869 894 1910 movearquidem.
919 1869 1048 1900 nihilest
1058 1873 1142 1900 enim

183 1913 330 1955 perditius
340 1915 386 1943 his
396 1913 593 1946 hominibus,
617 1911 871 1951 histemporibus.
895 1914 1013 1952 Itaque,
1034 1921 1073 1942 ex
1083 1921 1143 1951 rep.

184 1957 332 1997 quoniam
352 1955 430 1985 nihil
452 1956 512 1995 jam
524 1955 683 1993 voluptatis
693 1955 757 1992 capi
768 1952 882 1992 potest:
902 1963 954 1983 cur
964 1952 1143 1988 stomacher,

185 1997 300 2028 nescio.
325 1998 444 2027 Litterae
455 2006 505 2026 me
516 2016 524 2030 ,
544 1996 576 2026 &
588 1995 682 2026 studia
696 1993 794 2024 nostra
803 2014 812 2028 ,
833 1995 866 2025 &
876 1996 974 2025 otium
986 2015 995 2029 ,
1005 1995 1145 2036 villaeque

187 2038 356 2074 delebhnt,
382 2039 577 2078 maximeque
596 2038 679 2078 pueri
705 2036 812 2067 nostri.
844 2038 937 2077 Angit
956 2046 1035 2068 unus
1052 2038 1144 2068 Milo.

186 2080 237 2111 sed
256 2080 350 2110 velim
371 2078 462 2109 finem
483 2078 583 2110 afferat
602 2078 774 2110 consulatus
794 2088 800 2107 z
829 2080 862 2108 in
885 2088 946 2119 quo
970 2080 1065 2110 enitar
1081 2089 1143 2109 non

187 2121 311 2156 minus,
333 2122 424 2162 quam
448 2122 513 2152 sum
527 2121 627 2152 enisus
637 2123 669 2152 in
681 2119 804 2150 nostro:
823 2128 915 2162 tuque
925 2118 1012 2151 istinc
1025 2141 1034 2155 ,
1061 2121 1143 2162 quod

229 2267 394 2308 13Qiludos
404 2276 454 2294 11-s
467 2278 533 2296 ccc.
552 2270 694 2304 comparem]
717 2270 758 2296 Ita
777 2269 833 2296 fei-e
846 2268 907 2295 libri
918 2267 983 2294 editi
995 2266 1148 2303 scriptique.

189 2305 337 2331 Lambinus
347 2302 431 2330 edidit
444 2323 451 2336 ‚
465 2315 519 2332 ii-s
531 2315 669 2331 eceman.
690 2315 740 2332 non
754 2306 930 2341 vituperarem
946 2304 962 2330 si
975 2302 1044 2330 nisus
1056 2313 1150 2330 exem-

188 2339 257 2375 plari
268 2338 455 2375 manuscripto.
476 2340 546 2368 idem
569 2350 631 2367 mox
651 2350 757 2376 quoque
775 2342 967 2374 considerantiam
985 2340 1100 2368 mutaiit
1121 2340 1147 2367 in

188 2375 419 2410 mcvfiderantiam,
430 2377 493 2406 cusis
503 2386 533 2405 ac
542 2377 644 2407 calamo
654 2377 768 2405 exaratis
779 2376 942 2405 nolentibus.

1173 174 1245 206 facis
1257 194 1266 208 ,
1278 173 1442 214 adjuvabis.
1466 177 1514 204 De
1523 185 1584 216 quo
1592 195 1602 210 ,
1612 185 1712 208 caetera
1731 177 1741 217 (
1753 176 1807 208 nisi
1815 176 1903 218 plane
1913 177 1959 208 vis
1969 176 2127 218 eripuerit)

1175 216 1255 247 recte
1266 216 1335 246 sunt
1346 226 1353 245 ;
1366 215 1402 246 de
1411 225 1442 245 re
1450 214 1580 248 familari
1589 219 1698 252 timeo,

1173 283 1196 298 „
1213 273 1226 290 o
1250 254 1285 292 est*
1308 258 1462 299 ιωοίνεπη
1486 255 1549 292 657⁶
1564 253 1615 291 ’ἐτ’
1629 259 1768 296 elren-1235
1784 274 1790 296 z
1815 271 1825 288 ¹
1836 269 2047 309 quiludosn-s
2061 276 2126 298 cce:

1175 315 1337 346 comparet.
1360 306 1445 345 cujus
1464 306 1497 334 in
1518 306 1575 336 hoc
1593 315 1657 336 uno
1669 307 1914 340 considerantiam
1927 311 2024 351 &ego
2036 309 2125 340 susti·

1177 349 1255 378 nebo
1270 368 1278 381 ,
1302 356 1334 378 ut
1343 355 1449 387 potero
1460 365 1468 381 ,
1489 347 1521 377 &
1532 355 1562 377 tu
1575 367 1583 380 ‚
1608 356 1639 377 ut
1647 347 1734 386 poffis
1746 369 1754 382 ‚
1767 349 1809 380 est
1817 359 1938 382 tuorum
1949 361 2124 382 nervorum.

1177 393 1224 420 De
1244 398 1330 419 motu
1349 397 1521 428 temporum
1541 390 1693 419 venientis
1713 392 1804 424 anni,
1825 394 1904 422 nihil
1922 402 1949 423 te
1960 394 2127 433 intelligere

1176 432 1330 462 volueram
1354 429 1513 460 domestici
1524 431 1641 460 timoris
1653 450 1661 464 ,
1685 430 1733 460 sed
1742 430 1778 460 de
1787 437 1945 464 communi
1955 437 2027 475 reip.
2043 434 2126 464 statu:

1177 475 1208 503 in
1226 483 1287 513 quo
1296 473 1388 502 etiam
1400 470 1419 500 fi
1431 472 1507 501 nihil
1516 480 1644 511 procuro
1661 492 1669 505 ,
1687 479 1788 501 tamen
1799 475 1877 503 nihil
1886 484 1984 506 curare
1995 479 2047 506 vix
2058 476 2128 516 pos-

1176 516 1252 545 sum.
1279 514 1379 555 Qiim
1397 522 1497 543 aurem
1508 522 1535 543 te
1545 514 1638 543 velim
1651 521 1770 543 cautum
1779 512 1836 543 effe
1850 517 1883 544 in
1895 516 2049 548 scribendo
2060 537 2068 551 ,
2087 526 2127 547 ex

1176 558 1233 586 hoc
1242 556 1387 595 conjicito
1398 574 1407 589 ,
1428 553 1509 595 quod
1517 565 1572 595 ego
1582 555 1617 586 ad
1629 564 1657 586 te
1668 565 1706 585 ne
1717 556 1779 585 haec
1791 555 1915 596 quidem
1927 557 2020 588 scribo
2031 579 2040 593 ,
2059 568 2128 600 quae

1176 599 1271 637 palam
1294 600 1325 626 in
1345 606 1405 636 rep.
1426 596 1582 626 turbantur
1608 609 1616 631 3
1639 605 1678 626 ne
1693 597 1868 637 cujusquam
1890 600 2029 629 animum
2052 610 2128 630 mea:

1176 641 1279 669 litterae
1291 641 1460 678 interceptae
1471 636 1637 669 offendant.
1653 640 1750 678 Qare
1761 638 1925 669 domestica
1933 649 2037 671 curate
2048 641 2128 672 leva-

1177 690 1242 711 tum
1263 681 1344 711 volo.
1369 682 1405 709 In
1424 689 1483 719 rep.
1509 680 1569 709 scio
1580 680 1669 720 quam
1682 680 1827 710 sollicitus
1840 679 1897 710 esse
1908 681 2009 711 soleas.
2031 682 2128 713 Video

1179 721 1346 753 Mefl'allam
1363 720 1500 752 nostrum
1511 724 1584 751 Cos.
1602 720 1623 752 si
1636 731 1688 762 per
1698 723 1887 763 interregem,
1898 720 1957 752 fine
1969 722 2081 760 judicio
2092 722 2129 754 :si

1177 775 1227 804 per
1236 763 1528 798 di&atorem,tamen
1540 761 1599 794 fine
1609 763 1754 803 periculo.
1765 763 1829 794 odii
1842 765 1919 793 nihil
1928 764 2024 796 habet.
2049 767 2131 795 Hor-

1178 805 1263 837 tensii
1275 807 1354 836 calor
1363 806 1497 854 multum
1508 805 1628 836 valebit.
1652 805 1776 836 Gabinii
1789 805 1939 836 absolutio
1950 826 1958 839 ‚
1980 806 2024 835 lex
2035 808 2131 849 impu-

1176 858 1273 886 nitam
1290 864 1427 896 putatur,
1449 861 1485 881 <W
1501 847 1669 892 παρέργῳ.
1692 856 1740 884 De
1756 853 1900 885 di&atore
1917 854 2130 886 tamen-aitaris

1176 899 1273 929 adhuc
1293 899 1372 928 nihil
1392 897 1443 927 est.
1467 897 1627 936 Pompejus
1637 895 1734 926 abest:
1755 899 1870 937 Appius
1881 898 1999 928 miscet:
2022 899 2132 928 Hirrus

1175 949 1253 980 parat
1265 951 1270 969 :
1282 941 1369 970 multi
1382 935 1585 969 intercessores
1594 945 1791 969 numerantur
1803 949 1808 967 :
1822 939 1952 978 populiis
1963 948 2025 969 non
2037 947 2126 970 curat:

1177 983 1324 1022 principes
1334 981 1460 1011 nolunt:
1473 985 1528 1020 ego
1539 980 1669 1019 quiesco.
1694 982 1742 1009 De
1754 981 1914 1020 mancipiis
1926 1000 1935 1014 ,
1977 981 2037 1011 uod
2051 981 2131 1011 mihi

1176 1024 1327 1063 polliceris
1338 1043 1346 1056 ‚
1360 1022 1446 1052 valde
1455 1030 1482 1051 te
1493 1030 1577 1050 amo:
1590 1020 1623 1050 &
1633 1021 1697 1050 sum
1710 1021 1850 1061 equidem
1865 1043 1875 1055 ,
1898 1024 1941 1053 uti
1952 991 2052 1053 ilci-ibis
2065 1042 2073 1056 ,
2095 1021 2130 1053 δε

1176 1068 1285 1095 Romae
1297 1085 1305 1098 ,
1318 1065 1350 1094 ὃς
1360 1065 1392 1093 iri
1401 1061 1713 1103 praed‘xisinfrequens.
1735 1062 1792 1092 Sed
1800 1073 1868 1093 cave
1879 1083 1886 1097 ‚
1904 1064 2009 1094 amabo
2019 1084 2028 1097 ,
2041 1063 2131 1105 quid-

1176 1116 1264 1146 quam
1277 1126 1285 1139 ,
1305 1104 1386 1146 quod
1400 1104 1436 1134 ad
1447 1112 1551 1133 meum
1560 1103 1763 1134 commodum
1773 1106 1895 1135 attineat
1904 1125 1912 1139 ,
1923 1104 1978 1136 nisi
1989 1114 2129 1136 maximo

1180 1156 1231 1177 tuo
1241 1146 1458 1180 commod0,&
1469 1153 1604 1175 maxima
1614 1153 1662 1175 tua
1673 1143 1870 1179 facultate‚mi
1880 1146 2130 1188 &atei-,cogitaris-

1178 1191 1226 1218 De
1235 1188 1358 1228 epistola
1366 1189 1478 1218 Vatinii
1491 1207 1500 1220 ‚
1512 1185 1569 1217 rifi.
1591 1186 1638 1217 sed
1649 1195 1698 1215 me
1708 1186 1745 1216 ab
1756 1196 1793 1216 eo
1802 1189 1841 1218 ita
1853 1188 1999 1219 observari
2009 1189 2068 1220 scio
2079 1209 2087 1223 ,
2099 1197 2131 1220 ut

1178 1231 1244 1268 ejus
1255 1229 1308 1261 ista
1319 1229 1388 1260 odia
1404 1238 1468 1259 non
1486 1229 1621 1259 sorbeam
1631 1227 1729 1258 solum
1742 1248 1750 1262 ,
1771 1228 1820 1259 sed
1830 1232 1922 1260 etiarn
1932 1239 2131 1271 concoquam.

1177 1270 1269 1314 Qod
1283 1282 1331 1302 me
1342 1272 1517 1304 hortaris‚ut
1525 1270 1688 1302 absolvam:
1698 1270 1794 1300 habeo
1804 1270 1942 1302 absoluti'i
1955 1272 2133 1306 suave0m‘ihi

1179 1321 1304 1358 quidem
1323 1323 1368 1352 uti
1386 1321 1523 1354 videtur,
1540 1311 1619 1348 ’ἔπος
1637 1318 1672 1350 ad
1691 1319 1836 1350 Caesarem
1854 1320 1926 1352 :sed
1937 1321 2135 1362 quaerolocu-

1178 1365 1292 1401 pletem
1301 1363 1541 1395 tabellarium‚ne
1551 1361 1662 1392 accidat
1679 1361 1761 1401 quod
1772 1363 1912 1404 Erigonae
1920 1372 1977 1394 tuae
1988 1373 1994 1392 :
2005 1363 2053 1393 cui
2065 1361 2133 1395 soli,

1178 1408 1290 1436 Caesare
1301 1407 1489 1445 imperatore,
1501 1406 1556 1434 iter
1564 1412 1601 1433 ex
1610 1402 1710 1433 Gallia
1719 1410 1817 1434 tutum
1828 1414 1892 1435 non
1900 1403 1969 1435 fuit.
1991 1402 2028 1418 ⁴⁵*
2039 1404 2136 1446 Qid?

1179 1446 1199 1477 fi
1209 1456 1392 1479 caementum
1404 1446 1521 1476 bonum
1533 1454 1595 1476 non
1606 1444 1747 1475 haberem
1760 1464 1769 1478 ,
1789 1446 1946 1477 deturbem
1957 1444 2135 1478 aedificium?

1181 1489 1262 1530 quod
1280 1488 1404 1530 quidem
1424 1487 1560 1528 quotidie
1578 1487 1654 1516 milii
1674 1487 1769 1526 magis
1790 1487 1886 1526 placet
1899 1499 1904 1516 τ
1925 1490 1959 1518 in
1968 1487 2134 1529 primisque

1182 1530 1307 1560 inferior
1316 1531 1460 1571 porticus,
1472 1529 1504 1559 &
1515 1529 1578 1567 ejus
1588 1527 1742 1559 conclavia
1752 1527 1831 1559 fiunt
1840 1529 1930 1561 redte.
1943 1532 1989 1561 De
2001 1532 2131 1561 Arcano,

1185 1575 1231 1602 Cae
1237 1572 1304 1602 saris
1315 1581 1391 1611 opus
1400 1570 1506 1603 est‚ve1
1517 1570 1687 1601 mehercule
1699 1571 1790 1599 etiarn
1801 1571 1990 1612 elegantioris
1998 1571 2135 1609 alicujus.

1182 1615 1328 1655 imagines
1340 1614 1423 1642 enim
1436 1611 1497 1642 '1stae
1508 1632 1516 1645 ,
1533 1610 1712 1651 &palaestra,
1725 1610 1757 1640 &
1767 1612 1890 1651 piscina,
1903 1612 1935 1642 ὃς
1946 1612 2038 1647 nilus,
2054 1612 2136 1642 mul-

1182 1665 1282 1686 torum
1295 1655 1530 1685 Philotimorum
1540 1653 1582 1684 est
1593 1673 1602 1686 ,
1625 1662 1687 1682 non
1697 1653 1905 1692 Diphilorum.
1930 1653 1978 1684 sed
1992 1651 2089 1693 &ipsi
2099 1662 2132 1686 ea

1182 1697 1333 1727 adibimus
1346 1716 1355 1729 ,
1374 1696 1407 1726 ὃς
1425 1696 1583 1726 mittemus
1594 1714 1603 1728 ‚
1625 1693 1657 1724 &
1669 1693 1890 1725 mandabimus.
1913 1697 1962 1727 De
1973 1695 2080 1726 Felicis
2091 1704 2136 1725 te-

1183 1738 1330 1768 stamento
1350 1746 1415 1767 tum
1432 1739 1527 1777 magis
1537 1745 1658 1778 querere
1670 1755 1678 1768 ‚
1703 1733 1722 1765 fi
1734 1735 1814 1765 scias.
1837 1738 1917 1777 Qas
1927 1739 2011 1767 enim
2021 1736 2135 1768 tabulas

1181 1780 1209 1809 se
1227 1780 1340 1818 putavit
1360 1776 1511 1819 obsignare
1523 1797 1532 1811 ,
1553 1780 1585 1807 in
1603 1777 1710 1817 quibus
1728 1778 1759 1806 in
1773 1779 1867 1807 unciis
1878 1776 2081 1809 firmissimum
2094 1786 2137 1808 te*

1182 1829 1284 1851 nuerat
1303 1820 1418 1860 (lapsus
1439 1818 1481 1850 est
1499 1829 1550 1859 per
1569 1827 1700 1848 errorem
1712 1817 1839 1848 &fuum
1853 1839 1862 1853 ‚
1883 1819 2036 1850 &sicurae
2048 1819 2137 1859 servi)

1183 1872 1247 1892 non
1264 1859 1445 1901 obsignavit:
1466 1870 1536 1902 quas
1556 1861 1675 1893 noluit,
1695 1869 1740 1890 eas
1751 1858 1927 1900 obfignavit.
1948 1858 2017 1895 οἴῃς
2030 1860 2134 1904 οἰμω.

1184 1902 1265 1950 {saza
1283 1916 1290 1938 t
1300 1919 1358 1940 nos
1368 1908 1463 1939 modo
1473 1909 1634 1939 valeamus.
1658 1910 1849 1943 Ciceronem,
1861 1909 1894 1939 &
1905 1918 1935 1939 ut
1946 1918 2041 1952 rogas,
2052 1918 2135 1943 amo,

1185 1953 1217 1983 &
1228 1961 1260 1982 ut
1270 1960 1402 1982 meretur
1413 1971 1422 1985 ,
1444 1951 1477 1981 &
1489 1960 1521 1981 ut
1531 1950 1640 1981 debeo.
1665 1952 1799 1980 Dimitto
1813 1956 1913 1981 autem
1925 1950 1940 1981 a
1953 1960 2003 1981 me
2013 1970 2023 1984 ,
2035 1949 2068 1982 &
2077 1949 2135 1982 uta

1184 1993 1330 2036 magistris
1342 2002 1380 2023 ne
1390 1992 1547 2026 abducam,
1559 1996 1573 2014 ²
1586 1993 1618 2022 δε
1628 1991 1710 2033 qubd
1722 2002 1815 2023 mater
1824 1994 1994 2033 Pomponia
2001 1991 2138 2027 discedit,

1186 2034 1246 2065 fine
1256 2045 1312 2077 qua
1323 2035 1496 2065 edacitatem
1506 2036 1589 2074 pueri
1598 2034 1784 2073 pertimesco.
1798 2035 1845 2065 sed
1857 2034 1958 2065 sumus
1969 2033 2028 2064 una
2038 2042 2139 2064 tamen

1185 2076 1269 2108 valde
1288 2077 1433 2107 multum.
1457 2075 1603 2117 Rescripsi
1624 2075 1659 2106 ad
1678 2078 1784 2107 omnia
1794 2096 1804 2113 ,
1827 2078 1873 2108 mi
1891 2074 2059 2108 suavissime
2069 2095 2085 2111 a,
2102 2074 2137 2110 ὃς

1185 2120 1304 2160 optime
1313 2117 1411 2150 frater.

1863 2162 1934 2209 M.
1982 2159 2031 2209 T
2044 2177 2076 2206 U
2089 2175 2142 2208 L-

1228 2277 1255 2295 2.
1276 2267 1379 2301 thund
1394 2269 1607 2300 materPomponia
1624 2265 1744 2300 ‹ilfi-edit]
1766 2264 1873 2291 Habent
1891 2260 1957 2290 istud
1968 2262 2100 2289 Viam-ius
2112 2262 2142 2288 ἅτ

1170 2272 1174 2321 ¹
1192 2303 1262 2340 seqq.
1275 2302 1316 2330 sed
1326 2303 1398 2339 prius
1417 2303 1468 2330 cufi
1480 2323 1488 2335 ,
1508 2310 1585 2328 mater
1597 2305 1684 2328 ‘Porcia
1701 2310 1746 2327 non
1757 2301 1861 2334 diftedit.
1882 2298 1948 2326 adeo
1966 2306 1995 2325 ut
2012 2298 2142 2329 adientiar

1170 2326 1175 2397 ἒ
1192 2341 1220 2367 P.
1235 2340 1369 2373 Manutio,
1379 2339 1518 2369 arbitranti
1528 2338 1596 2368 illud
1605 2340 1741 2372 Pomponia,
1752 2336 1802 2367 else
1810 2336 1842 2365 ab
1851 2337 2007 2374 interprete.
