2250 3358
654 145 1027 202 His’r

83 230 186 293 atque
206 239 275 290 ipie
295 236 448 288 legiones
472 229 515 275 ad
536 235 660 274 urbem
681 233 860 287 hostiliter.
875 233 1045 285 admovit,

82 292 293 328 Suetonius,
316 288 384 325 Dio
407 287 656 336 &Appianus·.
680 284 741 333 qui
763 282 880 318 scribit
899 282 1043 317 Cicero—

80 353 163 378 nem
173 351 253 376 turn
264 337 308 374 ad
322 336 560 373 Oitavianum
572 334 711 371 venisse,
723 345 762 368 ac
777 330 893 379 paullo
905 329 982 383 post
993 330 1041 365 le-

80 389 170 425 elica
190 400 234 425 ex
255 386 342 424 urbe
364 384 486 432 fugisse
523 384 564 420 C.
578 394 693 419 autem
706 381 817 416 Caesar
830 379 1044 415 O&aviantis

79 437 198 474 consul
223 448 304 472 cum
318 436 366 480 Q·
377 434 480 470 Pedio
502 432 613 468 statim
636 431 745 467 fastus
765 428 833 466 est,
857 439 897 463 ut
920 440 1044 481 omnes

75 486 215 522 annales
249 483 426 520 testantur.
473 480 706 518 Consulatum
730 478 899 514 Caesarem
934 476 1044 512 iniiffe

76 533 198 582 pridie,
210 533 317 582 quam
331 544 393 569 xx.
406 544 516 568 annos
528 529 687 577 impleret
699 555 706 568 ,
721 525 917 581 eralend.
930 525 1042 579 Οξῑο-

77 583 170 624 bris,
195 581 392 617 paterculus
415 580 538 617 audior
560 579 619 616 est.
659 580 699 614 In
725 578 870 612 Liviana
892 585 1044 622 epitoma

76 630 135 668 lib·
153 643 231 675 119.
248 630 374 678 legitur
386 656 396 672 ‚
420 629 589 665 Caesarem
603 625 781 663 consulem
794 636 950 660 creatum
964 623 1040 663 effe,

76 692 160 716 cum
182 692 292 716 annos
311 691 389 716 xix.
409 678 559 714 haberet.
584 675 786 712 Plutarchus
809 674 976 726 iutssruto
999 685 1042 708 ex

79 728 270 765 oetaviani
284 727 543 764 commentariis
554 738 590 761 re
597 726 659 761 sei-t
671 749 681 764 ‚
705 724 818 771 ips.=m
832 721 1042 769 vigesimum

72 790 208 814 annum
220 776 322 825 egiffe
333 803 343 818 ,
367 789 448 812 cum
459 774 581 816 confiii
593 773 749 820 primum
760 771 809 807 est
819 770 940 807 finus.
968 773 1042 806 Eu-

75 827 209 875 tropius
233 826 334 862 initio
358 825 416 861 Lb-
434 837 463 868 7.
485 824 532 860 ait
552 846 562 861 ‚
589 823 758 859 Caefiisem
781 822 935 856 Romam
959 831 1041 855 cum

73 877 231 912 exercitu
253 873 452 923 profectum
473 872 650 910 extorsisse
673 897 684 912 ‚
722 881 761 906 ut
787 868 848 905 fibi
872 867 1042 916 vigesimo

73 937 168 960 anno
191 923 385 959 constilatus
411 922 561 958 daretur.
612 919 799 957 Suetonius
823 931 858 954 in
882 917 1041 965 Augusto

74 972 190 1009 scribit
201 997 211 1013 ,
238 983 320 1007 eum
333 971 370 1007 in
382 971 604 1007 ordinatione
614 970 696 1006 anni
709 968 875 1005 Sextilem
887 968 1042 1002 mensem

72 1020 93 1056 e
112 1021 173 1057 suo
194 1021 410 1068 cognomine
423 1019 636 1069 nuncupasse
647 1045 657 1061 ‚
679 1017 777 1069 quod
789 1030 832 1053 eo
847 1016 906 1069 sibi
921 1017 956 1051 ὃ(
969 1016 1040 1063 pri-

73 1080 153 1105 mus
175 1069 370 1106 consulatus
384 1093 394 1108 ‚
417 1072 451 1106 δ(
472 1068 622 1118 infignes
645 1067 804 1104 veioriae
827 1064 1039 1118 obtigissent.

72 1117 239 1154 Similiter
257 1118 327 1154 Dio
350 1117 408 1154 lib.
425 1120 484 1161 56.
505 1119 611 1155 tradit
635 1116 871 1154 O&avianum
884 1126 959 1151 xix.
984 1113 1040 1149 die

73 1167 220 1215 Augusti
229 1167 378 1209 ‚eodem
389 1193 399 1209 ‚
411 1180 484 1216 quo
496 1168 650 1217 primum
661 1166 878 1202 consulatum
893 1175 1040 1210 ceperat,

71 1215 253 1253 decessiffe.
278 1216 391 1253 Caesar
411 1217 624 1254 octavianus
645 1227 700 1252 eo
713 1229 739 1252 s.
761 1215 873 1262 legem
894 1213 975 1249 tulit
995 1212 1038 1248 de

71 1264 266 1314 quaestione
278 1265 435 1302 habenda
447 1266 484 1302 in
496 1279 555 1303 eos
567 1291 577 1305 ,
589 1277 742 1316 quorum
755 1276 860 1313 opera
871 1273 965 1310 pater
975 1274 1037 1297 oc-

72 1314 158 1350 cisus
180 1313 283 1356 effet,
307 1315 427 1351 Livius
449 1315 504 1351 lib.
525 1328 599 1352 120-
636 1320 811 1364 Appianus
836 1311 893 1348 lib.
911 1324 939 1356 3.
969 1312 1036 1346 Dio

72 1361 135 1402 lib.
148 1365 204 1406 46.
229 1364 363 1400 Austor
381 1364 468 1412 legis
488 1364 554 1401 fuit
567 1364 781 1401 Odiavianus
794 1388 802 1403 ‚
824 1361 907 1399 tulit
917 1361 960 1402 Q.
975 1362 1033 1396 Pe-

70 1410 150 1448 dius
172 1412 305 1460 collega
329 1426 336 1448 :
373 1413 467 1449 unde
490 1413 546 1450 lex
568 1413 886 1450 Pedia'nominatur
898 1428 910 1456 3
929 1422 1037 1459 eaque

71 1460 238 1504 omnibus
249 1487 259 1502 ,
273 1462 479 1510 quiJulium
490 1462 658 1499 Caesarem
671 1462 915 1498 interfecerant
929 1483 939 1498 ‚
951 1472 1038 1507 aqua

70 1508 218 1558 ignique
241 1509 469 1548 interdiEluin
492 1512 562 1553 est,
592 1510 745 1559 Vellejus
772 1510 830 1546 lib.
852 1522 882 1545 2.
909 1511 1041 1545 Sueto—

71 1557 151 1595 nius
173 1558 209 1594 in
231 1561 386 1597 Nerone.
431 1561 564 1598 Consul
587 1561 696 1598 fastus
729 1559 944 1597 O&avianus
976 1558 1037 1593 Ci-

72 1619 239 1648 ceronem
252 1635 261 1650 ,
280 1619 321 1645 ut
331 1609 535 1647 Plutarchus
545 1611 583 1647 in
594 1610 668 1659 ejus
683 1610 753 1647 vita
763 1608 879 1646 scribit
891 1633 900 1647 ‚
925 1607 1038 1644 valere

70 1656 181 1705 justit.
193 1659 229 1694 &
241 1671 322 1707 pace
333 1672 417 1696 cum
433 1660 587 1697 Antonio
599 1660 800 1709 Lepidoque
812 1658 912 1697 fana,
923 1670 1037 1705 copias

73 1718 198 1743 omnes
218 1707 254 1743 in
274 1721 387 1745 unum
405 1709 526 1747 locum
543 1720 796 1747 contraxerunt
809 1732 818 1747 ‚
838 1707 955 1757 ibique
967 1707 1036 1743 im-

74 1755 211 1804 perium
224 1758 328 1794 Rom.
343 1758 437 1807 quafi
459 1759 700 1808 pOffesslonem
720 1759 869 1808 aliquam
891 1757 982 1792 inter
1006 1755 1037 1792 le

75 1803 277 1842 diviserunt.
302 1808 420 1843 Partiti
440 1809 518 1845 lunt
537 1820 653 1845 autem
673 1807 872 1857 provincias
894 1806 986 1841 iuter
1005 1806 1037 1841 se

74 1852 143 1888 hoc
163 1853 270 1890 modo
285 1881 294 1896 ‚
317 1858 480 1899 utCaelar
491 1869 675 1907 utramque
688 1857 840 1894 Africam
851 1868 935 1891 cuiu
947 1855 1036 1891 Sici-

73 1900 118 1937 lia
127 1927 136 1941 ‚
149 1903 184 1939 &
196 1904 369 1949 Sardini23
383 1906 532 1956 Lepidus
544 1907 722 1956 Hispanias
734 1909 767 1943 ἃ
781 1905 928 1941 Galliam
944 1906 978 1940 N
982 1917 1036 1939 ar-

71 1949 264 2003 bonensem
277 1969 289 1996 3
304 1955 479 1991 Antonius
491 1957 638 2004 reliquas
649 1956 776 1991 Gallias
786 1954 927 1990 haberet
939 1979 950 1994 ‚
967 1957 1035 1998 Ap-

71 2010 196 2048 pianus
207 2000 267 2038 lib.
277 2013 308 2043 4·
320 2003 388 2037 Dio
399 2003 458 2038 lib.
469 2007 523 2046 46-
551 2006 648 2040 Inter
659 2005 724 2042 hos
741 2004 843 2038 etiam
855 2001 1035 2041 convenit,

70 2058 116 2083 ut
139 2046 198 2095 ipsi
221 2048 398 2085 triumviri
420 2051 564 2098 reipubl.
575 2051 826 2088 constituendae
850 2063 910 2097 per
928 2049 1038 2098 quin·

71 2095 269 2143 quennium
281 2097 389 2134 essent
400 2122 410 2136 ‚
433 2102 466 2135 &
481 2110 519 2134 ut
532 2101 608 2135 suos
621 2100 765 2148 quisque
776 2098 938 2133 inimicos
951 2110 1034 2144 pro-

72 2144 242 2181 scriberet.
280 2146 316 2181 in
348 2159 417 2195 qua
447 2148 695 2195 proscriptione
725 2146 867 2195 plurimi
890 2155 1037 2193 equites,

69 2204 174 2230 cxxx
188 2192 384 2231 senatorum
409 2208 553 2233 nomina
565 2197 729 2234 fuerunt,
752 2206 790 2230 ut
802 2194 850 2230 est
865 2194 901 2229 in
923 2192 1035 2240 epito-

73 2254 132 2278 ma
154 2242 232 2278 libr.
250 2255 327 2279 120.
371 2246 429 2280 Tu
454 2245 533 2281 vide
556 2244 724 2282 Orofium
744 2243 902 2280 nostrum
927 2242 983 2278 lib.
1000 2243 1033 2276 6.

73 2302 146 2338 cap.
167 2295 204 2326 18
213 2320 221 2329 .
243 2293 412 2329 Caesarem
426 2294 580 2330 restitisse
591 2293 800 2344 aliquamdiu
813 2290 958 2339 conlegis
969 2317 979 2331 2
993 2303 1037 2326 ne

73 2352 142 2387 qua
153 2338 250 2376 fieret
262 2342 465 2391 proscriptio
478 2369 488 2384 ‚
513 2343 569 2379 sed
591 2345 765 2392 inceptam
779 2352 929 2389 utroque
941 2352 1035 2375 acer-

71 2387 153 2424 bius
171 2390 360 2427 exercuisse
373 2415 383 2431 ‚
408 2392 633 2442 Tranquillus
656 2394 714 2430 ait.
741 2392 936 2428 Maximam
951 2390 1035 2424 vero

70 2439 338 2476 contentionem
349 2465 360 2481 ,
384 2441 443 2488 inq
450 2441 499 2476 uit
511 2442 712 2478 Plutarchus
724 2467 734 2482 ‚
758 2440 939 2475 Ciceronis
953 2451 1035 2486 pro—

75 2485 211 2533 scriptio
225 2487 371 2534 praebuit
384 2515 394 2530 ‚
416 2492 499 2525 cum
511 2491 686 2526 Antonius
704 2489 836 2525 nullam
857 2487 1036 2523 cond.tio-

76 2547 157 2571 nem
170 2536 337 2584 acciperet
349 2562 359 2576 ‚
382 2538 447 2574 nisi
459 2540 590 2586 primus
602 2539 659 2575 ille
669 2537 924 2574 interficeretur
935 2563 944 2577 ,
968 2538 1035 2571 Le-

74 2583 344 2633 pidusiAntonio
355 2587 571 2624 assentiretur
582 2612 591 2627 ,
614 2591 649 2625 &
660 2588 772 2624 Caesar
784 2598 923 2634 utrique
936 2598 1036 2633 repu-

75 2643 206 2680 gnaret.
233 2634 444 2683 Congrefl'us
464 2638 594 2673 horum
612 2636 721 2673 trium
739 2636 899 2671 occultus
918 2636 954 2670 in
972 2634 1035 2670 tri-

76 2682 187 2718 duum
202 2682 268 2718 fuit
280 2684 369 2731 apud
381 2686 576 2722 Bononiam
589 2712 599 2728 ,
621 2686 659 2721 in
681 2687 760 2721 loco
781 2696 917 2720 remoto
939 2686 956 2718 a
978 2696 1035 2719 ca—

77 2729 164 2769 stris,
176 2733 210 2767 ὃς
223 2731 369 2769 flumine
379 2734 592 2770 circumfuso
604 2758 613 2773 ‚
630 2744 670 2770 ut
681 2735 881 2770 Plutarchus
895 2746 967 2768 non
981 2732 1034 2767 so-

77 2778 208 2814 lumin
234 2780 430 2824 Cicerone,
451 2782 506 2818 sed
531 2786 565 2820 ὃς
588 2783 624 2819 in
648 2783 805 2819 Antonio
829 2783 943 2819 tradit.
968 2781 1036 2816 Dio

75 2840 218 2877 quoque
240 2829 298 2865 lib.
311 2833 366 2873 46.
390 2831 504 2867 scribit
517 2856 528 2870 ‚
553 2833 756 2867 triumviros
778 2829 978 2868 convenisse
999 2831 1034 2864 in

78 2889 183 2924 parva
194 2877 301 2913 insula
314 2878 469 2916 fluminis
480 2904 490 2918 ,
514 2881 612 2929 quod
622 2880 816 2916 Bononiam
831 2879 1036 2928 praeterlabi—

79 2935 146 2961 tur.
173 2927 350 2974 Appianus
363 2929 464 2965 initio
476 2929 554 2964 libri
567 2930 682 2978 quarti
693 2929 739 2965 ait
750 2955 760 2970 ,
772 2941 831 2965 eos
841 2927 1038 2976 congressos

79 2973 381 3027 esseadMutinam
390 2977 428 3012 in
442 2978 578 3014 Lavinii
590 2977 692 3014 fluvii
704 2977 822 3014 insula.
850 2977 916 3014 Sed
928 2977 1034 3012 trium

81 3021 196 3058 virum
206 3025 322 3071 copias
342 3025 385 3061 ad
396 3026 592 3062 Bononiam
604 3027 796 3063 contractas
811 3026 912 3064 fuisse
923 3027 1035 3067 ..Sue—

80 3069 198 3123 tonius
209 3071 312 3108 etiam
322 3073 360 3109 in
373 3073 530 3122 Augusto
541 3075 665 3111 audior
682 3075 732 3111 est
742 3077 782 3113 ἔτ
791 3075 911 3112 Florus
922 3086 993 3122 cap·
1006 3086 1037 3115 5.

71 3117 140 3154 lib.
152 3130 184 3161 4.
195 3119 298 3156 tradit
309 3143 321 3160 ‚
341 3134 460 3170 pacem
481 3123 572 3159 inter
588 3134 656 3163 tres
676 3123 782 3159 duces
801 3122 1035 3169 faetaniapud

72 3166 296 3205 vcoufluei‘ites
313 3172 404 3209 inter
414 3171 586 3211 Perusiam
595 3174 631 3211 &
641 3172 850 3211 Bononiam.
875 3172 928 3209 lbi
941 3170 1039 3219 ajunt

1109 165 1496 204 oa1-A.
1986 166 2064 223 49

1093 235 1260 273 Caesarem
1273 238 1392 287 primis
1404 238 1526 275 diebus
1538 265 1547 283 ‚
1567 247 1607 275 ut
1617 235 1821 275 Plutarchus
1833 248 1947 276 narrat
1959 262 1968 277 ‚
1992 252 2057 286 pro

1092 284 1274 322 Ciceronis
1289 288 1393 324 salute
1404 300 1486 324 curn
1497 287 1568 323 aliis
1580 288 1789 323 concertasse
1802 312 1812 326 ‚
1835 301 1872 323 ac
1885 288 1986 324 tertio
1999 289 2057 326 die

1091 335 1286 371 conceffiffe
1298 362 1307 376 ‚
1332 336 1471 386 ejusque
1485 338 1592 373 vitam
1603 336 1789 385 prodidisse
1801 363 1810 377 ,
1830 338 1964 386 fuitque
1977 350 2054 385 per-=

1090 384 1237 432 mutatio
1263 384 1309 419 ita
1332 386 1436 422 faeta:
1461 386 1672 422 Ciceronem
1687 385 1798 421 Caeiar
1812 410 1821 424 ‚
1846 386 2054 423 L.Paullum

1089 430 1233 479 fratrem
1260 434 1406 477 Lepidus
1426 460 1435 475 ,
1464 437 1502 471 L.
1516 434 1683 471 Caesarem
1706 435 1922 470 avunculum
1944 447 2057 471 :znto-

1089 489 1167 512 nius
1189 479 1353 530 proscribi
1375 483 1534 529 permisit.
1562 483 1628 519 Sed
1650 483 1758 524 nihil,
1782 494 1829 519 ait
1841 484 2051 526 Pater-culus,

1089 527 1372 580 tam-indignum
1394 531 1453 565 illo
1478 544 1634 580 tempore
1656 532 1744 572 fuit,
1767 546 1872 581 quani
1885 533 1978 580 quod
1994 544 2056 570 aut

1089 575 1202 627 Caeiar
1225 576 1375 624 aliquem
1397 580 1606 625 proscribere
1628 582 1767 617 coae'tus
1791 581 1860 619 est,
1887 584 1921 617 &
1935 582 2053 617 abillo

1089 624 1215 676 Cicero
1230 626 1437 675 proscriptus
1451 628 1508 662 est.
1534 630 1683 665 Cesserat
1704 630 1762 665 ille
1780 631 1840 666 sub
1859 629 2052 667 adventum

1089 683 1142 708 111.
1158 685 1319 710 virorum
1334 675 1420 711 urbe
1432 700 1442 714 ‚
1467 687 1506 712 ut
1522 688 1565 712 ex
1580 679 1682 713 Livio
1696 682 1824 715 Seneca
1836 679 1894 714 lib·
1913 692 1939 715 1.
1965 682 2053 716 Sua·

1087 720 1254 758 sori-arum
1277 723 1401 765 refert,
1427 738 1489 772 pro
1509 736 1605 761 certo
1628 726 1774 767 habens,
1799 728 1834 763 id
1857 728 1951 777 quod
1965 739 2051 770 erat,

1089 783 1161 806 non
1177 772 1285 819 magis
1298 774 1454 809 Antonio
1466 775 1553 822 eripi
1563 774 1596 809 ie
1608 799 1616 814 ,
1645 788 1749 822 quam
1762 777 1883 812 Caesari
1896 777 2054 815 Caffium

1089 821 1122 872 ἃς
1144 821 1290 857 Brutum
1314 823 1415 870 poffe-
1444 823 1561 858 Primo
1581 823 1618 858 in
1632 824 1871 861 Tusculanum
1892 826 2051 873 fugerat:

1088 868 1169 904 inde
1181 870 1375 907 transverfis
1389 871 1569 908 itineribus
1584 871 1620 907 in
1632 872 1869 913 Formianum,
1882 885 1919 909 ut
1932 874 2052 923 Cajeta

1087 919 1206 970 navim
1219 920 1464 956 conscensurus
1477 947 1486 962 ‚
1501 920 1783 969 proficisceretur.
1809 922 1903 957 unde
1915 924 2052 972 aliquo-

1088 977 1150 1002 ties
1175 968 1210 1002 in
1233 969 1344 1004 altum
1364 971 1571 1018 provefitum
1590 983 1672 1006 cum
1684 970 1793 1005 modo
1806 971 1899 1006 venti
1918 971 2052 1009 adversi

1087 1016 1281 1053 retulissent
1293 1042 1303 1055 ‚
1317 1019 1426 1054 modo
1438 1019 1505 1067 ipse
1512 1018 1739 1066 jac'tationem
1752 1019 1847 1055 navis
1859 1031 1957 1055 coeco
1971 1022 2050 1056 vol·

1089 1076 1192 1101 vente
1205 1065 1314 1103 {luftu
1329 1068 1397 1113 pati
1412 1081 1485 1103 non
1505 1068 1614 1116 pofl'et
1626 1095 1635 1109 ,
1658 1069 1800 1104 taedium
1813 1068 1954 1104 tandem
1968 1082 2051 1107 euni

1086 1116 1122 1150 &
1135 1115 1226 1162 fugae
1236 1118 1281 1151 ,ὃς
1301 1118 1379 1153 vitae
1401 1117 1513 1165 cepit:
1537 1117 1770 1165 regressusque
1783 1117 1824 1153 ad
1837 1118 2049 1164 superiorem

1087 1163 1207 1200 villam
1218 1188 1228 1203 ‚
1248 1177 1326 1214 quae
1338 1166 1456 1214 paullo
1468 1166 1542 1214 plus
1555 1166 1649 1202 mille
1660 1166 1804 1213 pastibus
1817 1166 1835 1202 a
1847 1168 1933 1202 mari
1947 1166 2050 1203 abest„

1087 1213 1222 1249 Moriar
1234 1240 1242 1256 ,
1268 1215 1383 1264 inquit
1395 1241 1404 1257 ,
1430 1216 1466 1251 in
1481 1216 1587 1264 patria
1606 1216 1690 1264 saepe
1702 1215 1843 1252 servata.
1872 1216 2051 1252 Hastenus

1087 1262 1208 1298 Livius
1220 1280 1231 1307 3
1256 1264 1456 1300 Plutarchus
1480 1264 1565 1301 vero
1587 1265 1657 1300 ita:
1686 1269 1767 1301 Erat
1778 1265 1905 1300 Cicero
1918 1265 1955 1300 in
1969 1266 2049 1301 Tu,

1086 1311 1225 1348 sculano
1246 1325 1327 1349 cum
1344 1315 1483 1362 Qinto
1496 1314 1610 1350 fratre.
1637 1314 1790 1361 Cognita
1804 1314 1890 1349 vero
1903 1314 2050 1361 proscri-

1082 1361 1202 1408 ptione
1215 1387 1225 1402 ‚
1247 1362 1408 1400 Asturam
1419 1365 1456 1399 in
1471 1362 1688 1399 maritimum
1700 1363 1881 1399 Ciceronis
1895 1362 2050 1400 fundum

1084 1409 1275 1457 proficisci,
1300 1423 1402 1462 atque
1426 1412 1507 1448 inde
1529 1412 1565 1448 in
1578 1412 1824 1448 Macedoniam
1843 1411 1885 1448 ad
1899 1413 2048 1449 Mei-u„

1085 1470 1160 1495 tum
1175 1486 1185 1500 ‚
1209 1460 1252 1496 de
1273 1461 1373 1509 cujus
1388 1461 1534 1498 viEtoria
1553 1461 1620 1497 laeti
1634 1474 1793 1498 rumores
1806 1459 2049 1501 afferebantur.

1084 1508 1226 1546 transire
1235 1511 1501 1547 constituerunt.
1528 1511 1739 1547 Ferebantur
1750 1510 1879 1548 lefficis
1893 1509 2046 1546 confesti

1085 1571 1240 1595 moerore
1252 1584 1262 1598 ‚
1274 1571 1376 1609 atque
1387 1561 1424 1596 in
1438 1561 1562 1596 itinere
1573 1558 1936 1608 subfisteiites‚jun&is
1947 1558 2048 1595 leffi-

1084 1608 1133 1644 cis
1147 1620 1237 1645 inter
1247 1609 1280 1646 se
1290 1612 1406 1646 casum
1417 1611 1518 1646 suum
1529 1609 1767 1656 deplorabant.
1794 1608 1949 1657 Qintus
1960 1608 2047 1644 vero

1085 1658 1193 1706 magis
1208 1659 1399 1706 angebatur
1417 1661 1535 1695 animo
1548 1685 1558 1699 ‚
1579 1670 1680 1709 atque
1691 1658 1818 1707 inopiae
1831 1657 1881 1693 illi
1896 1657 1930 1693 in
1944 1669 2047 1693 men-

1083 1717 1156 1743 tem
1172 1708 1348 1744 veniebat:
1376 1708 1464 1744 nihil
1483 1709 1578 1745 enim
1598 1709 1713 1745 secum
1725 1708 1755 1745 se
1767 1707 1875 1743 domo
1887 1706 2047 1742 extulisti:

1083 1756 1238 1793 dicebat:
1265 1759 1388 1793 Mai-co
1409 1769 1513 1794 etiam
1534 1758 1767 1806 perexiguum
1782 1756 2048 1793 viaticumerat:

1084 1806 1184 1842 satius
1200 1807 1305 1854 igitur
1322 1807 1388 1842 effe
1407 1806 1597 1843 affirmabat
1610 1833 1619 1848 ,
1643 1810 1804 1843 Marcum
1816 1805 1898 1854 fuga
1906 1815 2049 1840 antece-

1084 1856 1166 1891 dere
1175 1879 1186 1894 ‚
1197 1856 1422 1892 convasatum
1435 1856 1582 1892 domum
1595 1868 1783 1897 recurrere.
1805 1857 1885 1891 Hoc
1898 1852 2047 1889 consilio

1084 1904 1230 1951 probato
1243 1929 1252 1943 ‚
1277 1906 1451 1952 complexi
1474 1906 1567 1941 inter
1585 1906 1617 1941 se
1639 1929 1649 1944 ‚
1680 1903 1864 1953 multisque
1875 1902 2048 1952 lacrymis

1083 1953 1230 2001 profiifis
1243 1953 1379 2001 digressi
1393 1956 1480 1990 sunt·
1510 1957 1665 2002 Qintus
1677 1967 1750 1989 non
1771 1953 1816 1989 ita
1837 1952 1956 1988 multis
1973 1951 2048 1986 die-

1085 2003 1149 2037 bus
1172 2002 1247 2049 post
1265 2006 1285 2038 a
1307 2003 1410 2038 servis
1431 2003 1588 2050 proditus
1607 2002 1869 2051 inquisitoribus
1882 2001 2049 2036 unacum

1084 2048 1156 2084 filio
1169 2051 1228 2085 suo
1240 2050 1443 2086 interfectus
1457 2050 1517 2085 est.
1545 2053 1595 2086 Ita
1607 2051 1749 2099 quidem
1764 2050 1808 2085 de
1818 2050 2047 2097 Qicerone

1084 2098 1286 2134 Plutarchus
1301 2113 1308 2133 :
1336 2099 1509 2147 Appianus
1521 2099 1557 2134 in
1570 2101 1658 2134 hanc
1671 2099 1873 2135 sententiam
1888 2111 1896 2133 2
1920 2097 2047 2143 ngi-

1082 2157 1164 2180 cero
1185 2158 1268 2181 cum
1291 2145 1364 2180 filio
1387 2148 1656 2195 comprehensus
1681 2147 1890 2196 percussores
1912 2145 2045 2186 orabat.

1083 2204 1124 2229 ut
1145 2194 1177 2229 se
1190 2205 1270 2230 ante
1285 2193 1399 2231 filium
1414 2206 1586 2232 necarent.
1612 2196 1709 2244 quod
1721 2208 1804 2231 cum
1815 2195 1907 2231 filius
1919 2194 2045 2231 contra

1085 2242 1160 2279 fieri
1174 2243 1363 2279 obsecraret
1376 2270 1384 2284 ‚
1407 2244 1457 2280 illi
1478 2245 1509 2280 se
1522 2257 1646 2281 eorum
1660 2243 1932 2281 controversiam
1947 2256 2046 2280 com-

1084 2291 1256 2340 posituros
1266 2292 1442 2329 dixerunt.
1468 2293 1583 2342 itaque
1595 2295 1650 2330 alii
1662 2296 1758 2331 hunc
1771 2317 1781 2332 ‚
1802 2293 1859 2330 alii
1876 2294 1977 2329 illum
1990 2305 2045 2329 ar-

1084 2341 1246 2389 ripientes
1274 2342 1399 2378 eodem
1430 2342 1527 2389 figno
1553 2343 1674 2379 ambos
1698 2342 1800 2379 simul
1822 2342 2045 2378 occiderunt.

1085 2393 1152 2426 Dio
1165 2390 1223 2426 lib.
1237 2403 1292 2434 47.
1304 2391 1349 2427 ita
1363 2405 1369 2427 :
1392 2392 1663 2438 QCiceronem
1676 2395 1724 2428 M.
1735 2392 1875 2427 fratrem
1897 2390 1988 2427 filius
2000 2389 2045 2426 de

1083 2439 1199 2475 medio
1213 2440 1364 2476 removit
1374 2464 1384 2478 ,
1398 2442 1433 2477 &
1447 2466 1456 2482 ‚
1467 2442 1687 2490 quantumin
1700 2441 1770 2488 ipso
1785 2441 1850 2476 fuit
1860 2465 1869 2479 ‚
1882 2439 2044 2476 servavit.

1083 2501 1165 2524 nam
1184 2491 1218 2525 &
1238 2500 1368 2536 patrem
1386 2490 1575 2526 occultavit
1589 2517 1597 2529 ‚
1622 2501 1660 2526 ut
1672 2489 1820 2525 inveniri
1836 2502 1907 2524 non
1922 2488 2043 2537 posset,

1084 2541 1118 2574 ἃ
1140 2551 1178 2574 ea
1199 2537 1242 2573 de
1264 2539 1358 2574 caula
1371 2539 1556 2574 tormentis
1567 2539 1731 2575 omnibus
1748 2538 1965 2574 excruciatus
1984 2537 2044 2573 in-

1083 2587 1217 2622 dicium
1229 2587 1368 2622 nullum
1383 2587 1475 2625 feeit.
1501 2587 1554 2622 sed
1569 2599 1663 2635 pater
1676 2611 1686 2626 ‚
1698 2600 1734 2623 re
1745 2585 1919 2623 intelleeta
1930 2611 1940 2625 ‚
1960 2586 2045 2622 cum

1084 2635 1312 2671 admiratione
1324 2634 1386 2671 filii
1399 2662 1407 2677 ‚
1432 2647 1511 2672 tum
1524 2636 1757 2673 misericordia
1767 2635 1935 2672 adduetus
1949 2635 2045 2671 ultro

1084 2684 1214 2733 prodiit
1228 2711 1236 2721 ,
1260 2683 1362 2733 seque
1379 2685 1447 2732 ipse
1468 2685 1717 2732 percussoribus
1729 2685 1879 2721 tradidit,
1908 2684 2045 2720 Redea-

1085 2746 1162 2769 mus
1187 2746 1283 2769 nunc
1308 2734 1348 2769 ad
1373 2733 1610 2771 Plutarchum.
1646 2733 1774 2770 Cicero
1796 2757 1806 2771 ‚
1837 2735 1954 2782 inquit
1975 2733 2044 2770 ine,

1087 2782 1245 2818 Asturam
1257 2782 1387 2818 delatus
1401 2805 1410 2819 ‚
1425 2795 1549 2818 navem
1562 2809 1572 2824 ,
1589 2797 1694 2832 quam
1708 2783 1830 2818 nasius
1843 2782 1909 2818 fuit
1922 2807 1931 2820 ‚
1950 2781 2044 2818 subi-

1085 2832 1122 2866 to
1137 2831 1336 2867 conscendit
1351 2856 1358 2870 ‚
1373 2833 1407 2867 δε
1419 2843 1515 2867 oram
1529 2831 1644 2880 legens
1656 2833 1830 2868 Circaeum
1844 2831 1948 2879 usque
1961 2842 2046 2865 ven·

1084 2891 1121 2915 to
1134 2890 1301 2927 pervenit·
1328 2879 1414 2915 Inde
1435 2880 1568 2916 solvere
1591 2881 1839 2928 gubernatores
1852 2893 1934 2915 cum
1970 2891 2044 2914 ara-

1085 2940 1161 2964 rent
1174 2955 1183 2968 ,
1208 2928 1262 2964 vel
1275 2928 1378 2963 maris
1391 2940 1486 2964 metu
1499 2941 1699 2977 permotus5
1723 2929 1777 2965 vel
1789 2929 1926 2965 Caelaris
1964 2927 2044 2963 dem

1085 2990 1156 3012 non
1170 2977 1269 3025 plane
1279 2976 1470 3024 desperans,
1482 2978 1517 3013 in
1532 2989 1657 3016 terram
1672 2979 1821 3026 egressus
1833 2977 1880 3013 est
1895 2992 1901 3012 :
1917 2979 1952 3013 &
1962 2977 2044 3012 mil·

1085 3026 1127 3060 lia
1142 3024 1297 3073 passuum
1312 3037 1391 3061 xin-
1411 3026 1481 3062 fere
1499 3028 1642 3075 pedibus
1656 3030 1810 3063 Romam
1830 3026 1943 3062 versus
1964 3037 2045 3072 pro«

1084 3074 1216 3121 gressus
1229 3100 1237 3114 ,
1253 3073 1360 3110 animi
1375 3075 1523 3123 pendere
1534 3088 1640 3125 coepit
1649 3103 1657 3116 ‚
1670 3076 1905 3123 sententiaque
1915 3084 2049 3109 mutata.

1086 3123 1198 3158 rursus
1210 3122 1252 3158 ad
1266 3135 1359 3160 mare
1371 3123 1545 3161 descendit
1559 3150 1568 3166 ‚
1592 3125 1710 3173 ibique
1729 3125 1870 3160 nossem
1883 3121 2047 3170 gravibus

1085 3173 1117 3208 ὃς
1130 3171 1270 3209 incertis
1283 3174 1555 3269 cogitationzbu?
1565 3173 1737 3212 traduxit:
1755 3172 1840 3209 adeo
1851 3197 1860 3213 ‚
1873 3181 1910 3208 ut
1923 3183 1958 3205 in
1972 3168 2047 3254 alilii-

1506 3234 1529 3270 g
1916 3231 1974 3255 ino
2012 3229 2048 3254 a·
