2295 3400
187 138 285 200 466
592 127 1097 179 MTULLH

1833 126 1850 134 ,ο
1859 133 1861 135 .

1165 123 1711 172 thnitonis

182 220 290 244 xerunt
303 231 310 244 ‚
333 217 397 250 quae
414 216 467 238 nec
482 206 528 235 vis
542 213 713 245 temporum
726 223 736 236 ‚
758 206 768 222 ¹
781 212 835 232 nec
844 201 979 241 potentia
990 196 1142 239 magistra·
1184 197 1289 239 populi
1300 199 1413 229 incitati
1431 201 1515 234 vim,
1535 199 1780 242 iracundiamque
1800 197 1970 230 subierunt:
1995 195 2149 231 damnati&

184 264 271 285 tuum
283 273 290 286 ‚
314 261 367 282 ricc
384 259 429 279 res
443 258 507 278 tum
523 247 651 284 judicata
660 266 669 280 ,
691 255 747 275 nec
757 244 886 284 denique
896 238 1024 272 universi
1035 239 1142 281 populi

142 317 144 319 »
187 298 282 326 Rom.
300 291 425 333 potcstas
437 311 444 322 ‚
462 299 527 330 quae
543 290 649 319 ceteris
662 290 694 317 in
708 287 795 317 rebus
805 284 848 315 est
859 285 1012 315 maxima,
1032 280 1141 311 labefa-

135 761 169 794 31

188 337 264 367 &are
274 332 368 375 possit.
391 335 430 362 At
441 341 472 361 tu
481 340 572 361 etiam
586 351 594 363 ,
616 339 730 369 ereptor
740 329 868 358 civitatis
881 347 889 360 ,
903 327 1002 367 legem
1012 323 1048 354 de
1058 323 1142 363 inju-

188 380 240 408 riis
250 376 378 417 publicis
393 373 486 403 tulisti
496 374 657 412 Anagnino
667 370 768 400 nescio
777 371 827 400 cui
837 369 980 398 Menullae
993 387 1001 399 ,
1021 375 1072 406 per
1079 374 1141 407 gra-

189 421 261 450 tiam
275 439 282 451 ,
303 418 355 458 qui
374 416 427 445 tibi
446 415 486 444 ob
505 424 570 444 eam
588 414 684 455 legem
696 411 819 442 statuam
831 412 864 440 in
877 408 1076 440 meisaedibus
1085 417 1142 447 po-

189 461 265 494 suit3
283 469 313 488 ut
324 459 407 488 locus
417 457 476 496 ipse
490 457 521 485 in
532 464 580 485 tua
589 455 786 494 tantainjuria
796 454 891 494 legem
905 472 914 485 ,
934 450 1142 489 &inscriptio-

190 512 260 532 nem
280 500 380 530 statua:
389 498 545 528 refelleret.
569 506 690 537 quaeres
703 494 908 535 municipibus
919 493 1086 534 Anagninis
1096 501 1144 520 or-

189 541 347 573 natissimis
369 540 467 570 multo
487 549 593 579 majori
612 538 710 568 dolori
723 536 798 570 fuit,
820 535 910 577 quam
923 534 1079 576 quaeidem
1094 533 1144 562 ille

192 584 337 626 gladiator
355 579 738 622 sceleraAnagniaefecerat.
763 579 843 621 Qid
856 597 864 612 ,
885 576 905 607 si
923 581 985 607 ²ne
1004 576 1144 615 scriptum

215 626 318 656 uidem
328 633 474 664 umquam
486 622 569 652 estin
581 621 634 652 ista
646 621 707 662 ipsa
716 624 868 661 rogatione
880 639 888 653 ‚
909 628 999 660 quam
1015 618 1043 648 se
1056 616 1148 647 Sedu-

193 637 254 697 ¹llius
266 676 351 707 negat
362 663 492 695 sciviss'e:
512 673 544 694 tu
555 664 644 703 hujus
654 683 662 696 ,
678 672 711 692 ut
720 661 782 692 a6ka
792 663 835 692 tui
846 662 975 701 praeclari
985 659 1150 690 tribunatus

194 710 331 739 hominis
351 707 495 736 divnitate
512 703 691 736 cohonestes
703 723 711 738 ,
730 702 932 732 austorararem
950 699 1150 740 ampleEteris?

192 751 248 782 Sed
261 771 269 783 ,
289 731 401 780 tametsi
419 747 498 778 nihil
516 746 553 778 de
572 756 623 776 me
642 745 754 779 tulisti,
775 755 838 786 quo
857 743 961 774 minus
981 741 1073 773 essem
1087 750 1149 771 non

193 791 290 822 modo
307 793 340 821 in
357 792 474 820 civium
494 797 642 822 numero,
666 787 714 817 scd
727 789 817 817 etiam
831 789 862 816 iii
877 796 914 816 eo
928 786 996 815 loco
1009 804 1017 817 ,
1039 784 1073 813 in
1091 792 1152 823 quo

193 844 243 864 nie
256 835 386 863 honores
395 831 499 871 populi
509 831 645 861 Romani
655 829 880 859 collocaverunt
893 838 898 856 :
921 835 1062 857 tamenne
1080 833 1150 854 eum

195 885 244 906 tua
262 885 336 905 voce
354 874 502 907 violabis,
523 881 614 913 quem
631 869 696 910 post
715 870 866 900 nefarium
883 869 976 899 scelus
993 866 1153 897 consulum

196 918 382 958 superiorum
394 935 402 948 2
423 923 467 944 tot
482 915 568 944 vides
585 914 708 953 judiciis
728 912 841 942 senatus
853 930 862 945 ,
885 910 990 950 populi
1008 908 1154 938 Romani,

196 961 288 990 totius
299 958 389 988 ltaliae
401 955 592 986 honestatum
604 957 614 983 ?
633 964 723 995 quem
734 962 846 983 netum
859 952 998 993 quidem,
1024 948 1094 979 cum
1106 947 1157 994 ab·

196 1010 277 1032 eram
290 1020 298 1033 ‚
318 1009 423 1040 negare
440 1007 555 1038 poteras
572 994 631 1026 ess'e
649 1005 698 1025 tua
717 995 780 1036 lege
791 994 976 1025 senatorem?
999 992 1062 1022 Ubi
1073 999 1156 1020 erum

199 1042 324 1074 tuleras,
347 1049 379 1070 ut
390 1041 554 1080 mihiaqtia
565 1057 573 1071 ‚
590 1037 624 1069 ὠ·
635 1038 695 1077 igni
707 1036 953 1066 interdiceretur?
975 1033 1057 1075 quod
1068 1035 1157 1062 Grac-

197 1085 270 1115 chus
280 1083 316 1113 de
328 1085 358 1112 P.
369 1080 501 1121 Popillio
512 1099 521 1114 ‚
543 1081 721 1110 Saturninus
731 1078 767 1108 de
778 1078 904 1108 Metello
916 1076 994 1107 tulit.
1018 1076 1159 1104 homines

200 1122 408 1156 seditiofiffimi
419 1122 456 1151 de
469 1122 595 1161 optimis
607 1140 616 1154 ,
632 1130 664 1151 ac
674 1118 842 1150 fortissimis
850 1120 968 1149 civibus
978 1127 1041 1147 non
1054 1137 1062 1149 ,
1075 1124 1105 1145 ut
1117 1115 1160 1144 es-

203 1163 470 1197 setinte1·di&um‚
491 1162 572 1203 quod
589 1161 653 1192 fieri
667 1172 730 1192 non
743 1171 874 1202 poterat,
894 1161 1046 1191 tulerunt,
1068 1156 1115 1187 sed
1128 1165 1160 1185 ut

200 1207 436 1238 interdiceretur.
460 1205 522 1234 Ubi
533 1203 636 1234 cavisti
647 1224 656 1237 ,
679 1213 716 1233 ne
727 1213 798 1233 meo
815 1213 864 1233 me
879 1203 948 1232 loco
958 1200 1105 1231 censorin
1116 1198 1158 1227 se—

202 1259 305 1280 natum
318 1249 445 1288 legeret?
461 1245 544 1287 quod
556 1245 590 1276 de
603 1245 748 1276 omnibus
760 1265 768 1278 ‚
793 1248 804 1271 3
816 1247 909 1274 etiam
919 1241 1098 1283 quibusdam
1110 1239 1160 1269 da—

204 1293 315 1322 mnatis
335 1287 530 1319 interdictum
550 1287 593 1317 est
608 1307 616 1321 ‚
638 1288 777 1327 scriptum
795 1285 838 1316 est
854 1288 887 1315 in
905 1284 1033 1325 legibus.
1056 1284 1162 1327 Qaere

207 1335 265 1363 hoc
276 1332 292 1362 ὲ
302 1335 368 1362 Sex.
380 1331 490 1361 Clodio
502 1330 641 1369 scriptore
650 1329 751 1370 legum
763 1337 881 1358 tuarum
892 1337 898 1356 t
909 1326 982 1366 jube
993 1323 1087 1355 adesse
1099 1334 1105 1352 ;
1121 1323 1162 1352 la—

207 1376 272 1405 titat
281 1375 433 1404 omnino:
452 1371 500 1401 sed
520 1370 540 1400 fi
554 1373 665 1412 requiri
676 1368 810 1411 jusseris,
828 1370 989 1399 invenient
1001 1367 1163 1395 hominem

205 1415 283 1456 apud
293 1416 423 1445 sororem
436 1423 516 1443 tuam
528 1433 536 1447 ‚
556 1413 758 1443 occultantem
770 1412 817 1445 se,
838 1412 931 1450 capite
950 1406 1088 1439 demiffo.
1110 1405 1166 1437 Sed

207 1457 229 1488 si
244 1466 356 1498 patrem
376 1464 461 1485 tuum
473 1475 481 1489 ‚
499 1457 598 1485 civem
611 1454 733 1484 medius
744 1451 834 1483 fidius
847 1453 996 1493 egregium
1008 1469 1016 1483 ‚
1038 1446 1164 1478 diffimi-

206 1500 326 1540 lemque
336 1498 426 1528 vestri
437 1517 446 1530 ‚
466 1507 559 1526 nemo
579 1505 726 1536 umquam
745 1495 833 1525 sanus
848 1494 984 1523 exsulem
997 1491 1166 1531 appellavit,

206 1543 341 1582 quicum
352 1539 388 1569 de
399 1549 436 1568 eo
447 1539 586 1569 tribunus
595 1538 691 1578 plebis
701 1533 930 1577 promulgasset,
943 1532 1038 1564 adess'e
1048 1541 1167 1573 propter

209 1584 400 1623 iniquitatem
416 1580 497 1610 illius
512 1581 643 1610 Cinnani
663 1580 807 1618 temporis
823 1577 942 1610 noluit,
962 1577 1050 1616 eique
1068 1577 1166 1614 impe-

207 1627 287 1655 rium
300 1623 343 1653 est
354 1622 525 1663 abrogatum
539 1632 545 1650 :
566 1620 586 1650 si
599 1623 630 1650 in
643 1621 697 1650 illo
708 1619 939 1660 poerialegitima
948 1616 1167 1657 turpitudinem

208 1677 273 1697 non
293 1665 396 1695 habuit
410 1671 519 1705 propter
537 1663 601 1691 vim
619 1670 791 1703 temporum:
808 1662 843 1690 in
857 1670 907 1690 me
918 1680 926 1693 ,
947 1661 996 1689 cui
1011 1658 1075 1688 dies
1088 1656 1167 1687 didita

210 1716 381 1748 numquam
392 1705 435 1735 cst
446 1725 454 1738 ‚
477 1706 529 1746 qui
540 1714 606 1734 reus
614 1714 677 1733 non
686 1703 730 1733 fui
741 1723 749 1736 ‚
772 1705 824 1743 qui
836 1710 1002 1743 numquam
1012 1700 1078 1731 sum
1089 1698 1105 1729 a
1116 1700 1168 1729 tri-

217 1750 302 1780 buno
314 1748 410 1788 plebis
421 1749 526 1777 citatus
538 1757 543 1774 :
563 1745 695 1775 damnati
704 1754 793 1785 poena
801 1743 857 1774 esse
868 1745 968 1783 potuit
979 1762 987 1777 ‚
1007 1752 1038 1772 ea
1051 1741 1169 1781 praeser—

210 1794 267 1822 tim
278 1811 286 1824 ,
306 1799 372 1830 quae
389 1798 426 1818 ne
445 1790 476 1818 in
493 1788 553 1827 ipsa
569 1787 693 1828 quidem
711 1788 863 1827 rogatione
878 1785 1034 1825 perscripta
1043 1782 1094 1812 est.
1127 1785 1168 1811 At

209 1832 298 1865 vide,
318 1830 390 1871 quid
403 1828 698 1859 intersitinterillum
712 1826 932 1868 iniquissimum
952 1827 1041 1866 patris
1060 1825 1103 1854 tui
1122 1834 1168 1853 ca-

213 1875 277 1906 sum
289 1893 297 1907 ‚
311 1874 342 1903 Sc
351 1873 427 1901 hanc
434 1871 587 1900 fortunam
599 1890 607 1903 ‚
618 1869 889 1909 conditionemque
900 1867 1041 1897 nostram.
1055 1875 1168 1906 patrem

214 1925 300 1947 tuum
313 1935 320 1948 ,
333 1916 430 1944 civem
441 1915 595 1952 optimum
607 1931 615 1944 ‚
627 1909 779 1941 clariffimi
790 1913 847 1940 viri
859 1909 958 1939 filium
971 1929 979 1943 ‚
993 1906 1075 1949 quisi
1085 1909 1169 1937 vive—

212 1966 255 1988 ret
266 1977 274 1990 ,
295 1966 351 1997 qua
366 1956 518 1985 severitate
532 1954 591 1983 fuit
601 1973 609 1986 ‚
632 1962 663 1982 tu
673 1949 811 1992 profechb
822 1962 885 1982 non
894 1953 1008 1981 viveres
1020 1971 1029 1983 ‚
1050 1951 1088 1979 L.
1101 1951 1169 1979 Phi-

211 2000 313 2039 lippus
324 1997 428 2027 censor
438 1995 621 2026 avunculum
634 1995 719 2024 suum
729 1995 870 2034 praeteriit
885 1995 917 2023 in
927 1991 1078 2022 recitando
1090 1992 1171 2021 sena·

213 2050 255 2071 tu.
279 2040 358 2070 nihil
372 2040 456 2068 enim
471 2046 583 2077 poterat
600 2037 696 2066 dicere
707 2056 715 2070 ‚
735 2046 822 2076 quare
834 2044 891 2065 rata
901 2044 964 2064 non
973 2032 1069 2063 efl'ent
1079 2053 1087 2066 ,
1107 2043 1171 2072 quae

213 2091 295 2112 erant
311 2080 374 2111 adsta
389 2082 422 2110 in
440 2090 472 2109 ea
488 2079 658 2119 republica,
681 2079 711 2107 in
725 2088 782 2118 qua
795 2078 823 2107 se
837 2077 898 2107 illis
909 2074 975 2116 ipsis
986 2076 1173 2114 temporibus

215 2124 369 2154 censorem
381 2119 438 2151 effe
448 2119 598 2151 voluisset.
623 2129 672 2149 me
683 2121 718 2149 L.
728 2122 814 2149 Cotta
824 2139 833 2152 ‚
851 2120 947 2148 homo
957 2118 1108 2147 censorius
1119 2136 1127 2150 ‚
1141 2118 1171 2145 in

219 2166 319 2197 senatu
335 2164 445 2202 juratus
455 2162 532 2192 dixit
548 2182 556 2195 ‚
568 2162 595 2192 se
606 2181 615 2195 ,
627 2159 647 2190 si
661 2161 765 2191 censor
774 2169 838 2191 tum
850 2159 920 2190 esset
931 2179 940 2192 ‚
960 2169 1031 2189 cum
1051 2169 1104 2200 ego
1121 2157 1172 2187 ab·

219 2216 298 2237 eram
312 2226 320 2239 ‚
342 2215 412 2234 meo
433 2205 502 2234 loco
522 2204 687 2234 senatorem
706 2204 896 2232 recitaturum
915 2199 1014 2231 fuiss'e.
1046 2202 1120 2240 Qs
1140 2202 1172 2230 in

215 2258 320 2278 meum
333 2247 433 2276 locum
442 2245 578 2285 judicem
590 2243 722 2275 subdidit
743 2248 753 2273 ?
774 2245 841 2283 quis
852 2253 992 2273 meorum
1002 2244 1171 2272 amicorum

214 2289 428 2320 testamentum
439 2284 562 2317 discessu
578 2295 648 2316 meo
663 2284 753 2318 fecit,
772 2286 825 2324 qui
844 2285 921 2314 mihi
940 2294 1004 2314 non
1022 2284 1105 2313 idem
1122 2284 1174 2313 tri-

213 2331 331 2364 buerit,
347 2329 428 2371 quod
440 2329 472 2359 &
484 2327 504 2358 si
514 2326 641 2358 adeffem
653 2329 664 2355 ?
680 2328 746 2366 quis
757 2335 806 2355 me
817 2335 882 2355 non
894 2323 990 2355 modo
1000 2326 1076 2354 civis
1090 2345 1098 2356 ,
1120 2323 1170 2353 sed

216 2373 317 2404 socius
337 2373 467 2411 recipere
486 2377 580 2399 contra
599 2376 681 2398 tuam
698 2367 784 2408 legem
804 2386 812 2400 ‚
837 2366 870 2396 δε
885 2367 988 2406 juvare
1005 2365 1173 2395 dubitavit?

220 2416 362 2455 Denique
373 2412 529 2442 universus
540 2411 655 2441 senatus
667 2411 767 2439 multo
778 2417 846 2438 ante
857 2427 865 2441 ,
884 2408 972 2448 quam
989 2406 1032 2436 est
1047 2406 1103 2435 lata
1112 2406 1172 2438 lex,

216 2456 253 2487 de
272 2465 322 2485 me
351 2462 500 2484 caAriAs
524 2461 677 2482 AGi-:NnAs
702 2460 846 2480 caristiu-
870 2457 1091 2479 civ1rAr11ms
1116 2457 1173 2481 us,

220 2507 300 2536 03AE
324 2505 528 2527 M-TULLIUM
551 2505 557 2524 ι
591 2502 748 2524 tantumne
768 2495 778 2521 ?
807 2490 906 2521 immo
926 2492 1014 2520 etiarn
1030 2510 1038 2524 ,
1065 2499 1174 2519 ClVEM

218 2549 349 2569 OPTIME
370 2548 413 2568 DE
434 2545 630 2567 aaronem».
653 2544 819 2565 MERITUM
834 2554 842 2567 ‚
874 2541 1106 2563 RECEplssENT.
1140 2534 1177 2562 Et

218 2590 250 2611 tu
271 2590 346 2610 unus
364 2578 486 2619 pestifer
503 2580 577 2609 civis
589 2598 597 2612 ‚
617 2587 688 2607 eum
701 2576 870 2606 restitutum
882 2584 968 2616 negas
986 2572 1042 2603 effe
1059 2575 1170 2606 civem,

218 2632 308 2662 quem
328 2621 458 2661 ejectum
478 2621 633 2651 universus
655 2620 768 2650 senatus
788 2627 850 2647 non
873 2615 967 2647 modo
986 2617 1083 2646 civem
1096 2635 1104 2648 ‚
1126 2615 1174 2645 sed

219 2665 310 2693 etiam
321 2665 471 2705 egregium
483 2665 581 2692 civem
595 2662 709 2701 semper
717 2661 832 2700 ffiitavit
851 2662 861 2688 ?
884 2661 923 2688 At
933 2657 1004 2687 vero
1018 2677 1026 2691 ‚
1045 2666 1078 2686 ut
1086 2667 1175 2686 anna-

224 2705 267 2734 les
284 2706 388 2744 populi
399 2707 550 2738 Romani,
572 2704 604 2734 δε
621 2710 820 2733 monumenta
835 2699 987 2731 vetustatis
1002 2700 1177 2740 loquuntur,

220 2750 238 2774 4
249 2747 328 2777 Caeso
339 2746 389 2776 ille
399 2747 541 2784 Quintius
552 2766 561 2779 ‚
583 2746 614 2775 &
628 2747 669 2774 M.
681 2746 786 2774 Furius
796 2742 940 2772 Camillus
951 2762 960 2775 ‚
982 2741 1014 2771 &
1027 2743 1069 2771 M.
1080 2743 1176 2770 Servi-

222 2788 281 2819 lius
296 2788 387 2818 Ahala
398 2807 406 2821 ‚
421 2786 492 2818 cum
505 2786 598 2818 essent
607 2787 724 2827 optime
735 2786 771 2815 de
781 2783 930 2824 republica
940 2784 1059 2816 meriti,
1076 2791 1176 2812 tamen

1185 250 1243 282 que
1253 241 1387 270 comitiis
1396 243 1569 272 centuriatis
1579 242 1650 273 cum
1662 245 1694 273 in
1707 240 1846 272 exsilium
1859 240 2068 284 profugissent,
2080 252 2148 272 rur-

1189 284 1235 313 sus
1250 282 1285 312 ab
1302 281 1412 312 eodem
1423 283 1535 322 populo
1545 283 1657 323 placato
1669 285 1779 316 suntin
1790 285 1870 314 suam
1882 283 2037 323 pristinam
2049 284 2149 323 digni·

1188 334 1277 355 tatem
1288 322 1421 360 restituti.
1447 323 1539 364 de
1551 323 1571 355 si
1581 327 1617 356 iis
1628 326 1775 357 damnatis
1786 336 1849 356 non
1860 325 1955 356 modo
1967 335 2030 355 non
2044 326 2084 354 im
2090 326 2150 357 mi·

1190 368 1255 396 nuit
1265 366 1414 395 calamitas
1423 364 1572 397 clarissimi
1585 370 1722 398 nominis
1732 368 1858 410 gloriam
1870 388 1878 401 ,
1892 367 1940 398 sed
1955 369 2044 397 etiam
2054 367 2152 396 hone·

1192 407 1293 438 stavit:
1315 409 1396 445 (nam
1410 427 1418 440 ‚
1444 417 1517 438 first
1540 418 1744 440 ori-Animus
1765 409 1809 440 est
1823 429 1832 443 ,
1854 410 1973 440 cursum
1990 410 2059 438 vitae
2074 417 2152 438 con-

1192 449 1276 480 ficere
1287 447 1347 478 sinc
1357 449 1458 478 dolore
1470 470 1480 482 ,
1502 450 1534 480 δε
1552 449 1612 480 sine
1631 452 1741 490 injuria
1751 471 1759 484 ,
1781 460 1880 481 tamen
1892 451 1927 481 ad
1937 449 2152 481 immortalita-

1190 502 1254 521 tem
1264 491 1365 532 gloria:
1375 491 1442 530 plus
1451 489 1535 521 affert
1543 491 1742 522 desideratum
1755 491 1812 522 effe
1822 492 1837 522 a
1849 493 1908 522 suis
1917 493 2047 526 civibus,
2058 492 2150 532 quam

1194 543 1326 563 omnino
1345 543 1513 573 numquam
1533 532 1591 563 esic
1607 534 1766 573 violatum)
1783 535 1859 563 mihi
1878 532 1939 563 sine
1957 534 2022 563 ullo
2036 533 2153 573 judicio

1194 575 1296 615 populi
1318 573 1452 614 profesto
1465 594 1473 608 ,
1497 584 1563 604 tum
1583 574 1773 614 amplissimis
1783 577 1925 609 omniurn
1937 575 2056 612 judiciis
2067 573 2154 604 resti-

1195 627 1258 647 tuto
1269 636 1277 649 2
1290 615 1444 646 maledi&
1455 617 1556 646 locum
1569 636 1577 650 ,
1587 626 1637 647 aut
1647 619 1783 646 criminis
1793 616 1966 647 obtinebit?
1989 617 2084 646 Fortis
2094 635 2103 649 ‚
2119 615 2154 646 &

1201 657 1339 689 constans
1351 660 1382 688 in
1392 660 1507 698 optima
1517 660 1630 688 ratione
1639 660 1713 688 civis
1724 679 1733 692 ‚
1744 659 1925 698 P.Popillius
1936 678 1944 692 ,
1958 659 2072 698 semper
2083 657 2154 688 suit.

1198 710 1299 731 tamen
1320 701 1382 739 ejus
1401 701 1433 729 in
1454 702 1541 729 omni
1561 702 1622 730 vita
1641 701 1718 730 nihil
1735 699 1778 730 est
1799 701 1833 730 ad
1856 700 1975 730 laudern
1997 698 2155 732 illustrius,

1198 741 1288 784 quam
1300 742 1449 772 calamitas
1459 742 1527 781 ipsa.
1540 744 1607 782 quis
1617 745 1700 772 enirn
1710 742 1772 781 jam
1787 740 1971 772 meminisset
1981 761 1988 775 ‚
2001 751 2069 771 eum
2081 741 2158 771 bene

1201 785 1237 814 de
1256 783 1403 823 republica
1420 785 1563 813 meritum
1576 805 1584 816 ,
1608 783 1662 814 nisi
1676 784 1754 814 &ab
1764 783 1913 823 improbis
1923 783 2062 823 expulsus
2071 780 2156 816 effet,

1202 826 1234 855 ὃς
1245 835 1297 865 per
1308 825 1406 854 bonos
1415 824 1564 855 restitutus
1577 828 1587 854 ?
1608 829 1669 867 (Q.
1681 826 1796 855 Metelli
1806 826 1979 865 praeclarum
1991 825 2158 864 imperium

1203 870 1235 896 in
1246 877 1276 896 re
1287 867 1410 896 militari
1420 865 1478 897 fuit
1490 888 1497 900 ,
1519 870 1631 908 egregia
1641 868 1762 897 censura
1772 887 1780 900 ‚
1801 869 1903 897 omnis
1922 869 1982 897 vita
1999 866 2159 906 plenagra-

1203 909 1302 938 vitatis
1315 918 1320 936 :
1346 916 1447 937 tamen
1466 909 1554 948 hujus
1569 911 1625 939 viri
1640 909 1758 939 laudem
1768 909 1803 939 ad
1815 909 2025 948 sempiternam
2036 916 2158 936 memo-

1202 952 1280 981 riam
1290 951 1431 989 temporis
1442 949 1592 979 calamitas
1604 953 1783 992 propagavit.
1827 951 1917 992 Qod
1929 948 1948 979 si
1959 950 1991 980 ὅ(
2003 949 2065 979 illis
2076 969 2084 982 ‚
2105 949 2156 988 qui
2181 955 2194 988 3
2205 956 2222 989 3

1204 989 1318 1035 expulsi
1340 991 1408 1021 sunt
1425 992 1531 1032 inique
1544 1012 1552 1025 ‚
1571 993 1619 1022 scd
1631 1002 1730 1022 tamen
1741 992 1855 1034 legibus
1867 991 1981 1022 redu&i
1993 1012 2002 1025 ,
2023 992 2160 1020 inimicis

1204 1032 1369 1062 interieritis
1381 1053 1388 1066 ,
1405 1034 1608 1074 rogationibus
1619 1034 1785 1064 tribunitiis
1796 1054 1804 1068 ,
1822 1044 1886 1064 non
1896 1033 2068 1064 aufitoritate
2079 1032 2163 1062 sena-

1206 1083 1253 1104 tus
1267 1094 1275 1107 ,
1296 1084 1359 1104 non
1377 1077 1511 1104 comitiis
1528 1077 1701 1106 centuriatis
1713 1096 1722 1109 ,
1744 1086 1808 1106 non
1825 1075 1951 1106 decretis
1964 1075 2055 1105 Italiae
2067 1094 2075 1107 ,
2095 1081 2163 1103 non

1205 1114 1348 1145 desiderio
1357 1118 1499 1149 civitatis,
1511 1118 1710 1147 inimicorum
1720 1118 1828 1157 injuria
1838 1117 1948 1157 probro
1959 1115 2089 1147 nonfuit
2103 1125 2108 1143 :
2128 1116 2163 1145 in

1207 1167 1257 1186 me
1270 1177 1277 1189 ‚
1289 1159 1341 1197 qui
1351 1157 1501 1196 professus
1512 1158 1576 1188 sum
1588 1161 1713 1200 integer,
1726 1159 1808 1190 abfui
1819 1157 1906 1188 simul
1916 1168 1986 1188 cum
1998 1157 2163 1197 republica,

1207 1203 1219 1226 5
1229 1199 1327 1229 dicam
1338 1201 1474 1228 maxima
1486 1209 1556 1228 cum
1571 1199 1712 1240 dignitate
1723 1220 1732 1234 ‚
1751 1210 1780 1229 te
1794 1202 1867 1230 vivo
1878 1219 1886 1233 ,
1905 1198 1990 1230 fratre
2006 1207 2057 1228 tuo
2071 1199 2165 1228 altero

1207 1241 1329 1271 consule
1340 1240 1497 1270 reducente
1509 1259 1518 1274 ‚
1541 1239 1556 1260 ⁶
1565 1242 1657 1271 altero
1667 1250 1791 1282 praetore
1799 1249 1918 1281 petente
1928 1252 1938 1276 3
1957 1250 2043 1270 tuum
2058 1240 2165 1273 scelus,

1208 1292 1314 1312 meum
1332 1282 1478 1322 probrum
1497 1292 1581 1322 putas
1599 1281 1657 1312 effe
1675 1285 1831 1324 oportere?
1854 1286 1917 1316 Ac,
1938 1280 1957 1311 fi
1971 1292 2022 1311 me
2034 1281 2165 1321 populus

1209 1327 1367 1354 Romanus
1377 1325 1516 1354 incitatus
1531 1324 1681 1355 iracundia
1690 1345 1699 1358 ‚
1719 1334 1768 1355 aut
1786 1324 1902 1356 invidia
1911 1344 1920 1358 ,
1941 1323 1957 1354 ὲ
1970 1325 2089 1354 civitate
2102 1323 2165 1362 eje-

1207 1365 1291 1396 cifl'et
1301 1386 1310 1399 ,
1328 1365 1470 1406 idemque
1483 1365 1584 1406 postea
1595 1376 1663 1396 mea
1678 1368 1712 1396 in
1723 1376 1816 1406 remp.
1830 1365 1974 1396 beneficia
1986 1363 2165 1398 recordatus.

1209 1408 1236 1438 se
1256 1406 1418 1448 collegisset
1429 1427 1437 1440 ,
1458 1410 1655 1438 temeritatem
1666 1429 1674 1440 ,
1696 1417 1782 1449 atque
1797 1410 1941 1448 injuriam
1955 1407 2035 1437 suam
2048 1405 2168 1436 restitu-

1209 1452 1292 1480 tione
1312 1459 1379 1479 mea
1392 1449 1594 1489 reprehendstet
1606 1461 1617 1477 .·
1637 1459 1737 1480 tamen
1751 1449 1889 1490 profesio
1906 1459 2000 1478 nemo
2020 1457 2078 1478 tam
2096 1445 2169 1479 efl'et

1213 1501 1329 1524 amens,
1343 1492 1396 1531 qui
1406 1491 1483 1520 mihi
1494 1492 1600 1531 populi
1610 1492 1822 1531 talejudicium
1832 1501 1896 1521 non
1907 1491 2041 1532 dignitati
2052 1488 2167 1529 potius,

1210 1533 1300 1574 quam
1312 1533 1449 1562 dedecori
1464 1542 1579 1573 putaret
1592 1531 1650 1564 effe
1663 1543 1810 1573 oportere.
1839 1543 1921 1563 nunc
1931 1531 2002 1562 vero
2013 1552 2021 1566 ‚
2032 1532 2103 1561 cum
2117 1540 2168 1561 me

1212 1577 1243 1604 in
1261 1574 1412 1614 judicium
1431 1575 1536 1614 populi
1548 1585 1643 1605 nemo
1661 1577 1805 1606 omniurn
1819 1576 1951 1606 vocarit.
1969 1573 2169 1604 condemnari

1214 1627 1277 1646 non
1286 1618 1436 1656 potuerim
1447 1636 1455 1649 ,
1465 1619 1516 1657 qui
1526 1617 1671 1647 accusatus
1681 1627 1745 1646 non
1756 1615 1825 1647 sim:
1836 1616 1966 1657 denique
1978 1626 2015 1645 ne
2025 1614 2170 1654 expulsus

1212 1658 1335 1699 quidem
1346 1660 1384 1687 ita
1394 1656 1446 1687 sim
1461 1678 1469 1691 ‚
1484 1667 1517 1687 ut
1526 1678 1535 1691 ‚
1552 1656 1572 1688 fi
1581 1659 1793 1688 contenderem
1804 1678 1813 1692 ‚
1825 1659 1956 1698 super-ire
1967 1667 2030 1687 non
2040 1654 2169 1696 pofl'em:

1211 1709 1371 1740 contraque
1382 1700 1397 1729 a
1406 1698 1520 1739 populo
1532 1702 1624 1729 Rom.
1636 1701 1751 1739 semper
1760 1698 1813 1729 sim
1824 1699 1963 1730 defensus
1975 1718 1983 1731 ‚
2003 1695 2169 1738 amplifica-

1213 1752 1259 1772 tus
1269 1762 1277 1775 ,
1292 1750 1427 1771 ornatus:
1447 1741 1519 1782 quid
1530 1740 1573 1770 est
1584 1761 1592 1774 ,
1607 1751 1696 1781 quare
1705 1742 1861 1782 quisquam
1875 1741 1952 1770 mihi
1964 1740 1991 1770 se
2002 1740 2061 1779 ipsa
2069 1748 2169 1779 popu-

1215 1784 1267 1813 lari
1285 1784 1400 1812 ratione
1413 1785 1592 1822 anteponat?
1614 1786 1663 1812 An
1675 1793 1705 1813 tu
1716 1783 1863 1822 populum
1874 1785 2051 1812 Romanum
2061 1779 2119 1810 effe
2129 1781 2169 1810 il·-

1214 1825 1281 1854 lum
1292 1834 1375 1864 putas
1385 1844 1393 1857 ‚
1412 1826 1465 1864 qui
1477 1823 1591 1854 constat
1606 1835 1642 1854 ex
1657 1827 1694 1853 iis
1706 1845 1714 1858 ‚
1732 1827 1785 1865 qui
1795 1824 1930 1854 mercede
1943 1824 2168 1853 conducuntur?

1214 1868 1266 1907 qui
1284 1866 1500 1906 impelluntur,
1521 1875 1552 1896 ut
1570 1867 1632 1896 vim
1653 1865 1774 1896 afferant
1789 1865 2028 1907 magistratibus?
2046 1863 2168 1895 utobfi-

1216 1909 1304 1938 deant
1317 1908 1473 1938 senatum?
1492 1916 1597 1947 optent
1609 1907 1745 1948 quotidie
1758 1908 1869 1938 caedem
1883 1928 1892 1940 ,
1912 1906 2051 1937 incendia
2062 1927 2072 1939 ,
2091 1907 2170 1945 rapi-

1215 1950 1286 1980 nas?
1304 1959 1395 1990 quem
1415 1959 1446 1979 tu
1465 1957 1566 1979 tamen
1584 1950 1731 1990 populum
1743 1970 1751 1983 ‚
1772 1948 1824 1979 nifi
1839 1948 1954 1978 tabernis
1967 1947 2065 1989 clausis
2083 1968 2092 1980 ‚
2109 1950 2170 1977 ire-

1216 2000 1357 2033 quentare
1377 2001 1441 2020 non
1459 2000 1590 2030 poteras:
1609 1994 1656 2021 cui
1669 1992 1782 2031 populo
1796 1992 1886 2021 duces
1896 1990 2074 2022 Lentidios,
2094 1988 2171 2018 Lol-

1218 2035 1274 2063 lios
1285 2053 1293 2066 ‚
1305 2035 1419 2074 Sergios
1430 2032 1608 2073 praefeceras.
1633 2036 1660 2062 O
1671 2034 1810 2073 speciem,
1821 2034 2056 2073 dignitatemque
2065 2030 2171 2070 populi

1218 2078 1369 2107 Romani,
1384 2084 1473 2115 quam
1486 2084 1565 2116 reges
1576 2095 1585 2108 ,
1606 2085 1695 2115 quarn
1705 2077 1843 2105 nationes
1851 2083 1957 2104 exterae
1969 2094 1978 2106 ,
1996 2082 2085 2114 quam
2097 2082 2174 2113 gen-

1215 2127 1257 2148 tes
1272 2118 1387 2146 ultiniae
1398 2117 1627 2156 pertimescunt,
1647 2116 1838 2147 multitudine
1846 2127 1878 2146 m
1889 2118 2053 2146 hominum
2063 2124 2103 2144 ex
2113 2114 2174 2143 ser-

1217 2162 1263 2188 vis
1273 2158 1432 2188 conductis
1445 2179 1452 2191 ‚
1467 2168 1505 2187 ex
1515 2157 1689 2188 facinorosis
1700 2179 1708 2192 ‚
1729 2169 1767 2188 ex
1776 2159 1931 2200 egentibus
1941 2164 2149 2198 congregatam
2165 2155 2172 2184 ¹.

1220 2201 1276 2230 Illa
1292 2200 1350 2230 suit
1367 2200 1560 2240 pulchritudo
1577 2201 1681 2240 popuii
1700 2203 1794 2230 Rom.
1814 2200 1864 2230 illa
1882 2199 1980 2229 forma
1992 2218 2000 2231 ,
2027 2206 2117 2238 quam
2137 2197 2171 2226 in

1217 2252 1324 2282 campo
1335 2241 1436 2271 vidisti
1448 2250 1512 2271 tum
1525 2261 1532 2274 ‚
1552 2241 1623 2271 curn
1634 2243 1723 2271 etiarn
1735 2242 1790 2271 tibi
1799 2249 1900 2271 contra
1910 2241 2025 2270 senatus
2036 2258 2045 2272 ‚
2065 2237 2173 2268 totius-

1217 2294 1274 2324 que
1284 2284 1376 2313 Italiae
1388 2282 1594 2313 au&oi·itatern
1607 2302 1615 2316 ‚
1630 2283 1663 2312 &
1673 2282 1803 2312 studium
1815 2301 1823 2314 ‚
1839 2280 1958 2311 dicendi
1968 2279 2093 2320 potestas
2103 2278 2170 2309 fuit.

1219 2325 1273 2354 Ille
1284 2344 1292 2357 ‚
1312 2325 1365 2353 ille
1374 2324 1504 2363 populus
1514 2322 1556 2352 est
1568 2323 1696 2352 dominus
1709 2333 1805 2363 regum
1814 2342 1823 2356 ,
1843 2321 1942 2352 vidior
1952 2343 1961 2356 ,
1978 2332 2062 2363 atque
2073 2323 2171 2361 impe·

1218 2374 1294 2394 rator
1305 2366 1447 2393 omnium
1458 2366 1594 2403 gentium
1606 2384 1614 2398 ‚
1634 2375 1724 2405 quem
1734 2365 1790 2394 illo
1800 2363 1958 2394 clarissimo
1968 2364 2016 2394 die
2028 2383 2036 2397 ‚
2049 2363 2170 2397 scelera-

1219 2414 1248 2435 te
1260 2426 1269 2439 ‚
1287 2404 1389 2435 vidisti
1408 2414 1472 2435 tum
1484 2425 1492 2438 ‚
1512 2415 1582 2435 cum
1602 2416 1710 2435 omnes
1731 2407 1878 2445 principes
1896 2408 2043 2439 civitatis,
2062 2413 2173 2434 omnes

1219 2447 1360 2477 ordinum
1374 2468 1382 2480 ‚
1404 2456 1488 2487 atque
1501 2456 1619 2477 aetatum
1635 2449 1777 2477 omnium
1789 2445 1961 2489 suffragium
1972 2448 1999 2477 se
2010 2457 2074 2477 non
2083 2446 2120 2476 de
2129 2447 2174 2476 ci-

1219 2491 1265 2519 vis
1277 2509 1284 2522 ,
1306 2488 1355 2519 sed
1369 2489 1405 2518 de
1418 2491 1546 2518 civitatis
1560 2489 1650 2518 salute
1663 2488 1738 2519 ferre
1751 2489 1910 2519 censebant
1924 2500 1929 2518 :
1959 2499 2028 2519 cum
2043 2489 2175 2529 denique

1223 2532 1365 2560 homines
1378 2532 1410 2560 in
1422 2540 1563 2570 campum
1577 2541 1640 2561 non
1654 2531 1782 2561 tabernis
1793 2551 1801 2563 ‚
1822 2530 1871 2560 sed
1883 2532 2058 2571 municipiis
2072 2527 2175 2560 clausis

1220 2582 1377 2602 venerunt.

1221 2617 1253 2644 in
1263 2615 1413 2654 republica
1423 2634 1430 2647 ‚
1451 2623 1500 2644 aut
1511 2617 1640 2644 omnino
1650 2624 1713 2644 non
1724 2613 1861 2644 fuissent:
1884 2615 1971 2645 nullo
1980 2614 2080 2644 labore
2091 2633 2099 2647 ‚
2121 2622 2174 2643 tuo

1220 2658 1363 2696 praecipiti
1373 2655 1466 2686 furori
1478 2676 1486 2689 ,
1498 2665 1584 2697 atque
1594 2658 1690 2697 impio
1700 2656 1801 2686 sceleri
1811 2655 1987 2686 restitifl'em.
2012 2656 2059 2686 sed
2070 2656 2173 2696 publi-

1219 2709 1283 2729 cam
1295 2699 1412 2728 causam
1422 2706 1524 2728 contra
1536 2700 1600 2729 vim
1615 2707 1755 2728 armatam
1768 2718 1776 2731 ,
1789 2696 1848 2727 sine
1856 2699 1961 2738 populi
1970 2696 2102 2738 praesidio
2113 2696 2176 2727 sus-

1221 2742 1316 2779 cipere
1330 2741 1417 2770 nolui
1438 2751 1443 2769 :
1463 2750 1527 2770 non
1543 2750 1604 2781 quo
1621 2741 1698 2769 mihi
1716 2743 1743 2770 P.
1756 2741 1905 2780 Scipionis
1917 2760 1924 2773 ,
1944 2737 2175 2771 foi·t1ffuniviri,

1223 2778 1291 2813 SVis
1309 2784 1418 2813 intima
1441 2784 1547 2822 privati
1564 2782 1722 2815 hominis,
1740 2781 1908 2822 displiceret
1927 2793 1933 2811 ·.
1961 2781 2009 2811 sed
2024 2781 2177 2820 Scipionis

2061 2821 2177 2852 fufium

263 2889 285 2906 i.
305 2884 470 2914 ‘Kgcpotrmia
480 2884 684 2915 ›magistratuumd
708 2885 875 2907 minutatum
887 2885 1045 2910 nuncium),
1057 2883 1128 2904 rorte
1140 2885 1177 2904 lc-

224 2915 340 2952 genduni
351 2921 492 2949 nnsvoimria.

262 2960 289 2977 2.
306 2953 456 2984 Nessa-iprum
466 2954 557 2986 quidem
565 2962 676 2986 umquam
689 2972 695 2983 ‚
706 2952 774 2986 dnn]
806 2953 918 2978 Fortem]
932 2970 940 2983 ‚
949 2950 1037 2986 lnquit
1049 2949 1179 2978 GUllClm-

225 2987 334 3021 usquam,
346 2988 393 3013 hoc
403 2988 450 3017 est,
462 2989 514 3014 ulla
525 2997 597 3023 parte
609 2989 647 3024 pri
669 2989 742 3024 ileg'ii
755 2988 891 3015 Clodiani.

263 3031 289 3058 3.
312 3027 391 3048 Etiam
401 3025 537 3056 qm'lmslnm
555 3025 700 3057 damnatis]
727 3023 871 3050 Lambinus
885 3025 971 3057 qulbus
988 3022 1106 3049 damnatis
1119 3041 1126 3053 ,
1148 3031 1181 3048 cx

225 3058 378 3091 conjectura
393 3060 461 3084 l’etr'i
476 3059 562 3084 Fabri.
586 3059 709 3095 respuunt
723 3060 783 3085 libri
797 3060 888 3086 nostri.

258 3102 286 3126 4.
306 3097 361 3128 Ceso'
377 3097 413 3120 ΛΔ,
422 3096 561 3127 Qinmust
588 3095 666 3121 ΗΜΛ
688 3096 767 3122 aliter
782 3095 891 3121 Erfuril.
911 3102 993 3130 :itque
1011 3094 1070 3120 Pal.
1089 3101 1185 3123 nonus,
1204 3093 1205 3101 ¹

222 3130 253 3157 P.
263 3131 413 3168 Manutius,
425 3131 517 3156 maluit
528 3132 594 3163 Krfii.
618 3131 738 3166 vulgari,
749 3132 833 3162 Censor
843 3133 878 3157 illc
889 3131 987 3166 inepte.

259 3176 286 3202 5.
304 3170 388 3195 Dicam
406 3169 512 3193 maxima
531 3177 582 3194 cum
594 3167 744 3203 degustare]
765 3167 864 3196 Vintur
875 3167 963 3204 pallini
981 3165 1059 3195 hodie
1077 3163 1191 3194 inlibris

1218 2886 1275 2903 reim
1285 2888 1402 2907 maxiani,
1413 2888 1462 2908 ωε.
1484 2882 1525 2902 κα
1536 2883 1571 2903 cit
1582 2888 1596 2903 ,ι
1608 2881 1758 2910 conjectura
1773 2891 1780 2900 .
1793 2885 1937 2911 ant-agatuli.
1958 2879 2045 2911 lcripti
2057 2877 2178 2913 etlitique

1199 2915 1201 2947 Ἀ
1220 2923 1311 2940 omues
1324 2918 1389 2940 itant
1401 2924 1414 2940 u
1427 2914 1521 2940 nostra.
2075 2911 2079 2914 ’

1199 2950 1202 2975 l
1257 2950 1285 2975 6.
1307 2952 1400 2977 cAlnro
1409 2949 1622 2982 praeiorepetente]
1644 2947 1729 2974 Aldus
1741 2949 1832 2984 Nepos
1843 2946 2048 2980 ediditpatiente.
2068 2947 2180 2977 habebat

1222 2985 1592 3016 Pal.umms,d1ctnte‚(;embi.
1602 2983 1780 3019 Auceme,qnod
1793 2984 1917 3009 ultimum
1928 2983 2116 3010 excutiendum
2131 2984 2181 3012 cst.

1250 3023 1418 3055 7.·Plagulcius.
1432 3020 1721 3053 lEri'urdPlaculcios.&
1734 3020 1766 3045 iic
1776 3029 1882 3059 quoque
1895 3020 2097 3051 I'al.iionus‚nisi
2108 3019 2181 3056 quod

1224 3057 1302 3083 etiarn
1314 3056 1363 3083 else
1377 3057 1457 3092 poss'et
1466 3058 1608 3082 Placuleios.
1620 3054 1982 3090 edit.vulg;1t1s‚totrimrhid
1995 3066 2088 3082 nomen
2099 3055 2180 3083 deest.

1204 3106 1207 3126 ς
1262 3093 1288 3118 8.
1311 3094 1347 3119 Vis
1357 3096 1445 3118 intima
1458 3093 1470 3126 ]
1495 3092 1550 3119 l'il.
1570 3101 1654 3118 nonus
1672 3091 1723 3118 n'on
1744 3090 1862 3127 agnoscit
1880 3091 1947 3117 illud
1959 3094 2054 3118 intima.
2074 3088 2182 3118 Gulielss

1229 3129 1296 3154 mins
1308 3136 1393 3155 imitat
1405 3129 1430 3154 in
1442 3131 1526 3155 iaeecira.
1545 3135 1591 3157 aut
1599 3130 1712 3162 legitima.
1731 3129 1761 3156 Ρ.
1771 3127 1908 3156 Manutius
1920 3127 2075 3158 coiiiiciebat
2086 3126 2185 3154 ultima:

1230 3164 1300 3201 quod
1311 3175 1364 3193 uon
1374 3164 1506 3201 displicet.

2075 3207 2100 3228 ι-
2117 3190 2187 3233 92³3
2234 3243 2243 3247 ἱ

1422 2575 1490 2602 Hoc
1500 2583 1555 2613 ego
1564 2573 1678 2612 populo
1690 2593 1698 2606 ‚
1718 2571 1737 2602 fi
1755 2582 1821 2602 tum
1837 2573 1972 2603 consules
1988 2582 2037 2603 aut
2051 2570 2174 2602 fuissent
2193 2575 2236 2611 3⁴
