2316 3395
223 129 286 179 86
632 127 1146 180 M.‘Tur„L11

219 212 254 245 in
264 212 468 246 Tusculanum
481 212 522 247 ire
532 213 707 250 constituit,
727 215 862 256 paullum
873 214 1055 256 requiescet,
1067 210 1141 245 du'm
1152 214 1180 246 se

1224 129 1267 177 C
1303 146 1321 178 1
1356 147 1384 179 c
1418 144 1447 178 Ε
1480 146 1515 179 R
1549 153 1577 181 o
1613 151 1647 183 N
1681 149 1701 181 1
1739 150 1758 181 s

1229 223 1278 244 me
1296 214 1387 246 hodie
1404 224 1567 247 venturum
1579 215 1637 247 esse
1647 236 1655 251 ,
1677 216 1774 248 Laelio
1786 225 1794 251 ;
1805 215 1933 248 libenter
1941 209 2075 250 audirem
2085 219 2184 250 Anto-

201 294 204 297 ·
221 256 303 289 calor
311 255 440 297 frangam
462 258 494 288 &
505 268 561 289 nos
571 256 635 299 ipsi,
646 260 791 299 quoniam
803 257 833 287 id
845 258 989 297 temporis
1001 255 1181 291 est‚·valetu-
1227 258 1324 287 nium.
1350 257 1382 288 &
1394 278 1401 291 ,
1414 268 1483 288 curn
1494 259 1664 300 exsurgeret
1674 278 1681 292 ‚
1701 257 1789 290 simul
1798 258 1928 290 arridens
1938 280 1946 295 ‚
1968 263 2074 300 Neque
2085 261 2182 296 enim,
2205 264 2208 266 “

221 297 286 328 dini
305 298 412 329 demus
430 309 561 340 operam.
594 301 705 331 Placuit
715 298 751 328 fic
762 298 917 329 omnibus.
941 301 1026 329 Tum
1037 298 1178 333 Scaevola,

222 339 318 375 Sane,
338 343 456 383 inquit,
479 342 612 383 {vellem
623 351 686 372 non
695 339 915 372 constituissem
925 342 959 372 in
968 340 1178 373 Tusculanum

543 467 1139 538 NL‘TULLII

1134 602 1178 648 D

1227 299 1327 339 inquit
1337 319 1345 333 ,
1366 307 1427 330 tam
1438 301 1515 330 mihi
1525 299 1671 330 molestus
1682 299 1740 330 fuit
1749 321 1757 334 ‚
1777 299 1860 342 quod
1876 301 1925 340 J'us
1945 301 2082 333 nostrum
2092 302 2184 333 civile

1225 341 1381 382 pervellit,
1394 341 1484 384 quam
1492 341 1646 383 jucundus
1658 363 1666 376 ,
1678 341 1761 383 quod
1771 343 1800 374 se
1809 341 1840 374 id
1850 343 1961 378 nescire
1969 342 2118 377 confessus
2128 342 2183 376 est»

1224 468 1866 546 CrcERoNIQ

1246 601 1285 647 E

393 710 2026 804 ORATORE‚

698 865 1008 915 LIBER

365 1008 375 1016 ,
445 992 457 1003 ιι
504 980 529 1008 Α
541 987 561 1007 o
573 986 595 1007 Ν
607 985 628 1007 Α
647 975 737 1007 nobis
747 977 847 1018 pueris
858 996 866 1010 ‚
890 975 1020 1019 Qinfite
1031 973 1120 1006 frater
1130 996 1138 1009 ‚
1159 974 1181 1006 fi

501 1021 650 1050 memoria
658 1028 740 1050 tenes
751 1040 759 1053 ‚
779 1021 886 1059 opinio
902 1018 978 1052 fuit,
1000 1020 1034 1049 L.
1047 1016 1180 1048 Crassum

415 1064 417 1068 ’
455 1050 467 1118 9
501 1072 565 1092 non
575 1062 641 1101 plus
650 1059 775 1101 attigisse
786 1060 932 1091 doitrinae
943 1080 950 1094 ‚
975 1059 1065 1102 quam
1084 1070 1180 1101 quan-

477 1124 482 1131 ,
499 1113 563 1133 tum
574 1105 672 1143 prima
690 1104 741 1133 illa
756 1103 858 1144 picerili
876 1101 1050 1138 institutione
1066 1102 1181 1142 potuis-

498 1147 555 1175 set:
585 1147 629 1175 M.
640 1154 742 1176 autem
754 1146 927 1175 Antonium
936 1147 1066 1175 omnino
1076 1146 1180 1173 omnis

450 1224 452 1227 7
465 1201 473 1204 ⁴
498 1185 677 1217 eruditionis
688 1195 852 1228 expertem,
862 1196 948 1227 atque
958 1188 1095 1228 ignarum
1104 1185 1181 1216 fuis—

498 1230 525 1259 se
537 1240 542 1258 1
567 1238 706 1270 erantque
718 1229 808 1259 multi
820 1249 828 1263 ,
841 1231 891 1270 qui
903 1248 912 1262 2
926 1232 935 1247 ¹
948 1237 1130 1269 quamquam
1140 1229 1180 1257 ita

219 1270 250 1301 se
261 1280 324 1301 rem
336 1271 441 1301 habere
451 1271 672 1304 arbitrarentur,
683 1280 796 1305 tamen,
808 1281 869 1312 quo
879 1269 996 1301 facilius
1008 1280 1063 1300 nos
1074 1271 1179 1300 incen-

221 1313 268 1343 sos
279 1311 378 1343 studio
388 1311 508 1343 dicendi
518 1312 533 1343 a
543 1311 681 1343 doetrina
690 1313 890 1347 deterrerent,
902 1312 1030 1342 libenter
1040 1311 1080 1345 id,
1096 1311 1177 1353 quod

220 1353 286 1384 dixi
298 1374 305 1388 ‚
326 1354 362 1384 de
373 1354 435 1384 illis
446 1355 612 1385 oratoribus
621 1355 815 1396 praedicarent
824 1375 834 1389 ,
853 1363 899 1388 ut,
932 1352 953 1384 si
964 1355 1105 1384 homines
1115 1363 1180 1384 non

221 1396 331 1426 eruditi
349 1397 499 1427 summam
520 1395 613 1427 ess'ent
630 1397 822 1437 prudentiam
833 1418 841 1431 ,
865 1405 893 1427 at
915 1407 951 1426 ue
969 1395 1179 1427 incredibilem

221 1437 427 1479 eloquentiam
438 1439 589 1469 consecuti
602 1460 610 1473 ‚
622 1441 719 1470 inanis
731 1441 834 1469 omnis
847 1449 887 1469 no
916 1449 946 1468 er
956 1435 1014 1468 esse
1024 1436 1107 1468 labor
1118 1458 1125 1471 ‚
1147 1437 1180 1467 δε

221 1478 348 1510 stultum
360 1482 391 1510 in
402 1481 490 1511 nobis
499 1481 671 1512 erudiendis
682 1502 690 1515 ‚
709 1483 796 1521 patris
814 1479 908 1511 nostri
920 1501 928 1514 ‚
949 1482 1059 1521 optimi
1071 1490 1102 1510 ac
1111 1489 1181 1520 pru-

221 1519 388 1552 dentissimi
399 1524 467 1557 viri,
479 1521 613 1553 studium
621 1523 780 1554 videretur.
800 1526 884 1564 Qios
899 1531 975 1556 tum,
987 1523 1124 1562 utpueri,
1136 1531 1182 1552 re-

218 1561 315 1594 futare
325 1563 497 1595 domesticis
506 1564 629 1595 testibus
643 1586 651 1599 ‚
663 1574 741 1606 patre
752 1585 759 1598 ‚
780 1565 812 1595 δε
823 1568 855 1595 C.
868 1564 1021 1595 Aculeone
1030 1584 1039 1599 ‚
1058 1565 1182 1604 propin-

221 1615 285 1646 quo
296 1604 397 1636 nostro
408 1627 415 1640 ‚
429 1607 462 1636 δε
471 1608 507 1637 L.
520 1608 664 1637 Cicerone
675 1628 683 1641 ,
701 1615 806 1647 patruo
816 1628 824 1641 ‚
846 1605 1014 1637 solebamus
1023 1626 1032 1640 ‚
1051 1604 1132 1646 quod
1145 1604 1181 1635 de

223 1645 327 1678 Crafl'o
336 1648 464 1688 pater‚&
474 1649 735 1690 Aculeo‚quocum
746 1658 805 1679 erat
814 1648 912 1680 nostra
922 1656 1180 1688 matertera,quem

225 1687 341 1719 Crassus
350 1689 459 1720 dilexit
468 1700 506 1721 ex
516 1693 660 1721 omnibus
693 1690 840 1721 Iurimum
854 1702 858 1720 ;
871 1691 904 1721 &
913 1692 1099 1731 patruus‚qui
1109 1700 1181 1720 cum

225 1733 365 1762 Antonio
376 1734 409 1762 in
418 1733 555 1763 Ciliciam
566 1702 718 1773 profegfus
728 1733 787 1770 una
797 1731 970 1763 decesserat:
990 1733 1085 1763 multa
1094 1732 1183 1762 nobis

225 1772 264 1803 de
283 1773 346 1813 ejus
367 1769 465 1805 studi'o
476 1795 484 1808 ,
505 1773 702 1816 doerrinaque
722 1775 796 1816 saepe
820 1777 964 1806 narravit:
986 1784 1116 1815 cumque
1127 1784 1183 1804 nos

225 1825 298 1846 cum
308 1816 497 1846 consobrinis
508 1816 626 1851 nostris,
640 1817 803 1847 Aculeonis
816 1816 896 1851 filiis,
909 1817 941 1848 &
950 1827 983 1847 ea
991 1816 1183 1848 disceremus,

227 1866 294 1899 quae
303 1856 402 1887 Crasso
408 1858 559 1898 placerent
569 1879 577 1893 ‚
591 1859 623 1889 &
634 1860 669 1889 ab
680 1861 726 1889 his
736 1858 910 1889 doCtoribus
923 1880 931 1893 ,
941 1858 1051 1900 quibus
1062 1859 1111 1888 ille
1122 1867 1186 1888 ute-

226 1909 323 1933 retur,
344 1900 550 1934 erudiremur,
571 1903 661 1931 etiam
679 1901 754 1931 illud
773 1901 846 1941 saepe
857 1902 1065 1931 intelleximus
1075 1903 1088 1919 2
1101 1898 1184 1939 (cum

228 1939 357 1971 essemus
366 1942 516 1981 ejusmodi
529 1953 533 1971 :
553 1943 634 1983 quod
654 1943 702 1972 vel
720 1945 804 1982 pueri
824 1943 929 1972 sentire
946 1943 1129 1983 poteramus)
1148 1943 1185 1971 il-

227 1985 294 2013 lum
304 1983 336 2012 &
347 1982 452 2013 Graece
461 1982 498 2013 sic
508 1984 591 2024 loqui
601 2005 609 2018 ‚
635 1985 749 2014 nullam
764 1983 886 2014 utnofl'e
894 1985 984 2014 aliam
994 1985 1128 2026 linguam
1140 1986 1187 2014 vi-

227 2024 346 2055 deretur
355 2045 364 2058 ‚
386 2025 419 2055 &
438 2025 613 2056 do&oi·ibus
630 2025 737 2056 nostris
747 2036 779 2056 ea
789 2035 901 2066 ponere
910 2025 943 2056 in
952 2024 1185 2066 percrmEtando,

178 2089 181 2092 >
227 2077 319 2108 eaque
331 2067 429 2107 ipsum
440 2070 528 2098 omni
540 2069 572 2098 in
581 2068 720 2098 sermone
732 2067 851 2098 traEtare
863 2088 871 2102 ‚
896 2077 928 2098 ut
937 2068 1016 2098 nihil
1025 2066 1082 2097 ess'e
1092 2069 1119 2097 ei
1130 2077 1187 2097 no-

229 2119 315 2143 vum,
326 2109 404 2148 nihil
416 2109 587 2139 inauditum
597 2110 757 2139 videretur.
781 2112 829 2139 De
840 2112 977 2140 Antonio
986 2108 1070 2143 vero,
1081 2119 1188 2150 quam-

228 2160 320 2191 quam
331 2150 404 2190 saepe
414 2161 452 2180 ex
461 2149 677 2182 humaniffimo
688 2152 814 2181 homine
826 2171 835 2184 ‚
857 2161 961 2190 patruo
972 2150 1075 2181 nostro
1086 2171 1094 2184 ‚
1105 2161 1187 2180 acce-

229 2202 379 2233 peramUS‚
390 2192 651 2232 quemadmodum
661 2193 712 2222 ille
722 2192 771 2222 vel
782 2193 969 2226 Athenis,vel
981 2191 1084 2222 Rhodi
1093 2192 1120 2221 se
1131 2192 1186 2221 do-

229 2231 430 2265 &iffimorum
443 2234 609 2264 hominum
619 2233 808 2265 sermonibus
822 2255 830 2266 ,
850 2233 989 2263 dediss'et:
1013 2242 1115 2264 tamen
1126 2234 1187 2272 ipse

229 2275 468 2307 adolescentulus
481 2296 489 2308 2
511 2286 658 2316 quantum
673 2276 754 2306 illius
766 2277 898 2305 ineuntis
909 2277 1000 2305 aetatis
1011 2285 1086 2305 meae
1095 2276 1188 2314 patie-

231 2319 318 2349 batur
332 2317 421 2359 pudor
429 2337 436 2350 ‚
456 2319 552 2348 multa
562 2328 599 2348 ex
610 2328 646 2347 eo
657 2318 730 2358 saepe
739 2316 869 2358 quaesivi.
903 2319 977 2347 Non
987 2318 1042 2346 erit
1050 2315 1187 2356 professffi

231 2360 286 2390 tibi
299 2380 306 2393 ‚
319 2359 400 2400 quod
412 2359 505 2389 scribo
516 2379 525 2393 ‚
545 2360 603 2389 hoc
613 2370 730 2389 novum
742 2360 892 2399 (numjam
904 2367 968 2389 tum
980 2368 1016 2388 ex
1026 2368 1075 2388 me
1086 2358 1188 2388 audie-

232 2402 308 2441 bas‚)
319 2402 396 2431 mihi
407 2401 496 2431 illum
507 2411 544 2431 ex
556 2402 660 2431 multis
671 2422 679 2435 ‚
691 2401 836 2441 variisque
847 2400 1034 2431 sermonibus
1045 2420 1053 2434 ‚
1076 2400 1188 2430 nullius

230 2446 273 2475 rei
286 2464 294 2477 ‚
306 2453 369 2484 quae
381 2442 504 2484 quidem
512 2441 583 2473 esset
592 2445 624 2473 in
635 2444 681 2473 his
690 2442 799 2473 artibus
811 2463 819 2477 ,
831 2442 867 2473 de
878 2442 986 2483 quibus
998 2442 1110 2483 aliquid
1123 2443 1189 2471 exi-

232 2485 351 2516 stimare
361 2483 476 2525 poss'em
489 2505 497 2518 ‚
517 2484 622 2515 rudem
633 2505 641 2519 ‚
662 2487 727 2515 auti
751 2495 854 2514 narum
864 2483 921 2515 ess'e
929 2485 1040 2515 visum.
1064 2482 1119 2514 Sed
1131 2482 1190 2512 fuit

232 2528 291 2557 hoc
303 2528 335 2556 in
345 2536 470 2573 utroque
481 2536 585 2557 corum
598 2547 606 2561 ‚
622 2535 654 2557 ut
664 2495 777 2557 Craslz'us
787 2537 850 2556 non
861 2535 921 2567 tam
929 2525 1092 2556 existimari
1102 2525 1193 2555 vellet

233 2578 298 2598 non
309 2567 442 2598 didicisse
453 2589 461 2602 ‚
474 2568 565 2609 quam
576 2569 625 2599 illa
633 2568 761 2608 despicere
774 2589 782 2601 ‚
803 2569 835 2598 &
845 2568 1015 2598 nostrorum
1026 2569 1190 2597 hominum

232 2612 266 2641 in
277 2611 364 2639 omni
374 2620 479 2649 genere
488 2610 676 2649 prudentiam
688 2613 798 2640 Graecis
809 2609 957 2641 anteferre.
977 2611 1129 2640 Antonius
1139 2619 1190 2638 au-

233 2661 296 2682 tem
315 2651 549 2691 probabiliorem
570 2652 628 2682 hoc
647 2653 761 2692 populo
779 2654 947 2682 orationem
970 2650 1033 2681 fore
1055 2651 1192 2681 censebat

234 2695 316 2724 suam
327 2713 334 2727 ‚
357 2691 377 2722 si
396 2694 525 2722 omnino
535 2693 656 2731 didicisse
665 2704 823 2735 numquam
832 2703 996 2734 putaretur:
1019 2702 1105 2734 atque
1115 2693 1192 2723 itase

233 2744 356 2776 uterque
365 2736 531 2775 graviorem
543 2734 606 2765 fore
618 2756 625 2768 ‚
639 2734 658 2765 sl
669 2736 740 2765 alter
749 2745 943 2765 contemnere
953 2756 961 2769 ,
980 2735 1052 2765 alter
1062 2745 1098 2764 ne
1109 2732 1192 2764 nosse

233 2777 359 2819 quidem
369 2778 488 2807 Graecos
496 2776 655 2808 videretur.
686 2780 825 2818 Qorum
843 2776 1004 2808 confilium
1023 2776 1108 2818 quale
1127 2775 1193 2806 fue-

272 2915 295 2931 ι.
316 2905 396 2930 Vellem
413 2911 457 2928 non
475 2904 635 2935 constituissem
651 2905 677 2928 in
694 2905 848 2937 ‘Tusculanum
866 2914 900 2930 me
916 2905 980 2930 hodie
997 2911 1126 2930 venturum
1144 2904 1186 2936 effe

231 2943 309 2968 Laelia.

1112 866 1711 915 SECUNDUS.

1231 978 1286 1012 rit,
1309 978 1388 1008 nihil
1398 978 1466 1009 sane
1476 979 1511 1009 ad
1522 980 1579 1009 hoc
1591 985 1718 1019 tempus.
1752 977 1832 1009 Illud
1843 986 1944 1010 autem
1953 978 1995 1011 est
2005 979 2093 1021 hujus
2104 979 2190 1012 insti-

1230 1028 1299 1050 tutae
1310 1020 1491 1060 scriptionis,
1504 1031 1536 1051 ac
1547 1024 1691 1061 temporis
1702 1041 1711 1055 ‚
1736 1030 1903 1052 NEMlNEM
1923 1022 2093 1064 eloquentia
2103 1044 2111 1057 ‚
2122 1033 2189 1054 non

1228 1061 1323 1091 modo
1342 1060 1402 1092 sine
1421 1062 1541 1093 dicendi
1551 1062 1688 1093 doCfflna
1699 1082 1707 1096 ‚
1729 1062 1777 1093 sed
1788 1073 1826 1093 ne
1837 1062 1897 1094 sine
1908 1067 1998 1095 omni
2010 1065 2134 1106 quidem
2146 1065 2188 1095 sa-

1226 1104 1350 1142 pientia,
1363 1102 1468 1134 florere
1479 1115 1636 1146 umquam,
1648 1105 1681 1135 &
1691 1104 1825 1144 praestare
1833 1104 1971 1146 potuisse.
2005 1108 2127 1137 Etenim
2139 1116 2189 1136 ce·
2204 1116 2225 1141 2

1228 1153 1295 1175 terae
1314 1144 1376 1175 fert}
1396 1154 1469 1176 artes
1489 1147 1587 1186 seipsae
1607 1157 1657 1186 per
1670 1147 1697 1176 se
1710 1155 1829 1177 tuentur
1838 1146 1957 1189 singulae
1971 1159 1976 1176 ⁴.
2000 1148 2078 1178 bene
2088 1147 2188 1178 dicere

1225 1195 1324 1217 autem
1335 1208 1343 1221 ‚
1356 1188 1438 1228 quod
1449 1187 1491 1218 est
1503 1189 1644 1222 scienter,
1659 1188 1691 1218 &
1702 1188 1795 1228 perite
1807 1209 1814 1222 ‚
1829 1189 1861 1219 Sc
1873 1189 1975 1219 ornate
1984 1189 2080 1219 dicere
2092 1210 2100 1223 ‚
2122 1200 2188 1220 non

1225 1229 1312 1259 habet
1330 1227 1485 1260 definitam
1506 1230 1636 1270 aliquam
1656 1232 1812 1271 regionem
1824 1250 1832 1264 ‚
1853 1230 1899 1270 cuj
1905 1240 1937 1260 us
1957 1232 2093 1261 terminis
2102 1231 2189 1272 saepta

1225 1279 1366 1301 teneatur.
1391 1273 1712 1312 Omnia,quaecumque
1724 1273 1755 1301 in
1765 1273 1930 1302 hominum
1941 1272 2188 1313 disceptationem

1225 1313 1327 1343 cadere
1336 1311 1466 1353 possunt,
1480 1313 1557 1343 bene
1569 1314 1637 1343 sunt
1645 1315 1672 1343 ei
1683 1313 1819 1346 dicenda,
1831 1315 1883 1354 qui
1893 1315 1951 1344 hoc
1964 1314 1991 1344 se
2000 1313 2081 1356 posse
2089 1313 2183 1356 profi-

1223 1362 1361 1389 tetur‚aut
1370 1356 1549 1396 eloquentiae
1560 1365 1675 1385 nomen
1685 1355 1920 1396 relinquendum
1931 1355 1981 1386 est.
1993 1359 2089 1397 Qare
2101 1358 2186 1398 equi-

1225 1396 1295 1426 dem
1318 1396 1350 1426 &
1367 1398 1400 1426 in
1419 1396 1518 1427 nostra
1527 1398 1645 1427 civitate
1656 1416 1665 1430 ‚
1686 1396 1761 1427 &in
1772 1397 1832 1437 ipsa
1841 1395 1953 1428 Graecia
1963 1418 1971 1432 ‚
1992 1408 2055 1439 quae
2068 1398 2186 1439 semper

1225 1439 1407 1478 haecs'umma
1417 1438 1522 1473 duxit,
1543 1439 1655 1469 multos
1666 1438 1839 1479 &ingeniis
1849 1459 1857 1473 ,
1882 1439 1915 1469 &
1925 1450 1973 1469 ma
1995 1450 2032 1470 na
2042 1439 2126 1470 laude
2137 1440 2185 1470 di-

1225 1481 1314 1510 cendi
1325 1479 1385 1510 sine
1394 1481 1512 1511 summa
1521 1490 1621 1510 rerum
1632 1481 1775 1510 omnium
1785 1481 1905 1511 scientia
1914 1480 1959 1511 fui
1986 1492 2000 1511 e
2011 1481 2105 1512 fateor
2117 1493 2122 1511 ;
2141 1490 2183 1512 ta-

1226 1522 1287 1552 lem
1298 1521 1370 1553 vero
1380 1521 1517 1553 exsistere
1528 1522 1732 1563 eloquentiam
1742 1543 1751 1556 ‚
1770 1522 1865 1564 qualis
1874 1522 2008 1553 fueritin
2019 1522 2118 1554 Crasso
2128 1543 2137 1557 2
2151 1523 2186 1555 &

1226 1566 1373 1598 Antonio,
1384 1574 1448 1594 non
1457 1566 1585 1606 cognitis
1596 1564 1684 1594 rebus
1694 1566 1839 1594 omnibus
1850 1585 1858 1599 ‚
1874 1574 1940 1605 quae
1951 1566 1984 1596 in
1994 1573 2105 1596 tantam
2115 1575 2187 1606 pru-

1226 1606 1359 1636 dentiam
1368 1608 1560 1646 pertinerent,
1572 1615 1743 1648 tantamque
1754 1606 1875 1637 dicendi
1884 1608 2003 1647 copiam
2013 1627 2021 1641 ‚
2034 1616 2142 1648 quanta
2150 1609 2186 1650 in

1227 1648 1287 1678 illis
1296 1647 1365 1682 fuir,
1376 1658 1441 1678 non
1450 1646 1577 1689 potuisse
1587 1647 1747 1679 confirmo.
1780 1650 1851 1690 Qo
1860 1650 1950 1679 etiam
1959 1648 2018 1679 feci
2029 1648 2185 1684 libentius,

1228 1698 1259 1720 ut
1269 1700 1340 1720 eum
1352 1691 1534 1724 sermonem,
1545 1700 1638 1731 quem
1648 1690 1695 1720 illi
1705 1690 1859 1731 quondam
1870 1692 1947 1720 inter
1956 1691 1985 1721 se
1995 1690 2031 1720 de
2041 1691 2088 1720 his
2098 1690 2186 1721 rebus

1226 1731 1395 1763 habuissent
1405 1753 1413 1766 ‚
1425 1732 1599 1763 mandarem
1609 1732 1716 1762 litteris
1727 1743 1732 1761 2
1745 1731 1793 1762 vel
1804 1740 1836 1762 ut
1847 1732 1897 1763 illa
1907 1733 2021 1772 opinio,
2033 1742 2098 1773 quae
2107 1732 2188 1763 sern-

1227 1784 1278 1814 per
1286 1773 1386 1804 fuisset
1395 1794 1403 1808 ‚
1415 1775 1569 1805 tolleretur
1580 1794 1588 1808 ,
1608 1773 1733 1804 alterum
1742 1784 1806 1803 non
1816 1772 2021 1804 doetiffimum
2030 1795 2039 1808 ,
2058 1774 2186 1805 alterum

1228 1816 1315 1856 plane
1327 1815 1487 1847 indostum
1498 1814 1600 1846 fuiffe:
1622 1815 1714 1846 velut
1724 1826 1756 1845 ea
1766 1836 1774 1849 ,
1789 1826 1855 1857 quae
1866 1814 2068 1846 existimarem
2079 1814 2094 1846 a
2104 1815 2188 1846 sum-

1229 1860 1286 1888 mis
1296 1858 1461 1889 oratoribus
1472 1858 1508 1888 de
1518 1858 1689 1899 eloquentia
1699 1856 1845 1888 divinitus
1854 1855 1912 1888 ess'e
1924 1856 2014 1891 dicta,
2026 1856 2187 1894 custodirem

1233 1900 1332 1929 litteris
1343 1921 1351 1934 ,
1363 1899 1383 1930 fi
1394 1900 1457 1930 ullo
1468 1899 1562 1930 modo
1571 1898 1699 1941 assequi,
1712 1898 1932 1940 compleffique
1947 1898 2109 1939 potuissem
2122 1899 2188 1930 :vel

1230 1943 1400 1973 mehercule
1409 1943 1500 1972 etiam
1511 1951 1544 1972 ut
1552 1941 1671 1972 laudem
1682 1950 1787 1972 eorum
1795 1942 1858 1981 jam
1867 1942 1959 1981 prope
1970 1941 2184 1975 senescentem,

1227 1993 1372 2026 quantum
1383 1994 1439 2025 ego
1447 1982 1573 2024 poss'em,
1585 1984 1621 2014 ab
1631 1983 1787 2014 oblivione
1798 1984 1974 2016 hominum,
1986 1990 2073 2024 atque
2082 1982 2188 2024 afilan-

1228 2027 1268 2060 rjo
1278 2026 1473 2056 vindicarem.
1497 2028 1579 2056 Nam
1588 2022 1608 2055 sl
1617 2035 1655 2055 ex
1666 2025 1779 2065 scriptis
1789 2025 1930 2066 cognosci
1940 2022 1993 2064 ipfi
2003 2024 2061 2054 suis
2071 2024 2188 2064 potuis-

1228 2068 1309 2102 sent,
1330 2070 1432 2098 minus
1449 2069 1507 2098 hoc
1523 2065 1640 2097 fortafl'e
1660 2067 1738 2096 mihi
1748 2065 1805 2096 ess'e
1813 2064 1961 2107 putassem
1970 2065 2166 2095 laborandum
2178 2077 2187 2095 ι

1227 2108 1276 2140 sed
1287 2109 1359 2139 cum
1370 2110 1441 2139 alter
1451 2119 1516 2139 non
1525 2107 1660 2138 multum
1673 2128 1682 2141 ‚
1695 2107 1788 2148 (quod
1798 2104 1922 2149 quidem
1931 2105 2081 2149 exstaress)
2094 2107 2127 2137 &
2138 2107 2187 2137 id-

1228 2152 1326 2190 ipsum
1337 2151 1506 2180 adolescens
1516 2161 1526 2183 3
1548 2150 1620 2179 alter
1629 2149 1707 2178 nihil
1718 2147 1885 2178 admodum
1898 2149 1997 2188 scripti
2006 2147 2187 2189 reliquisset:

1229 2192 1330 2221 deberi
1340 2193 1397 2221 hoc
1407 2190 1422 2221 a
1434 2201 1483 2220 me
1493 2192 1581 2221 tantis
1591 2191 1756 2220 hominum
1768 2191 1897 2231 ingeniis
1906 2192 2007 2230 putavi
2019 2210 2028 2223 ,
2049 2199 2082 2220 ut
2090 2211 2101 2224 ,
2114 2189 2188 2221 curn

1227 2235 1317 2263 etiam
1336 2243 1417 2262 nunc
1433 2234 1534 2262 vivam
1554 2232 1680 2262 illorum
1700 2234 1881 2262 memoriam
1900 2241 2069 2262 teneremus
2081 2252 2089 2266 ‚
2110 2233 2188 2264 hanc

1227 2275 1430 2304 immortalem
1440 2273 1594 2304 redderem
1605 2293 1614 2306 ,
1635 2271 1655 2302 fi
1667 2272 1790 2314 possem.
1811 2273 1900 2315 Qod
1911 2275 1968 2303 hoc
1977 2283 2067 2304 etiam
2077 2274 2126 2314 spe
2138 2284 2188 2316 ag-

1226 2316 1344 2356 gredior
1361 2316 1473 2355 majore
1492 2315 1526 2345 ad
1538 2315 1726 2355 probandum
1739 2336 1747 2349 ‚
1767 2318 1837 2356 quia
1846 2325 1909 2345 non
1920 2314 1956 2345 de
1966 2316 2060 2346 Servii
2071 2315 2184 2350 Galbae,

1226 2367 1275 2388 aut
1285 2360 1318 2387 C.
1330 2358 1474 2388 Carbonis
1484 2357 1656 2397 eloquentia
1666 2357 1762 2387 scribo
1774 2356 1886 2398 aliquid
1897 2377 1905 2391 ‚
1917 2358 1948 2386 in
1959 2367 2020 2398 quo
2030 2358 2185 2389 liceatmi-

1228 2401 1259 2429 hi
1264 2399 1369 2440 fingere
1379 2420 1387 2432 ‚
1407 2397 1501 2440 siquid
1520 2399 1613 2428 velim
1623 2419 1631 2432 ‚
1650 2398 1764 2428 nullius
1783 2401 1931 2429 memoria
1937 2399 2001 2441 jam
2012 2398 2184 2430 refellente:

1232 2441 1279 2471 sed
1291 2441 1347 2471 edo
1359 2442 1421 2471 haec
1432 2443 1467 2471 iis
1478 2440 1683 2482 cognoscenda
1694 2461 1704 2474 ‚
1731 2442 1783 2482 qui
1793 2451 1843 2470 eos
1854 2441 1933 2480 ipsos
1944 2460 1951 2475 ‚
1971 2440 2006 2471 de
2017 2441 2127 2482 quibus
2138 2441 2185 2471 lo-

1229 2492 1305 2524 quor
1315 2503 1323 2517 ‚
1334 2484 1407 2523 saepe
1416 2482 1574 2513 audierunt
1587 2493 1591 2511 z
1613 2491 1645 2512 ut
1654 2479 1730 2512 duos
1739 2482 1877 2513 summos
1888 2483 1979 2516 viros,
1991 2484 2038 2516 iis,
2049 2484 2101 2523 qui
2111 2493 2190 2514 neu-v

1230 2535 1310 2561 trum
1327 2525 1451 2554 illorum
1466 2524 1615 2558 viderint,
1635 2534 1741 2554 eorum
1754 2544 1762 2558 ‚
1782 2523 1891 2565 quibus
1900 2524 1991 2554 ambo
2002 2525 2047 2554 illi
2057 2533 2188 2555 oratores

1231 2568 1343 2607 cogniti
1354 2564 1418 2600 sint,
1431 2569 1573 2596 vivorum
1585 2567 1616 2596 ὃς
1626 2567 1828 2606 praesentium,
1840 2567 1989 2595 memoria
1998 2565 2069 2595 teste
2079 2586 2087 2600 ‚
2098 2576 2187 2596 com-

1232 2608 1423 2638 mendemus.
1465 2611 1532 2638 Nec
1540 2607 1613 2638 vero
1625 2617 1652 2638 te
1663 2628 1671 2642 ‚
1692 2605 1836 2638 cariffime
1844 2607 1932 2637 frater
1941 2628 1949 2640 ‚
1960 2616 2047 2648 atque
2057 2609 2184 2647 optime,
2202 2622 2217 2655 3

1231 2652 1385 2680 rhetoricis
1396 2660 1477 2680 nunc
1485 2649 1662 2691 quibusdam
1673 2650 1768 2683 libris,
1779 2659 1853 2692 quos
1863 2658 1893 2679 tu
1903 2647 2024 2689 agrestem
2033 2658 2126 2689 putas,
2140 2651 2187 2680 in-

1231 2693 1337 2733 sequor
1347 2701 1378 2722 ut
1387 2692 1521 2722 erudiam
1535 2703 1539 2720 :
1553 2691 1645 2733 (Qid
1656 2693 1740 2722 enim
1752 2699 1800 2721 tua
1808 2690 1903 2731 potest
1911 2693 2046 2721 oratione
2057 2700 2106 2721 aut
2118 2691 2188 2722 sub-

1233 2734 1316 2764 tilius
1328 2754 1336 2767 ‚
1349 2742 1397 2763 aut
1407 2736 1538 2763 ornatius
1549 2733 1632 2773 effe&
1645 2733 1692 2763 sed
1702 2734 1848 2774 quoniam
1859 2731 1917 2762 five
1927 2732 2055 2771 judicio,
2068 2742 2100 2762 ut
2111 2733 2187 2763 soles

1231 2775 1327 2807 dicere
1338 2795 1347 2809 ,
1367 2774 1424 2805 slve
1435 2795 1443 2810 ,
1466 2784 1499 2806 ut
1508 2775 1559 2806 ille
1569 2784 1650 2816 pater
1659 2775 1838 2816 eloquentiae
1848 2773 1884 2805 de
1894 2774 1922 2804 se
1932 2775 2071 2805 Isocrates
2082 2773 2191 2815 scripsit

2119 2816 2192 2856 ipse,

1237 2903 1294 2931 nuit
1313 2901 1451 2937 agnoscere
1472 2902 1494 2928 se
1515 2903 1571 2928 heic
1590 2910 1698 2928 manum
1718 2901 1830 2927 malam:
1853 2910 1933 2936 quare
1944 2900 2060 2927 adhibito
2071 2899 2194 2940 scalpello

322 2940 334 2973 ]
365 2938 443 2965 Haud
461 2939 531 2964 secus
551 2948 642 2965 ornnes
661 2939 774 2966 Palatin.
796 2949 900 2977 recepta
917 2942 986 2967 enim
1007 2940 1088 2966 leessio
1106 2942 1188 2972 consti·
1236 2938 1350 2965 restituit
1363 2958 1370 2969 ‚
1390 2940 1546 2972 constitmffcm
1565 2941 1590 2964 in
1609 2939 1762 2972 Tufiulamtm
1780 2937 1843 2964 hodie
1860 2939 1946 2970 Laelio5
1965 2944 1995 2963 ut
2013 2944 2099 2963 cetera
2117 2938 2166 2962 lint
2178 2936 2194 2962 :l

231 2977 307 3010 iuiffi.
336 2974 378 3001 sed
400 2978 459 3001 rere
479 2974 580 3010 Lipsius
600 2975 686 3001 noster
704 2975 772 3002 libro
792 2986 820 3003 v.
841 2977 941 3014 Qst.
961 2977 1042 3013 Epist.
1066 2984 1107 3011 17.
1127 2985 1186 3003 ino-
1235 2974 1387 3001 Scholiaste.

235 3056 358 3161 LO
368 3058 496 3090 uunquam
505 3057 570 3089 itast·
581 3066 626 3081 rem
636 3058 720 3081 habere
729 3057 934 3089 arbitraremznz']
947 3055 1059 3083 Retinui
1069 3056 1188 3082 omnium
1207 3057 1210 3096 1
1232 3065 1291 3083 nus.
1312 3056 1339 3081 ἃ*
1349 3055 1385 3082 ita
1397 3065 1502 3091 quoquc
1513 3056 1660 3083 chartaceus
1673 3055 1719 3082 ms.
1731 3054 1865 3086 Memmii,
1875 3052 1916 3079 sed
1928 3062 1979 3079 non
1991 3051 2086 3087 pl-icet.

367 3091 760 3127 Pal!.1'eriptui·a1n;i11xemitque
771 3093 807 3118 ita
817 3092 907 3128 procul
919 3092 999 3119 dubio
1010 3093 1089 3119 etiam
1102 3093 1127 3118 in
1140 3091 1189 3118 suis
1207 3102 1210 3130 j

1269 3101 1297 3117 2.
1318 3095 1376 3117 Cum
1386 3093 1479 3125 effimm
1488 3093 1618 3125 cmmoda]
1649 3091 1793 3119 Lambinus
1811 3097 1897 3116 totum
1918 3087 1984 3115 istud
2005 3087 2087 3113 delet.
2108 3085 2192 3121 regie.

366 3127 510 3157 vie-“torius
525 3135 615 3164 utpote
626 3137 684 3154 cum
697 3127 893 3164 {ieexprcll'erir
905 3129 929 3154 in
941 3129 1058 3155 editione
1070 3128 1122 3154 suu.
1135 3129 1190 3163 pri·
1208 3134 1209 3138 ¹
1233 3135 1260 3153 nt
1279 3128 1386 3165 egregii:
1406 3128 1569 3156 Gulielmius
1598 3128 1683 3155 literis
1704 3126 1863 3163 transpositis
1884 3125 2008 3153 ultimum
2028 3122 2145 3150 mutabat
2164 3122 2192 3148 in

231 3163 311 3192 initus
323 3164 373 3201 culi
387 3183 395 3197 ,
406 3173 549 3199 quamquam
558 3174 603 3191 non
612 3165 678 3200 irase
690 3184 698 3197 ,
719 3164 789 3200 quod
801 3165 881 3191 stetui
894 3165 1030 3192 Manutius
1042 3174 1071 3193 ac
1081 3164 1190 3192 Lambi-
1205 3167 1209 3200 j
1235 3164 1304 3190 dom.

2119 3196 2194 3221 1.Ita
