2360 3400
409 155 614 201 Eprsr.
649 167 724 206 AD
761 148 1214 211 TORQATUM,

197 236 222 272 '2
398 238 1024 276 M.T.c.A.ToRQUATo,s.D.

321 287 345 317 E
355 296 376 316 τ
385 294 405 315 o
423 283 440 315 a
453 292 492 317 te,
505 293 544 314 ne
555 293 605 313 me
613 292 697 322 putes
705 282 862 312 oblivione
872 283 915 311 tui
925 280 1018 311 rarius
1027 280 1063 312 ad
1077 290 1104 312 te
1119 281 1190 311 scri-

242 357 246 361 .
312 328 381 358 bere
394 347 402 360 ,
421 325 512 366 quam
527 325 660 356 solebam
674 334 679 352 :
701 323 749 354 sed
766 333 815 354 aut
831 326 971 365 gravitate
997 323 1188 353 valitudinis:

233 380 294 411 qua
312 378 412 400 tamen
425 376 488 406 jam
506 366 644 406 paullum
664 365 771 396 videor
783 366 886 395 levari.
899 374 949 395 ant
958 363 1040 405 quod
1050 362 1142 394 absim
1153 363 1189 393 ab

233 411 308 441 urbe
319 430 328 444 ,
338 419 371 440 ut
380 429 389 444 ,
400 410 452 450 qui
461 408 497 438 ad
509 417 536 438 te
544 406 766 448 proficiscantur
775 427 784 441 ,
795 408 866 438 scire
875 417 939 437 non
949 404 1069 446 poffim.
1091 407 1190 447 Qare

234 452 332 483 velim
349 453 389 481 ira
397 453 538 481 statutum
550 449 666 483 habeas,
682 460 732 479 me
744 452 787 480 tui
800 450 980 479 memoriam
991 457 1062 478 curn
1073 447 1190 477 summa

235 493 442 524 benivolentia
452 500 551 521 tenere
561 511 570 525 ,
591 491 710 532 tuasque
720 493 840 521 omneis
851 500 896 521 res
908 499 972 521 non
982 490 1097 519 minori
1110 488 1189 518 mihi

232 545 313 565 curae
325 554 334 568 ,
353 533 444 574 quam
466 543 545 564 meas
567 532 635 563 effe.
659 533 749 575 Qiod
768 533 880 572 majore
890 534 922 562 in
931 532 1068 562 varietate
1078 530 1190 560 versata

233 575 277 607 est
286 576 379 607 adhuc
392 585 440 606 tua
448 576 532 606 causa
545 595 553 609 ,
573 575 662 616 quarn
675 576 817 605 homines
830 573 1027 605 autvolebaur
1036 592 1045 606 ,
1065 574 1189 611 autopi-

232 619 380 649 nabantur
391 628 396 646 ;
408 618 485 647 mihi
494 617 580 647 crede
591 638 598 651 ‚
611 628 675 647 non
685 616 728 647 cst
740 627 793 656 pro
805 616 891 646 malis
903 624 1073 655 temporum
1083 634 1092 647 ,
1105 613 1188 655 quod

205 665 208 667 ’
233 659 364 690 moleste
381 659 467 689 feras.
492 658 618 690 Necesse
635 659 677 689 est
699 661 782 689 enim
799 667 849 688 aut
866 659 957 688 armis
976 658 1073 697 urgeri
1093 665 1187 695 remp.

233 702 422 742 sempiternis
433 722 442 734 ,
453 709 502 732 aut
512 721 520 736 ,
531 702 577 730 his
587 700 702 741 positis,
712 702 833 730 recreari
843 697 1013 739 aliquando,
1025 705 1074 727 aut
1082 696 1188 726 fundi-

234 739 282 774 tus
304 745 435 774 interire.
459 745 489 773 Si
507 753 588 773 arma
607 742 764 773 valebunt:
785 745 795 760 ¹
809 750 864 770 nec
877 748 947 772 eos,
968 739 1103 779 aquibus
1113 740 1187 768 reci-

235 788 330 824 peris,
352 786 447 816 vereri
466 785 557 815 debes
569 795 574 813 2
588 795 642 815 nec
661 793 712 814 eos
728 792 804 823 quos
821 779 970 820 adjuvisti.
994 782 1024 809 Si
1035 781 1126 809 armis
1138 789 1187 809 aut

235 825 523 866 conditionepofitis
533 846 542 860 ‚
562 835 611 856 aut
620 825 832 865 defatigatione
843 820 966 861 abjcffis
980 841 988 854 ‚
1000 830 1049 851 aur
1061 820 1188 851 melioria

233 867 386 902 detmffis,
398 869 501 898 civitas
510 867 709 907 respiraverit:
722 866 754 895 &
767 864 908 904 dignitate
917 862 975 892 frui
990 862 1044 892 tibi
1055 882 1063 896 ,
1078 862 1111 892 &
1121 861 1186 892 for-

233 913 315 940 tunis
325 910 441 941 licebit.
463 911 517 940 Sin
525 909 655 938 omnino
666 907 835 936 interierint
844 906 950 935 onmia
961 924 969 938 ,
993 902 1145 944 fueritque
1160 905 1186 934 is

230 954 348 986 exitus,
372 960 462 992 quem
489 951 535 980 vir
543 946 785 988 prudentiffimus
794 948 838 976 M.
850 948 1002 976 Antonius
1013 965 1021 979 ,
1039 946 1103 985 jam
1117 955 1184 976 tum

230 993 376 1026 timebat,
394 991 465 1022 cum
483 999 597 1021 tantum
617 989 723 1020 instare
733 989 884 1020 malorum
896 987 1110 1028 suspicabatur:
1125 989 1186 1017 mi-

232 1035 294 1065 sera
302 1033 345 1064 est
353 1034 404 1063 illa
413 1032 537 1073 quidem
546 1031 725 1065 consolatio,
739 1031 788 1061 tali
799 1030 961 1070 praesertim
972 1031 1032 1060 civi
1044 1049 1054 1063 ,
1065 1029 1098 1060 &
1107 1031 1184 1064 viro,

231 1075 282 1107 sed
299 1084 400 1105 tamen
420 1072 577 1104 necessaria
587 1093 596 1106 ,
615 1083 636 1103 N
647 1082 658 1103 x
671 1082 693 1103 Η
707 1083 720 1103 1
732 1083 751 1103 L
771 1082 791 1102 E
806 1082 818 1102 s
831 1071 1029 1112 sepraecipue
1043 1072 1184 1112 cuiquam

228 1116 403 1150 dolendum,
419 1118 453 1146 in
462 1125 499 1146 eo
511 1136 519 1148 ‚
540 1114 623 1157 quod
633 1114 744 1146 accidat
758 1112 910 1144 universis.
934 1116 1009 1155 Qae
1018 1115 1065 1143 vis
1074 1112 1143 1143 insit
1152 1115 1186 1143 in

228 1160 278 1188 his
297 1160 397 1198 paucis
414 1158 513 1188 verbis
531 1158 634 1198 (plura
652 1159 737 1187 enim
747 1155 968 1186 committenda
978 1154 1110 1195 epistolae
1122 1165 1186 1185 non

227 1200 330 1240 erant)
351 1198 371 1229 si
393 1198 547 1233 attendes,
568 1198 650 1239 quod
668 1198 759 1228 facis:
781 1195 918 1238 profe&¹o
937 1199 1027 1227 etiam
1039 1195 1100 1226 fine
1110 1198 1187 1227 meis

227 1242 334 1273 litteris
347 1241 511 1282 intelliges,
523 1250 550 1271 te
560 1240 673 1281 aliquid
685 1240 791 1270 habere
801 1238 882 1280 qnod
894 1239 987 1278 speres
999 1250 1004 1268 2
1016 1239 1096 1268 nihil
1105 1238 1187 1280 quod

228 1293 280 1314 aut
290 1284 359 1316 hoc,
369 1291 418 1313 aut
427 1283 528 1322 aliquo
538 1284 610 1321 reip.
625 1281 699 1312 statu
712 1284 816 1311 timeas
828 1291 834 1309 z
853 1282 958 1310 omnia
968 1278 987 1309 fi
1006 1282 1185 1314 interierint,

228 1325 302 1355 cum
315 1323 498 1364 superstitem
509 1333 536 1354 te
547 1323 605 1353 ess‘e
613 1325 684 1362 reip.
700 1333 738 1352 ne
750 1322 769 1352 sl
781 1324 865 1352 liceat
882 1321 1005 1362 quidem
1016 1342 1025 1355 ,
1040 1322 1128 1354 velis,
1142 1321 1186 1353 fe-

229 1366 354 1397 rendam
364 1364 421 1395 effe
429 1364 592 1398 fortunam,
604 1365 764 1404 praesertim
776 1374 839 1404 quae
850 1362 945 1394 absita
955 1364 1048 1401 culpa.
1061 1363 1116 1393 Sed
1126 1364 1187 1393 h‘aec

229 1407 383 1438 haGienus.
407 1410 456 1437 Tu
467 1407 560 1441 velim
572 1406 679 1436 scribas
689 1405 724 1436 ad
735 1415 784 1435 me
794 1425 804 1454 ἶ
816 1404 892 1452 quid
900 1414 962 1446 agas
973 1424 981 1438 ,
995 1405 1027 1434 δε
1037 1404 1089 1434 ubi
1104 1404 1186 1434 futu·
1209 1416 1210 1420 ¹

231 1459 281 1480 rus
290 1448 342 1479 fis:
356 1456 390 1478 ut
397 1457 447 1478 aut
456 1447 518 1488 quo
529 1448 654 1482 scribam
665 1466 674 1482 ,
694 1455 743 1477 aut
752 1457 813 1488 quo
823 1456 944 1478 veniam
958 1466 966 1480 ,
981 1447 1054 1477 scire
1065 1445 1182 1487 poffim.

192 1508 206 1539 3
397 1495 579 1524 M.T.c.s
604 1496 644 1523 D.
671 1495 1018 1532 ATORQJATO.

297 1543 327 1571 U
338 1550 355 1571 ι’
365 1549 415 1569 ER
426 1550 437 1570 r
450 1550 469 1569 ο
479 1549 502 1570 R
513 1550 525 1569 1
536 1550 553 1569 Β
565 1550 588 1570 u
599 1550 612 1570 s
633 1540 740 1570 litteris
765 1539 969 1570 benivolentia
984 1542 1079 1580 magis
1091 1539 1186 1570 addu-

289 1582 373 1616 etus,
392 1585 406 1602 ²
424 1581 516 1623 quam
530 1580 591 1622 quo
606 1591 650 1612 res
662 1583 701 1611 ita
710 1580 889 1621 postularet,
912 1580 957 1611 fui
967 1581 1097 1623 longior.
1120 1584 1185 1612 Ne—

225 1634 284 1665 que
302 1625 386 1654 enim
402 1622 635 1654 confirmatione
653 1622 752 1654 nostra
768 1623 870 1664 egebat
888 1625 982 1653 virtus
1007 1632 1071 1654 tua:
1087 1633 1185 1664 neque

226 1674 290 1696 erat
297 1675 330 1696 ea
340 1675 406 1696 mea
413 1665 507 1699 caula,
517 1674 605 1706 atque
613 1664 745 1699 fortuna,
757 1668 851 1699 ut,cui
860 1663 913 1704 ipsi
925 1666 1031 1695 omnia
1040 1663 1184 1699 deessent,

224 1707 353 1738 alterum
371 1706 595 1738 confirmarem.
619 1709 688 1737 Hoc
697 1708 771 1737 item
782 1715 917 1747 tempore
933 1707 1053 1738 brevior
1062 1706 1119 1737 effe
1132 1707 1184 1737 de-

228 1749 297 1779 beo.
330 1747 389 1778 sive
407 1751 492 1779 enim
511 1749 590 1779 nihil
607 1757 672 1779 tum
691 1758 766 1789 opus
782 1747 842 1779 fuit
860 1757 919 1779 tam
940 1749 1047 1779 multis
1062 1748 1160 1780 verbis
1175 1769 1184 1783 ,

228 1791 330 1820 nihilo
342 1793 435 1831 magis
446 1800 528 1821 nunc
539 1800 614 1830 opus
623 1790 680 1821 est:
698 1789 757 1821 five
768 1800 833 1821 tum
842 1800 918 1830 opus
928 1789 1006 1825 fuit,
1029 1791 1105 1821 illud
1117 1791 1184 1821 satis

229 1830 448 1871 ‹st,praesertim
459 1831 530 1862 cum
542 1830 690 1862 accesserit
698 1833 779 1862 nihil
787 1834 872 1862 novi.
897 1834 978 1861 Nam
988 1830 1039 1862 etfi
1048 1832 1185 1873 quotidie

226 1873 342 1914 aliquid
351 1874 489 1903 audimus
499 1884 598 1904 earum
609 1883 720 1908 rerum,
731 1884 801 1914 quas
811 1873 846 1903 ad
858 1882 887 1903 te
896 1872 1019 1913 perferri
1028 1873 1182 1904 existimo:

229 1915 349 1946 summa
367 1923 468 1945 tamen
479 1915 581 1946 eadem
596 1914 638 1945 est
649 1935 657 1949 ‚
678 1916 803 1945 &idem
814 1916 914 1945 exitus
923 1934 931 1948 ,
955 1925 1045 1955 quem
1057 1925 1111 1957 ego
1122 1925 1181 1946 tam

228 1956 320 1987 video
337 1959 461 1990 animo,
480 1957 571 1998 quam
595 1966 645 1988 ea,
669 1966 735 1997 quae
759 1957 856 1988 oculis
868 1958 1030 1987 cernimus.
1047 1967 1104 1992 nec
1112 1957 1183 1987 vero

225 1997 393 2039 quidquam
412 1998 503 2028 video
520 2019 529 2033 ,
559 1998 642 2039 quod
660 2009 724 2028 non
740 1998 822 2029 idem
840 2007 867 2028 te
883 1998 985 2028 videre
1005 1998 1087 2029 certo
1104 1999 1183 2029 'scio-

229 2043 311 2071 Nam
322 2038 372 2070 etfi
385 2060 394 2073 ,
413 2050 506 2081 quern
516 2050 635 2070 exitum
645 2042 719 2071 acies
728 2040 862 2070 habitura
871 2038 904 2070 sit
914 2059 922 2074 2
941 2039 1076 2070 divinare
1090 2050 1183 2071 nemo

226 2080 341 2123 potest:
352 2090 453 2112 tamen
464 2082 497 2111 ὃς
507 2083 577 2112 beili
591 2083 708 2112 exitum
719 2081 808 2112 video
823 2093 829 2111 z
843 2082 876 2112 &
885 2102 894 2115 ,
914 2080 935 2111 si
947 2080 977 2112 id
988 2082 1092 2112 minus
1103 2103 1112 2116 ,
1126 2084 1184 2113 hoc

227 2122 352 2164 quidem
361 2124 441 2154 certe
451 2143 459 2157 ,
469 2123 540 2153 cum
552 2122 707 2154 sitnecess'e
717 2124 948 2154 alterumutrum
960 2126 1078 2154 vincere
1089 2145 1098 2158 ,
1113 2134 1183 2165 qua-

228 2166 266 2195 lis
284 2164 382 2194 futura
395 2164 430 2195 sit
437 2165 485 2196 vel
495 2166 558 2196 haec
572 2185 580 2199 ‚
602 2166 649 2195 vel
661 2167 713 2196 iiia
721 2165 857 2195 victoria.
880 2165 974 2206 quue
983 2165 1053 2196 cum
1066 2167 1183 2206 optime

227 2207 383 2247 perspexi,
405 2207 461 2238 tale
478 2207 584 2241 Video,
607 2211 619 2235 3
632 2208 710 2237 nihil
722 2216 753 2237 ut
763 2208 835 2237 mali
846 2207 980 2237 videatur
990 2207 1125 2238 futurum
1139 2228 1147 2241 ,
1162 2207 1181 2238 si

227 2249 259 2278 id
269 2249 316 2278 vel
327 2249 396 2279 ante
404 2249 544 2280 acciderit
556 2269 564 2282 ,
579 2249 661 2289 quod
671 2249 718 2278 vel
729 2251 902 2279 maximum
912 2249 947 2279 ad
958 2252 1100 2280 timorem
1111 2260 1182 2290 pro-

227 2299 462 2331 ponitur.1-rA
481 2300 595 2320 ENxM
621 2300 793 2321 vrvr-:RE
813 2311 821 2324 ,
842 2300 894 2321 UT
921 2300 1003 2321 NON
1025 2302 1093 2321 sir
1120 2302 1182 2322 vr-

228 2341 252 2363 v
263 2342 283 2362 ε
294 2342 316 2361 Ν
326 2343 346 2363 n
358 2342 381 2363 u
390 2343 418 2362 M
432 2352 441 2366 ,
456 2332 665 2363 miserrimum
685 2332 734 2362 est.
758 2342 837 2362 mori
856 2341 954 2362 autem
965 2343 1057 2362 nemo
1068 2334 1181 2373 sapiens

228 2374 374 2405 miserum
392 2374 490 2408 dixit,
511 2384 548 2404 ne
567 2374 654 2404 beato
671 2373 807 2414 quidem.
825 2374 881 2405 Sed
904 2376 979 2405 inea
992 2384 1022 2404 es
1035 2375 1126 2409 urbe,
1148 2378 1180 2405 in

229 2425 287 2456 qua
303 2417 367 2446 haec
378 2437 386 2450 ‚
411 2417 459 2446 vel
474 2416 557 2456 plura
569 2436 578 2449 ,
597 2417 630 2446 δε
649 2417 797 2446 ornatiora
805 2417 932 2455 parietes
941 2415 992 2456 ipsi
1004 2416 1087 2457 loqui
1097 2415 1180 2457 poss'e

228 2457 398 2487 videantur.
422 2461 486 2499 Ego
504 2458 559 2488 tibi
570 2459 628 2487 hoc
638 2456 790 2488 confirmo
801 2478 810 2492 ‚
830 2468 848 2487 ε
857 2468 877 2487 τ
890 2468 902 2487 s
914 2467 925 2486 1
947 2468 967 2487 L
978 2468 1026 2488 nv
1042 2468 1054 2487 1
1068 2469 1081 2488 s
1105 2468 1125 2488 E
1135 2469 1147 2488 s
1159 2470 1179 2489 τ

227 2499 395 2529 consolatio
412 2510 449 2530 ex
473 2500 600 2529 miseriis
625 2500 752 2530 aliorum
768 2519 777 2533 ,
800 2500 900 2529 nihilo
918 2508 946 2529 te
966 2509 1049 2530 nunc
1066 2502 1180 2539 majore

1251 168 1325 203 ET
1362 156 1971 220 CETER0s‚L12.V1.
2106 164 2195 229 683

1236 241 1314 276 rint,
1341 252 1390 273 aut
1403 253 1508 274 eorum
1521 263 1530 279 ,
1553 244 1820 285 quire-manserint.
1835 243 2073 275 alteridimicant
2090 255 2093 273 :
2109 246 2192 278 alteri

1236 282 1382 315 vidiorem
1393 287 1512 316 timent.
1530 286 1586 316 Sed
1599 287 1661 317 haec
1671 286 1837 316 consolatio
1846 286 1921 315 levis
1932 284 1974 316 est
1986 297 1991 315 :
2003 287 2054 316 illa
2064 290 2190 328 gravior,

1236 333 1293 364 qua
1311 335 1339 355 te
1361 329 1406 356 uti
1426 328 1529 367 spero:
1551 337 1607 369 ego
1630 328 1710 358 certe
1721 337 1797 358 utor.
1809 337 1864 358 nec
1873 329 1955 357 enim
1969 347 1978 361 ,
1997 328 2097 358 ‘edum
2115 339 2165 360 ero
2180 351 2188 365 ,

1237 374 1323 406 angar
1343 368 1403 398 ulla
1424 379 1474 404 rc,
1495 368 1568 399 cum
1591 371 1680 400 omni
1701 379 1804 400 vacem
1814 370 1916 409 culpa:
1938 369 1989 404 &,
2010 367 2105 400 sinon
2115 381 2187 406 ero,

1235 405 1320 437 sensu
1339 411 1471 440 omnino
1488 410 1604 441 carebo.
1626 412 1682 441 Sed
1702 412 1800 442 rursus
1811 410 1970 453 ymssx'ei:
1985 411 2114 450 Αθήνας,
2136 416 2188 454 qui

1235 448 1270 478 ad
1282 458 1309 478 te
1318 450 1390 480 haec.
1414 453 1494 481 Mihi
1504 461 1534 482 tu
1545 472 1554 486 ,
1568 455 1632 488 tui,
1642 463 1691 484 tua
1700 457 1804 486 omnia
1814 456 1949 487 maxime
1959 466 2034 488 curae
2046 457 2114 488 sunt
2123 476 2131 492 ‚
2144 458 2188 492 δε,

1236 488 1310 520 dum
1321 494 1422 521 vivam
1433 512 1443 526 ,
1455 502 1550 523 erunt.

1393 539 1536 569 M.T.c.
1560 543 2029 582 A.T0RQUATo‚s.D.
2209 571 2231 588 ,Υ

1242 579 1403 656 Now
1416 603 1424 616 ‚
1447 585 1527 629 quod
1545 586 1580 615 ad
1600 596 1627 616 te
1646 587 1802 618 scriberem
1817 609 1825 623 ‚
1846 592 1923 620 nihil
1942 600 2018 622 erat:
2040 591 2072 622 &
2091 600 2192 622 tamen

1338 623 1359 653 si
1369 624 1442 665 quid
1452 625 1523 655 estet
1534 646 1543 660 ,
1561 628 1687 658 sciebam
1703 638 1730 658 te
1748 630 1762 660 Ia
1773 633 1831 660 tuis
1841 636 1998 663 certiorem
2011 633 2075 663 fieri
2088 634 2189 664 solere.

1237 667 1286 694 De
1305 664 1414 696 futuris
1433 675 1533 697 autem
1561 669 1650 698 rebus
1668 669 1718 699 etsi
1740 672 1854 711 semper
1880 673 2003 704 difficile
2023 675 2066 706 cst
2082 675 2191 708 dicere.

1235 715 1336 736 tamen
1357 708 1508 738 interdum
1519 710 1689 748 conjeftum
1700 711 1786 750 poffis
1806 715 1928 754 propius
1945 717 2080 747 accedere
2091 737 2099 750 ,
2118 716 2193 747 cum

1234 747 1277 778 est
1287 758 1330 778 res
1339 749 1489 788 ejusmodi
1502 770 1511 783 ,
1531 752 1616 791 cujus
1627 755 1726 782 exitus
1737 755 1885 793 provideri
1902 757 1997 797 possit.
2021 761 2113 789 Nunc
2125 768 2190 789 tan-

1234 788 1301 820 tum
1321 790 1461 821 videmur
1477 793 1645 833 intelligere
1664 814 1672 827 ‚
1703 803 1767 824 non
1784 795 1962 828 diuturnum
1982 801 2115 830 bellum:
2139 799 2189 829 etsi

1233 831 1365 871 idipsum
1400 834 1559 863 nonnullis
1578 834 1712 865 videatur
1733 837 1826 866 secus.
1869 840 2014 879 Equidem
2034 852 2103 871 cum
2127 843 2188 871 hec

1234 873 1416 908 scribebam,
1437 875 1549 916 aliquid
1566 877 1626 915 jam
1648 877 1748 907 adium
1771 879 1925 919 putabam:
1945 885 1957 907 5
1981 893 2044 913 non
2060 882 2121 923 quo
2133 893 2187 924 ego

1234 913 1315 945 certo
1325 916 1416 946 sciam
1428 935 1437 950 ,
1448 917 1496 946 sed
1507 917 1590 958 quod
1600 919 1677 949 haud
1689 918 1822 950 difficilis
1833 931 1891 951 erat
1900 923 2080 962 conjsfflira.
2094 935 2115 954 N
2129 935 2149 953 Α
2161 935 2186 954 Μ

1235 965 1254 985 c
1266 966 1288 985 rr
1300 967 1327 987 M
1344 960 1448 988 omnis
1462 958 1534 988 belli
1545 961 1624 989 Mars
1639 964 1815 992 communis
1827 962 1859 992 &
1877 963 1946 993 cum
1960 965 2073 1005 semper
2084 968 2189 995 incerti

1232 999 1331 1028 exitus
1357 1000 1537 1039 proeliorum
1559 1001 1626 1031 sunt
1647 1013 1651 1031 z
1683 1012 1748 1033 tum
1770 1006 1828 1034 hoc
1846 1014 1982 1045 tempore
2006 1008 2045 1036 ita
2072 1017 2185 1047 magur<

1236 1042 1375 1082 utrinque
1383 1041 1481 1081 copiae
1491 1063 1500 1075 ‚
1518 1044 1557 1073 ita
1565 1053 1670 1083 paratae
1680 1044 1712 1075 ad
1727 1045 1959 1087 depugnandum
1972 1046 2188 1081 ess'edicuntur.

1234 1090 1266 1112 ut
1280 1101 1289 1116 ,
1309 1093 1506 1124 utercumque
1523 1086 1642 1119 vicerit,
1664 1097 1727 1117 non
1740 1087 1774 1118 sit
1788 1091 1901 1118 mirum
1911 1087 2059 1120 futurum.
2091 1090 2145 1120 illa
2158 1093 2190 1120 in.

1233 1123 1296 1154 dies
1306 1123 1436 1167 singulos
1445 1127 1540 1167 magis
1550 1129 1672 1169 magisq3
1684 1131 1791 1169 opinio
1809 1131 1972 1160 hominurn
1983 1129 2190 1163 confirmatur,

1234 1167 1325 1197 etiam
1353 1167 1374 1196 fi
1393 1169 1725 1200 intercasusarmorum
1736 1173 1922 1212 aliquantum
1935 1172 2047 1203 intersit
2059 1193 2067 1206 ,
2087 1182 2191 1204 tamen.

1234 1209 1313 1238 inter
1330 1208 1472 1240 viCtorias
1483 1219 1546 1240 non
1559 1212 1691 1241 multum
1702 1214 1926 1244 interfuturum.
1951 1215 2070 1244 Alteros
2081 1225 2189 1254 prope—

1234 1249 1364 1280 modum
1380 1252 1441 1290 jam
1464 1252 1565 1296 sumus
1585 1256 1697 1293 experti
1720 1266 1724 1283 :
1746 1256 1782 1284 de
1801 1256 1911 1289 altero,
1932 1266 2025 1286 nemo
2036 1256 2096 1289 cst,
2116 1267 2191 1296 quin

1233 1293 1342 1333 cogitet
1360 1311 1368 1324 ‚
1384 1291 1480 1323 6cum
1498 1294 1532 1324 ht
1551 1296 1732 1326 metuendus
1755 1299 1844 1327 iratus
1853 1297 2096 1328 viEiorarrnatus
2122 1300 2189 1328 Hoc

1232 1333 1302 1363 loco
1319 1332 1340 1363 si
1357 1335 1462 1365 videor
1482 1345 1587 1376 augere
1604 1337 1743 1368 dolorem
1767 1348 1853 1369 tuum
1866 1359 1875 1373 ,
1895 1349 1986 1380 quem
2006 1340 2190 1369 consolando

1231 1374 1329 1406 levare
1339 1375 1464 1406 debeam
1481 1397 1489 1410 ,
1502 1377 1597 1408 fateor
1607 1388 1657 1409 me
1665 1383 1879 1410 communium
1892 1382 2040 1411 malorum
2052 1382 2191 1411 conl‘ola-
2213 1382 2219 1384 ”

1231 1418 1348 1447 tionem
1371 1419 1486 1449 nullam
1506 1421 1641 1451 invenire
1654 1441 1662 1455 ,
1685 1431 1787 1461 praeter
1799 1423 1881 1452 illam
1902 1434 1907 1452 2
1930 1433 1995 1463 quae
2015 1433 2116 1453 tamen
2134 1443 2141 1455 2
2164 1422 2185 1451 si

1232 1459 1320 1499 poffis
1344 1469 1410 1490 eam
1428 1461 1574 1500 suscipere
1587 1481 1594 1495 ‚
1617 1466 1752 1494 maxima
1773 1463 1836 1498 est,
1855 1474 1973 1505 quaque
1990 1466 2191 1505 egoquotidie

1233 1503 1327 1543 magis
1335 1510 1403 1531 utor
1415 1512 1420 1530 ;
1444 1511 1462 1531 c
1473 1512 1491 1531 0
1503 1512 1523 1531 N
1536 1513 1548 1532 s
1560 1512 1578 1531 c
1592 1514 1603 1533 1
1614 1514 1665 1533 ΕΝ
1675 1515 1694 1535 τ
1708 1516 1718 1534 1
1731 1516 1750 1534 A
1765 1515 1791 1535 M
1802 1505 1887 1536 reftae
1899 1507 2078 1539 voluntatis,
2092 1508 2190 1535 maxi—

1233 1553 1316 1574 mam
1334 1543 1575 1574 consolationem
1598 1544 1655 1576 ess‘e
1674 1557 1774 1577 rerum
1793 1548 2059 1577 incommodarum
2079 1558 2084 1576 ;
2106 1557 2125 1576 N
2140 1557 2158 1576 E
2170 1557 2187 1578 c

1233 1595 1331 1615 essi:
1362 1594 1517 1615 ULLUM
1551 1595 1639 1616 MAG
1654 1597 1748 1618 Num
1780 1598 1947 1618 manum
1971 1608 1980 1621 ,
2003 1598 2108 1628 praeter
2124 1590 2190 1618 cui-

1233 1637 1312 1667 pam.
1339 1630 1365 1656 A
1383 1636 1440 1667 qua
1455 1636 1551 1667 quum
1567 1636 1682 1658 tantum
1702 1629 1841 1660 absumus
1861 1650 1869 1663 ,
1905 1639 1938 1660 ut
1957 1632 2047 1660 etiam
2069 1630 2187 1670 optime

1231 1669 1411 1699 senserimus
1424 1669 1620 1710 :eventusque
1640 1673 1733 1712 magis
1744 1671 1837 1701 nostri
1845 1670 1981 1707 consilii,
2006 1671 2096 1712 quam
2113 1682 2188 1702 con-

1232 1709 1332 1741 filium
1342 1710 1573 1751 reprehendatur
1590 1722 1594 1740 :
1606 1711 1639 1742 δε
1652 1723 1746 1754 quum
1760 1712 1953 1753 praestitimus
1964 1733 1973 1747 ,
1992 1714 2073 1754 quod
2082 1713 2188 1749 debui-

1231 1763 1312 1786 mus,
1324 1752 1489 1786 moderate,
1498 1753 1580 1793 quod
1589 1754 1842 1786 evenit‚fei·amus;
1863 1755 1919 1785 Sed
1930 1756 1987 1786 hoc
1997 1756 2073 1785 mihi
2083 1765 2188 1786 tamen

1231 1805 1294 1825 non
1306 1795 1412 1828 sumo,
1431 1803 1465 1824 ut
1483 1796 1653 1832 tectonsoler
1665 1796 1701 1827 de
1709 1797 1928 1827 communibus
1940 1796 2068 1827 miseriis
2080 1817 2088 1830 ,
2114 1807 2178 1837 qua:

1228 1836 1264 1867 ad
1276 1835 1494 1867 consolandum
1511 1857 1519 1870 ,
1532 1838 1655 1877 majoris
1666 1839 1799 1878 ingenii,
1810 1839 1843 1868 δε
1852 1838 1889 1868 ad
1897 1837 2055 1868 ferendum
2069 1859 2078 1872 ,
2089 1836 2187 1880 fingu-

1231 1878 1299 1908 laris
1318 1880 1436 1908 virtutis
1455 1878 1602 1919 indigent.
1624 1879 1706 1909 Illud
1725 1881 1822 1910 cuivis
1840 1878 1927 1909 facile
1936 1878 1979 1909 est
1987 1880 2112 1914 docere,
2134 1891 2185 1911 cur

1231 1921 1380 1959 praecipue
1394 1928 1425 1949 tu
1436 1919 1538 1950 dolere
1547 1920 1626 1950 nihil
1635 1921 1752 1951 debeas.
1774 1923 1847 1960 Ejus
1858 1922 1952 1955 enim,
1963 1923 2015 1962 qui
2027 1921 2138 1952 tardior
2152 1924 2185 1952 in

1233 1960 1401 1990 relevando
1410 1960 1469 1990 fuit
1478 1979 1487 1994 ,
1500 1960 1591 2001 quam
1600 1960 1665 1991 fore
1674 1972 1846 2002 putaremus
1856 1981 1865 1995 ,
1880 1972 1944 1992 non
1954 1962 1996 1993 est
2006 1964 2084 1993 mihi
2093 1963 2186 1994 dubia

1230 2002 1266 2032 de
1286 2011 1336 2031 tua
1354 2002 1444 2032 salute
1464 2002 1620 2032 sententia.
1641 2003 1678 2033 de
1697 2004 1762 2034 aliis
1772 2013 1944 2034 autemnon
1957 2005 2082 2034 arbitror
2091 2014 2118 2034 te
2132 2014 2187 2035 ex·-

1230 2042 1360 2083 speCiare
1382 2043 1455 2084 quid
1474 2043 1608 2074 sentiam.
1631 2046 1798 2086 Reliquum
1810 2044 1872 2079 est,
1894 2055 1926 2076 ut
1936 2055 1963 2076 te
1974 2056 2077 2088 angat,
2101 2046 2184 2087 quod

1231 2084 1303 2116 absis
1321 2086 1337 2116 a
1347 2088 1406 2115 tuis
1416 2085 1541 2115 tamdiu.
1564 2088 1624 2116 Res
1636 2086 1762 2117 molesta
1772 2107 1780 2121 ,
1800 2087 1962 2127 praesertim
1973 2087 2009 2118 ab
2018 2089 2057 2117 iis
2066 2090 2165 2127 pueris
2175 2108 2184 2121 ,

1229 2127 1337 2168 quibus
1349 2128 1427 2156 nihil
1438 2127 1534 2166 potest
1544 2125 1602 2157 effe
1610 2127 1756 2158 festivius.
1778 2129 1845 2162 Sed,
1858 2138 1890 2159 ut
1899 2129 1934 2159 ad
1944 2138 1972 2159 te
1982 2129 2079 2169 scripsi
2088 2129 2185 2162 antea,

1229 2178 1348 2209 tempus
1367 2167 1409 2199 est
1419 2168 1615 2209 hujusmodi,
1636 2171 1761 2201 utsuam
1792 2170 2114 2211 uisqueconditionem
2126 2173 2187 2201 mi·

1228 2211 1383 2241 serrimam
1392 2220 1476 2251 putet
1488 2222 1493 2240 ·.
1504 2211 1538 2241 &
1549 2231 1557 2245 ,
1573 2211 1625 2241 ubi
1636 2213 1760 2253 quisque
1770 2181 1805 2242 iit
1814 2232 1823 2246 ,
1835 2213 1877 2242 ibi
1887 2211 1944 2242 effe
1955 2213 2087 2242 minime
2102 2213 2185 2243 velit.

1228 2253 1391 2292 Equidem,
1403 2263 1459 2283 nos
1489 2252 1549 2283 uod
1560 2255 1668 2283 Romae
1678 2254 1792 2287 sumus,
1806 2254 2012 2284 miserrimum
2025 2252 2080 2284 esse
2090 2253 2182 2288 duco,

1229 2304 1292 2324 non
1309 2293 1410 2324 solum
1433 2294 1514 2335 quod
1534 2296 1567 2325 in
1590 2296 1676 2325 malis
1696 2296 1842 2325 omnibus
1864 2305 1886 2325 A
1897 2306 1912 2326 c
1924 2306 1944 2325 E
1956 2306 1977 2325 R
1989 2306 2006 2325 n
2018 2306 2029 2325 1
2041 2306 2064 2326 U
2075 2306 2088 2325 s
2108 2306 2126 2325 ε
2138 2306 2150 2327 s
2162 2307 2182 2326 τ

1229 2346 1249 2365 ν
1263 2346 1274 2365 ι
1286 2346 1307 2365 n
1318 2345 1338 2366 ε,
1347 2346 1369 2365 R
1379 2345 1399 2365 E
1409 2355 1417 2371 ,
1440 2336 1531 2377 quam
1541 2337 1642 2367 audire
1653 2347 1659 2366 2
1671 2337 1719 2367 sed
1729 2340 1831 2371 etiam,
1846 2337 1927 2378 quod
1936 2337 1972 2368 ad
1983 2347 2085 2367 omnis
2096 2337 2177 2367 casus

1227 2377 1396 2407 subitorum
1422 2379 1627 2418 periculorum
1645 2381 1738 2420 magis
1757 2378 1870 2418 objecti
1894 2380 1995 2410 sumus
2014 2399 2022 2412 ‚
2050 2378 2139 2419 quim
2160 2376 2182 2408 st

1225 2417 1401 2449 abess'emus.
1413 2418 1465 2449 etsi
1474 2420 1634 2460 meipsum,
1645 2421 1865 2451 consolatorem
1882 2431 1980 2453 tuum,
1994 2429 2180 2450 nontantum

1225 2461 1330 2491 litterae
1339 2481 1348 2494 ,
1360 2461 1470 2501 quibus
1481 2462 1598 2502 semper
1609 2462 1717 2496 studui,
1732 2472 1878 2502 quantum
1890 2463 2090 2502 longinquitas
2102 2471 2181 2491 tem-

1229 2512 1311 2542 poris
1321 2504 1482 2544 mitigavit.
1506 2506 1627 2544 Qanto
1637 2504 1747 2534 fuerim
1756 2502 2057 2536 dolore‚meministi.
2071 2506 2108 2533 In
2117 2513 2179 2544 quo

225 2541 261 2572 in
275 2540 447 2571 discrimine
460 2539 527 2575 effe,
539 2542 630 2582 quarn
639 2543 781 2583 quemvis
791 2550 840 2572 aut
851 2551 970 2576 eorum,
979 2543 1031 2583 qui
1041 2540 1178 2573 discesi'e-
1225 2545 1323 2585 prima
1332 2544 1383 2575 illa
1392 2546 1560 2576 consolatio
1569 2545 1611 2576 est
1623 2565 1632 2580 ,
1652 2551 1667 2574 7
1677 2544 1782 2576 vidiffe
1792 2555 1841 2575 me
1851 2548 1942 2585 prius,
1954 2544 2043 2585 quam
2052 2554 2179 2579 ceteros,

2105 2585 2179 2617 cum

214 2626 2181 2642 Q———q—-ss-——Q

259 2664 269 2681 1
276 2675 282 2681 .
302 2659 358 2690 ‘Rex
367 2665 414 2688 eos,
423 2655 438 2681 ἃ
448 2657 533 2690 quihus
542 2658 650 2690 reciperis
660 2676 668 2688 ,
687 2659 768 2682 vereri
777 2656 870 2690 debes]
892 2656 956 2682 Haec
967 2656 1002 2683 est
1012 2656 1109 2684 codicis
1119 2659 1172 2685 Va-

219 2690 298 2717 ticani
311 2691 409 2718 leEtio:
432 2701 489 2718 cuni
501 2692 586 2718 exstet
603 2693 629 2719 in
642 2693 779 2719 Medicaeo.
800 2692 867 2718 Pan.
886 2692 971 2718 tribus
983 2711 991 2724 ‚
1010 2694 1092 2719 Grut.
1113 2695 1174 2721 Ste-

221 2727 309 2753 wecht
339 2729 448 2760 receperis
458 2740 465 2753 .·
486 2728 512 2753 in
534 2735 622 2763 quart.
642 2736 744 2760 recepere
755 2739 761 2752 :
780 2728 805 2754 in
826 2728 914 2763 quint.
934 2736 1067 2760 acceperas-
1090 2729 1175 2766 sicque

221 2762 372 2790 emendavit
390 2763 422 2789 ad
432 2773 504 2790 oram
516 2765 607 2798 primae
624 2763 749 2790 editionis
770 2763 883 2799 Baptista
899 2764 1026 2799 Egnatius
1046 2766 1176 2797 Venetus,

219 2798 275 2832 post
285 2809 397 2836 eumque
417 2799 592 2826 [tvaim-ius
605 2819 613 2833 ,
631 2810 696 2836 quos
717 2799 796 2826 secuti
816 2800 952 2826 Manutius
971 2809 1001 2826 ac
1020 2800 1177 2828 Lambinus.

221 2833 302 2869 vulgo
312 2845 318 2862 ε
341 2836 356 2861 ἃ
366 2837 452 2870 quibus
461 2837 582 2868 rcceffiris.

252 2877 287 2896 a..
305 2872 383 2903 Qum
392 2875 434 2905 quii
445 2881 481 2897 res
494 2875 531 2897 ita
544 2872 698 2906 postularem]
723 2872 764 2898 Sic
774 2881 807 2898 ex
819 2871 886 2898 Pali.
898 2871 1088 2908 prirnquartO.
1098 2872 1177 2908 quin-

221 2910 251 2929 to
262 2923 271 2935 ,
288 2907 414 2934 Vaticano
426 2927 434 2942 ,
453 2906 628 2943 relctipliinus
640 2928 648 2939 ,
668 2917 718 2934 non
736 2908 815 2942 qued,
834 2915 863 2934 ut
876 2908 958 2942 vulgo
973 2918 978 2934 :
1003 2909 1138 2943 quomodo
1148 2910 1175 2934 &

222 2939 318 2967 lib-11.
328 2942 473 2970 emendasse
488 2953 530 2970 me
540 2944 675 2970 recordor.
690 2943 775 2979 sicque
785 2944 885 2979 legitur
898 2944 979 2980 lipist.
991 2943 1044 2980 seq.
1055 2946 1080 2971 ἃ·
1095 2944 1175 2971 lib.x.

222 2984 264 3011 ep.
277 2983 302 3011 3.
316 2977 361 3003 lib.
374 2987 416 3004 xi.
429 2979 477 3005 lib.
487 2989 546 3006 2:11.

259 3019 272 3046 3
280 3031 285 3036 .
304 3015 411 3048 thlu!
421 3017 478 3041 mali
486 3016 716 3049 videatursiamrnm
728 3035 736 3048 ‚
749 3018 772 3051 si
780 3016 855 3042 idve!
863 3023 917 3042 amc
927 3015 1068 3050 accidi-rin]
1089 3016 1128 3042 Ita
1138 3016 1174 3042 est

222 3046 248 3073 in
261 3049 381 3074 omnibus
392 3050 551 3077 1²:111.Gmt.
571 3052 704 3079 stewech.
727 3051 784 3087 (nisi
795 3052 866 3088 quod
882 3053 906 3078 in
927 3052 966 3078 his
987 3051 1083 3078 eisdem
1104 3052 1172 3078 binis

217 3083 326 3108 occiderit
344 3083 451 3111 solemni
463 3087 608 3114 mutatione
618 3098 639 3113 o.
658 3097 706 3123 pro
716 3095 754 3122 a.)
774 3089 839 3114 itein
850 3087 967 3115 editione
978 3088 1102 3115 Viktorii.
1115 3088 1172 3114 vnl-

221 3119 257 3154 εὐ
264 3138 271 3150 ,
281 3119 495 3153 qffifinurumfiid
501 3124 544 3147 vel
553 3124 607 3148 anre
617 3123 692 3154 ceci&
738 3131 747 3135 “

255 3161 284 3187 4.
303 3158 365 3180 Dum
375 3165 410 3181 ero
421 3174 429 3188 ‚
440 3165 517 3189 angar
528 3160 575 3184 nlla
586 3159 635 3192 re.]
657 3158 725 3185 Pali.
735 3169 776 3195 pr.
788 3166 851 3186 tert.
862 3161 943 3186 Grut.
963 3168 1050 3193 tangar
1067 3159 1117 3186 nllzi
1135 3169 1157 3185 re
1168 3171 1174 3185 :

217 3187 250 3217 de
261 3199 309 3226 qua
320 3191 384 3227 quid
394 3191 504 3220 lentiam
515 3212 524 3226 ,
534 3193 654 3222 differ-:un
664 3194 761 3223 dicere.
780 3195 871 3232 paullo
888 3196 943 3233 post
956 3215 964 3229 ,
984 3196 1038 3224 duo
1048 3197 1172 3232 postremi

1224 2659 1292 2686 Pau.
1303 2659 1408 2694 legunt,
1418 2662 1476 2693 quia
1485 2660 1529 2684 haec
1540 2666 1578 2684 te:
1597 2667 1654 2695 quae
1664 2658 1745 2685 leffio
1756 2665 1785 2685 ut
1797 2668 1847 2686 non
1858 2658 1968 2686 ablui-da
1980 2678 1988 2691 ,
1997 2659 2036 2686 ita
2046 2659 2107 2687 inde
2117 2669 2180 2689 natu

1222 2695 1257 2722 est
1269 2695 1378 2730 vulgata
1390 2704 1396 2723 3
1421 2698 1461 2729 qui
1471 2695 1504 2720 ad
1512 2701 1534 2719 te
1543 2697 1597 2721 luc.

1260 2740 1286 2764 5.
1307 2735 1358 2756 Non
1369 2732 1411 2764 quii
1421 2740 1455 2763 ego
1465 2730 1629 2765 caristiam]
1652 2731 1693 2757 Sic
1704 2730 1819 2757 Vitiorii
1830 2731 1913 2757 editio
1925 2742 1930 2757 :
1943 2738 1970 2758 at
1982 2732 2048 2758 Pau.
2059 2741 2100 2768 pr.
2112 2739 2177 2759 tert.

1222 2768 1303 2792 Grnt.
1325 2766 1408 2802 prima
1425 2765 1509 2792 editio
1537 2768 1630 2801 aliqui-i
1638 2768 1692 2801 jam
1712 2769 1790 2792 affirm
1805 2769 1921 2800 putabam
1939 2777 1984 2793 non
2001 2769 2044 2802 qub
2056 2769 2102 2802 sed
2117 2770 2178 2802 quod

1222 2803 1318 2835 difficis'is
1328 2810 1380 2827 erae
1390 2803 1531 2836 ronjsflnm.
1551 2803 1617 2829 Mihi
1628 2804 1747 2838 praestant
1758 2802 1922 2830 ViCtoriana.

1257 2839 1284 2863 6.
1307 2838 1399 2871 Ciamsit
1411 2838 1545 2862 ›neruum-dus
1554 2842 1634 2864 iratas
1644 2841 1720 2863 vifior
1735 2840 1870 2873 armatus]
1892 2837 1994 2871 Vulva,
2011 2849 2083 2873 quam
2090 2839 2118 2869 fit
2128 2848 2175 2864 ‹ufe-

1218 2874 1329 2899 mendm.
1349 2881 1458 2899 annotat
1469 2883 1574 2908 quoque
1585 2875 1711 2909 Egnatius
1725 2874 1778 2910 legi
1790 2876 1852 2908 ursit
1862 2881 1916 2900 mci.
1936 2860 1979 2901 &d
1991 2875 2106 2902 nostruin
2120 2882 2172 2902 tra-

1221 2909 1309 2935 ximus
1322 2909 1401 2945 longe
1417 2908 1642 2936 accommodatius
1652 2919 1685 2937 ex
1697 2909 1811 2938 Victorii
1821 2910 1940 2938 editione
1952 2930 1960 2943 ,
1980 2911 2047 2938 Pan.
2058 2921 2097 2947 pr.
2109 2919 2174 2939 tert.

1220 2945 1393 2971 Gruteriano.

1255 2989 1282 3015 7.
1303 2982 1386 3014 thtffe
1395 2990 1428 3005 mc
1435 2983 1506 3013 prins
1514 2991 1586 3016 quam
1596 2983 1706 3017 ceteram]
1730 2983 1773 3009 Sic
1782 2982 1867 3025 prima
1885 2982 1968 3009 editio
1978 2982 2046 3009 Pau.
2058 2992 2097 3018 pr.
2108 2991 2174 3010 tert.

1219 3016 1300 3043 Grut.
1311 3017 1398 3042 Varie.
1419 3018 1489 3051 (nam
1509 3025 1611 3044 ceteros
1622 3017 1755 3046 consulere
1766 3019 1809 3045 hic
1818 3018 1907 3046 defluo
1920 3039 1927 3051 ,
1945 3020 2060 3055 tempori
2079 3019 2173 3045 consu-

1220 3051 1276 3078 lens
1288 3061 1356 3078 mco,
1369 3052 1433 3078 alias
1445 3062 1536 3080 omnes
1551 3073 1558 3086 ,
1569 3054 1652 3088 vidiffi:
1662 3057 1767 3088 mcplm.
1788 3054 1876 3091 paullo
1887 3055 1959 3091 post:
1981 3064 2014 3081 cx
2026 3053 2115 3081 iisdem
2127 3065 2172 3079 ci·-

1219 3087 1334 3121 dicibus,
1350 3089 1416 3115 item
1427 3088 1543 3116 editione
1553 3089 1679 3122 vietor-ii,
1689 3090 1795 3126 ejusque
1806 3091 1978 3127 compilatore
1990 3091 2120 3117 Lambino
2132 3100 2173 3116 re-

1219 3123 1291 3160 posui
1304 3143 1313 3156 ‚
1334 3125 1385 3150 eitm
1395 3127 1512 3158 cupiebam
1522 3127 1630 3161 quam-»vis
1647 3129 1732 3161 iniqua
1743 3127 1964 3160 conditionepaccm.
1985 3127 2074 3153 Aliter
2093 3128 2171 3161 qnam

1220 3159 1295 3196 supra
1307 3160 1385 3186 lib.v.
1397 3170 1489 3197 ep.21.
1506 3162 1556 3197 qua‘
1563 3163 1600 3188 vis
1609 3163 1665 3189 rimi
1674 3164 1798 3190 conditione
1804 3171 1885 3197 pacem
1896 3166 2014 3200 excessere.-
2025 3162 2067 3189 scd
2078 3162 2112 3187 ibi
2123 3161 2173 3187 alra

1219 3205 1325 3233 quoque
1337 3206 1376 3224 res
1387 3205 1454 3225 crat.

1571 3233 1669 3261 Rrrr
1688 3243 1706 3261 ²
2057 3236 2176 3260 unmea-
