2316 3395
147 774 159 800 1
172 776 189 801 2
211 770 342 802 &atione
352 771 479 813 quadam
489 769 641 810 impediri.

207 150 266 215 38
638 139 1135 190 M.TU1.1.11

202 231 285 263 aliud
296 235 307 251 ¹
319 228 441 271 aliquod
449 225 563 259 &flium
574 224 701 257 rectum,
712 231 761 254 aut
772 221 843 252 utile
856 216 1067 263 contenditur,
1079 216 1161 259 quod

203 284 237 304 ut
248 272 340 307 fieret,
352 271 426 301 iliud
439 292 447 304 ,
458 270 538 311 quod
549 270 697 309 arguitur,
708 265 818 309 dicitur
829 260 885 292 ess'e
896 258 1102 308 commistum.
1122 261 1163 306 ¹⁴In

205 324 305 357 quarta
313 313 528 345 constitutione
541 331 549 345 ,
561 319 649 351 quam
661 306 861 343 transsativam
871 311 1072 349 nominamus
1080 321 1088 335 ,
1100 310 1124 341 ej
1130 310 1163 330 us

204 356 430 388 constitutionis
439 353 482 384 est
491 348 697 383 controversi-i,
709 346 781 378 curn
792 354 840 376 aut
849 355 951 386 quem,
964 353 1014 375 aut
1024 353 1158 385 quicum,

204 407 255 430 aut
264 397 430 440 quomodo,
442 404 491 426 aut
499 393 575 434 apud
586 401 660 433 quos
672 410 679 423 ‚
692 398 741 419 aut
751 398 812 429 quo
820 388 885 427 jure
896 407 904 420 ‚
917 394 965 417 aut
974 395 1035 427 quo
1045 394 1163 425 tempo-

200 434 236 471 re
247 451 330 482 agere
342 447 483 479 oporteat,
494 437 644 477 quaeritur,
654 440 702 462 aut
712 439 843 460 ommno
852 427 966 470 aliquid
977 431 1013 457 de
1024 436 1166 457 commu-

206 484 318 512 tatione
329 502 337 514 ‚
357 490 407 510 aut
415 477 618 510 infirmatione
629 473 756 504 ac‘tionis
766 474 869 543 agitur.
902 471 1001 509 Hujus
1021 468 1165 499 constitu—

206 525 300 553 tionis
311 526 507 559 Hermagoras
518 520 644 547 inventor
655 513 712 545 effe
722 516 771 544 exi
800 516 909 543 imatur
921 533 929 546 ‚
951 521 1014 541 non
1024 514 1092 552 quia
1102 521 1165 540 non

205 563 249 595 usi
260 564 316 594 sint
325 575 357 594 ea
367 555 478 593 vete-”res
489 569 618 591 oratores
631 559 704 598 saepe
715 557 804 586 multi
815 576 824 590 ‚
855 554 903 585 sed
914 555 981 595 quia
991 563 1055 584 non
1066 555 1166 599 anim-

205 606 387 636 adverterint
405 608 418 624 ²
429 606 496 633 artis
515 602 669 641 scriptores
679 608 745 629 eam
758 598 934 637 superiores,
947 605 1002 625 nec
1011 595 1167 625 retulerint

205 650 240 679 in
250 656 412 677 numerum
422 644 685 675 constitutionum.
710 638 779 671 Post
788 648 886 669 autem
897 638 1000 668 abhoc
1011 639 1166 666 inventam

207 689 298 719 multi
307 687 560 729 reprehenderunt
569 705 578 719 ‚
600 694 674 725 quos
686 688 750 712 non
760 691 819 711 tam
830 679 1031 720 imprudentia
1039 678 1101 709 falli
1113 688 1168 718 pu·

209 740 305 761 tamus
316 750 324 764 ,
337 734 393 769 (res
404 731 489 759 enirn
498 728 649 768 perspicua
657 724 710 765 est)
720 723 810 765 quam
822 722 934 752 invidia
947 742 954 754 ‚
974 730 1059 762 atque
1071 720 1168 750 obtre-

686 769 722 796 Et
732 764 961 795 constitutiones
970 762 1096 803 quidem
1109 783 1117 795 ,
1139 761 1171 791 &

206 825 308 848 eanum
317 815 422 854 parteis
433 808 782 852 exposuimuszexempla
791 815 891 836 autem
904 806 1044 845 cujusque
1053 805 1169 845 generis

209 865 280 887 tunc
291 854 485 886 commodius
496 850 656 893 exposituri
665 849 804 880 videmur
813 868 821 882 ‚
847 847 918 877 essim
930 849 962 876 in
974 845 1170 887 unumquod-

207 908 265 929 oue
284 907 391 928 eorum
409 903 654 938 argumentorum
674 896 791 931 copiam
811 889 960 919 dabimus.
993 897 1065 917 nam
1084 897 1168 927 argu-

207 930 365 969 mentandi
375 940 449 969 ratio
459 936 621 967 dilucidior
631 936 687 964 erit
698 953 706 967 ,
728 930 799 962 curn
811 932 844 961 δε
854 930 888 960 ad
900 940 993 971 genus
1005 950 1013 962 ‚
1026 929 1059 959 δε
1068 928 1103 958 ad
1115 938 1168 957 ex-

205 981 344 1021 emplum
353 980 443 1011 causae
453 978 551 1009 statim.
562 978 669 1017 poterit
677 972 911 1005 accommodari.
944 970 1165 1001 Constitutione

203 1023 296 1057 causae
307 1031 427 1062 reperta,
439 1020 537 1052 statim
549 1021 642 1059 placet
652 1012 950 1047 confiderai·e,urri‘im
961 1013 1043 1043 causa
1054 1010 1087 1041 sit
1098 1010 1168 1041 sim-

203 1065 278 1105 plex
290 1085 298 1097 ,
320 1067 333 1091 3
345 1062 494 1103 anjun&a
507 1073 511 1091 :
532 1062 565 1091 ὃς
576 1057 706 1100 sijunffl
717 1059 790 1089 erit,
812 1065 912 1086 utrum
932 1053 965 1084 sit
984 1064 1021 1084 ex
1031 1053 1167 1094 pluribus

205 1106 421 1148 quaestionibus
436 1106 448 1145 j
452 1103 539 1134 unfflr
550 1123 558 1136 ,
580 1112 618 1132 an
627 1111 664 1130 ex
674 1101 770 1140 aliqua
780 1098 1010 1138 comparatione.
1040 1095 1167 1136 Simplex

205 1147 249 1179 est
259 1169 268 1182 ,
289 1158 354 1189 qua:
365 1147 528 1178 absolutam
540 1147 573 1174 in
584 1144 612 1174 se
622 1144 757 1172 continet
767 1150 858 1170 unam
868 1138 1066 1180 quaestionem
1080 1158 1088 1169 ,
1109 1139 1167 1166 hoc

205 1190 303 1222 modo
315 1201 320 1218 2
332 1190 495 1219 Corinthiis
506 1187 620 1216 bellum
630 1184 811 1214 indicamus,
824 1192 861 1211 an
872 1190 944 1210 non.
969 1177 1120 1218 eonjunek
1130 1188 1168 1207 ex

204 1232 342 1272 pluribus
350 1228 578 1272 quaestionibus3
589 1229 619 1256 in
630 1236 685 1267 qua
695 1225 778 1264 plum
787 1231 957 1264 quaeruntur
968 1241 975 1254 ‚
997 1222 1054 1251 hoc
1063 1219 1149 1260 pasto
1163 1230 1168 1248 z

207 1272 322 1304 Utrum
333 1274 480 1312 Karthago
491 1271 622 1301 diruatur
632 1289 639 1300 ,
670 1277 707 1297 an
718 1262 1010 1305 Karthaginiensibus
1020 1262 1167 1295 reddatur,

205 1325 244 1345 an
255 1313 293 1345 eb
303 1315 424 1345 colonia
434 1313 600 1344 deducatur.
624 1312 670 1339 Ex
682 1314 885 1349 comparatione
895 1326 903 1339 ,
925 1307 958 1334 in
967 1315 1024 1345 qua
1032 1314 1084 1344 per
1094 1313 1167 1333 con-

206 1358 378 1387 tentionem
389 1376 398 1390 ,
409 1365 511 1386 utrum
520 1355 620 1394 petius
631 1372 639 1385 ‚
648 1360 699 1384 ,aut
708 1349 779 1391 quid
791 1346 977 1388 potiffimum
989 1345 1023 1376 sit
1032 1366 1040 1379 ‚
1061 1347 1168 1393 quaeri-

207 1407 255 1428 tur
266 1418 275 1432 ,
296 1398 331 1429 ad
349 1399 431 1428 hunc
449 1396 577 1427 modum
590 1405 595 1423 2
614 1391 726 1424 Utrum
745 1392 891 1421 exercitus
911 1391 945 1418 in
955 1388 1167 1418 Macedoniam

205 1449 308 1471 contra
316 1441 489 1479 Philippum
501 1439 635 1467 mittatur
645 1455 653 1468 ,
666 1436 717 1475 qui
730 1434 814 1463 sociis
827 1430 858 1462 sit
868 1431 982 1461 auxilio
993 1442 1002 1464 3
1022 1440 1060 1459 an
1069 1439 1168 1459 tenea-

205 1474 255 1512 tur
273 1484 305 1512 in
324 1482 407 1512 Italia
418 1501 426 1514 ‚
455 1490 487 1511 ur
497 1478 587 1520 quarn
599 1486 740 1507 maximae
750 1483 852 1505 contia
862 1472 1065 1503 Hannibalem
1075 1473 1169 1511 copiae

208 1522 276 1554 sint.
300 1523 420 1554 Deinde
431 1519 678 1552 considerandum
689 1517 750 1550 est,
763 1519 795 1546 in
808 1516 924 1547 rarione,
936 1524 973 1544 an
983 1516 1015 1543 in
1021 1514 1124 1554 scripto
1136 1512 1168 1542 sit

207 1564 413 1596 controversia.
436 1574 506 1594 nam
518 1563 615 1603 scripti
626 1556 821 1591 controversia
830 1556 872 1587 est
883 1567 915 1586 ea
925 1577 933 1590 ‚
954 1566 1020 1597 quae
1039 1566 1077 1585 ex
1099 1555 1168 1585 scri—

145 1618 159 1642 1
174 1619 187 1652 3
207 1609 329 1657 ptioni'sx
339 1617 446 1648 genere
465 1605 603 1636 nascitur.
648 1602 719 1642 Ejus
731 1609 832 1631 autem
842 1608 956 1640 genera,
970 1608 1035 1646 quss
1046 1597 1113 1627 sunt
1124 1597 1168 1627 se·
1181 1630 1182 1633 Ἴ

204 1658 303 1690 parata
320 1660 336 1679 a
354 1646 620 1679 constitutionibus
631 1665 639 1678 ‚
660 1646 793 1686 quinque
814 1642 892 1671 sunt.
918 1650 987 1670 nam
998 1649 1071 1669 cum
1081 1638 1170 1669 verba

203 1691 267 1731 ipsa
277 1691 417 1721 videntur
426 1699 496 1720 cum
513 1689 655 1718 sententia
674 1685 821 1725 scriptoris
840 1681 973 1712 diffidere
984 1701 994 1715 ‚
1015 1691 1081 1711 tum
1091 1683 1171 1710 inter

207 1734 236 1764 se
246 1732 311 1763 duae
324 1733 402 1774 leges
415 1753 423 1765 ,
435 1740 484 1761 aut
492 1730 591 1771 plures
602 1728 763 1767 discrepare
773 1747 781 1760 ,
794 1734 857 1755 tum
870 1724 899 1753 id
911 1745 918 1757 ‚
933 1723 1014 1765 quod
1025 1724 1168 1762 scriptum

207 1773 262 1808 cst,
274 1774 356 1808 duas,
368 1783 417 1804 aut
425 1774 537 1813 plureis
546 1781 590 1801 res
602 1768 762 1811 significare
775 1779 780 1797 ;
803 1775 867 1796 tum
878 1775 915 1795 ex
926 1775 962 1795 eo
975 1786 982 1798 ,
1004 1765 1086 1806 quod
1097 1765 1169 1811 scri—

205 1826 293 1857 prum
304 1815 346 1846 est
358 1837 367 1849 ‚
378 1815 459 1846 aliud
469 1823 587 1855 quoque
598 1832 606 1846 ‚
618 1811 699 1853 quod
709 1820 773 1840 non
782 1809 924 1848 scriptum
936 1806 978 1837 est
989 1827 997 1840 ‚
1020 1816 1151 1836 inveniri
1165 1817 1171 1834 ;

206 1868 273 1889 tum
284 1860 329 1887 vis
340 1858 422 1888 verbi
432 1854 510 1898 quasi
520 1857 552 1884 in
562 1853 719 1884 definitiva
728 1849 943 1882 constitutione
954 1869 962 1882 ,
978 1851 1082 1890 inquo
1092 1846 1170 1888 posi-

207 1909 236 1930 ta
247 1898 290 1933 fit,
303 1901 402 1940 quaeri.
430 1901 527 1940 Qare
537 1898 671 1937 primum
682 1904 785 1936 genus,
799 1892 836 1921 de
847 1892 953 1930 scripto
966 1891 998 1920 δε
1009 1891 1170 1920 sententia:

207 1942 374 1973 secundum
386 1961 394 1974 ‚
416 1950 454 1970 ex
474 1940 629 1970 contrariis
648 1936 763 1977 legibus
777 1947 781 1963 ;
811 1935 933 1977 tertium
944 1953 952 1965 ‚
974 1932 1152 1978 ambiguum
1165 1942 1170 1960 ;

207 1992 347 2024 quartum
360 2003 368 2016 ,
380 1983 620 2012 ratiocinativum
632 1989 637 2007 ;
660 1980 813 2018 quintum,
826 1974 1019 2004 definitivum
1029 1983 1172 2020 nomina-

209 2035 289 2054 mus.
313 2025 400 2054 Ratio
411 2032 510 2053 autern
521 2021 574 2054 est,
588 2019 658 2051 curn
670 2020 772 2050 omnis
783 2015 906 2059 quae'stio
918 2025 982 2045 non
993 2018 1025 2045 in
1035 2016 1170 2054 scriptio-

208 2077 260 2100 ne,
272 2066 321 2097 sed
332 2068 366 2097 in
373 2066 472 2106 aliqua
481 2064 737 2104 argumentatione
747 2057 885 2090 consistit.
910 2061 949 2087 At
959 2066 1024 2087 tum
1035 2055 1170 2086 conside-

208 2116 273 2138 rato
283 2117 391 2149 genere
400 2107 502 2139 causae,
516 2106 548 2135 &
558 2106 676 2145 cognita
685 2101 899 2133 constitutione
910 2120 917 2132 ,
933 2109 1015 2131 cum,
1029 2097 1172 2138 simplex-

207 2160 248 2180 ne
261 2170 269 2182 ,
282 2160 319 2179 an
328 2148 491 2185 coniun&a
499 2145 533 2176 sit
543 2166 551 2178 ,
568 2145 761 2176 intellexeris,
774 2143 806 2171 δε
817 2143 926 2180 scripti,
938 2150 976 2169 an
985 2142 1108 2170 rationis
1120 2140 1171 2168 ha-

207 2192 276 2222 beat
285 2186 526 2221 controversiam,
538 2187 647 2217 videris
661 2196 665 2214 :
686 2185 824 2223 deinceps
834 2185 889 2226 crit
902 2181 1069 2211 videndum
1082 2201 1090 2214 ,
1105 2191 1169 2221 quae

208 2232 343 2274 quaestim
355 2242 420 2272 quae
430 2232 513 2263 ratio,
524 2239 588 2270 quae
597 2227 741 2268 judicatio
753 2246 761 2260 ‚
773 2223 854 2266 quod
865 2224 1091 2267 lirmamentum
1101 2233 1170 2252 eau-

210 2278 246 2306 ste
259 2273 292 2304 sit
304 2285 309 2303 :
328 2284 393 2315 quae
414 2274 519 2303 omnia
536 2276 551 2301 a
571 2268 785 2300 constitutione
805 2264 1030 2306 proficiscantur
1040 2272 1167 2303 oportet.

212 2315 334 2358 Qaestio
345 2315 387 2345 est
396 2325 428 2344 ea
441 2335 448 2347 ,
461 2324 525 2355 quae
536 2322 574 2342 ex
585 2309 782 2342 conflidhone
791 2307 943 2338 causarum
954 2307 1085 2345 gignitur
1094 2315 1169 2335 con—

210 2356 356 2391 troversia,
370 2357 428 2386 hoc
439 2355 531 2386 modo
544 2365 549 2383 2
561 2356 636 2384 Non
645 2354 710 2393 jure
719 2349 817 2381 fecisti
829 2360 834 2378 z
847 2349 908 2387 jure
919 2346 985 2376 feci.
1010 2347 1167 2376 Causarum

208 2409 308 2431 autem
321 2400 383 2429 haec
393 2397 436 2428 est
446 2395 606 2427 conflictio
619 2416 626 2428 ,
648 2396 681 2424 in
691 2404 748 2434 qua
757 2390 932 2422 constitutio
943 2387 1066 2435 constit.
1079 2398 1128 2434 *ex
1137 2399 1170 2418 ea

211 2445 300 2483 igritur
317 2441 445 2471 nascitur
463 2435 660 2469 controversia
671 2457 678 2469 ,
699 2444 789 2476 quam
807 2430 1005 2474 quaestionem
1025 2429 1166 2476 elicimus,

209 2471 270 2515 h'oc
282 2483 376 2512 modo
388 2493 392 2510 :
411 2482 521 2523 Jurene
532 2479 643 2509 fecerit.
667 2479 757 2508 Ratio
769 2474 810 2506 est
820 2486 852 2505 ea
861 2494 869 2507 .
882 2482 947 2513 quae
957 2475 1091 2518 continet
1101 2482 1169 2517 cau-

213 2527 286 2558 sam,
302 2534 366 2565 quae
377 2522 397 2553 si
407 2523 517 2553 sublate.
525 2520 567 2555 sit²
580 2520 658 2550 nihil
669 2522 700 2549 in
711 2518 795 2548 causa
803 2512 1009 2547 contrOVffi‘fiae
1019 2513 1168 2553 relinque-

214 2576 279 2600 tur,
301 2568 357 2595 hoc
376 2564 487 2597 mod0‚
516 2573 548 2593 ut
557 2560 780 2593 docendicausa
790 2561 823 2589 in
834 2557 935 2589 facili,
957 2555 1168 2595 &pervulgato
1190 2587 1192 2592 Ι

213 2608 357 2648 exemplo
367 2605 557 2636 consistamus
570 2615 575 2633 ⁴.
597 2602 711 2634 Orestes
723 2601 743 2631 si
753 2601 902 2631 accusetur
913 2596 1073 2644 matricidii
1085 2617 1093 2629 ,
1114 2594 1169 2625 nisi

210 2652 271 2680 ,hoc
282 2649 368 2680 dicat,
379 2649 448 2689 Jure
459 2647 529 2680 feci,
539 2647 589 2675 illa
599 2648 682 2675 enim
693 2652 804 2684 patrem
817 2650 921 2671 meum
932 2638 1078 2669 occiderat
1090 2648 1094 2666 :
1106 2647 1169 2667 non

213 2692 301 2722 hibet
311 2688 524 2720 defensionem.
548 2698 604 2728 qua
614 2687 723 2717 sublata
736 2706 743 2718 ‚
756 2686 858 2714 omnis
868 2691 987 2723 quoque
997 2689 1169 2710 controver-

214 2729 251 2763 sis.
263 2732 373 2763 sublata
382 2729 423 2760 sit.
438 2733 515 2771 Ergo
524 2731 587 2765 ejus
597 2729 686 2759 causae
699 2729 772 2757 ratio
784 2725 843 2759 est3
854 2722 936 2765 quod
948 2723 997 2752 illa
1007 2724 1169 2762 Agamem-

212 2771 328 2806 nonem
348 2772 497 2803 occiderit.
528 2771 676 2810 Judicatia
686 2767 747 2802 est,
769 2778 833 2809 quae
844 2777 881 2797 ex
891 2763 1093 2794 infirmatione
1106 2783 1114 2795 ,
1137 2762 1169 2792 &

212 2815 443 2847 confirmatione
453 2815 574 2842 rationis
586 2813 712 2842 nascitur
721 2805 927 2840 controversia.
946 2816 1017 2836 nam
1028 2804 1060 2839 sit
1070 2815 1102 2835 ea
1113 2814 1170 2852 iio-

213 2858 261 2888 bis
273 2855 402 2898 exposita
412 2857 589 2895 ratio,quam
600 2853 699 2893 paullo
709 2852 776 2882 ante
787 2850 992 2891 exposuimus.
1007 2848 1061 2876 Illa
1070 2856 1167 2881 enim,

212 2901 320 2941 inquit,
332 2907 444 2939 patrem
457 2896 613 2926 occiderat.
638 2898 676 2925 At
687 2903 759 2927 non,
772 2894 870 2933 inquit
879 2890 1069 2923 adversarius,
1080 2888 1129 2918 abs
1142 2897 1169 2920 te

1216 134 1749 182 C1cenouts

1207 215 1272 247 filio
1293 224 1418 248 matrem
1440 217 1537 248 necari
1557 217 1699 257 oportuit.
1723 215 1822 258 potuit
1834 214 1916 248 enirn
1927 215 1988 246 fine
1998 222 2050 247 tuo
2060 215 2168 247 scelere

1206 259 1287 290 illius
1296 258 1410 290 factum
1421 260 1531 299 puniri.
1566 261 1611 288 Ex
1623 260 1675 288 hac
1686 258 1868 289 deductione
1878 260 2012 292 rationis,
2024 258 2074 288 illa
2084 258 2167 288 sum-

1208 311 1257 332 ma
1268 301 1395 331 nascitur
1404 298 1601 331 controversia
1613 321 1621 334 ,
1644 311 1734 342 quam
1744 300 1961 341 judicationem
1973 300 2166 340 appellamus.

1206 353 1240 373 ea
1249 342 1291 373 est
1302 342 1477 383 hujusmodi
1490 354 1495 371 2
1519 341 1691 372 Refiiumne
1703 342 1811 376 fuerit,
1822 342 1857 372 ab
1868 341 1968 372 Oreste
1980 351 2106 372 matrem
2119 351 2172 372 oc-

1206 384 1276 418 cidi,
1288 384 1360 414 cum
1372 385 1423 414 illa
1434 383 1544 415 Orestis
1553 393 1664 424 patrem
1675 383 1835 414 occidisset.
1864 386 2116 417 Firmamentum,
2128 381 2171 413 est

1207 424 1372 457 firmiffima
1389 428 1605 468 argumentatio
1616 425 1779 456 defensoris
1791 446 1799 460 ,
1817 430 1834 452 4
1846 426 1876 456 &
1888 424 2031 466 aptiffima
2040 426 2075 456 ad
2089 425 2168 463 iudi,-

1202 471 1353 498 cationcm
1367 479 1372 497 :
1392 477 1425 498 ut
1435 466 1454 497 si
1463 468 1537 497 velit
1546 467 1662 497 Orestes
1672 468 1779 501 dicere,
1791 467 1938 505 ejusmodi
1950 470 2089 497 animum
2102 476 2166 497 ma-

1205 512 1255 540 tris
1266 510 1323 540 suae
1333 508 1419 539 fuifl'e
1428 512 1460 539 in
1470 518 1582 549 patrem
1593 510 1679 539 suum
1691 530 1699 543 ,
1721 511 1753 539 in
1763 509 1891 548 seipsum
1904 529 1911 542 ‚
1932 518 1964 539 ac
1975 509 2088 539 sorores
2099 529 2108 542 ,
2127 510 2162 539 in

1203 562 1341 593 regnum,
1355 553 1387 580 in
1396 550 1508 581 famam
1517 553 1645 591 generis,
1658 551 1690 580 &
1700 550 1869 584 familiaeuic
1877 551 1913 580 ab
1923 561 1955 580 ea
1965 560 2067 590 poenas
2078 550 2167 580 liberi

1204 594 1247 623 sui
1258 591 1443 633 potissimum
1455 602 1551 632 petere
1562 592 1728 622 debuerint.
1752 595 1790 622 Et
1801 595 1833 622 in
1845 594 1947 623 ceteris
1958 593 2081 633 quidem
2093 601 2167 623 con-

1205 634 1410 665 stsstutionibus
1421 635 1456 664 :id
1470 636 1550 664 hunc
1561 634 1690 664 modum
1699 634 1899 673 judicationes
1909 636 2096 674 reperiuntur
2107 644 2112 663 :
2133 635 2167 663 in

1205 676 1399 713 conjecturali
1410 686 1510 706 autem
1521 675 1819 717 constitutione,quia
1830 678 1903 706 ratio
1914 686 1977 706 non
1989 675 2031 706 est
2041 675 2169 715 (faCtum

1205 721 1290 749 enim
1310 729 1374 749 non
1394 718 1578 759 conceditur)
1598 728 1661 747 non
1680 719 1777 758 potest
1796 727 1834 747 ex
1852 717 2035 748 dedustione
2045 719 2170 747 rationis

1208 761 1285 791 nasci
1299 761 1450 796 judicatio.
1462 763 1559 801 Qare
1573 758 1688 790 neceffe
1700 758 1742 789 est
1750 759 1878 790 eandem
1890 757 1947 789 esse
1979 758 2168 793 uaestionem,

1208 802 1469 842 &judicationem
1484 813 1489 830 :
1511 810 1543 831 ut
1551 800 1666 831 facturn
1676 801 1729 835 est,
1743 801 1856 831 factum
1868 811 1931 831 non
1942 802 1971 831 es
1996 812 2000 830 :
2013 800 2168 831 fadumne

1205 842 1247 874 sit.
1282 847 1364 884 Qot
1381 852 1481 874 autem
1501 845 1533 872 in
1544 844 1627 873 causa
1635 843 1865 874 constitutiones
1877 864 1884 877 ,
1906 851 2065 873 aurearum
2076 851 2171 882 partes

1207 895 1301 918 erunt,
1317 886 1446 915 totidem
1457 883 1570 914 neccsse
1580 895 1635 914 erit
1646 885 1836 925 quaestiones,
1849 887 1976 915 rationes
1988 905 1995 918 ,
2009 884 2171 924 judicatio-

1205 937 1256 957 nes
1271 947 1279 960 ,
1302 925 1491 956 firmamenta
1509 928 1638 966 reperiri.
1662 930 1719 957 His
1738 927 1882 957 omnibus
1900 928 1932 956 in
1944 927 2028 957 causa
2038 927 2170 966 repertis,

1207 978 1277 998 tunc
1289 968 1418 1010 denique
1429 967 1548 1008 singulae
1556 977 1651 1008 partes
1662 971 1752 999 totius
1762 965 1854 999 causae
1864 967 2082 999 considerandae
2092 969 2173 998 sunt„

1207 1020 1278 1040 narn
1290 1020 1353 1040 non
1364 1020 1396 1040 ut
1406 1011 1540 1051 quidque
1550 1011 1713 1041 dicendum
1725 1013 1916 1051 pi·imum‚ita
1924 1013 2060 1051 primum
2070 1012 2172 1039 anirn-

1208 1052 1423 1082 advertendum
1433 1051 1552 1082 videtur
1564 1062 1569 1081 2
1588 1051 1658 1082 ideo
1669 1051 1750 1094 quod
1761 1053 1821 1086 illa,
1834 1063 1899 1093 quae
1912 1055 2008 1093 prima
2017 1052 2170 1085 dicuntur.

1209 1092 1229 1123 si
1239 1095 1434 1124 vehementer
1443 1094 1518 1124 velis
1528 1104 1692 1136 congruere
1705 1115 1712 1128 ,
1725 1095 1758 1124 &
1769 1096 1916 1125 cohaerere
1927 1105 1996 1124 cum
2009 1094 2092 1124 causa
2104 1114 2112 1127 ,
2134 1103 2172 1123 ex

1208 1137 1250 1165 eis
1261 1135 1350 1166 ducas
1362 1144 1479 1176 oportet
1493 1156 1501 1168 ,
1513 1146 1577 1176 quae
1586 1135 1652 1175 post
1662 1136 1788 1166 dicenda
1797 1137 1876 1166 sunt.
1901 1139 1996 1177 Qare
2007 1135 2079 1166 cum
2089 1135 2172 1175 judi-

1210 1179 1286 1207 catio
1298 1197 1306 1211 ,
1328 1178 1361 1207 &
1380 1188 1413 1207 ea
1424 1197 1431 1211 ‚
1452 1187 1518 1217 quae
1536 1177 1571 1206 ad
1586 1178 1807 1217 judicationem
1818 1186 1934 1218 opoitet
1945 1179 2075 1208 inveniri
2087 1187 2172 1217 argu-

1208 1227 1320 1251 menta,
1333 1219 1385 1249 dili
1389 1228 1493 1258 genter
1501 1227 1589 1248 erunt
1600 1217 1727 1249 artificio
1737 1228 1859 1259 reperta,
1871 1229 1938 1249 cum
1948 1219 1980 1249 <Sc
1990 1221 2170 1260 cogitatione

1209 1260 1379 1301 permistam
1390 1271 1394 1289 :
1415 1269 1480 1290 tum
1492 1260 1621 1301 denique
1631 1260 1804 1291 ordinandae
1815 1262 1881 1291 sunt
1889 1270 1993 1292 ceterae
2003 1269 2095 1301 partes
2106 1270 2171 1291 ora-

1210 1312 1310 1333 tionis.
1344 1305 1400 1332 Hae
1418 1310 1511 1342 partes
1530 1302 1580 1332 sex
1594 1300 1651 1332 effe
1662 1304 1794 1332 omnino
1804 1303 1893 1333 nobis
1904 1302 2060 1333 videntur:
2081 1312 2172 1332 exor-

1208 1344 1306 1377 dium,
1319 1346 1457 1377 nariatio,
1468 1345 1598 1384 partitio,
1611 1343 1813 1378 confirmatio,
1826 1343 2011 1385 reprehensio
2026 1366 2034 1378 ,
2045 1345 2172 1375 conclu-

1208 1385 1257 1416 fio.
1291 1389 1384 1416 Nunc
1401 1388 1547 1427 quoniam
1569 1386 1729 1416 exordium
1749 1388 1884 1427 princeps
1895 1389 2038 1416 omnium
2050 1385 2107 1416 efl'e
2118 1386 2172 1416 de-

1207 1428 1275 1462 bet,
1296 1438 1353 1458 nos
1370 1438 1490 1469 quoque
1507 1426 1643 1467 primum
1664 1430 1697 1458 in
1714 1431 1828 1458 ratione
1839 1428 2018 1459 exordiendi
2028 1437 2172 1468 praecepta

1207 1470 1356 1500 dabimus.
1402 1473 1591 1500 Exortmuivr
1603 1490 1611 1504 ‚
1632 1469 1676 1500 est
1693 1472 1788 1500 oratio
1800 1473 1938 1500 animum
1950 1470 2092 1500 auditoris
2103 1470 2171 1500 ido-

1208 1514 1266 1542 nee
1284 1522 1458 1552 comparans
1477 1511 1512 1541 ad
1532 1513 1677 1553 reliquam
1690 1511 1856 1542 diffionem
1869 1523 1874 1541 :
1895 1512 1977 1553 quod
1987 1513 2107 1542 eveniet
2116 1532 2124 1546 ,
2148 1510 2170 1542 fi

1208 1564 1280 1584 eum
1299 1554 1482 1584 benevolum
1493 1573 1501 1587 ‚
1522 1562 1669 1584 attentum
1681 1574 1690 1587 ,
1712 1553 1843 1584 docilem
1863 1553 1978 1584 fecerit.
2011 1564 2097 1595 quare
2116 1555 2170 1595 qui

1208 1595 1284 1626 bene
1295 1595 1426 1626 exordiri
1438 1595 1553 1625 causam
1564 1596 1657 1629 volet,
1669 1605 1740 1626 eum
1751 1594 1867 1626 necesse
1877 1595 1920 1626 est
1928 1605 2023 1637 genus
2034 1595 2091 1626 suae
2102 1605 2173 1625 cau-

1209 1638 1244 1668 sae
1274 1638 1433 1679 diligenter
1458 1636 1527 1667 ante
1556 1638 1742 1678 cognoscere.
1780 1639 1897 1668 Genera
1924 1638 2075 1668 causarum
2104 1637 2173 1668 sunt

1209 1681 1342 1721 quinque
1353 1700 1361 1714 ,
1388 1678 1549 1709 honestum
1561 1699 1570 1713 ‚
1592 1679 1766 1710 admirabile
1779 1700 1787 1712 ,
1812 1680 1927 1709 humile
1940 1700 1949 1713 ,
1970 1689 2074 1719 anceps
2085 1699 2094 1713 ,
2115 1679 2172 1709 ob-

1210 1723 1341 1752 scurum.
1373 1719 1522 1757 Honestum
1539 1722 1630 1751 causae
1641 1731 1733 1762 genus
1743 1721 1785 1751 est
1795 1742 1803 1755 ‚
1824 1724 1871 1751 cui
1882 1720 1980 1751 statim
1992 1719 2051 1752 sine
2062 1722 2173 1751 oratio-

1209 1773 1247 1793 ne
1258 1762 1357 1793 nostra
1366 1763 1507 1793 auditoris
1518 1761 1596 1793 favet
1604 1765 1734 1793 animus.
1757 1761 1954 1796 Admirabile,
1964 1762 1979 1792 a
1990 1772 2051 1803 quo
2061 1763 2173 1793 aliena-

1211 1814 1256 1835 tus
1266 1804 1310 1834 est
1319 1807 1437 1834 animus
1448 1813 1567 1837 eorum,
1579 1806 1631 1845 qui
1641 1804 1771 1834 audituri
1781 1805 1860 1835 sunt.
1884 1804 2010 1838 Humile,
2023 1804 2104 1845 quod
2115 1814 2172 1834 ne-

1209 1848 1330 1888 gligitur
1338 1847 1373 1876 ab
1382 1846 1515 1876 auditore
1526 1866 1534 1880 ‚
1559 1846 1592 1876 &
1610 1856 1674 1876 non
1693 1856 1872 1888 magnopere
1889 1846 2105 1876 attendendum
2125 1848 2173 1876 vi-

1211 1890 1305 1919 detur.
1328 1890 1444 1930 Anceps
1455 1908 1463 1921 ‚
1475 1889 1508 1917 in
1517 1897 1577 1928 quo
1589 1897 1638 1917 aut
1644 1887 1789 1928 judicatio
1800 1888 1890 1918 dubia
1900 1887 1959 1918 est:
1971 1896 2021 1918 aut
2030 1888 2123 1921 causa,
2136 1888 2169 1919 &

1210 1929 1373 1960 honestatis
1384 1950 1392 1963 ‚
1416 1930 1448 1959 &
1459 1928 1652 1969 turpitudinis
1662 1931 1818 1970 particeps:
1843 1939 1876 1960 ut
1889 1930 1920 1960 Sc
1931 1930 2171 1959 benivolentiam

1209 1974 1301 2013 pariat
1310 1992 1318 2005 ‚
1331 1972 1364 2001 δε
1373 1969 1584 2001 offenfionem.
1615 1970 1768 2011 Obsi-nrum
1779 1992 1787 2005 ‚
1800 1974 1830 2001 in
1841 1981 1902 2012 quo
1912 1980 1962 2001 aut
1971 1971 2043 2001 tardi
2053 1971 2171 2001 audito-

1211 2024 1257 2044 res
1269 2014 1346 2047 sunt‚
1360 2022 1409 2042 aut
1418 2012 1640 2042 difficilioribus
1650 2013 1685 2042 ad
1697 2013 1941 2054 cognoscendum
1952 2015 2079 2054 negotiis
2089 2013 2172 2043 causa

1213 2057 1360 2095 implicita
1369 2054 1419 2084 est.
1453 2057 1548 2094 Qare
1559 2057 1705 2095 quoniam
1716 2064 1776 2084 tam
1787 2054 1900 2085 diversa
1909 2055 1977 2084 sunt
1985 2064 2092 2095 genera
2101 2064 2171 2084 cau-

1211 2099 1319 2131 sarum,
1332 2096 1463 2127 exordiri
1473 2106 1592 2136 quoque
1603 2096 1708 2135 dispari
1718 2098 1833 2125 ratione
1843 2098 1875 2125 in
1885 2105 2069 2136 unoquoque
2079 2106 2170 2136 gene-

1212 2149 1241 2169 re
1253 2137 1367 2169 necess'e
1379 2136 1429 2167 est.
1452 2140 1546 2178 Igitur
1556 2138 1716 2167 exordium
1727 2139 1760 2166 in
1770 2137 1840 2167 duas
1850 2139 1956 2177 parteis
1967 2137 2122 2171 dividitur,
2136 2139 2169 2168 in
2183 2146 2185 2148 ·

1209 2182 1391 2221 principium
1403 2199 1410 2212 ,
1424 2178 1456 2208 δε
1467 2176 1711 2208 insinuationem.
1744 2179 1917 2220 Principium
1930 2199 1938 2212 ,
1951 2179 1993 2209 est
2003 2180 2097 2209 oratio
2106 2189 2172 2219 per-

1206 2224 1309 2262 spicue
1320 2242 1328 2255 ‚
1350 2221 1528 2260 &protinus
1539 2219 1694 2259 perficiens
1713 2220 1882 2250 auditorem
1903 2220 2082 2251 benivolum
2093 2241 2102 2255 ‚
2122 2229 2173 2252 aut

1211 2264 1341 2294 docilem
1353 2283 1362 2296 ,
1373 2271 1422 2292 aut
1431 2270 1589 2291 attentum.
1618 2261 1773 2302 Infimuirio
1785 2283 1793 2295 ,
1816 2262 1859 2292 est
1869 2264 1963 2292 oratio
1973 2263 2099 2304 quadam
2110 2262 2170 2294 dis-

1211 2305 1400 2336 simulatione
1411 2323 1419 2337 ,
1442 2304 1474 2333 δε
1485 2305 1661 2333 circuitione
1681 2303 1805 2333 obscure
1821 2304 1940 2334 subiens
1951 2305 2094 2335 auditoris
2103 2307 2171 2335 ani-

1211 2356 1307 2377 mum.
1340 2348 1376 2375 In
1386 2344 1554 2375 admirabili
1563 2355 1668 2385 genere
1678 2346 1769 2375 causae
1780 2365 1787 2379 ,
1809 2343 1829 2374 sl
1841 2355 1905 2375 non
1915 2349 2045 2376 omnino
2067 2346 2168 2378 infesti

1209 2389 1357 2419 auditores
1377 2395 1480 2418 erunt,
1501 2388 1650 2426 principio
1670 2387 1907 2417 benivolentiam
1919 2398 2088 2428 comparare
2097 2389 2169 2420 lice-

1209 2432 1260 2462 bit.
1284 2428 1326 2459 sin
1338 2437 1424 2459 erunt
1431 2429 1627 2458 vehementer
1636 2428 1802 2461 abalienati,
1816 2428 1976 2470 confugere
1987 2428 2101 2460 necesse
2112 2432 2168 2461 erit

1208 2473 1244 2504 ad
1256 2470 1498 2502 insinuationem.
1521 2479 1592 2499 nam
1606 2480 1647 2499 ΑΒ
1665 2480 1780 2500 mia-ris
1793 2469 1812 2499 si
1821 2471 1973 2511 perspicue
1984 2481 2041 2512 pax
2052 2492 2060 2505 ‚
2073 2472 2106 2502 δε
2116 2472 2170 2502 be-

1210 2514 1375 2545 nivolentia
1384 2513 1492 2552 petitur
1502 2523 1510 2545 ῃ
1531 2521 1593 2541 non
1604 2510 1698 2541 modo
1709 2523 1741 2542 ea
1750 2522 1815 2541 non
1826 2514 1980 2543 invenitur
1991 2534 1999 2547 ‚
2021 2513 2069 2543 sed
2081 2524 2169 2556 auge-

1211 2566 1258 2587 tur
1268 2576 1275 2589 ,
1297 2564 1381 2594 atque
1400 2552 1604 2583 inflammatur
1622 2553 1738 2583 odium.
1771 2557 1808 2583 In
1819 2555 1930 2583 humili
1943 2564 2042 2585 autem
2061 2565 2169 2597 genere

1211 2598 1302 2628 causae
1312 2617 1319 2630 ,
1335 2597 1551 2626 contemtionis
1563 2595 1704 2626 tollendae
1714 2596 1796 2626 causa
1805 2615 1814 2628 ‚
1829 2594 1942 2626 neccsse
1954 2598 2010 2626 erit
2019 2605 2166 2627 attentum

1210 2638 1326 2671 efficere
1338 2637 1513 2668 auditorem.
1538 2639 1655 2676 Anceps
1665 2647 1758 2678 genus
1768 2637 1858 2667 causat
1870 2657 1878 2670 ‚
1889 2635 1909 2666 si
1919 2637 2165 2678 dubiamjudica-

1209 2684 1326 2712 tionem
1337 2679 1473 2712 habebit,
1494 2678 1529 2708 ab
1539 2679 1599 2718 ipsa
1614 2680 1797 2718 judicatione
1815 2679 2035 2709 exordiendum
2048 2679 2098 2709 est.
2122 2679 2166 2711 sin

1209 2733 1307 2754 autem
1325 2730 1436 2762 partem
1457 2720 1646 2759 turpitudinis
1657 2741 1664 2754 ,
1686 2721 1718 2751 &
1728 2730 1841 2760 partem
1851 2719 2011 2750 honestatis
2023 2721 2145 2752 habebit
2154 2741 2164 2756 ,

1208 2766 1445 2795 benivolentiam
1467 2771 1578 2802 captare
1597 2763 1747 2802 oportebit
1758 2783 1767 2795 ,
1787 2771 1820 2792 ut
1838 2763 1870 2791 in
1889 2772 1982 2803 genus
2003 2762 2166 2793 honesturn

1207 2807 1290 2837 causa
1310 2804 1440 2835 transsata
1460 2805 1603 2833 videatur.
1636 2803 1714 2833 Cum
1727 2812 1827 2834 autem
1839 2805 1893 2833 erit
1904 2803 2063 2833 honestum
2075 2805 2167 2834 causae

1207 2858 1300 2890 genus
1311 2868 1319 2881 ,
1331 2847 1378 2877 vel
1388 2847 1526 2886 praeteriri
1536 2848 1720 2885 principium
1731 2847 1848 2885 poterit,
1860 2846 1919 2879 vel,
1931 2844 1951 2874 fi
1962 2846 2165 2876 commodum

1203 2892 1295 2921 fuerit
1303 2910 1311 2924 ,
1325 2897 1373 2919 aut
1382 2900 1397 2918 a
1408 2889 1573 2918 narratione
1585 2889 1777 2928 incipiemus,
1789 2895 1837 2917 aut
1847 2886 1862 2916 a
1872 2887 1936 2927 lege
1947 2907 1955 2920 ‚
1968 2896 2016 2916 aut
2024 2886 2060 2917 ab
2070 2888 2167 2928 aliqua

2191 262 2235 295 14

2193 1482 2234 1513 15

2058 2927 2166 2960 firmis·
2200 2952 2205 2956 .

252 3042 275 3060 ῐ.
296 3032 493 3066 Ai'iquodsaffwn
504 3031 589 3054 rcfliim
600 3035 643 3053 aut
653 3031 708 3053 utile
718 3027 888 3060 contendum-J
901 3025 957 3052 Pal.
969 3024 1018 3050 see.
1029 3023 1124 3058 aliquo-1
1133 3033 1170 3048 re·
1213 3022 1253 3048 rio
1264 3032 1270 3048 ι
1283 3025 1353 3048 certe
1366 3021 1381 3048 si
1392 3022 1473 3048 abflnt
1486 3041 1494 3052 ,
1506 3021 1568 3047 nihil
1582 3021 1715 3048 sententiae
1724 3021 1851 3048 defuerit.

213 3071 275 3094 {lum
285 3075 326 3093 ani
337 3070 393 3093 utile
404 3067 541 3091 concedam,
555 3064 630 3091 Fabi:
643 3074 692 3089 cum
703 3064 797 3097 aliquod
807 3064 879 3087 alii-ul
885 3064 976 3093 saelum
987 3062 1084 3085 reflant.
1104 3058 1169 3085 liber

1249 3066 1274 3092 3.
1294 3058 1454 3098 2A71ji1m‘7a:
1473 3058 1640 3099 &‘'fiif¹'fflf¹{·]
1658 3061 1697 3085 lta
1707 3066 1763 3085 erat
1773 3059 1799 3084 in
1812 3057 1878 3084 l'all.
1888 3055 2009 3083 omnibus
2023 3074 2030 3087 ,
2040 3055 2068 3080 δί
2080 3055 2164 3081 Grev.

213 3104 331 3132 Tosaizus
344 3123 351 3134 ,
364 3113 412 3129 cum
423 3104 523 3135 afim-1155
534 3101 722 3135 ali-quodfat‘t'um
734 3101 831 3129 rebium,
841 3098 891 3128 εἶχε.
912 3096 983 3133 quod
993 3094 1169 3132 ampleisteba-
1213 3094 1319 3128 vulgata
1329 3093 1398 3120 'euim
1409 3104 1441 3119 an
1452 3095 1572 3125 conjuni‘la
1584 3113 1587 3117 .
1597 3096 1652 3128 <5¹st
1660 3096 1791 3126 tmsuasr'a.

213 3148 258 3167 tur
270 3139 441 3167 Gulielmius.

257 3185 271 3208 ι
284 3199 288 3204 .
301 3177 382 3205 <stim
383 3178 509 3209 scriptores
518 3171 730 3207 camficpcriores]
750 3168 880 3198 videntur
891 3168 940 3195 csle
949 3168 981 3195 ab
991 3167 1080 3204 aliquo
1091 3166 1171 3194 libra·
1211 3165 1268 3202 cipe
1281 3185 1290 3199 ,
1301 3167 1457 3200 appffi·iffimii
1469 3184 1477 3197 ,
1489 3174 1540 3192 uon
1552 3165 1630 3192 male.

1246 3137 1275 3161 4.
1295 3133 1327 3155 Et
1337 3131 1451 3162 aptiffima
1461 3130 1494 3154 ad
1502 3130 1698 3164 judii-ationem]
1718 3131 1773 3157 Pal.
1785 3128 1834 3157 stc.
1845 3129 1872 3156 &
1883 3129 1966 3156 Grev.
1978 3128 1992 3155 a
2003 3136 2080 3154 manu
2091 3125 2165 3164 prin-

2093 3197 2168 3223 :Ain
