2360 3400
142 1226 194 1258 44

535 128 793 175 Epis-r.
853 142 938 173 AD
999 114 1623 186 ATT1CUM3IL113.
1684 110 1833 176 ΧῘΙἸ.

213 213 364 246 &tamen
385 220 424 244 ne
444 210 588 242 viaticum
609 209 742 251 quidem.
765 209 902 240 hocloco
911 218 966 253 ego
977 206 1064 239 sumfi
1078 207 1168 257 quid:

215 257 284 287 dam
293 256 329 286 de
341 264 390 286 tua
398 254 578 295 eloquentia.
604 262 674 282 nam
690 253 777 282 tacui.
795 251 885 282 atille
896 261 901 280 z
912 250 961 281 sed
972 260 1022 280 me
1031 259 1167 280 maxime

211 299 295 338 angit
312 296 488 327 avunculus.
508 294 653 335 quidnam
669 294 680 321 ?
696 296 829 334 inquam.
846 291 928 334 quod
944 293 1038 324 mihi,
1056 292 1167 332 inquit,

212 340 304 369 iratus
314 336 365 368 est.
395 347 448 368 cur
464 344 567 378 patera
586 339 597 365 ?
630 339 763 377 inquam.
794 335 878 365 malo
897 335 982 364 enim
998 336 1039 363 ita
1057 332 1167 379 dicere,

211 380 304 422 quam
325 389 378 410 cur
394 380 564 409 committis
598 387 660 407 nor.
679 379 790 417 patiar,
811 378 920 417 inquit.
943 375 1060 405 causam
1083 383 1168 404 enim

212 422 329 452 tollam.
349 421 382 451 &
400 430 455 461 ego
467 440 475 453 ,
496 418 654 449 reetiffime
674 418 809 460 quidem.
833 417 882 448 sed
911 415 930 446 fi
943 426 1028 458 grave
1039 425 1104 445 non
1115 413 1167 448 est,

212 463 308 494 velim
326 462 398 493 scire
406 461 477 503 quid
490 460 523 492 fit
532 462 632 492 causae.
656 463 734 502 quia,
745 460 820 490 dum
829 459 1000 490 dubitabam
1011 466 1100 498 quam
1111 456 1168 486 du·

210 514 309 535 cerem
321 524 330 538 ,
352 514 414 534 non
425 503 635 534 satisfaciebam
646 503 731 533 matri
743 522 753 536 ‚
771 504 850 531 itane
871 500 1062 545 illiquidem.
1085 507 1168 545 nunc

211 546 291 576 nihil
311 547 388 576 mihi
409 547 482 576 tanti
507 544 558 576 est.
581 545 687 575 faciam
697 543 779 585 quod
789 543 906 574 volunt.
923 541 1048 581 felicit-er
1057 540 1165 588 velim,

205 590 346 628 anquam,
362 596 448 628 teque
458 587 559 617 lando.
584 586 631 617 sed
645 585 765 627 quando
776 587 786 612 ?
797 584 874 614 nihil
888 583 924 613 ad
935 593 995 616 me,
1008 584 1117 623 inquit,
1128 581 1165 611 de

209 637 347 670 tempore
359 649 367 664 ,
387 631 532 670 quoniam
551 638 615 659 rem
625 628 730 669 probo.
752 636 779 657 at
789 636 844 667 ego
860 645 869 659 ‚
888 627 1012 665 inquam
1026 644 1035 657 ‚
1059 623 1167 670 censeo

208 673 292 711 prius
304 692 312 705 ,
331 670 420 713 quam
431 669 632 711 proficiscaris.
652 678 689 699 ita
697 670 770 709 patri
779 677 900 708 quoque
910 675 1027 697 morem
1038 663 1168 706 gesseris.

208 713 315 744 faciam
328 733 336 747 ‚
360 715 461 754 inquit
472 733 481 745 ,
503 722 534 742 ut
555 712 667 742 censes.
692 712 739 741 hic
749 710 884 748 dialogus
895 707 931 738 fic
944 708 1101 738 conclusus
1112 705 1165 754 esi:-

208 755 267 785 Sed
286 756 358 785 heus
376 763 407 784 tu
417 774 426 788 ‚
455 754 536 784 diem
548 762 652 783 meum
663 753 716 782 scis
729 750 786 781 effe
803 761 813 780 1
823 761 834 780 1
844 760 868 780 1.
881 752 968 780 Non.
996 750 1059 786 Ian.
1070 747 1165 778 aderis

208 798 308 838 igitur.
333 796 580 835 Scripseramjam
599 805 604 823 :
617 804 684 824 ecce
699 793 766 826 tibi,
776 801 839 821 orat
851 790 983 830 Lepidus
994 791 1164 836 utveniam.

209 841 320 879 opinor
336 841 469 878 Augures
487 837 532 866 nil
548 835 652 865 habere
671 834 706 864 ad
720 833 870 873 templum
884 836 895 851 ¹
907 829 1071 862 effandum.
1095 834 1110 850 2
1121 840 1166 871 eja

208 897 242 919 tu
253 899 258 918 :
270 881 351 926 μίας
363 874 482 925 κρρδὶυ.
496 883 668 914 videbimus
679 891 707 912 te
717 883 814 922 igitur.

438 943 634 973 CICERO
664 941 879 973 ATTICO,
902 940 930 969 S.

148 963 193 997 43
283 998 336 1026 ‘Cro
353 1004 425 1026 vero
441 1003 505 1024 utar
520 994 731 1033 prorogatione
757 991 818 1022 diei
837 1002 843 1021 :
874 999 966 1030 tuque
985 988 1163 1021 humanissi-

209 996 336 1073 Eme
354 1034 470 1069 fecisti,
490 1036 540 1076 qui
556 1044 606 1064 me
625 1036 786 1064 certiorem
805 1032 931 1065 feceris,
946 1041 1032 1072 atque
1052 1034 1090 1062 ita
1102 1051 1109 1065 ‚
1130 1040 1162 1062 iit

207 1088 247 1108 eo
265 1087 399 1118 tempore
411 1078 574 1117 acciperem
585 1076 698 1106 litteras
710 1095 718 1109 ,
737 1085 798 1117 quo
809 1085 872 1106 non
882 1073 1084 1114 exspectarem
1097 1084 1102 1102 :
1115 1083 1162 1104 tu-

204 1129 263 1161 que
273 1128 305 1150 ut
313 1120 349 1150 ab
359 1119 437 1149 ludis
447 1118 593 1149 scriberes.
619 1118 688 1148 sunt
697 1119 828 1147 omnino
839 1118 917 1147 mihi
926 1116 1062 1156 quaedam
1073 1125 1163 1156 agen-

199 1158 242 1192 ‘da
252 1163 363 1192 Roma:
379 1160 444 1191 :sed
456 1159 677 1200 consequemur
689 1162 701 1186 3
714 1159 808 1189 biduo
819 1158 894 1199 post.

445 1204 638 1233 CICERO
661 1203 879 1235 ATTICO,
902 1203 932 1231 S.

264 1248 379 1276 UAvns
398 1251 460 1274 tuas
475 1244 602 1274 litteras!
623 1241 674 1273 etfi
691 1242 795 1273 acerba
812 1246 935 1282 Pompa.
953 1250 1162 1272 verumtamen

266 1285 338 1317 scire
349 1287 453 1317 omnia
463 1295 526 1316 non
536 1284 674 1315 acerbum
686 1284 728 1315 est
739 1305 746 1318 ,
757 1288 774 1311 4
793 1286 839 1315 vel
849 1285 885 1315 de
896 1287 991 1315 Cotta.
1014 1284 1162 1324 populum
1179 1313 1182 1322 ,

204 1337 277 1359 vero
287 1329 460 1369 praeclarum
472 1347 480 1361 ,
491 1325 572 1368 quod
582 1335 702 1367 propter
710 1327 820 1355 malum
831 1327 959 1355 vicinum
968 1345 977 1359 ‚
990 1330 1003 1353 5
1015 1336 1052 1356 ne
1062 1325 1160 1356 vieno-
1179 1324 1183 1395 Ι

206 1371 257 1400 riae
275 1370 398 1411 quidem
419 1368 561 1409 ploditur.
595 1370 702 1398 Brutus
719 1368 796 1408 apud
816 1368 948 1398 mefuit:
966 1370 1015 1398 cui
1036 1367 1159 1408 quidem
1180 1399 1182 1404 ,

204 1411 293 1442 valde
309 1411 441 1452 placebat
453 1431 462 1444 2
483 1420 534 1441 me
550 1410 665 1450 aliquid
677 1409 713 1439 ad
730 1410 882 1440 Caesarem.
904 1419 1069 1440 annueram
1082 1419 1091 1443 ‚·
1111 1409 1160 1439 sed
1180 1405 1183 1446 ζ

204 1462 350 1494 pompam
367 1452 490 1483 videret.
514 1454 567 1483 Tu
590 1460 692 1483 tamen
709 1451 795 1481 ausus
813 1461 843 1481 es
853 1450 1082 1492 Vai·ronidare?
1107 1461 1161 1481 ex-

204 1493 307 1534 speao
323 1494 397 1536 quid
411 1493 535 1533 judicet.
558 1492 680 1534 quando
699 1502 800 1523 autem
819 1494 968 1534 perleget?
987 1495 1036 1522 De
1052 1494 1159 1527 Attica,

203 1537 311 1577 probo.
325 1545 382 1566 nsr
399 1544 563 1574 QinnAM
571 1536 661 1565 ctiam
675 1537 812 1565 animum
822 1533 993 1565 levaricum
1005 1533 1163 1574 speetatio-

204 1588 245 1608 ne
255 1597 264 1612 ‚
278 1587 342 1608 tum
356 1579 445 1608 etiam
456 1577 612 1619 religionis
622 1578 779 1616 opinione,
791 1577 824 1606 &
835 1576 925 1607 fama.
950 1579 1069 1607 Cottam
1080 1577 1160 1606 mihi

201 1620 299 1650 velim
319 1621 428 1650 mittas.
451 1618 605 1650 Libonem
617 1628 737 1649 mecum
748 1619 861 1652 habeo,
881 1618 1084 1649 &habueram
1094 1627 1162 1648 ante

203 1662 334 1692 Cascam.
358 1663 464 1691 Brutus
483 1661 562 1690 mihi
580 1663 619 1691 T.
640 1662 752 1702 Ligarii
767 1660 866 1691 verbis
882 1662 1058 1693 nuntiavit,
1077 1658 1160 1701 quod

200 1703 366 1744 appelletur
375 1704 410 1733 L.
423 1700 573 1732 Curfidius
584 1703 616 1732 in
626 1705 762 1733 oratione
770 1704 925 1744 Ligariana
933 1722 941 1737 ,
961 1710 1091 1733 erratum
1101 1701 1160 1732 effe

201 1761 325 1782 meum:
347 1751 413 1784 sed,
436 1758 470 1780 ut
487 1750 589 1789 ajunt,
609 1745 798 1786 μήμθνυιέν
814 1743 999 1788 οἱμωίρἹημοι
1029 1751 1159 1783 sciebam

200 1791 371 1823 Curfidium
382 1790 630 1832 pernecessarium
640 1793 831 1832 Ligariorum
843 1803 849 1821 ε
863 1792 913 1822 sed
925 1802 997 1822 eum
1007 1792 1097 1822 video
1108 1804 1160 1824 an-

200 1844 229 1865 te
243 1832 300 1864 ess'e
322 1843 487 1864 mortuum.
509 1832 546 1863 da
555 1835 674 1874 ligitur,
696 1835 814 1874 quaefo,
833 1835 992 1874 negotium
1006 1835 1157 1870 Pharnaci,

202 1880 309 1907 Antaeo
319 1895 328 1910 ‚
337 1875 448 1909 Salvio,
460 1883 491 1905 ut
501 1874 532 1905 id
542 1884 659 1904 nomen
668 1884 706 1904 ex
716 1875 861 1905 omnibus
870 1875 955 1905 libris
965 1874 1095 1905 tollatur.

130 1920 184 1968 '45
429 1933 620 1963 cmERo
649 1934 865 1966 ΑΤΤῙεο,
895 1935 925 1963 s.

268 1985 335 2013 Uir
353 1981 430 2022 apud
443 1991 491 2011 me
499 1982 604 2011 Lamia
611 1980 678 2019 post
688 1980 846 2011 discess'um
856 1990 940 2011 tuum
952 1992 962 2015 5
982 1981 1156 2021 epistolam-

198 1983 322 2066 Fqne
333 2024 368 2055 ad
377 2024 533 2054 meattulit
543 2021 661 2053 miffam
674 2021 726 2052 fibi
736 2022 751 2053 a
761 2023 870 2053 Caesare
880 2034 886 2052 2
897 2033 963 2064 quae
972 2033 1152 2064 quamquam

197 2068 266 2098 ante
281 2066 346 2097 data
355 2074 415 2096 erat
427 2086 436 2099 ‚
461 2063 476 2084 ⁶
491 2063 581 2105 quam
592 2064 652 2094 illae
666 2065 857 2095 Diocharinae
868 2084 877 2098 2
889 2073 990 2095 tamen
999 2066 1088 2105 plane
1101 2065 1154 2096 de—

194 2108 322 2139 clarabat
340 2108 429 2137 illum
447 2109 515 2136 ante
526 2105 614 2136 ludos
624 2108 783 2136 Romanos
793 2105 850 2136 effe
861 2116 1034 2137 venturum.
1054 2109 1086 2137 in
1095 2117 1152 2148 qua

194 2159 330 2180 exrrema
353 2149 495 2188 scriptum
514 2156 592 2181 erat,
615 2156 647 2178 ut
655 2147 690 2178 ad
702 2148 789 2178 ludos
803 2150 908 2178 omnia
917 2157 1047 2188 pararet,
1074 2159 1150 2179 neve

192 2193 400 2223 committeret
409 2210 418 2225 ‚
430 2199 461 2221 ui·
471 2189 575 2221 frustra
585 2190 647 2231 ipse
653 2188 840 2230 properasset.
863 2190 982 2231 prorsus
992 2200 1030 2221 ex
1040 2192 1087 2221 his
1098 2191 1149 2222 lit-

230 2307 255 2325 1.
274 2298 430 2332 Effimdnm]
451 2298 534 2333 Vulg.
546 2299 687 2331 afflandum.

225 2343 256 2360 2.
275 2338 323 2360 Eia
338 2341 365 2360 tu
380 2337 438 2366 μῐκς
455 2335 550 2370 metim]
572 2334 750 2361 concinnavit
768 2334 817 2361 boc
827 2334 915 2362 Bonus
925 2343 959 2361 ex
970 2342 1094 2371 corrupta
1104 2335 1151 2361 hac

190 2369 249 2397 nisl‘.
270 2379 311 2396 om
317 2370 389 2397 nium
408 2380 474 2406 qnos
496 2369 562 2396 vidit
572 2368 710 2406 scriptura.
730 2378 800 2396 eamr
816 2374 872 2401 μίας
883 2373 960 2407 mesu.
981 2371 1087 2397 Vieior.
1106 2371 1150 2397 hie

190 2405 259 2432 nihil
272 2406 374 2438 videns,
385 2405 518 2442 proposuit
529 2405 635 2432 suorum
646 2406 766 2433 codicum
779 2406 922 2434 leftionem
933 2407 1147 2439 examinandam,

191 2450 250 2477 qnae
260 2441 314 2467 liaec
332 2442 367 2469 est
378 2451 387 2472 3
407 2449 477 2468 eamr
489 2452 496 2467 .·
510 2443 560 2476 misi
568 2443 671 2477 ὰσ-κὸρδε
682 2454 688 2469 2
710 2452 787 2478 quain
811 2442 917 2479 probam
937 2442 1023 2469 censet
1035 2443 1147 2478 Jnnius.

189 2478 269 2509 Alii,
290 2478 318 2503 Sc
329 2478 355 2504 iu
374 2477 414 2505 his
426 2477 570 2505 Lambinus
583 2497 592 2511 ‚
611 2478 724 2514 legunt,
743 2479 778 2505 ad
792 2482 900 2513 templum
910 2479 1027 2512 efflantium
1048 2483 1149 2506 Saturni

189 2515 308 2541 affaris.

226 2558 253 2586 3.
274 2550 348 2575 Biduo
356 2550 432 2584 poll]
454 2551 669 2585 Particuiffipori,
679 2561 730 2579 non
742 2551 777 2579 est
788 2551 814 2578 iii
825 2552 899 2587 vulg.

223 2593 251 2617 4.
271 2588 312 2612 Vel
319 2587 344 2611 di·
354 2586 448 2620 Coma]
469 2587 622 2613 Nonnullos
633 2588 690 2615 mss.
701 2587 752 2614 else
761 2588 808 2624 qui
820 2606 829 2620 ‚
848 2588 874 2614 dc
884 2590 942 2615 eota
953 2606 962 2620 ‚
981 2587 1077 2616 habent
1089 2607 1097 2621 ‚
1107 2588 1145 2616 ait

188 2621 335 2649 Victorius.
355 2623 402 2648 :ilii
413 2622 518 2658 legunt,
527 2625 571 2648 ve!
577 2624 603 2648 de
610 2630 664 2649 toto.
903 2627 908 2631 '

224 2667 251 2692 5.
270 2662 314 2692 ‘PG
332 2660 434 2684 Vjtslurix
442 2659 668 2692 qxaidsmpsoditur]
686 2659 817 2686 Restituit
834 2659 1028 2686 hocviecorius
1039 2669 1073 2687 ex
1085 2659 1144 2687 mss.

186 2694 226 2729 pri
231 2704 258 2720 ns
270 2693 408 2729 legebatur
419 2704 427 2725 3
447 2704 474 2721 ne
484 2697 587 2722 Vinaria
595 2695 688 2731 quidem
692 2696 832 2728 plauditur:
847 2704 928 2732 quam
940 2695 1084 2723 leEtionem
1095 2696 1143 2724 de-

186 2729 313 2758 scridebat
330 2730 453 2757 Budaens.

221 2767 250 2793 6.
270 2768 349 2800 Qum
369 2769 411 2792 illae
428 2768 583 2793 Diocharinae.
594 2767 609 2802 ]
639 2767 705 2793 Haee
721 2766 758 2794 est
783 2766 937 2801 conjeeeum
954 2768 1143 2803 Montagnani‚

184 2810 264 2837 quam
275 2802 367 2838 probat
377 2804 482 2829 Manut.
495 2803 567 2838 vulg.
585 2805 627 2829 illa
635 2804 790 2829 Diocharina.
810 2803 921 2830 Ursinus
931 2804 969 2833 ait
980 2810 1098 2831 veterem
1109 2803 1143 2831 li-

185 2836 262 2864 brum
273 2838 379 2871 habere,
390 2839 532 2871 meetabet,
545 2845 573 2865 ut
584 2839 656 2867 foi-te
664 2838 807 2876 legendum
817 2839 1014 2867 fit‘Dicaearcheae.

219 2881 250 2908 7.
275 2877 308 2899 De
317 2875 415 2909 Rehim]
436 2875 517 2910 Vulg.
528 2878 561 2901 De
571 2877 656 2902 Babio.

221 2909 249 2935 8.
267 2911 362 2936 'Pondus
372 2914 463 2944 argenti
474 2930 482 2942 ,
500 2911 696 2944 praeterpraedia:
712 2911 867 2945 aristionem]
888 2913 930 2939 Ita
939 2912 1019 2938 etiam
1030 2911 1142 2938 Lambi-

184 2953 234 2972 nus
245 2944 351 2980 legebat
363 2965 371 2977 ,
394 2947 434 2974 vel
443 2954 555 2980 μιῆναι
562 2947 665 2980 pradia:
682 2949 813 2974 asserionem
823 2967 831 2981 ,
848 2949 900 2979 εἶχε.
919 2955 998 2984 prout
1008 2948 1088 2974 etiarn
1102 2948 1140 2974 le-

184 2979 266 3015 gebat
277 2980 383 3017 Malasp.
396 2983 468 3016 vulg.
479 2985 698 3016 aufflonempraur
705 2983 797 3017 pradia
808 3002 818 3017 ,
834 2984 886 3015 ὠτ.
905 2993 983 3020 quam
994 2984 1138 3012 lectionem

186 3015 341 3042 mutandam
352 3026 402 3043 tion
413 3014 476 3049 esse,
487 3017 739 3054 contenditJnnius.

216 3060 250 3093 ,91
270 3056 316 3077 Nec
326 3054 396 3084 nostri
402 3054 580 3089 studiofiorem]
593 3055 658 3081 Hoec
666 3055 747 3083 verba
754 3063 812 3092 qnae
822 3054 953 3084 desuntin
963 3056 1093 3092 vulgatis,
1103 3064 1136 3083 ex

181 3087 267 3115 Scidis
277 3087 394 3114 Tornaes.
404 3089 432 3114 &
443 3089 558 3116 Crusell.
569 3090 683 3118 restituit
693 3091 796 3119 Rosius.

220 3131 262 3149 10.
282 3126 357 3156 Lepta
366 3126 426 3151 enim
435 3124 514 3156 desua
521 3128 577 3151 vini
584 3129 705 3154 curatione
711 3129 851 3160 laborans]
872 3130 913 3156 Ita
922 3129 1075 3156 emendavit
1086 3129 1138 3155 Bo-

175 3159 226 3189 fius
236 3167 271 3198 e)
280 3160 392 3189 Decurt.
410 3167 441 3190 ut
449 3160 477 3189 δε
488 3161 668 3198 Pantagathus
684 3170 746 3194 ante
754 3160 851 3203 ipsum}
869 3165 956 3195 codex
974 3166 1092 3195 Tornaei:
1102 3165 1131 3193 &

2074 147 2102 194 9
2110 147 2137 177 0
2147 145 2172 189 ἴ

1212 211 1282 241 teris
1291 220 1355 242 non
1368 210 1523 242 videbatur
1533 210 1590 242 esse
1603 210 1732 242 dubium
1745 231 1754 246 ‚
1764 212 1840 252 quin
1852 216 1919 241 ante
1929 218 1995 241 eam
2003 210 2084 241 diem
2096 221 2171 241 ven-

1217 260 1298 282 turus
1314 251 1402 283 esset:
1424 252 1567 295 idemque
1588 253 1700 287 Balbo,
1718 253 1792 284 curri
1801 251 2168 295 eamepistolam-legiss'et,

1213 293 1308 324 videri
1336 296 1440 325 Lamia
1459 294 1583 326 dicebat.
1606 297 1683 325 Dies
1699 294 1842 326 feriarum
1853 292 2169 326 mihiadditosvmideb‘:

1213 334 1262 364 sed
1272 335 1361 376 quam
1373 337 1497 370 multos,
1506 336 1552 367 fac
1566 335 1586 366 si
1597 347 1647 366 mc
1660 346 1740 367 amas
1751 357 1760 371 ‚
1773 336 1873 367 sciam.
1895 341 1910 365 7
1919 336 1956 366 de
1970 336 2074 366 Baebio
2082 344 2172 377 pote·-

1212 377 1252 404 ris
1267 396 1275 409 ‚
1289 377 1322 406 δε
1333 377 1367 407 de
1379 377 1470 408 altero
1482 379 1584 408 vicino
1594 380 1731 420 Egnatio.
1754 378 1846 418 Qiod
1859 387 1909 408 me
1916 378 2042 408 hortaris
2052 397 2062 412 ‚
2072 387 2106 408 ut
2115 386 2169 409 eos

1212 416 1275 447 dies
1293 419 1469 449 consumam
1490 420 1519 448 in
1537 420 1710 462 philosophia
1735 419 1928 460 explicanda,
1947 428 2168 451 currentemtu

1210 459 1352 498 quidem:
1370 460 1419 490 sed
1439 470 1509 490 cum
1532 462 1690 492 Dolabella
1707 461 1875 492 vivendum
1895 460 1952 491 effe
1973 460 2036 491 istis
2062 460 2169 492 diebus

1208 499 1301 529 vides.
1333 501 1415 542 quod
1436 500 1489 531 nisi
1510 512 1560 532 me
1581 505 1726 543 Torquati
1749 503 1832 533 causa
1856 511 1969 533 teneret
1990 523 1999 537 ‚
2020 503 2086 533 satis
2109 511 2167 534 erat

1208 540 1326 572 dicrum
1340 562 1348 576 ,
1370 552 1403 573 ut
1424 544 1564 574 Puteolos
1574 554 1729 574 excurrere
1739 543 1854 584 possem
1869 564 1879 578 ‚
1905 544 1938 574 &
1948 544 1983 574 ad
1993 554 2111 583 tempus
2121 544 2169 574 re-

1207 582 1280 612 dire.
1313 586 1417 614 Lamia
1443 585 1568 625 quidem
1589 586 1604 615 a
1626 586 1717 616 Balbo
1740 588 1796 625 (ut
1813 585 1987 626 videbatur)
2005 586 2167 619 audiverat,

1208 625 1322 655 multos
1340 635 1486 655 nummos
1504 626 1590 656 domi
1609 626 1667 656 eise
1692 636 1865 657 numeratos
1885 647 1894 660 ,
1922 637 1999 668 quos
2016 636 2168 667 oporteret

1206 666 1434 706 quamprimum
1455 667 1563 697 dividi.
1588 678 1732 709 magnum
1751 664 1896 708 8pondus
1909 669 2040 708 argenti,
2063 678 2167 708 praetet

1206 707 1331 746 praedia:
1350 707 1523 738 auffionem
1541 711 1642 749 primo
1662 719 1782 750 quoque
1797 720 1932 750 tempore
1941 710 2164 751 fierioporceret

1209 749 1315 780 scribas
1324 749 1357 779 ad
1371 759 1419 779 me
1435 750 1529 779 velim
1540 750 1614 791 quid
1625 750 1679 780 tibi
1691 752 1809 790 placeat.
1827 752 1969 792 equidem
1981 771 1990 786 ‚
2015 751 2035 781 si
2047 761 2084 782 ex
2094 761 2168 782 om-

1207 790 1298 820 nibus
1308 790 1378 821 ess'et
1388 791 1562 832 eligendum
1575 811 1584 825 ‚
1604 801 1660 822 nec
1670 792 1722 822 dili
1745 796 1893 822 entiorem
1904 813 1912 826 ,
1936 803 1992 824 nec
2002 791 2164 824 officiosio-

1205 842 1270 862 rem
1283 852 1291 865 ,
1302 836 1317 859 9
1339 842 1393 862 nec
1404 833 1501 863 nostri
1512 832 1720 863 studiosiorem
1743 834 1816 863 acile
1830 834 2000 876 delegissem
2012 833 2164 866 Vestorio:

1204 873 1239 903 ad
1259 884 1349 915 quem
1373 873 1597 905 accuratiffimas
1614 875 1723 905 litteras
1733 874 1802 906 dedi
1813 894 1822 908 ‚
1838 876 1921 915 quod
1932 877 2013 906 idem
2023 885 2052 906 te
2061 875 2163 907 fecisse

1204 915 1338 946 arbitror.
1357 918 1435 946 mihi
1455 917 1579 957 quidem
1589 918 1648 947 hoc
1666 917 1732 947 satis
1751 916 1877 947 videtur.
1901 917 1963 947 tusi
1975 918 2046 958 quid
2065 918 2165 948 dicis?

1203 967 1299 987 unum
1315 959 1397 987 enirn
1409 968 1515 999 pungit
1526 978 1534 992 ‚
1553 969 1590 988 ne
1601 959 1832 1000 negligentiores
1845 956 1904 990 effe
1921 959 2088 990 videamur.
2108 968 2164 991 ex·-

1203 997 1341 1039 spcstabo
1353 1001 1441 1040 igitur
1454 1009 1516 1030 tuas
1527 1001 1649 1031 litteras.
2158 1015 2161 1018 ·

1432 1086 1625 1115 CICERO
1655 1087 1871 1121 ATTICO,
1903 1087 1932 1117 S.

1277 1153 1391 1183 Onnitx
1401 1152 1525 1193 quidem
1538 1173 1547 1186 ,
1557 1162 1589 1184 ut
1599 1152 1729 1188 dixerat,
1741 1154 1776 1185 ad
1788 1155 1858 1185 Idus
1869 1159 1950 1186 Sext.
1964 1156 2004 1186 ita
2015 1156 2093 1186 mihi
2103 1157 2162 1186 La==

1277 1196 1365 1224 nuvii
1386 1194 1481 1235 pridie
1500 1195 1570 1224 Idus
1591 1195 1697 1235 praesto
1706 1196 1784 1230 fuit,
1802 1197 1850 1227 sed
1865 1196 1952 1237 plane
1963 1197 2161 1231 Pollex,non

1203 1234 1305 1265 index.
1327 1237 1489 1276 cognosces
1502 1238 1594 1279 igitur
1605 1247 1643 1267 ex
1654 1239 2162 1280 ipso.Baibumconveni¹0(Lepta
2211 1266 2215 1269 ,

1202 1278 1286 1306 enim
1296 1278 1333 1308 de
1343 1278 1394 1308 sua
1409 1280 1473 1309 vini
1484 1280 1637 1309 curatione
1651 1280 1786 1310 laborans
1796 1300 1805 1314 ,
1826 1290 1875 1310 me
1885 1280 1921 1311 ad
1931 1291 2003 1311 eum
2013 1281 2165 1322 perduxe-

1203 1328 1245 1349 rat
1257 1330 1262 1347 z
1275 1323 1284 1337 ¹
1292 1323 1301 1339 ¹
1315 1329 1386 1350 meo
1396 1329 1495 1351 autem
1509 1322 1660 1355 Lanuino,
1670 1322 1752 1362 quod
1765 1322 1881 1362 Lepido
1891 1323 2045 1354 tradidiex
2055 1333 2093 1353 eo
2102 1325 2164 1353 hoc

1201 1360 1338 1400 primum
1351 1372 1356 1390 t
1367 1361 1457 1402 paulo
1471 1362 1539 1393 ante
1555 1372 1724 1403 acceperam
1735 1373 1782 1394 eas
1792 1364 1904 1396 litteras
1913 1384 1922 1398 ,
1934 1367 1966 1395 in
1975 1364 2086 1406 quibus
2095 1374 2162 1395 ma-

1199 1412 1332 1442 gnopere
1341 1402 1518 1438 confirmat,
1537 1404 1606 1435 ante
1618 1404 1704 1435 ludos
1714 1407 1883 1436 Romanos.
1903 1406 1961 1447 legi
1978 1406 2137 1447 epistolam
2150 1416 2160 1436 z

1204 1445 1301 1474 multa
1315 1445 1352 1475 de
1370 1455 1442 1476 meo
1463 1448 1577 1476 Catone
1586 1465 1595 1479 ‚
1618 1448 1646 1465 ¹2
1656 1456 1716 1487 quo
1736 1446 1890 1487 saepii‘litne
1911 1448 2040 1487 legendo
2049 1448 2078 1478 se
2087 1447 2166 1485 dicit

1200 1485 1400 1525 copiosiorem
1421 1485 1553 1517 faustum:
1574 1489 1658 1518 Bruti
1675 1491 1790 1519 Catone
1810 1488 1891 1519 166ὲο
1900 1490 1929 1519 se
1939 1488 1993 1519 fibi
2002 1489 2102 1520 visum
2111 1489 2163 1520 di-

1202 1527 1325 1568 sertum)
1341 1532 1370 1555 ¹3
1389 1538 1428 1559 ex
1439 1539 1475 1558 eo
1485 1531 1618 1569 cognovi
1628 1532 1795 1560 cretionem
1808 1531 1914 1560 Cluvii
1931 1530 1972 1569 (ὃ
1983 1529 2161 1560 Vestorium

1201 1569 1407 1610 negligentem
1422 1573 1427 1599 !
1445 1571 1456 1610 )
1468 1570 1592 1601 liberam
1601 1573 1768 1602 cretionem
1780 1591 1788 1605 ‚
1809 1571 1933 1602 testibus
1951 1571 2163 1611 pacientibus!

1204 1611 1356 1652 sexaginta
1365 1611 1482 1642 diebus.
1498 1612 1671 1642 metuebam
1682 1623 1719 1643 ne
1729 1613 1781 1643 ille
1793 1616 1823 1639 ¹4
1831 1613 1974 1644 arcendus
1984 1611 2066 1644 ess‘et.
2078 1622 2163 1651 nune

1200 1652 1352 1683 mittenda
1363 1653 1416 1687 est,
1428 1663 1461 1684 ut
1471 1664 1543 1684 meo
1549 1651 1630 1693 J'uss‘u
1643 1654 1838 1685 cernat.idem
1847 1656 1936 1695 igitur
1946 1655 2163 1686 Pollex-etiam.

1200 1693 1237 1724 de
1248 1694 1343 1724 hortis
1351 1696 1508 1726 Cluvianis
1518 1697 1564 1737 egi
1572 1705 1644 1726 cum
1655 1696 1748 1726 Balbo
1759 1700 1786 1724 ’ἲ
1794 1695 1959 1727 liberalius:
1970 1697 1998 1727 se
2008 1699 2092 1728 enim
2104 1695 2164 1728 ssa-

1200 1737 1257 1766 tim
1267 1736 1303 1766 ad
1312 1737 1459 1768 Caesarem
1469 1738 1658 1777 scripturum:
1668 1738 1811 1769 Cluvium
1821 1747 1922 1768 autem
1935 1736 1982 1768 ¹⁶31
1991 1741 2066 1769 ‘rito
2078 1739 2163 1769 Hor-

1197 1776 1312 1807 deonio
1325 1778 1421 1819 legare
1430 1779 1463 1809 δε
1474 1780 1625 1810 Terentiae
1635 1789 1688 1809 ihs
1707 1789 1725 1809 ι,
1733 1790 1811 1815 ooo,
1824 1780 1857 1810 δε
1866 1779 2031 1820 sepulchro,
2037 1778 2160 1811 multis-

1197 1828 1257 1859 que
1266 1819 1353 1849 rebus
1364 1832 1374 1853 ³
1385 1820 1462 1850 nihil
1473 1820 1488 1851 a
1498 1820 1597 1851 nobis.
1607 1821 1760 1852 subaccusa
1769 1821 1868 1862 quaeso
1877 1820 2061 1852 Vestorium.
2071 1818 2156 1863 Qid

1200 1863 1302 1890 minus
1312 1861 1501 1900 probandum
1514 1862 1623 1902 ;quam
1637 1863 1770 1893 Plotium
1782 1864 2014 1904 unguentarium
2022 1872 2074 1903 per
2087 1864 2157 1894 suos

1195 1910 1303 1940 pueros
1313 1904 1419 1932 omnia
1429 1911 1510 1933 tanto
1522 1902 1591 1933 ante
1604 1903 1695 1933 Balbo
1705 1915 1714 1937 ;
1725 1905 1814 1934 illum
1832 1902 1876 1934 mi
1885 1914 1923 1934 ne
1932 1914 1984 1944 per
1992 1914 2078 1935 meos
2088 1907 2158 1945 qui-

1199 1942 1283 1973 dem?
1296 1946 1323 1971 ¹7
1333 1945 1381 1974 De
1393 1942 1525 1974 Coffinio
1537 1943 1647 1978 dole03
1660 1945 1752 1975 dilexi
1762 1946 1936 1976 hominem.
1948 1948 2064 1988 Qinto
2074 1946 2158 1977 dele-

1196 1983 1283 2024 gabo,
1296 1982 1316 2014 si
1326 1985 1398 2025 quid
1410 1984 1540 2016 aeri‘meo
1552 1986 1653 2016 alieno
1664 1987 1858 2026 supei·abit,&
1871 1988 2101 2028 emptionibus;
2112 1998 2153 2019 ex

1195 2025 1307 2065 quibus
1323 2025 1367 2056 mi
1390 2029 1480 2057 etiam
1503 2037 1541 2057 aes
1559 2028 1692 2058 alienum
1709 2028 1881 2060 faciendum
1892 2039 1975 2070 puto.
1999 2031 2047 2060 De
2057 2029 2157 2070 domo

1195 2068 1321 2107 Arpini,
1347 2069 1425 2098 nihil
1435 2069 1505 2099 scio.
1529 2067 1703 2100 Vestorium
1714 2071 1792 2101 nihil
1802 2070 1845 2101 est
1854 2070 1936 2112 quod
1944 2071 2072 2102 accuses.
2085 2071 2152 2112 jam

1193 2111 1277 2139 enim
1291 2108 1440 2151 obsignata
1449 2111 1503 2141 hac
1511 2109 1645 2150 epistola,
1656 2111 1750 2142 ῃοᾶιι
1761 2112 1932 2143 tabellarius
1941 2111 2043 2144 noster
2056 2115 2154 2148 venit,

1194 2150 1227 2180 &
1244 2150 1280 2180 ab
1298 2160 1335 2181 eo
1354 2153 1464 2184 litteras
1482 2152 1642 2194 diligenter
1660 2153 1778 2195 scriptas
1787 2155 1886 2186 attulit
1895 2174 1905 2189 ‚
1925 2154 1958 2186 &
1971 2155 2153 2196 exemplum

1193 2191 1373 2224 testamenti.

2018 2241 2046 2270 C
2056 2240 2102 2271 IC
2114 2242 2155 2272 E-

1190 2301 1300 2328 Huralt.
1311 2302 1339 2328 &
1350 2303 1462 2329 Momm.
1474 2302 1570 2329 habent
1597 2304 1689 2335 artim,
1700 2304 1779 2336 defim
1787 2305 1972 2330 vinivuratione
1983 2321 1992 2334 ,
2002 2303 2112 2338 partim.
2123 2302 2156 2334 df

1181 2337 1231 2369 sua
1241 2340 1270 2363 ‘vi
1279 2340 1304 2363 in
1316 2341 1447 2370 curatt'one,
1458 2348 1536 2374 quain
1548 2339 1572 2365 le
1604 2339 1690 2366 ionem
1702 2339 1797 2375 probat
1808 2338 1945 2366 meterius
1957 2347 1965 2368 3
1978 2337 2072 2365 Lamb.
2083 2337 2151 2365 ferr*

1189 2382 1240 2399 non
1252 2374 1321 2409 posse
1331 2374 1482 2404 contendit.
1491 2376 1519 2401 δε
1531 2375 1645 2406 mavult,
1655 2376 1733 2408 desita
1741 2378 1851 2401 Lanuini
1863 2377 1994 2405 curatione,
2006 2374 2060 2405 vel.
2069 2375 2151 2408 desuae

1188 2418 1212 2434 re
1222 2418 1250 2435 ac
1271 2413 1361 2436 ratione
1380 2412 1491 2437 laborans
1504 2430 1512 2441 ,
1531 2420 1564 2438 ex
1584 2419 1708 2447 corrupta
1726 2411 1772 2438 hac
1790 2411 1850 2437 cod.
1868 2411 1989 2438 Ferriani
2007 2407 2150 2446 scriptura,

1187 2454 1265 2480 quam
1276 2446 1355 2474 affert
1366 2447 1470 2474 Manut.
1489 2448 1639 2481 dtfisperiore
1648 2447 1762 2474 dubitans
1775 2466 1782 2480 ,
1800 2448 1828 2474 de
1838 2457 1862 2473 rc
1872 2447 1921 2482 fica
1930 2449 1956 2472 in
1974 2448 2065 2472 rativne
2081 2448 2150 2473 labo.

1188 2490 1258 2508 rans.

1226 2526 1235 2543 i
1244 2527 1253 2544 i
1261 2538 1267 2544 .
1286 2522 1356 2546 wiso
1367 2526 1443 2544 autem
1453 2518 1591 2553 Laminium]
1613 2520 1654 2545 lta
1664 2519 1759 2545 habent
1770 2518 1865 2549 Scidae,
1879 2518 2016 2544 Manutius
2026 2517 2111 2544 edidit
2119 2519 2149 2544 In

1183 2561 1205 2579 eo
1214 2561 1292 2580 autem
1301 2558 1428 2587 Lanm'm5
1448 2563 1520 2590 pater
1531 2556 1616 2587 illius²
1627 2564 1671 2582 meo
1680 2562 1759 2582 autem
1767 2557 1878 2582 Lanuvio
1889 2572 1898 2587 ‚
1916 2553 1988 2590 quod
1999 2553 2094 2591 vulgus
2104 2553 2146 2587 ser

1184 2590 1286 2625 quitur.
1307 2591 1365 2622 alii,
1375 2601 1409 2617 me
1418 2599 1497 2617 antem
1507 2594 1619 2617 Luni-vio.
2140 2596 2145 2608 ³

1224 2635 1267 2653 12.
1286 2628 1335 2659 Q«)
1342 2628 1481 2661 sepiffime]
1503 2627 1585 2663 Vulg.
1595 2627 1787 2661 qitemfitpiffimh.
2141 2659 2146 2663 Α

1223 2671 1252 2697 13
1261 2683 1266 2688 .
1290 2666 1329 2688 Ex
1338 2672 1360 2688 eo
1370 2667 1461 2696 cogno-ivi
1471 2666 1591 2689 cretionem
1600 2664 1681 2688 Cluvii
1692 2664 1716 2690 ια’
1723 2667 1733 2689 1
1736 2664 1846 2695 'istoriam
1854 2664 1999 2697 negligentem
2008 2662 2035 2696 !)
2046 2663 2146 2689 {iberam

1180 2701 1312 2730 ermonem,
1323 2701 1417 2733 iestibm
1422 2700 1716 2733 praefliztih115,fixaginia
1726 2698 1834 2732 dubius]
1855 2699 1899 2725 Sic
1909 2700 1978 2726 hunc
1987 2699 2075 2726 locum
2085 2698 2146 2726 edi-

1180 2732 1221 2760 dit
1231 2734 1321 2760 Bofius
1340 2743 1373 2761 ex
1384 2734 1436 2761 fide
1447 2735 1558 2761 Decurt.
1569 2733 1689 2761 Tornaes.
1708 2735 1735 2760 &
1748 2734 1864 2761 Crustu.
1877 2734 1959 2770 vulgi>
1973 2754 1982 2766 ‚
2000 2745 2030 2761 ex·
2046 2744 2144 2769 eocogn.

1181 2776 1238 2795 ενα,
1250 2772 1331 2796 clu-aii
1352 2772 1372 2795 ιὸ
1383 2773 1439 2803 Vnst.
1450 2778 1512 2803 neg.)
1524 2773 1622 2796 liberam
1634 2789 1639 2800 ‚
1652 2772 1746 2802 restibus
1752 2772 2034 2804 praescnribusfixqssinta
2041 2771 2142 2798 duobus.

1181 2805 1298 2832 Faernus
1305 2807 1359 2840 jam
1370 2807 1434 2833 olim
1445 2807 1501 2842 post
1513 2815 1616 2837 vocem,
1625 2808 1735 2838 labi-ram,
1744 2806 1895 2838 addiderat,
1903 2810 2026 2833 creiimem
2034 2818 2044 2839 ‚-
2052 2806 2140 2843 poste-

1182 2840 1279 2868 riorem
1290 2850 1378 2870 autern
1389 2850 1489 2877 partem
1502 2841 1535 2868 sic
1544 2841 1649 2877 legebat
1660 2843 1727 2868 Ant.
1740 2843 1813 2879 Aug.
1825 2843 2080 2876 restibuspraesenu‘bm
2089 2843 2142 2869 die-

1177 2877 1223 2902 bm
1230 2877 1278 2904 62.
1296 2878 1457 2914 approbante
1469 2878 1632 2914 l’antagatho
1644 2896 1653 2910 ‚
1673 2879 1718 2913 qui
1728 2878 1781 2915 ipse
1799 2879 1838 2907 ita
1848 2885 2021 2912 cori-exerat,
2041 2880 2145 2913 teffibm

1170 2913 1336 2947 frequentibus
1345 2915 1392 2941 60.
1404 2914 1496 2940 dicem.

1217 2956 1259 2982 14.
1278 2950 1428 2984 Art-andus]
1451 2951 1492 2977 Ex
1504 2950 1653 2977 Decurtato
1663 2950 1716 2977 est:
1739 2949 1825 2985 vulgo
1835 2950 1992 2984 arceffenlne.

1178 3019 1194 3046 b
1216 2993 1259 3017 ¹5-
1278 2986 1441 3021 Liberalia]
1462 2986 1588 3014 Germani
1599 2986 1930 3021 editleriiiit‚iiliberaliae>s,
1946 2986 2138 3024 valdeimpto·

1195 3028 1256 3048 ante
1266 3022 1399 3048 Viam-io.
2122 3039 2123 3042 ι
2139 3032 2145 3039 ’

1216 3057 1258 3083 16.
1279 3062 1319 3086 (Λ
1333 3059 1358 3084 τ’.
1370 3058 1522 3093 Hordeonio]
1541 3057 1704 3090 ‚Emendatio
1714 3058 1768 3086 haec
1775 3057 1888 3087 debetur
1898 3058 2042 3091 Vitstorio,
2059 3065 2138 3087 antea

1176 3091 1332 3127 habebatur,
1342 3097 1434 3124 mirica
1449 3095 1582 3122 Hordeonio.
1885 3093 1889 3097 '

1214 3137 1255 3164 ¹7·
1275 3133 1309 3156 De
1317 3132 1409 3164 Cqffinio
1417 3130 1501 3165 doleo]
1515 3131 1550 3157 Et
1558 3131 1609 3158 hoe
1618 3140 1652 3158 ex
1664 3131 1770 3159 vetustis
1780 3131 1841 3158 cod.
1851 3131 1968 3162 restituit
1978 3129 2051 3161 vffl.
2059 3127 2136 3166 quod

1173 3165 1201 3193 8<
1212 3166 1340 3196 Germani
1349 3166 1606 3234 xliiothYpi·ius
1618 3175 1686 3202 erat,
1696 3171 1755 3198 Deos
1765 3171 1824 3197 mihi
1831 3169 1902 3199 doleo.

1548 3212 1651 3241 yyy]

2016 3203 2134 3238 ruga,

2183 1085 2231 1127 46
