<?xml version="1.0" encoding="UTF-8"?>
<!DOCTYPE html PUBLIC "-//W3C//DTD XHTML 1.0 Transitional//EN"
    "http://www.w3.org/TR/xhtml1/DTD/xhtml1-transitional.dtd">
<html xmlns="http://www.w3.org/1999/xhtml" xml:lang="en" lang="en">
 <head>
  <title>
</title>
<meta http-equiv="Content-Type" content="text/html;charset=utf-8" />
  <meta name='ocr-system' content='tesseract 3.04.00' />
  <meta name='ocr-capabilities' content='ocr_page ocr_carea ocr_par ocr_line ocrx_word'/>
</head>
<body>
  <div class='ocr_page' id='page_1' title='image "./mtuliiciceroniso00cice_1131.png"; bbox 0 0 2360 3400; ppageno 0'>
   <div class='ocr_carea' id='block_1_1' title="bbox 487 111 1490 162">
    <p class='ocr_par' dir='ltr' id='par_1_1' title="bbox 487 111 1490 162">
     <span class='ocr_line' id='line_1_1' title="bbox 487 111 1490 162; baseline 0.002 -3"><span class='ocrx_word' id='word_1_1' title='bbox 487 126 562 159; x_wconf 74' lang='lat' dir='ltr'>niz</span> <span class='ocrx_word' id='word_1_2' title='bbox 606 112 883 158; x_wconf 76' lang='lat' dir='ltr'>Fimnus</span> <span class='ocrx_word' id='word_1_3' title='bbox 929 112 1162 159; x_wconf 64' lang='lat' dir='ltr'>Borion.</span> <span class='ocrx_word' id='word_1_4' title='bbox 1214 124 1293 159; x_wconf 65' lang='lat' dir='ltr'>ni·</span> <span class='ocrx_word' id='word_1_5' title='bbox 1328 111 1490 162; x_wconf 65' lang='lat' dir='ltr'>Mat..</span> 
     </span>
    </p>
   </div>
   <div class='ocr_carea' id='block_1_2' title="bbox 1547 113 1816 163">
    <p class='ocr_par' dir='ltr' id='par_1_2' title="bbox 1547 113 1816 163">
     <span class='ocr_line' id='line_1_2' title="bbox 1547 113 1816 163; baseline 0.004 -1"><span class='ocrx_word' id='word_1_6' title='bbox 1547 115 1679 162; x_wconf 72' lang='lat' dir='ltr'>Lis.</span> <span class='ocrx_word' id='word_1_7' title='bbox 1716 113 1816 163; x_wconf 82' lang='grc' dir='ltr'>ΙΙΙ.</span> 
     </span>
    </p>
   </div>
   <div class='ocr_carea' id='block_1_3' title="bbox 2010 130 2132 175">
    <p class='ocr_par' dir='ltr' id='par_1_3' title="bbox 2010 130 2132 175">
     <span class='ocr_line' id='line_1_3' title="bbox 2010 130 2132 175; baseline 0.033 -15"><span class='ocrx_word' id='word_1_8' title='bbox 2010 130 2132 175; x_wconf 67' lang='lat'>1027</span> 
     </span>
    </p>
   </div>
   <div class='ocr_carea' id='block_1_4' title="bbox 180 190 2136 319">
    <p class='ocr_par' dir='ltr' id='par_1_4' title="bbox 180 190 2136 319">
     <span class='ocr_line' id='line_1_4' title="bbox 182 190 2135 241; baseline -0.002 -11"><span class='ocrx_word' id='word_1_9' title='bbox 182 194 324 241; x_wconf 67' lang='lat' dir='ltr'>proxime</span> <span class='ocrx_word' id='word_1_10' title='bbox 350 191 482 227; x_wconf 69' lang='lat' dir='ltr'>aceedit,</span> <span class='ocrx_word' id='word_1_11' title='bbox 501 200 536 223; x_wconf 91' lang='lat' dir='ltr'>ut</span> <span class='ocrx_word' id='word_1_12' title='bbox 554 191 700 223; x_wconf 85' lang='lat' dir='ltr'>secundus</span> <span class='ocrx_word' id='word_1_13' title='bbox 711 190 789 223; x_wconf 88' lang='lat' dir='ltr'>fitad</span> <span class='ocrx_word' id='word_1_14' title='bbox 800 193 915 234; x_wconf 86' lang='lat' dir='ltr'>regium</span> <span class='ocrx_word' id='word_1_15' title='bbox 928 194 1139 234; x_wconf 78' lang='lat' dir='ltr'>principatum:</span> <span class='ocrx_word' id='word_1_16' title='bbox 1178 193 1276 233; x_wconf 79' lang='lat' dir='ltr'>ipsos:</span> <span class='ocrx_word' id='word_1_17' title='bbox 1293 193 1332 225; x_wconf 86' lang='lat' dir='ltr'>fic</span> <span class='ocrx_word' id='word_1_18' title='bbox 1351 194 1460 227; x_wconf 83' lang='lat' dir='ltr'>futurae</span> <span class='ocrx_word' id='word_1_19' title='bbox 1481 194 1548 235; x_wconf 87' lang='lat' dir='ltr'>post</span> <span class='ocrx_word' id='word_1_20' title='bbox 1567 204 1698 227; x_wconf 82' lang='lat' dir='ltr'>mortem</span> <span class='ocrx_word' id='word_1_21' title='bbox 1716 195 1805 228; x_wconf 84' lang='lat' dir='ltr'>famae</span> <span class='ocrx_word' id='word_1_22' title='bbox 1824 203 1924 228; x_wconf 85' lang='lat' dir='ltr'>tamen</span> <span class='ocrx_word' id='word_1_23' title='bbox 1947 192 2005 227; x_wconf 79' lang='lat' dir='ltr'>effe</span> <span class='ocrx_word' id='word_1_24' title='bbox 2013 205 2135 237; x_wconf 70' lang='lat' dir='ltr'>propter</span> 
     </span>
     <span class='ocr_line' id='line_1_5' title="bbox 180 234 2129 280; baseline -0.001 -10"><span class='ocrx_word' id='word_1_25' title='bbox 180 241 218 272; x_wconf 76' lang='lat' dir='ltr'>sic</span> <span class='ocrx_word' id='word_1_26' title='bbox 240 242 276 270; x_wconf 73' lang='lat' dir='ltr'>in</span> <span class='ocrx_word' id='word_1_27' title='bbox 289 239 350 269; x_wconf 81' lang='lat' dir='ltr'>vita</span> <span class='ocrx_word' id='word_1_28' title='bbox 367 245 432 266; x_wconf 86' lang='lat' dir='ltr'>non</span> <span class='ocrx_word' id='word_1_29' title='bbox 442 245 486 268; x_wconf 90' lang='lat' dir='ltr'>ea,</span> <span class='ocrx_word' id='word_1_30' title='bbox 498 238 509 254; x_wconf 84' lang='lat'>¹</span> <span class='ocrx_word' id='word_1_31' title='bbox 522 244 588 276; x_wconf 87' lang='lat' dir='ltr'>quae</span> <span class='ocrx_word' id='word_1_32' title='bbox 598 236 742 274; x_wconf 79' lang='lat' dir='ltr'>primario</span> <span class='ocrx_word' id='word_1_33' title='bbox 753 235 823 265; x_wconf 84' lang='lat' dir='ltr'>loco</span> <span class='ocrx_word' id='word_1_34' title='bbox 835 235 905 265; x_wconf 85' lang='lat' dir='ltr'>sunt</span> <span class='ocrx_word' id='word_1_35' title='bbox 915 254 924 268; x_wconf 81' lang='lat'><em>‚</em></span> <span class='ocrx_word' id='word_1_36' title='bbox 943 234 993 265; x_wconf 87' lang='lat' dir='ltr'>sed</span> <span class='ocrx_word' id='word_1_37' title='bbox 1003 245 1036 265; x_wconf 83' lang='lat' dir='ltr'>ea</span> <span class='ocrx_word' id='word_1_38' title='bbox 1045 255 1055 268; x_wconf 82' lang='lat'>‚</span> <span class='ocrx_word' id='word_1_39' title='bbox 1074 243 1140 275; x_wconf 80' lang='lat' dir='ltr'>quae</span> <span class='ocrx_word' id='word_1_40' title='bbox 1177 245 1241 265; x_wconf 87' lang='lat' dir='ltr'>rem</span> <span class='ocrx_word' id='word_1_41' title='bbox 1253 255 1262 268; x_wconf 88' lang='lat'>‚</span> <span class='ocrx_word' id='word_1_42' title='bbox 1273 238 1362 267; x_wconf 90' lang='lat' dir='ltr'>etiam</span> <span class='ocrx_word' id='word_1_43' title='bbox 1374 236 1507 268; x_wconf 72' lang='lat' dir='ltr'>detraCto</span> <span class='ocrx_word' id='word_1_44' title='bbox 1515 238 1570 268; x_wconf 89' lang='lat' dir='ltr'>usu</span> <span class='ocrx_word' id='word_1_45' title='bbox 1582 258 1591 271; x_wconf 83' lang='lat'>.</span> <span class='ocrx_word' id='word_1_46' title='bbox 1606 239 1839 270; x_wconf 78' lang='lat' dir='ltr'>consulendum.</span> <span class='ocrx_word' id='word_1_47' title='bbox 1864 237 1920 270; x_wconf 86' lang='lat' dir='ltr'>Sed</span> <span class='ocrx_word' id='word_1_48' title='bbox 1933 258 1941 272; x_wconf 87' lang='lat'><strong>,</strong></span> <span class='ocrx_word' id='word_1_49' title='bbox 1951 248 2034 272; x_wconf 88' lang='lat' dir='ltr'>curn,</span> <span class='ocrx_word' id='word_1_50' title='bbox 2048 241 2129 280; x_wconf 82' lang='lat' dir='ltr'>quod</span> 
     </span>
     <span class='ocr_line' id='line_1_6' title="bbox 180 274 2136 319; baseline -0.002 -7"><span class='ocrx_word' id='word_1_51' title='bbox 180 276 344 314; x_wconf 85' lang='lat' dir='ltr'>secundum</span> <span class='ocrx_word' id='word_1_52' title='bbox 355 279 459 308; x_wconf 85' lang='lat' dir='ltr'>locum</span> <span class='ocrx_word' id='word_1_53' title='bbox 468 277 626 310; x_wconf 81' lang='lat' dir='ltr'>obtinent,</span> <span class='ocrx_word' id='word_1_54' title='bbox 637 280 799 312; x_wconf 63' lang='grc' dir='ltr'>προηγμένα,</span> <span class='ocrx_word' id='word_1_55' title='bbox 818 275 921 310; x_wconf 88' lang='lat' dir='ltr'>idest,</span> <span class='ocrx_word' id='word_1_56' title='bbox 936 274 1073 317; x_wconf 62' lang='lat' dir='ltr'>pradusta</span> <span class='ocrx_word' id='word_1_57' title='bbox 1081 285 1140 306; x_wconf 86' lang='lat' dir='ltr'>no·</span> <span class='ocrx_word' id='word_1_58' title='bbox 1175 276 1313 313; x_wconf 69' lang='lat' dir='ltr'>honestum</span> <span class='ocrx_word' id='word_1_59' title='bbox 1330 278 1367 318; x_wconf 80' lang='lat' dir='ltr'>fit</span> <span class='ocrx_word' id='word_1_60' title='bbox 1381 299 1390 313; x_wconf 87' lang='lat'>‚</span> <span class='ocrx_word' id='word_1_61' title='bbox 1409 279 1439 308; x_wconf 84' lang='lat' dir='ltr'>id</span> <span class='ocrx_word' id='word_1_62' title='bbox 1450 280 1544 319; x_wconf 60' lang='grc' dir='ltr'>[δίψη</span> <span class='ocrx_word' id='word_1_63' title='bbox 1564 278 1664 310; x_wconf 76' lang='lat' dir='ltr'>bonum</span> <span class='ocrx_word' id='word_1_64' title='bbox 1673 279 1876 318; x_wconf 72' lang='lat' dir='ltr'>effidicamm:</span> <span class='ocrx_word' id='word_1_65' title='bbox 1894 281 2136 312; x_wconf 79' lang='lat' dir='ltr'>consentaneum.</span> 
     </span>
    </p>
   </div>
   <div class='ocr_carea' id='block_1_5' title="bbox 175 317 1137 615">
    <p class='ocr_par' dir='ltr' id='par_1_5' title="bbox 175 317 1137 615">
     <span class='ocr_line' id='line_1_7' title="bbox 179 317 1135 360; baseline -0.007 -7"><span class='ocrx_word' id='word_1_66' title='bbox 179 325 345 356; x_wconf 74' lang='lat' dir='ltr'>minentur.</span> <span class='ocrx_word' id='word_1_67' title='bbox 367 329 433 360; x_wconf 79' lang='lat' dir='ltr'>quae</span> <span class='ocrx_word' id='word_1_68' title='bbox 443 319 539 349; x_wconf 83' lang='lat' dir='ltr'>velita</span> <span class='ocrx_word' id='word_1_69' title='bbox 548 318 786 359; x_wconf 62' lang='lat' dir='ltr'>appellemusfid</span> <span class='ocrx_word' id='word_1_70' title='bbox 795 320 851 348; x_wconf 89' lang='lat' dir='ltr'>erit</span> <span class='ocrx_word' id='word_1_71' title='bbox 860 318 989 349; x_wconf 83' lang='lat' dir='ltr'>verbum</span> <span class='ocrx_word' id='word_1_72' title='bbox 1001 318 1018 348; x_wconf 83' lang='grc' dir='ltr'><strong>ὲ</strong></span> <span class='ocrx_word' id='word_1_73' title='bbox 1030 317 1135 356; x_wconf 87' lang='lat' dir='ltr'>verbo)</span> 
     </span>
     <span class='ocr_line' id='line_1_8' title="bbox 180 359 1137 405; baseline -0.007 -11"><span class='ocrx_word' id='word_1_74' title='bbox 180 368 197 385; x_wconf 76' lang='lat'>²</span> <span class='ocrx_word' id='word_1_75' title='bbox 210 364 405 405; x_wconf 56' lang='lat' dir='ltr'>veipromom&#39;,</span> <span class='ocrx_word' id='word_1_76' title='bbox 419 361 459 391; x_wconf 83' lang='lat'>.&amp;</span> <span class='ocrx_word' id='word_1_77' title='bbox 466 369 573 391; x_wconf 73' lang='lat' dir='ltr'>remota</span> <span class='ocrx_word' id='word_1_78' title='bbox 581 381 590 394; x_wconf 92' lang='lat'><em>,</em></span> <span class='ocrx_word' id='word_1_79' title='bbox 601 361 692 391; x_wconf 84' lang='lat' dir='ltr'>velut</span> <span class='ocrx_word' id='word_1_80' title='bbox 700 360 816 391; x_wconf 84' lang='lat' dir='ltr'>dudum</span> <span class='ocrx_word' id='word_1_81' title='bbox 833 359 980 393; x_wconf 81' lang='lat' dir='ltr'>diximus,</span> <span class='ocrx_word' id='word_1_82' title='bbox 986 359 1137 401; x_wconf 62' lang='grc' dir='ltr'>ρνιιροβηι,</span> 
     </span>
     <span class='ocr_line' id='line_1_9' title="bbox 175 401 1136 447; baseline -0.006 -11"><span class='ocrx_word' id='word_1_83' title='bbox 175 407 231 436; x_wconf 66' lang='lat' dir='ltr'>vel:</span> <span class='ocrx_word' id='word_1_84' title='bbox 240 405 397 447; x_wconf 43' lang='lat' dir='ltr'>precipua.</span> <span class='ocrx_word' id='word_1_85' title='bbox 416 403 450 434; x_wconf 72' lang='grc' dir='ltr'>δε</span> <span class='ocrx_word' id='word_1_86' title='bbox 470 404 521 433; x_wconf 89' lang='lat' dir='ltr'>illa</span> <span class='ocrx_word' id='word_1_87' title='bbox 528 402 637 440; x_wconf 67' lang='lat' dir='ltr'>rejesta.</span> <span class='ocrx_word' id='word_1_88' title='bbox 660 412 692 434; x_wconf 84' lang='lat' dir='ltr'>re</span> <span class='ocrx_word' id='word_1_89' title='bbox 700 404 783 433; x_wconf 87' lang='lat' dir='ltr'>enim</span> <span class='ocrx_word' id='word_1_90' title='bbox 793 401 947 432; x_wconf 55' lang='lat' dir='ltr'>intelle&amp;</span> <span class='ocrx_word' id='word_1_91' title='bbox 957 421 968 434; x_wconf 84' lang='lat'>‚</span> <span class='ocrx_word' id='word_1_92' title='bbox 984 404 1018 432; x_wconf 80' lang='lat' dir='ltr'>in</span> <span class='ocrx_word' id='word_1_93' title='bbox 1028 401 1136 432; x_wconf 88' lang='lat' dir='ltr'>verbo—</span> 
     </span>
     <span class='ocr_line' id='line_1_10' title="bbox 176 443 1134 484; baseline -0.006 -6"><span class='ocrx_word' id='word_1_94' title='bbox 176 454 245 478; x_wconf 75' lang='lat' dir='ltr'>rum</span> <span class='ocrx_word' id='word_1_95' title='bbox 266 447 318 477; x_wconf 87' lang='lat' dir='ltr'>usu</span> <span class='ocrx_word' id='word_1_96' title='bbox 347 446 448 476; x_wconf 77' lang='lat' dir='ltr'>faciles</span> <span class='ocrx_word' id='word_1_97' title='bbox 473 443 531 475; x_wconf 84' lang='lat' dir='ltr'>effe</span> <span class='ocrx_word' id='word_1_98' title='bbox 557 445 713 475; x_wconf 79' lang='lat' dir='ltr'>debemus.</span> <span class='ocrx_word' id='word_1_99' title='bbox 743 445 891 484; x_wconf 84' lang='lat' dir='ltr'>quoniam</span> <span class='ocrx_word' id='word_1_100' title='bbox 909 451 1010 473; x_wconf 86' lang='lat' dir='ltr'>autem</span> <span class='ocrx_word' id='word_1_101' title='bbox 1029 452 1134 476; x_wconf 90' lang='lat' dir='ltr'>omne,</span> 
     </span>
     <span class='ocr_line' id='line_1_11' title="bbox 175 483 1133 530; baseline -0.005 -11"><span class='ocrx_word' id='word_1_102' title='bbox 175 486 259 530; x_wconf 80' lang='lat' dir='ltr'>quod</span> <span class='ocrx_word' id='word_1_103' title='bbox 270 487 313 519; x_wconf 77' lang='lat' dir='ltr'>est</span> <span class='ocrx_word' id='word_1_104' title='bbox 327 488 442 518; x_wconf 84' lang='lat' dir='ltr'>bonum</span> <span class='ocrx_word' id='word_1_105' title='bbox 458 507 466 521; x_wconf 91' lang='lat'>‚</span> <span class='ocrx_word' id='word_1_106' title='bbox 485 488 622 527; x_wconf 85' lang='lat' dir='ltr'>primum</span> <span class='ocrx_word' id='word_1_107' title='bbox 633 487 737 516; x_wconf 88' lang='lat' dir='ltr'>locum</span> <span class='ocrx_word' id='word_1_108' title='bbox 748 495 848 516; x_wconf 86' lang='lat' dir='ltr'>tenere</span> <span class='ocrx_word' id='word_1_109' title='bbox 856 484 1004 518; x_wconf 81' lang='lat' dir='ltr'>dicimus,</span> <span class='ocrx_word' id='word_1_110' title='bbox 1017 483 1133 515; x_wconf 82' lang='lat' dir='ltr'>necefl&#39;e</span> 
     </span>
     <span class='ocr_line' id='line_1_12' title="bbox 177 525 1132 569; baseline -0.006 -8"><span class='ocrx_word' id='word_1_111' title='bbox 177 530 221 561; x_wconf 82' lang='lat' dir='ltr'>est</span> <span class='ocrx_word' id='word_1_112' title='bbox 232 551 240 565; x_wconf 86' lang='lat'>‚</span> <span class='ocrx_word' id='word_1_113' title='bbox 264 540 318 562; x_wconf 88' lang='lat' dir='ltr'>nec</span> <span class='ocrx_word' id='word_1_114' title='bbox 337 530 455 560; x_wconf 81' lang='lat' dir='ltr'>bonum</span> <span class='ocrx_word' id='word_1_115' title='bbox 468 528 526 559; x_wconf 79' lang='lat' dir='ltr'>effe</span> <span class='ocrx_word' id='word_1_116' title='bbox 536 549 546 563; x_wconf 88' lang='lat'>,</span> <span class='ocrx_word' id='word_1_117' title='bbox 565 539 622 559; x_wconf 87' lang='lat' dir='ltr'>nec</span> <span class='ocrx_word' id='word_1_118' title='bbox 633 529 750 558; x_wconf 86' lang='lat' dir='ltr'>malum</span> <span class='ocrx_word' id='word_1_119' title='bbox 760 528 820 557; x_wconf 87' lang='lat' dir='ltr'>hoc</span> <span class='ocrx_word' id='word_1_120' title='bbox 829 547 838 560; x_wconf 84' lang='lat'><strong>,</strong></span> <span class='ocrx_word' id='word_1_121' title='bbox 860 525 944 567; x_wconf 91' lang='lat' dir='ltr'>quod</span> <span class='ocrx_word' id='word_1_122' title='bbox 949 526 1132 569; x_wconf 57' lang='lat' dir='ltr'>praepositum,</span> 
     </span>
     <span class='ocr_line' id='line_1_13' title="bbox 175 567 1134 615; baseline -0.005 -12"><span class='ocrx_word' id='word_1_123' title='bbox 175 574 224 604; x_wconf 84' lang='lat' dir='ltr'>vel</span> <span class='ocrx_word' id='word_1_124' title='bbox 238 573 405 615; x_wconf 61' lang='lat' dir='ltr'>praecipuum</span> <span class='ocrx_word' id='word_1_125' title='bbox 421 573 628 602; x_wconf 82' lang='lat' dir='ltr'>nominamus.</span> <span class='ocrx_word' id='word_1_126' title='bbox 651 572 750 610; x_wconf 82' lang='lat' dir='ltr'>itaque</span> <span class='ocrx_word' id='word_1_127' title='bbox 761 569 793 599; x_wconf 89' lang='lat' dir='ltr'>id.</span> <span class='ocrx_word' id='word_1_128' title='bbox 800 567 966 599; x_wconf 78' lang='lat' dir='ltr'>definimus</span> <span class='ocrx_word' id='word_1_129' title='bbox 978 589 987 602; x_wconf 90' lang='lat'><em>,</em></span> <span class='ocrx_word' id='word_1_130' title='bbox 1005 568 1088 610; x_wconf 84' lang='lat' dir='ltr'>qnod</span> <span class='ocrx_word' id='word_1_131' title='bbox 1100 567 1134 598; x_wconf 89' lang='lat' dir='ltr'>fit</span> 
     </span>
    </p>
   </div>
   <div class='ocr_carea' id='block_1_6' title="bbox 174 610 1146 657">
    <p class='ocr_par' dir='ltr' id='par_1_6' title="bbox 174 610 1146 657">
     <span class='ocr_line' id='line_1_14' title="bbox 174 610 1146 657; baseline -0.007 -12"><span class='ocrx_word' id='word_1_132' title='bbox 174 615 343 657; x_wconf 65' lang='lat' dir='ltr'>indifferens,</span> <span class='ocrx_word' id='word_1_133' title='bbox 355 624 418 643; x_wconf 80' lang='lat' dir='ltr'>cum</span> <span class='ocrx_word' id='word_1_134' title='bbox 429 612 605 649; x_wconf 58' lang='lat' dir='ltr'>estimatione</span> <span class='ocrx_word' id='word_1_135' title='bbox 613 612 751 641; x_wconf 76' lang='lat' dir='ltr'>mediocri.</span> <span class='ocrx_word' id='word_1_136' title='bbox 763 610 846 651; x_wconf 86' lang='lat' dir='ltr'>quod</span> <span class='ocrx_word' id='word_1_137' title='bbox 855 612 939 641; x_wconf 89' lang='lat' dir='ltr'>enim</span> <span class='ocrx_word' id='word_1_138' title='bbox 950 611 997 640; x_wconf 82' lang='lat' dir='ltr'>illi</span> <span class='ocrx_word' id='word_1_139' title='bbox 1009 611 1146 644; x_wconf 68' lang='grc' dir='ltr'><strong><em>ἀδιάφορον·</em></strong></span> 
     </span>
    </p>
   </div>
   <div class='ocr_carea' id='block_1_7' title="bbox 108 652 1133 2410">
    <p class='ocr_par' dir='ltr' id='par_1_7' title="bbox 108 652 1133 2410">
     <span class='ocr_line' id='line_1_15' title="bbox 173 652 1133 694; baseline -0.008 -6"><span class='ocrx_word' id='word_1_140' title='bbox 173 658 299 691; x_wconf 77' lang='lat' dir='ltr'>dicunt,</span> <span class='ocrx_word' id='word_1_141' title='bbox 321 656 349 687; x_wconf 88' lang='lat' dir='ltr'>id</span> <span class='ocrx_word' id='word_1_142' title='bbox 362 657 440 685; x_wconf 79' lang='lat' dir='ltr'>mihi</span> <span class='ocrx_word' id='word_1_143' title='bbox 449 658 489 685; x_wconf 86' lang='lat' dir='ltr'>ita</span> <span class='ocrx_word' id='word_1_144' title='bbox 497 656 626 685; x_wconf 87' lang='lat' dir='ltr'>occurrit</span> <span class='ocrx_word' id='word_1_145' title='bbox 635 674 645 688; x_wconf 85' lang='lat'>‚</span> <span class='ocrx_word' id='word_1_146' title='bbox 667 663 699 684; x_wconf 90' lang='lat' dir='ltr'>ut</span> <span class='ocrx_word' id='word_1_147' title='bbox 706 653 864 694; x_wconf 79' lang='lat' dir='ltr'>indifferens</span> <span class='ocrx_word' id='word_1_148' title='bbox 871 652 1012 683; x_wconf 83' lang='lat' dir='ltr'>dicerem.</span> <span class='ocrx_word' id='word_1_149' title='bbox 1036 661 1133 693; x_wconf 91' lang='lat' dir='ltr'>neque</span> 
     </span>
     <span class='ocr_line' id='line_1_16' title="bbox 174 694 1133 737; baseline -0.007 -7"><span class='ocrx_word' id='word_1_150' title='bbox 174 701 261 730; x_wconf 74' lang='lat' dir='ltr'>enim</span> <span class='ocrx_word' id='word_1_151' title='bbox 286 698 362 729; x_wconf 89' lang='lat' dir='ltr'>illud</span> <span class='ocrx_word' id='word_1_152' title='bbox 376 696 439 728; x_wconf 85' lang='lat' dir='ltr'>fieri</span> <span class='ocrx_word' id='word_1_153' title='bbox 451 705 566 737; x_wconf 88' lang='lat' dir='ltr'>poterat</span> <span class='ocrx_word' id='word_1_154' title='bbox 575 697 640 726; x_wconf 89' lang='lat' dir='ltr'>ullo</span> <span class='ocrx_word' id='word_1_155' title='bbox 650 695 746 726; x_wconf 89' lang='lat' dir='ltr'>modo</span> <span class='ocrx_word' id='word_1_156' title='bbox 757 715 765 729; x_wconf 91' lang='lat'><strong><em>‚</em></strong></span> <span class='ocrx_word' id='word_1_157' title='bbox 786 703 818 725; x_wconf 82' lang='lat' dir='ltr'>ut</span> <span class='ocrx_word' id='word_1_158' title='bbox 827 695 907 725; x_wconf 78' lang='lat' dir='ltr'>nihil</span> <span class='ocrx_word' id='word_1_159' title='bbox 916 694 1133 735; x_wconf 81' lang='lat' dir='ltr'>relinqueretur</span> 
     </span>
     <span class='ocr_line' id='line_1_17' title="bbox 175 734 1132 781; baseline -0.007 -9"><span class='ocrx_word' id='word_1_160' title='bbox 175 743 211 772; x_wconf 79' lang='lat' dir='ltr'>in</span> <span class='ocrx_word' id='word_1_161' title='bbox 227 741 337 771; x_wconf 83' lang='lat' dir='ltr'>mediis</span> <span class='ocrx_word' id='word_1_162' title='bbox 347 761 356 774; x_wconf 93' lang='lat'><strong>,</strong></span> <span class='ocrx_word' id='word_1_163' title='bbox 376 740 457 781; x_wconf 90' lang='lat' dir='ltr'>quod</span> <span class='ocrx_word' id='word_1_164' title='bbox 468 748 517 769; x_wconf 86' lang='lat' dir='ltr'>aut</span> <span class='ocrx_word' id='word_1_165' title='bbox 525 738 690 769; x_wconf 86' lang='lat' dir='ltr'>secundum</span> <span class='ocrx_word' id='word_1_166' title='bbox 700 746 838 767; x_wconf 85' lang='lat' dir='ltr'>naturam</span> <span class='ocrx_word' id='word_1_167' title='bbox 850 734 921 766; x_wconf 75' lang='lat' dir='ltr'>efl&#39;et</span> <span class='ocrx_word' id='word_1_168' title='bbox 930 755 939 769; x_wconf 89' lang='lat'>‚</span> <span class='ocrx_word' id='word_1_169' title='bbox 962 736 1132 766; x_wconf 71' lang='lat' dir='ltr'>autcontta:</span> 
     </span>
     <span class='ocr_line' id='line_1_18' title="bbox 178 776 1132 821; baseline -0.007 -7"><span class='ocrx_word' id='word_1_170' title='bbox 178 782 319 817; x_wconf 55' lang='lat' dir='ltr'>nemesim</span> <span class='ocrx_word' id='word_1_171' title='bbox 333 782 362 812; x_wconf 90' lang='lat' dir='ltr'>id</span> <span class='ocrx_word' id='word_1_172' title='bbox 375 780 684 821; x_wconf 74' lang='lat' dir='ltr'>relinquereturmihil</span> <span class='ocrx_word' id='word_1_173' title='bbox 693 781 726 809; x_wconf 88' lang='lat' dir='ltr'>in</span> <span class='ocrx_word' id='word_1_174' title='bbox 739 780 786 808; x_wconf 81' lang='lat' dir='ltr'>his</span> <span class='ocrx_word' id='word_1_175' title='bbox 794 780 881 817; x_wconf 81' lang='lat' dir='ltr'>poni,</span> <span class='ocrx_word' id='word_1_176' title='bbox 905 777 966 808; x_wconf 85' lang='lat' dir='ltr'>uod</span> <span class='ocrx_word' id='word_1_177' title='bbox 976 778 1042 808; x_wconf 86' lang='lat' dir='ltr'>satis</span> <span class='ocrx_word' id='word_1_178' title='bbox 1052 776 1132 808; x_wconf 86' lang='lat' dir='ltr'>aesti—</span> 
     </span>
     <span class='ocr_line' id='line_1_19' title="bbox 177 818 1130 861; baseline -0.008 -5"><span class='ocrx_word' id='word_1_179' title='bbox 177 825 292 856; x_wconf 88' lang='lat' dir='ltr'>mabile</span> <span class='ocrx_word' id='word_1_180' title='bbox 303 823 374 855; x_wconf 85' lang='lat' dir='ltr'>effet</span> <span class='ocrx_word' id='word_1_181' title='bbox 388 834 393 853; x_wconf 91' lang='lat'>:</span> <span class='ocrx_word' id='word_1_182' title='bbox 408 827 421 850; x_wconf 89' lang='lat'>3</span> <span class='ocrx_word' id='word_1_183' title='bbox 431 832 486 852; x_wconf 89' lang='lat' dir='ltr'>nec</span> <span class='ocrx_word' id='word_1_184' title='bbox 500 823 557 852; x_wconf 88' lang='lat' dir='ltr'>hoc</span> <span class='ocrx_word' id='word_1_185' title='bbox 568 820 674 861; x_wconf 86' lang='lat' dir='ltr'>posito,</span> <span class='ocrx_word' id='word_1_186' title='bbox 685 830 749 850; x_wconf 90' lang='lat' dir='ltr'>non</span> <span class='ocrx_word' id='word_1_187' title='bbox 758 820 857 860; x_wconf 79' lang='lat' dir='ltr'>aliqua</span> <span class='ocrx_word' id='word_1_188' title='bbox 865 830 881 849; x_wconf 91' lang='lat' dir='ltr'>e</span> <span class='ocrx_word' id='word_1_189' title='bbox 905 818 958 849; x_wconf 66' lang='lat' dir='ltr'>ent</span> <span class='ocrx_word' id='word_1_190' title='bbox 967 818 1130 860; x_wconf 84' lang='lat' dir='ltr'>praepofita.</span> 
     </span>
     <span class='ocr_line' id='line_1_20' title="bbox 177 860 1130 907; baseline -0.008 -9"><span class='ocrx_word' id='word_1_191' title='bbox 177 867 273 898; x_wconf 65' lang='lat' dir='ltr'>Reste</span> <span class='ocrx_word' id='word_1_192' title='bbox 298 868 386 907; x_wconf 87' lang='lat' dir='ltr'>igitur</span> <span class='ocrx_word' id='word_1_193' title='bbox 406 865 469 894; x_wconf 81' lang='lat' dir='ltr'>haec</span> <span class='ocrx_word' id='word_1_194' title='bbox 482 863 560 893; x_wconf 64' lang='lat' dir='ltr'>faeta</span> <span class='ocrx_word' id='word_1_195' title='bbox 581 861 738 893; x_wconf 68' lang='lat' dir='ltr'>distin&amp;io</span> <span class='ocrx_word' id='word_1_196' title='bbox 756 860 822 894; x_wconf 68' lang='lat' dir='ltr'>est,</span> <span class='ocrx_word' id='word_1_197' title='bbox 837 871 922 901; x_wconf 79' lang='lat' dir='ltr'>atque</span> <span class='ocrx_word' id='word_1_198' title='bbox 932 863 1024 891; x_wconf 88' lang='lat' dir='ltr'>etiarn</span> <span class='ocrx_word' id='word_1_199' title='bbox 1034 861 1130 893; x_wconf 77' lang='lat' dir='ltr'>abiis,</span> 
     </span>
     <span class='ocr_line' id='line_1_21' title="bbox 175 901 1132 951; baseline -0.007 -12"><span class='ocrx_word' id='word_1_200' title='bbox 175 908 240 951; x_wconf 67' lang='lat' dir='ltr'>quo</span> <span class='ocrx_word' id='word_1_201' title='bbox 256 907 374 938; x_wconf 75' lang='lat' dir='ltr'>facilius</span> <span class='ocrx_word' id='word_1_202' title='bbox 396 916 440 936; x_wconf 83' lang='lat' dir='ltr'>res</span> <span class='ocrx_word' id='word_1_203' title='bbox 457 905 582 945; x_wconf 86' lang='lat' dir='ltr'>perspici</span> <span class='ocrx_word' id='word_1_204' title='bbox 603 902 691 943; x_wconf 88' lang='lat' dir='ltr'>poffit</span> <span class='ocrx_word' id='word_1_205' title='bbox 710 923 719 936; x_wconf 86' lang='lat'>‚</span> <span class='ocrx_word' id='word_1_206' title='bbox 739 904 803 932; x_wconf 51' lang='lat' dir='ltr'>hoc*</span> <span class='ocrx_word' id='word_1_207' title='bbox 815 901 913 932; x_wconf 89' lang='lat' dir='ltr'>fimile</span> <span class='ocrx_word' id='word_1_208' title='bbox 929 903 1066 942; x_wconf 81' lang='lat' dir='ltr'>ponitur.</span> <span class='ocrx_word' id='word_1_209' title='bbox 1089 905 1132 933; x_wconf 88' lang='lat' dir='ltr'>Ut</span> 
     </span>
     <span class='ocr_line' id='line_1_22' title="bbox 175 942 1130 989; baseline -0.004 -11"><span class='ocrx_word' id='word_1_210' title='bbox 175 953 261 981; x_wconf 85' lang='lat' dir='ltr'>enim</span> <span class='ocrx_word' id='word_1_211' title='bbox 271 969 280 984; x_wconf 87' lang='lat'>‚</span> <span class='ocrx_word' id='word_1_212' title='bbox 300 950 443 989; x_wconf 81' lang='lat' dir='ltr'>inquiunt</span> <span class='ocrx_word' id='word_1_213' title='bbox 451 965 462 980; x_wconf 92' lang='lat'>,</span> <span class='ocrx_word' id='word_1_214' title='bbox 473 944 494 975; x_wconf 79' lang='lat' dir='ltr'>fi</span> <span class='ocrx_word' id='word_1_215' title='bbox 504 946 561 975; x_wconf 84' lang='lat' dir='ltr'>hoc</span> <span class='ocrx_word' id='word_1_216' title='bbox 574 944 720 985; x_wconf 86' lang='lat' dir='ltr'>fingamus</span> <span class='ocrx_word' id='word_1_217' title='bbox 731 942 789 974; x_wconf 84' lang='lat' dir='ltr'>effe</span> <span class='ocrx_word' id='word_1_218' title='bbox 801 942 880 984; x_wconf 84' lang='lat' dir='ltr'>quasi</span> <span class='ocrx_word' id='word_1_219' title='bbox 891 942 985 974; x_wconf 87' lang='lat' dir='ltr'>finem</span> <span class='ocrx_word' id='word_1_220' title='bbox 995 964 1004 978; x_wconf 93' lang='lat'>,</span> <span class='ocrx_word' id='word_1_221' title='bbox 1017 945 1050 975; x_wconf 77' lang='grc' dir='ltr'>δε</span> <span class='ocrx_word' id='word_1_222' title='bbox 1060 945 1130 974; x_wconf 86' lang='lat' dir='ltr'>ulti-</span> 
     </span>
     <span class='ocr_line' id='line_1_23' title="bbox 175 984 1130 1029; baseline -0.004 -8"><span class='ocrx_word' id='word_1_223' title='bbox 175 1001 283 1025; x_wconf 85' lang='lat' dir='ltr'>mum,</span> <span class='ocrx_word' id='word_1_224' title='bbox 305 993 345 1021; x_wconf 87' lang='lat' dir='ltr'>ita</span> <span class='ocrx_word' id='word_1_225' title='bbox 362 998 428 1029; x_wconf 86' lang='lat' dir='ltr'>pars</span> <span class='ocrx_word' id='word_1_226' title='bbox 449 988 543 1023; x_wconf 82' lang='lat' dir='ltr'>iacere</span> <span class='ocrx_word' id='word_1_227' title='bbox 558 988 656 1017; x_wconf 82' lang='lat' dir='ltr'>talum</span> <span class='ocrx_word' id='word_1_228' title='bbox 669 1006 678 1020; x_wconf 86' lang='lat'>‚</span> <span class='ocrx_word' id='word_1_229' title='bbox 703 994 736 1016; x_wconf 91' lang='lat' dir='ltr'>ut</span> <span class='ocrx_word' id='word_1_230' title='bbox 752 985 849 1016; x_wconf 62' lang='lat' dir='ltr'>rectus</span> <span class='ocrx_word' id='word_1_231' title='bbox 868 984 973 1017; x_wconf 86' lang='lat' dir='ltr'>affistat</span> <span class='ocrx_word' id='word_1_232' title='bbox 992 996 999 1015; x_wconf 90' lang='lat'>:</span> <span class='ocrx_word' id='word_1_233' title='bbox 1029 988 1130 1028; x_wconf 88' lang='lat' dir='ltr'>quiita</span> 
     </span>
     <span class='ocr_line' id='line_1_24' title="bbox 175 1026 1130 1071; baseline -0.004 -8"><span class='ocrx_word' id='word_1_234' title='bbox 175 1034 252 1064; x_wconf 85' lang='lat' dir='ltr'>talus</span> <span class='ocrx_word' id='word_1_235' title='bbox 266 1034 322 1062; x_wconf 87' lang='lat' dir='ltr'>erit</span> <span class='ocrx_word' id='word_1_236' title='bbox 330 1030 439 1071; x_wconf 64' lang='lat' dir='ltr'>jaetus,</span> <span class='ocrx_word' id='word_1_237' title='bbox 450 1039 482 1060; x_wconf 90' lang='lat' dir='ltr'>ut</span> <span class='ocrx_word' id='word_1_238' title='bbox 492 1029 573 1059; x_wconf 76' lang='lat' dir='ltr'>cadat</span> <span class='ocrx_word' id='word_1_239' title='bbox 582 1027 680 1059; x_wconf 61' lang='lat' dir='ltr'>resius</span> <span class='ocrx_word' id='word_1_240' title='bbox 690 1048 699 1062; x_wconf 85' lang='lat'>‚</span> <span class='ocrx_word' id='word_1_241' title='bbox 720 1026 910 1068; x_wconf 83' lang='lat' dir='ltr'>praepositum</span> <span class='ocrx_word' id='word_1_242' title='bbox 921 1027 1066 1069; x_wconf 86' lang='lat' dir='ltr'>quiddam</span> <span class='ocrx_word' id='word_1_243' title='bbox 1078 1030 1130 1059; x_wconf 91' lang='lat' dir='ltr'>ha-</span> 
     </span>
     <span class='ocr_line' id='line_1_25' title="bbox 171 1070 1131 1112; baseline -0.004 -7"><span class='ocrx_word' id='word_1_244' title='bbox 171 1075 258 1106; x_wconf 83' lang='lat' dir='ltr'>bebit</span> <span class='ocrx_word' id='word_1_245' title='bbox 278 1074 314 1104; x_wconf 87' lang='lat' dir='ltr'>ad</span> <span class='ocrx_word' id='word_1_246' title='bbox 326 1072 420 1103; x_wconf 87' lang='lat' dir='ltr'>finem</span> <span class='ocrx_word' id='word_1_247' title='bbox 434 1083 439 1101; x_wconf 91' lang='lat'>·.</span> <span class='ocrx_word' id='word_1_248' title='bbox 459 1071 624 1112; x_wconf 82' lang='lat' dir='ltr'>quialiter,</span> <span class='ocrx_word' id='word_1_249' title='bbox 645 1070 750 1100; x_wconf 73' lang='lat' dir='ltr'>contra</span> <span class='ocrx_word' id='word_1_250' title='bbox 760 1080 766 1098; x_wconf 89' lang='lat'>:</span> <span class='ocrx_word' id='word_1_251' title='bbox 776 1079 874 1109; x_wconf 89' lang='lat' dir='ltr'>neque</span> <span class='ocrx_word' id='word_1_252' title='bbox 882 1079 983 1100; x_wconf 85' lang='lat' dir='ltr'>tamen</span> <span class='ocrx_word' id='word_1_253' title='bbox 993 1071 1047 1100; x_wconf 87' lang='lat' dir='ltr'>illa</span> <span class='ocrx_word' id='word_1_254' title='bbox 1056 1081 1131 1111; x_wconf 82' lang='lat' dir='ltr'>ptae-</span> 
     </span>
     <span class='ocr_line' id='line_1_26' title="bbox 170 1109 1129 1158; baseline -0.002 -12"><span class='ocrx_word' id='word_1_255' title='bbox 170 1115 281 1158; x_wconf 66' lang='lat' dir='ltr'>posi-tio</span> <span class='ocrx_word' id='word_1_256' title='bbox 291 1116 360 1150; x_wconf 86' lang='lat' dir='ltr'>tali,</span> <span class='ocrx_word' id='word_1_257' title='bbox 381 1115 417 1145; x_wconf 82' lang='lat' dir='ltr'>ad</span> <span class='ocrx_word' id='word_1_258' title='bbox 427 1123 498 1144; x_wconf 90' lang='lat' dir='ltr'>eum</span> <span class='ocrx_word' id='word_1_259' title='bbox 509 1134 516 1147; x_wconf 92' lang='lat'>‚</span> <span class='ocrx_word' id='word_1_260' title='bbox 541 1123 634 1154; x_wconf 84' lang='lat' dir='ltr'>quem</span> <span class='ocrx_word' id='word_1_261' title='bbox 647 1112 736 1144; x_wconf 81' lang='lat' dir='ltr'>dixi,</span> <span class='ocrx_word' id='word_1_262' title='bbox 747 1109 843 1142; x_wconf 86' lang='lat' dir='ltr'>finem</span> <span class='ocrx_word' id='word_1_263' title='bbox 851 1111 1011 1152; x_wconf 85' lang='lat' dir='ltr'>pertinebit</span> <span class='ocrx_word' id='word_1_264' title='bbox 1023 1111 1078 1144; x_wconf 85' lang='lat' dir='ltr'>:fic</span> <span class='ocrx_word' id='word_1_265' title='bbox 1087 1123 1129 1147; x_wconf 88' lang='lat' dir='ltr'>ea,</span> 
     </span>
     <span class='ocr_line' id='line_1_27' title="bbox 172 1152 1129 1199; baseline -0.005 -10"><span class='ocrx_word' id='word_1_266' title='bbox 172 1169 239 1199; x_wconf 85' lang='lat' dir='ltr'>quae</span> <span class='ocrx_word' id='word_1_267' title='bbox 254 1158 322 1188; x_wconf 80' lang='lat' dir='ltr'>sunt</span> <span class='ocrx_word' id='word_1_268' title='bbox 330 1155 480 1198; x_wconf 84' lang='lat' dir='ltr'>praeposita</span> <span class='ocrx_word' id='word_1_269' title='bbox 493 1175 501 1189; x_wconf 90' lang='lat'><strong>,</strong></span> <span class='ocrx_word' id='word_1_270' title='bbox 524 1154 695 1185; x_wconf 84' lang='lat' dir='ltr'>referuntur</span> <span class='ocrx_word' id='word_1_271' title='bbox 703 1154 754 1183; x_wconf 88' lang='lat' dir='ltr'>illa</span> <span class='ocrx_word' id='word_1_272' title='bbox 762 1153 887 1193; x_wconf 85' lang='lat' dir='ltr'>quidem</span> <span class='ocrx_word' id='word_1_273' title='bbox 898 1154 934 1185; x_wconf 88' lang='lat' dir='ltr'>ad</span> <span class='ocrx_word' id='word_1_274' title='bbox 945 1152 1041 1184; x_wconf 81' lang='lat' dir='ltr'>finem</span> <span class='ocrx_word' id='word_1_275' title='bbox 1053 1166 1058 1184; x_wconf 91' lang='lat'>:</span> <span class='ocrx_word' id='word_1_276' title='bbox 1081 1155 1129 1186; x_wconf 88' lang='lat' dir='ltr'>sed</span> 
     </span>
     <span class='ocr_line' id='line_1_28' title="bbox 123 1196 1130 1239; baseline -0.004 -8"><span class='ocrx_word' id='word_1_277' title='bbox 123 1232 131 1236; x_wconf 70' lang='grc'><strong>,</strong></span> <span class='ocrx_word' id='word_1_278' title='bbox 173 1201 212 1231; x_wconf 87' lang='lat' dir='ltr'>ad</span> <span class='ocrx_word' id='word_1_279' title='bbox 230 1201 294 1239; x_wconf 84' lang='lat' dir='ltr'>ejus</span> <span class='ocrx_word' id='word_1_280' title='bbox 313 1203 376 1230; x_wconf 86' lang='lat' dir='ltr'>vim</span> <span class='ocrx_word' id='word_1_281' title='bbox 387 1218 397 1232; x_wconf 92' lang='lat'><strong>‚</strong></span> <span class='ocrx_word' id='word_1_282' title='bbox 418 1206 612 1238; x_wconf 84' lang='lat' dir='ltr'>naturamque</span> <span class='ocrx_word' id='word_1_283' title='bbox 630 1196 710 1226; x_wconf 89' lang='lat' dir='ltr'>nihil</span> <span class='ocrx_word' id='word_1_284' title='bbox 730 1197 892 1235; x_wconf 81' lang='lat' dir='ltr'>pertinent.</span> <span class='ocrx_word' id='word_1_285' title='bbox 922 1198 1060 1237; x_wconf 85' lang='lat' dir='ltr'>Sequitur</span> <span class='ocrx_word' id='word_1_286' title='bbox 1079 1197 1130 1227; x_wconf 91' lang='lat' dir='ltr'>illa</span> 
     </span>
     <span class='ocr_line' id='line_1_29' title="bbox 170 1236 1130 1277; baseline -0.003 -5"><span class='ocrx_word' id='word_1_287' title='bbox 170 1241 284 1273; x_wconf 81' lang='lat' dir='ltr'>divifio</span> <span class='ocrx_word' id='word_1_288' title='bbox 295 1262 303 1276; x_wconf 88' lang='lat'><em>,</em></span> <span class='ocrx_word' id='word_1_289' title='bbox 315 1251 347 1271; x_wconf 89' lang='lat' dir='ltr'>ut</span> <span class='ocrx_word' id='word_1_290' title='bbox 357 1241 510 1270; x_wconf 87' lang='lat' dir='ltr'>bonorum</span> <span class='ocrx_word' id='word_1_291' title='bbox 523 1240 578 1269; x_wconf 89' lang='lat' dir='ltr'>alia</span> <span class='ocrx_word' id='word_1_292' title='bbox 588 1237 645 1268; x_wconf 88' lang='lat' dir='ltr'>fint</span> <span class='ocrx_word' id='word_1_293' title='bbox 653 1238 688 1268; x_wconf 85' lang='lat' dir='ltr'>ad</span> <span class='ocrx_word' id='word_1_294' title='bbox 698 1236 776 1267; x_wconf 84' lang='lat' dir='ltr'>illud</span> <span class='ocrx_word' id='word_1_295' title='bbox 785 1237 929 1267; x_wconf 85' lang='lat' dir='ltr'>ultimum</span> <span class='ocrx_word' id='word_1_296' title='bbox 939 1240 1130 1277; x_wconf 81' lang='lat' dir='ltr'>pertinentia,</span> 
     </span>
     <span class='ocr_line' id='line_1_30' title="bbox 173 1280 1129 1323; baseline -0.003 -9"><span class='ocrx_word' id='word_1_297' title='bbox 173 1281 225 1323; x_wconf 84' lang='lat' dir='ltr'>(fic</span> <span class='ocrx_word' id='word_1_298' title='bbox 234 1285 317 1314; x_wconf 89' lang='lat' dir='ltr'>enim</span> <span class='ocrx_word' id='word_1_299' title='bbox 328 1283 456 1323; x_wconf 85' lang='lat' dir='ltr'>appello,</span> <span class='ocrx_word' id='word_1_300' title='bbox 466 1290 531 1322; x_wconf 86' lang='lat' dir='ltr'>quae</span> <span class='ocrx_word' id='word_1_301' title='bbox 543 1283 630 1308; x_wconf 67' lang='grc' dir='ltr'>τελτκῐι</span> <span class='ocrx_word' id='word_1_302' title='bbox 639 1280 781 1310; x_wconf 88' lang='lat' dir='ltr'>dicuntur</span> <span class='ocrx_word' id='word_1_303' title='bbox 792 1289 798 1307; x_wconf 75' lang='lat' dir='ltr'>t</span> <span class='ocrx_word' id='word_1_304' title='bbox 808 1280 890 1318; x_wconf 79' lang='lat' dir='ltr'>4jam</span> <span class='ocrx_word' id='word_1_305' title='bbox 904 1280 962 1310; x_wconf 88' lang='lat' dir='ltr'>hoc</span> <span class='ocrx_word' id='word_1_306' title='bbox 972 1280 1068 1319; x_wconf 86' lang='lat' dir='ltr'>ipsum</span> <span class='ocrx_word' id='word_1_307' title='bbox 1080 1282 1129 1311; x_wconf 88' lang='lat' dir='ltr'>in-</span> 
     </span>
     <span class='ocr_line' id='line_1_31' title="bbox 171 1319 1130 1364; baseline -0.007 -8"><span class='ocrx_word' id='word_1_308' title='bbox 171 1325 332 1356; x_wconf 81' lang='lat' dir='ltr'>stituamus</span> <span class='ocrx_word' id='word_1_309' title='bbox 343 1345 352 1359; x_wconf 83' lang='lat'><em>‚</em></span> <span class='ocrx_word' id='word_1_310' title='bbox 363 1333 396 1354; x_wconf 78' lang='lat' dir='ltr'>ut</span> <span class='ocrx_word' id='word_1_311' title='bbox 408 1324 520 1364; x_wconf 85' lang='lat' dir='ltr'>placuit</span> <span class='ocrx_word' id='word_1_312' title='bbox 529 1342 537 1356; x_wconf 90' lang='lat'><strong>,</strong></span> <span class='ocrx_word' id='word_1_313' title='bbox 547 1321 676 1364; x_wconf 77' lang='lat' dir='ltr'>pluribus</span> <span class='ocrx_word' id='word_1_314' title='bbox 685 1319 777 1351; x_wconf 82' lang='lat' dir='ltr'>verbis</span> <span class='ocrx_word' id='word_1_315' title='bbox 785 1320 874 1350; x_wconf 83' lang='lat' dir='ltr'>dicere</span> <span class='ocrx_word' id='word_1_316' title='bbox 881 1340 889 1354; x_wconf 92' lang='lat'>,</span> <span class='ocrx_word' id='word_1_317' title='bbox 904 1324 917 1349; x_wconf 85' lang='lat'>5</span> <span class='ocrx_word' id='word_1_318' title='bbox 931 1321 1008 1362; x_wconf 79' lang='lat' dir='ltr'>quod</span> <span class='ocrx_word' id='word_1_319' title='bbox 1015 1332 1069 1352; x_wconf 74' lang='lat' dir='ltr'>una</span> <span class='ocrx_word' id='word_1_320' title='bbox 1078 1320 1130 1352; x_wconf 76' lang='lat' dir='ltr'>n&#39;on</span> 
     </span>
     <span class='ocr_line' id='line_1_32' title="bbox 169 1361 1127 1409; baseline -0.001 -13"><span class='ocrx_word' id='word_1_321' title='bbox 169 1368 345 1409; x_wconf 69' lang='lat' dir='ltr'>poterimus:</span> <span class='ocrx_word' id='word_1_322' title='bbox 355 1375 442 1396; x_wconf 90' lang='lat' dir='ltr'>utres</span> <span class='ocrx_word' id='word_1_323' title='bbox 453 1365 655 1405; x_wconf 83' lang='lat' dir='ltr'>intelligatur)</span> <span class='ocrx_word' id='word_1_324' title='bbox 678 1364 733 1393; x_wconf 87' lang='lat' dir='ltr'>alia</span> <span class='ocrx_word' id='word_1_325' title='bbox 745 1371 845 1393; x_wconf 90' lang='lat' dir='ltr'>autem</span> <span class='ocrx_word' id='word_1_326' title='bbox 855 1361 1017 1394; x_wconf 80' lang='lat' dir='ltr'>efficientia</span> <span class='ocrx_word' id='word_1_327' title='bbox 1031 1384 1041 1398; x_wconf 89' lang='lat'>‚</span> <span class='ocrx_word' id='word_1_328' title='bbox 1061 1374 1127 1404; x_wconf 83' lang='lat' dir='ltr'>quae</span> 
     </span>
     <span class='ocr_line' id='line_1_33' title="bbox 173 1405 1129 1446; baseline 0.005 -15"><span class='ocrx_word' id='word_1_329' title='bbox 173 1411 272 1439; x_wconf 51' lang='grc' dir='ltr'>θηρὶ</span> <span class='ocrx_word' id='word_1_330' title='bbox 282 1428 290 1442; x_wconf 83' lang='grc'><strong><em>,</em></strong></span> <span class='ocrx_word' id='word_1_331' title='bbox 302 1409 426 1440; x_wconf 50' lang='grc' dir='ltr'><strong><em>ποιητικὰ,</em></strong></span> <span class='ocrx_word' id='word_1_332' title='bbox 435 1407 490 1437; x_wconf 79' lang='lat' dir='ltr'>alia</span> <span class='ocrx_word' id='word_1_333' title='bbox 501 1415 673 1446; x_wconf 79' lang='lat' dir='ltr'>utrumque.</span> <span class='ocrx_word' id='word_1_334' title='bbox 696 1405 733 1434; x_wconf 89' lang='lat' dir='ltr'>de</span> <span class='ocrx_word' id='word_1_335' title='bbox 743 1405 962 1442; x_wconf 85' lang='lat' dir='ltr'>pertinentibus</span> <span class='ocrx_word' id='word_1_336' title='bbox 977 1424 985 1438; x_wconf 84' lang='lat'>,</span> <span class='ocrx_word' id='word_1_337' title='bbox 997 1406 1077 1436; x_wconf 82' lang='lat' dir='ltr'>nihil</span> <span class='ocrx_word' id='word_1_338' title='bbox 1087 1405 1129 1436; x_wconf 88' lang='lat' dir='ltr'>est</span> 
     </span>
     <span class='ocr_line' id='line_1_34' title="bbox 172 1444 1129 1488; baseline -0.002 -8"><span class='ocrx_word' id='word_1_339' title='bbox 172 1451 288 1481; x_wconf 82' lang='lat' dir='ltr'>bonum</span> <span class='ocrx_word' id='word_1_340' title='bbox 300 1469 309 1483; x_wconf 89' lang='lat'>‚</span> <span class='ocrx_word' id='word_1_341' title='bbox 328 1457 434 1488; x_wconf 86' lang='lat' dir='ltr'>praeter</span> <span class='ocrx_word' id='word_1_342' title='bbox 450 1447 574 1476; x_wconf 55' lang='lat' dir='ltr'>stiones</span> <span class='ocrx_word' id='word_1_343' title='bbox 591 1445 720 1481; x_wconf 51' lang='lat' dir='ltr'>honestae.</span> <span class='ocrx_word' id='word_1_344' title='bbox 743 1444 782 1474; x_wconf 82' lang='lat' dir='ltr'>de</span> <span class='ocrx_word' id='word_1_345' title='bbox 799 1444 1002 1476; x_wconf 75' lang='lat' dir='ltr'>efficientibus</span> <span class='ocrx_word' id='word_1_346' title='bbox 1014 1466 1023 1480; x_wconf 82' lang='lat'>‚</span> <span class='ocrx_word' id='word_1_347' title='bbox 1049 1448 1129 1478; x_wconf 68' lang='lat' dir='ltr'>niihil</span> 
     </span>
     <span class='ocr_line' id='line_1_35' title="bbox 169 1486 1126 1532; baseline -0.002 -10"><span class='ocrx_word' id='word_1_348' title='bbox 169 1500 275 1532; x_wconf 84' lang='lat' dir='ltr'>praeter</span> <span class='ocrx_word' id='word_1_349' title='bbox 289 1491 424 1519; x_wconf 63' lang='lat' dir='ltr'>ameum.</span> <span class='ocrx_word' id='word_1_350' title='bbox 445 1489 502 1519; x_wconf 85' lang='lat' dir='ltr'>Sed</span> <span class='ocrx_word' id='word_1_351' title='bbox 523 1488 556 1519; x_wconf 88' lang='lat'>&amp;</span> <span class='ocrx_word' id='word_1_352' title='bbox 572 1489 774 1528; x_wconf 80' lang='lat' dir='ltr'>pertinentem</span> <span class='ocrx_word' id='word_1_353' title='bbox 785 1506 795 1520; x_wconf 67' lang='lat'><em>2</em></span> <span class='ocrx_word' id='word_1_354' title='bbox 814 1486 830 1507; x_wconf 81' lang='lat'><strong><em>⁶</em></strong></span> <span class='ocrx_word' id='word_1_355' title='bbox 842 1487 876 1517; x_wconf 93' lang='lat'>&amp;</span> <span class='ocrx_word' id='word_1_356' title='bbox 887 1486 1126 1520; x_wconf 60' lang='lat' dir='ltr'>efficientemsae</span> 
     </span>
     <span class='ocr_line' id='line_1_36' title="bbox 193 1528 1129 1570; baseline -0.002 -7"><span class='ocrx_word' id='word_1_357' title='bbox 193 1535 315 1563; x_wconf 84' lang='lat' dir='ltr'>ientiam</span> <span class='ocrx_word' id='word_1_358' title='bbox 333 1532 441 1561; x_wconf 80' lang='lat' dir='ltr'>volunt</span> <span class='ocrx_word' id='word_1_359' title='bbox 458 1529 526 1560; x_wconf 88' lang='lat' dir='ltr'>esse.</span> <span class='ocrx_word' id='word_1_360' title='bbox 550 1540 621 1560; x_wconf 85' lang='lat' dir='ltr'>narn</span> <span class='ocrx_word' id='word_1_361' title='bbox 643 1530 713 1570; x_wconf 85' lang='lat' dir='ltr'>quia</span> <span class='ocrx_word' id='word_1_362' title='bbox 730 1528 931 1567; x_wconf 74' lang='lat' dir='ltr'>sapientiaest</span> <span class='ocrx_word' id='word_1_363' title='bbox 940 1531 1129 1561; x_wconf 82' lang='lat' dir='ltr'>conveniens</span> 
     </span>
     <span class='ocr_line' id='line_1_37' title="bbox 168 1570 1127 1613; baseline -0.005 -8"><span class='ocrx_word' id='word_1_364' title='bbox 168 1574 259 1607; x_wconf 64' lang='lat' dir='ltr'>acho,</span> <span class='ocrx_word' id='word_1_365' title='bbox 271 1578 287 1602; x_wconf 92' lang='grc'><strong><em>7</em></strong></span> <span class='ocrx_word' id='word_1_366' title='bbox 300 1572 342 1603; x_wconf 87' lang='lat' dir='ltr'>est</span> <span class='ocrx_word' id='word_1_367' title='bbox 353 1574 407 1602; x_wconf 88' lang='lat' dir='ltr'>illo</span> <span class='ocrx_word' id='word_1_368' title='bbox 417 1574 580 1613; x_wconf 64' lang='lat' dir='ltr'>pertinenti</span> <span class='ocrx_word' id='word_1_369' title='bbox 587 1581 698 1612; x_wconf 75' lang='lat' dir='ltr'>genere</span> <span class='ocrx_word' id='word_1_370' title='bbox 709 1590 719 1604; x_wconf 93' lang='lat'>‚</span> <span class='ocrx_word' id='word_1_371' title='bbox 738 1570 821 1611; x_wconf 83' lang='lat' dir='ltr'>quod</span> <span class='ocrx_word' id='word_1_372' title='bbox 832 1570 906 1600; x_wconf 87' lang='lat' dir='ltr'>dixi.</span> <span class='ocrx_word' id='word_1_373' title='bbox 930 1571 1012 1612; x_wconf 83' lang='lat' dir='ltr'>quod</span> <span class='ocrx_word' id='word_1_374' title='bbox 1025 1581 1127 1602; x_wconf 88' lang='lat' dir='ltr'>autem</span> 
     </span>
     <span class='ocr_line' id='line_1_38' title="bbox 165 1610 1128 1654; baseline -0.004 -8"><span class='ocrx_word' id='word_1_375' title='bbox 165 1615 307 1646; x_wconf 85' lang='lat' dir='ltr'>honestas</span> <span class='ocrx_word' id='word_1_376' title='bbox 316 1614 451 1646; x_wconf 68' lang='lat' dir='ltr'>afflones</span> <span class='ocrx_word' id='word_1_377' title='bbox 459 1613 562 1647; x_wconf 84' lang='lat' dir='ltr'>affert,</span> <span class='ocrx_word' id='word_1_378' title='bbox 583 1614 617 1643; x_wconf 89' lang='lat'>&amp;</span> <span class='ocrx_word' id='word_1_379' title='bbox 630 1612 724 1643; x_wconf 76' lang='lat' dir='ltr'>efficit</span> <span class='ocrx_word' id='word_1_380' title='bbox 732 1632 740 1646; x_wconf 92' lang='lat'><em>‚</em></span> <span class='ocrx_word' id='word_1_381' title='bbox 763 1611 796 1642; x_wconf 88' lang='lat' dir='ltr'>id</span> <span class='ocrx_word' id='word_1_382' title='bbox 807 1610 942 1643; x_wconf 84' lang='lat' dir='ltr'>efficiens</span> <span class='ocrx_word' id='word_1_383' title='bbox 951 1613 1011 1644; x_wconf 81' lang='lat' dir='ltr'>dici</span> <span class='ocrx_word' id='word_1_384' title='bbox 1021 1613 1128 1654; x_wconf 86' lang='lat' dir='ltr'>potest.</span> 
     </span>
     <span class='ocr_line' id='line_1_39' title="bbox 108 1654 1127 1706; baseline -0.004 -16"><span class='ocrx_word' id='word_1_385' title='bbox 108 1672 122 1697; x_wconf 60' lang='grc' dir='ltr'><strong><em>Κ</em></strong></span> <span class='ocrx_word' id='word_1_386' title='bbox 132 1672 150 1706; x_wconf 87' lang='lat'>7</span> <span class='ocrx_word' id='word_1_387' title='bbox 170 1661 243 1689; x_wconf 86' lang='lat' dir='ltr'>Haec</span> <span class='ocrx_word' id='word_1_388' title='bbox 253 1678 262 1693; x_wconf 87' lang='lat'>‚</span> <span class='ocrx_word' id='word_1_389' title='bbox 275 1667 346 1699; x_wconf 67' lang='lat' dir='ltr'>quae</span> <span class='ocrx_word' id='word_1_390' title='bbox 357 1655 507 1697; x_wconf 71' lang='lat' dir='ltr'>praepofita</span> <span class='ocrx_word' id='word_1_391' title='bbox 516 1656 663 1688; x_wconf 83' lang='lat' dir='ltr'>dicimus,</span> <span class='ocrx_word' id='word_1_392' title='bbox 679 1656 789 1694; x_wconf 81' lang='lat' dir='ltr'>partim</span> <span class='ocrx_word' id='word_1_393' title='bbox 801 1654 870 1684; x_wconf 87' lang='lat' dir='ltr'>sunt</span> <span class='ocrx_word' id='word_1_394' title='bbox 879 1664 931 1694; x_wconf 86' lang='lat' dir='ltr'>per</span> <span class='ocrx_word' id='word_1_395' title='bbox 940 1656 968 1686; x_wconf 83' lang='lat' dir='ltr'>se</span> <span class='ocrx_word' id='word_1_396' title='bbox 980 1656 1041 1696; x_wconf 86' lang='lat' dir='ltr'>ipsa</span> <span class='ocrx_word' id='word_1_397' title='bbox 1050 1666 1127 1696; x_wconf 82' lang='lat' dir='ltr'>prae-</span> 
     </span>
     <span class='ocr_line' id='line_1_40' title="bbox 166 1696 1127 1741; baseline -0.004 -10"><span class='ocrx_word' id='word_1_398' title='bbox 166 1699 276 1741; x_wconf 86' lang='lat' dir='ltr'>posita‚</span> <span class='ocrx_word' id='word_1_399' title='bbox 295 1702 401 1741; x_wconf 86' lang='lat' dir='ltr'>partim</span> <span class='ocrx_word' id='word_1_400' title='bbox 425 1697 508 1739; x_wconf 68' lang='lat' dir='ltr'>quod</span> <span class='ocrx_word' id='word_1_401' title='bbox 523 1697 639 1738; x_wconf 75' lang='lat' dir='ltr'>aliquid</span> <span class='ocrx_word' id='word_1_402' title='bbox 657 1696 814 1730; x_wconf 82' lang='lat' dir='ltr'>efficiunt,</span> <span class='ocrx_word' id='word_1_403' title='bbox 833 1699 941 1737; x_wconf 84' lang='lat' dir='ltr'>partim</span> <span class='ocrx_word' id='word_1_404' title='bbox 954 1707 1127 1739; x_wconf 87' lang='lat' dir='ltr'>utrumque.</span> 
     </span>
     <span class='ocr_line' id='line_1_41' title="bbox 167 1738 1127 1783; baseline -0.004 -10"><span class='ocrx_word' id='word_1_405' title='bbox 167 1753 219 1783; x_wconf 87' lang='lat' dir='ltr'>per</span> <span class='ocrx_word' id='word_1_406' title='bbox 238 1743 286 1775; x_wconf 86' lang='lat' dir='ltr'>se,</span> <span class='ocrx_word' id='word_1_407' title='bbox 311 1749 345 1772; x_wconf 87' lang='lat' dir='ltr'>ut</span> <span class='ocrx_word' id='word_1_408' title='bbox 366 1741 493 1782; x_wconf 81' lang='lat' dir='ltr'>quidam</span> <span class='ocrx_word' id='word_1_409' title='bbox 512 1738 628 1768; x_wconf 68' lang='lat' dir='ltr'>habitus</span> <span class='ocrx_word' id='word_1_410' title='bbox 642 1739 718 1772; x_wconf 69' lang='lat' dir='ltr'>oris,</span> <span class='ocrx_word' id='word_1_411' title='bbox 736 1738 902 1772; x_wconf 82' lang='lat' dir='ltr'>&amp;vultus‚</span> <span class='ocrx_word' id='word_1_412' title='bbox 921 1739 1075 1774; x_wconf 83' lang='lat' dir='ltr'>utstatus,</span> <span class='ocrx_word' id='word_1_413' title='bbox 1095 1749 1127 1771; x_wconf 90' lang='lat' dir='ltr'>ut</span> 
     </span>
     <span class='ocr_line' id='line_1_42' title="bbox 169 1780 1127 1824; baseline -0.003 -9"><span class='ocrx_word' id='word_1_414' title='bbox 169 1786 273 1815; x_wconf 81' lang='lat' dir='ltr'>motu‘s</span> <span class='ocrx_word' id='word_1_415' title='bbox 286 1795 292 1813; x_wconf 75' lang='lat'>1</span> <span class='ocrx_word' id='word_1_416' title='bbox 314 1786 346 1813; x_wconf 91' lang='lat' dir='ltr'>in</span> <span class='ocrx_word' id='word_1_417' title='bbox 367 1782 476 1824; x_wconf 88' lang='lat' dir='ltr'>quibus</span> <span class='ocrx_word' id='word_1_418' title='bbox 500 1782 569 1812; x_wconf 85' lang='lat' dir='ltr'>sunt</span> <span class='ocrx_word' id='word_1_419' title='bbox 579 1782 612 1810; x_wconf 90' lang='lat'>&amp;</span> <span class='ocrx_word' id='word_1_420' title='bbox 621 1780 820 1821; x_wconf 86' lang='lat' dir='ltr'>praeponenda</span> <span class='ocrx_word' id='word_1_421' title='bbox 829 1780 967 1821; x_wconf 86' lang='lat' dir='ltr'>quaedam</span> <span class='ocrx_word' id='word_1_422' title='bbox 980 1801 989 1815; x_wconf 85' lang='lat'>‚</span> <span class='ocrx_word' id='word_1_423' title='bbox 1014 1782 1127 1818; x_wconf 78' lang='lat' dir='ltr'>&amp;reji-</span> 
     </span>
     <span class='ocr_line' id='line_1_43' title="bbox 162 1819 1127 1863; baseline -0.002 -7"><span class='ocrx_word' id='word_1_424' title='bbox 162 1826 271 1856; x_wconf 85' lang='lat' dir='ltr'>cienda</span> <span class='ocrx_word' id='word_1_425' title='bbox 285 1836 290 1855; x_wconf 88' lang='lat'>:</span> <span class='ocrx_word' id='word_1_426' title='bbox 310 1825 366 1855; x_wconf 91' lang='lat' dir='ltr'>alia</span> <span class='ocrx_word' id='word_1_427' title='bbox 382 1824 424 1854; x_wconf 92' lang='lat' dir='ltr'>ob</span> <span class='ocrx_word' id='word_1_428' title='bbox 443 1833 508 1854; x_wconf 87' lang='lat' dir='ltr'>eam</span> <span class='ocrx_word' id='word_1_429' title='bbox 516 1832 580 1853; x_wconf 86' lang='lat' dir='ltr'>rem</span> <span class='ocrx_word' id='word_1_430' title='bbox 592 1819 607 1842; x_wconf 66' lang='grc' dir='ltr'>ὅ</span> <span class='ocrx_word' id='word_1_431' title='bbox 617 1820 770 1862; x_wconf 79' lang='lat' dir='ltr'>praepofita</span> <span class='ocrx_word' id='word_1_432' title='bbox 777 1822 918 1853; x_wconf 83' lang='lat' dir='ltr'>dicuntur</span> <span class='ocrx_word' id='word_1_433' title='bbox 929 1842 938 1856; x_wconf 86' lang='lat'><strong>,</strong></span> <span class='ocrx_word' id='word_1_434' title='bbox 956 1822 1041 1863; x_wconf 75' lang='lat' dir='ltr'>qubd</span> <span class='ocrx_word' id='word_1_435' title='bbox 1051 1833 1089 1853; x_wconf 80' lang='lat' dir='ltr'>ex</span> <span class='ocrx_word' id='word_1_436' title='bbox 1098 1824 1127 1854; x_wconf 85' lang='lat' dir='ltr'>se</span> 
     </span>
     <span class='ocr_line' id='line_1_44' title="bbox 166 1863 1126 1909; baseline -0.004 -10"><span class='ocrx_word' id='word_1_437' title='bbox 166 1868 280 1909; x_wconf 88' lang='lat' dir='ltr'>aliquid</span> <span class='ocrx_word' id='word_1_438' title='bbox 298 1865 431 1897; x_wconf 84' lang='lat' dir='ltr'>efficiant</span> <span class='ocrx_word' id='word_1_439' title='bbox 439 1886 449 1898; x_wconf 82' lang='lat'>,</span> <span class='ocrx_word' id='word_1_440' title='bbox 469 1865 646 1907; x_wconf 72' lang='lat' dir='ltr'>utpecunia:</span> <span class='ocrx_word' id='word_1_441' title='bbox 656 1866 714 1894; x_wconf 85' lang='lat' dir='ltr'>alia</span> <span class='ocrx_word' id='word_1_442' title='bbox 722 1872 824 1894; x_wconf 86' lang='lat' dir='ltr'>autem</span> <span class='ocrx_word' id='word_1_443' title='bbox 832 1863 873 1893; x_wconf 93' lang='lat' dir='ltr'>ob</span> <span class='ocrx_word' id='word_1_444' title='bbox 884 1872 1038 1906; x_wconf 84' lang='lat' dir='ltr'>utramque</span> <span class='ocrx_word' id='word_1_445' title='bbox 1048 1875 1126 1899; x_wconf 81' lang='lat' dir='ltr'>rem,</span> 
     </span>
     <span class='ocr_line' id='line_1_45' title="bbox 163 1905 1126 1950; baseline -0.003 -10"><span class='ocrx_word' id='word_1_446' title='bbox 163 1918 199 1940; x_wconf 78' lang='lat' dir='ltr'>ut</span> <span class='ocrx_word' id='word_1_447' title='bbox 219 1911 322 1950; x_wconf 79' lang='lat' dir='ltr'>integri</span> <span class='ocrx_word' id='word_1_448' title='bbox 340 1909 436 1948; x_wconf 68' lang='lat' dir='ltr'>fiensm</span> <span class='ocrx_word' id='word_1_449' title='bbox 446 1927 455 1941; x_wconf 93' lang='lat'><strong>,</strong></span> <span class='ocrx_word' id='word_1_450' title='bbox 476 1916 510 1938; x_wconf 80' lang='lat' dir='ltr'>ut</span> <span class='ocrx_word' id='word_1_451' title='bbox 526 1907 608 1937; x_wconf 89' lang='lat' dir='ltr'>bona</span> <span class='ocrx_word' id='word_1_452' title='bbox 623 1905 767 1936; x_wconf 87' lang='lat' dir='ltr'>valitudo.</span> <span class='ocrx_word' id='word_1_453' title='bbox 789 1905 827 1935; x_wconf 89' lang='lat' dir='ltr'>de</span> <span class='ocrx_word' id='word_1_454' title='bbox 849 1905 929 1936; x_wconf 84' lang='lat' dir='ltr'>bona</span> <span class='ocrx_word' id='word_1_455' title='bbox 938 1915 1036 1937; x_wconf 77' lang='lat' dir='ltr'>autern</span> <span class='ocrx_word' id='word_1_456' title='bbox 1047 1905 1126 1937; x_wconf 87' lang='lat' dir='ltr'>fama</span> 
     </span>
     <span class='ocr_line' id='line_1_46' title="bbox 165 1946 1126 1993; baseline -0.004 -12"><span class='ocrx_word' id='word_1_457' title='bbox 165 1954 174 1987; x_wconf 90' lang='lat'><strong><em>(</em></strong></span> <span class='ocrx_word' id='word_1_458' title='bbox 187 1962 276 1993; x_wconf 83' lang='lat' dir='ltr'>quam</span> <span class='ocrx_word' id='word_1_459' title='bbox 297 1961 381 1980; x_wconf 88' lang='lat' dir='ltr'>enim</span> <span class='ocrx_word' id='word_1_460' title='bbox 405 1950 555 1990; x_wconf 76' lang='lat' dir='ltr'>appellant</span> <span class='ocrx_word' id='word_1_461' title='bbox 571 1949 691 1985; x_wconf 64' lang='grc' dir='ltr'>ἐυδοξίαω,</span> <span class='ocrx_word' id='word_1_462' title='bbox 709 1949 807 1988; x_wconf 75' lang='lat' dir='ltr'>aptius</span> <span class='ocrx_word' id='word_1_463' title='bbox 825 1946 868 1977; x_wconf 90' lang='lat' dir='ltr'>est</span> <span class='ocrx_word' id='word_1_464' title='bbox 877 1948 1015 1978; x_wconf 85' lang='lat' dir='ltr'>hocloco</span> <span class='ocrx_word' id='word_1_465' title='bbox 1026 1947 1126 1977; x_wconf 85' lang='lat' dir='ltr'>bonam</span> 
     </span>
     <span class='ocr_line' id='line_1_47' title="bbox 153 1988 1123 2034; baseline -0.003 -11"><span class='ocrx_word' id='word_1_466' title='bbox 153 1995 275 2034; x_wconf 77' lang='lat' dir='ltr'>famam</span> <span class='ocrx_word' id='word_1_467' title='bbox 286 2014 294 2027; x_wconf 89' lang='lat'>‚</span> <span class='ocrx_word' id='word_1_468' title='bbox 306 1993 450 2033; x_wconf 83' lang='lat' dir='ltr'>appellare</span> <span class='ocrx_word' id='word_1_469' title='bbox 462 2011 471 2025; x_wconf 89' lang='lat'><strong>,</strong></span> <span class='ocrx_word' id='word_1_470' title='bbox 481 1991 572 2032; x_wconf 73' lang='lat' dir='ltr'>quam</span> <span class='ocrx_word' id='word_1_471' title='bbox 583 1991 710 2031; x_wconf 83' lang='lat' dir='ltr'>gloriam</span> <span class='ocrx_word' id='word_1_472' title='bbox 722 1991 732 2030; x_wconf 95' lang='lat'>)</span> <span class='ocrx_word' id='word_1_473' title='bbox 743 1988 921 2030; x_wconf 77' lang='lat' dir='ltr'>Chrysippus</span> <span class='ocrx_word' id='word_1_474' title='bbox 932 1990 1057 2031; x_wconf 90' lang='lat' dir='ltr'>quidem</span> <span class='ocrx_word' id='word_1_475' title='bbox 1069 2010 1076 2024; x_wconf 90' lang='lat'><strong>,</strong></span> <span class='ocrx_word' id='word_1_476' title='bbox 1090 1991 1123 2020; x_wconf 75' lang='grc' dir='ltr'>δε</span> 
     </span>
     <span class='ocr_line' id='line_1_48' title="bbox 162 2032 1126 2077; baseline -0.003 -11"><span class='ocrx_word' id='word_1_477' title='bbox 162 2039 321 2077; x_wconf 83' lang='lat' dir='ltr'>Diogenes</span> <span class='ocrx_word' id='word_1_478' title='bbox 340 2054 348 2068; x_wconf 94' lang='lat'>,</span> <span class='ocrx_word' id='word_1_479' title='bbox 375 2033 501 2065; x_wconf 59' lang='lat' dir='ltr'>detrahia</span> <span class='ocrx_word' id='word_1_480' title='bbox 520 2033 666 2066; x_wconf 85' lang='lat' dir='ltr'>utilitate,</span> <span class='ocrx_word' id='word_1_481' title='bbox 687 2041 725 2062; x_wconf 90' lang='lat' dir='ltr'>ne</span> <span class='ocrx_word' id='word_1_482' title='bbox 743 2032 873 2073; x_wconf 82' lang='lat' dir='ltr'>digitum</span> <span class='ocrx_word' id='word_1_483' title='bbox 892 2033 1018 2073; x_wconf 86' lang='lat' dir='ltr'>quidem</span> <span class='ocrx_word' id='word_1_484' title='bbox 1032 2052 1041 2066; x_wconf 91' lang='lat'>,</span> <span class='ocrx_word' id='word_1_485' title='bbox 1062 2033 1126 2073; x_wconf 86' lang='lat' dir='ltr'>ejus</span> 
     </span>
     <span class='ocr_line' id='line_1_49' title="bbox 159 2074 1124 2118; baseline -0.003 -10"><span class='ocrx_word' id='word_1_486' title='bbox 159 2079 257 2111; x_wconf 85' lang='lat' dir='ltr'>causa,</span> <span class='ocrx_word' id='word_1_487' title='bbox 266 2076 483 2118; x_wconf 85' lang='lat' dir='ltr'>porrigendum</span> <span class='ocrx_word' id='word_1_488' title='bbox 495 2074 553 2105; x_wconf 81' lang='lat' dir='ltr'>effe</span> <span class='ocrx_word' id='word_1_489' title='bbox 563 2074 710 2105; x_wconf 83' lang='lat' dir='ltr'>dicebant.</span> <span class='ocrx_word' id='word_1_490' title='bbox 733 2075 844 2114; x_wconf 84' lang='lat' dir='ltr'>quibus</span> <span class='ocrx_word' id='word_1_491' title='bbox 855 2084 910 2115; x_wconf 86' lang='lat' dir='ltr'>ego</span> <span class='ocrx_word' id='word_1_492' title='bbox 925 2076 1124 2105; x_wconf 85' lang='lat' dir='ltr'>vehementer</span> 
     </span>
     <span class='ocr_line' id='line_1_50' title="bbox 159 2115 1118 2160; baseline -0.004 -10"><span class='ocrx_word' id='word_1_493' title='bbox 159 2118 310 2150; x_wconf 83' lang='lat' dir='ltr'>assentior.</span> <span class='ocrx_word' id='word_1_494' title='bbox 334 2120 387 2160; x_wconf 90' lang='lat' dir='ltr'>qui</span> <span class='ocrx_word' id='word_1_495' title='bbox 406 2127 506 2148; x_wconf 89' lang='lat' dir='ltr'>autem</span> <span class='ocrx_word' id='word_1_496' title='bbox 526 2115 593 2157; x_wconf 81' lang='lat' dir='ltr'>post</span> <span class='ocrx_word' id='word_1_497' title='bbox 614 2125 666 2146; x_wconf 85' lang='lat' dir='ltr'>eos</span> <span class='ocrx_word' id='word_1_498' title='bbox 689 2115 811 2146; x_wconf 82' lang='lat' dir='ltr'>fuerunt</span> <span class='ocrx_word' id='word_1_499' title='bbox 822 2137 830 2150; x_wconf 93' lang='lat'>,</span> <span class='ocrx_word' id='word_1_500' title='bbox 851 2117 924 2147; x_wconf 62' lang='lat' dir='ltr'>crim</span> <span class='ocrx_word' id='word_1_501' title='bbox 934 2117 1118 2147; x_wconf 81' lang='lat' dir='ltr'>Carneadem</span> 
     </span>
     <span class='ocr_line' id='line_1_51' title="bbox 158 2157 1121 2200; baseline -0.004 -7"><span class='ocrx_word' id='word_1_502' title='bbox 158 2161 305 2193; x_wconf 73' lang='lat' dir='ltr'>sustinere</span> <span class='ocrx_word' id='word_1_503' title='bbox 316 2171 379 2191; x_wconf 89' lang='lat' dir='ltr'>non</span> <span class='ocrx_word' id='word_1_504' title='bbox 391 2158 528 2200; x_wconf 72' lang='lat' dir='ltr'>possent,</span> <span class='ocrx_word' id='word_1_505' title='bbox 552 2160 645 2191; x_wconf 87' lang='lat' dir='ltr'>hanc,</span> <span class='ocrx_word' id='word_1_506' title='bbox 664 2167 754 2198; x_wconf 89' lang='lat' dir='ltr'>quarn</span> <span class='ocrx_word' id='word_1_507' title='bbox 766 2157 831 2188; x_wconf 87' lang='lat' dir='ltr'>dixi</span> <span class='ocrx_word' id='word_1_508' title='bbox 845 2178 854 2192; x_wconf 87' lang='lat'><em>‚</em></span> <span class='ocrx_word' id='word_1_509' title='bbox 874 2158 986 2189; x_wconf 85' lang='lat' dir='ltr'>bonam</span> <span class='ocrx_word' id='word_1_510' title='bbox 997 2158 1121 2193; x_wconf 81' lang='lat' dir='ltr'>famam,</span> 
     </span>
     <span class='ocr_line' id='line_1_52' title="bbox 155 2199 1121 2245; baseline -0.004 -11"><span class='ocrx_word' id='word_1_511' title='bbox 155 2204 253 2245; x_wconf 74' lang='lat' dir='ltr'>ipsam</span> <span class='ocrx_word' id='word_1_512' title='bbox 272 2212 393 2243; x_wconf 85' lang='lat' dir='ltr'>propter</span> <span class='ocrx_word' id='word_1_513' title='bbox 402 2203 431 2232; x_wconf 84' lang='lat' dir='ltr'>se</span> <span class='ocrx_word' id='word_1_514' title='bbox 440 2199 624 2241; x_wconf 85' lang='lat' dir='ltr'>praepofitam</span> <span class='ocrx_word' id='word_1_515' title='bbox 637 2220 645 2234; x_wconf 86' lang='lat'><em>,</em></span> <span class='ocrx_word' id='word_1_516' title='bbox 666 2200 699 2230; x_wconf 89' lang='lat'>&amp;</span> <span class='ocrx_word' id='word_1_517' title='bbox 710 2200 885 2230; x_wconf 80' lang='lat' dir='ltr'>sumendam</span> <span class='ocrx_word' id='word_1_518' title='bbox 899 2199 956 2231; x_wconf 79' lang='lat' dir='ltr'>effe</span> <span class='ocrx_word' id='word_1_519' title='bbox 967 2200 1121 2235; x_wconf 80' lang='lat' dir='ltr'>dixerunt,</span> 
     </span>
     <span class='ocr_line' id='line_1_53' title="bbox 157 2240 1123 2286; baseline -0.004 -10"><span class='ocrx_word' id='word_1_520' title='bbox 157 2245 277 2286; x_wconf 80' lang='lat' dir='ltr'>ess&#39;eque</span> <span class='ocrx_word' id='word_1_521' title='bbox 297 2245 416 2274; x_wconf 58' lang='lat' dir='ltr'>hominis</span> <span class='ocrx_word' id='word_1_522' title='bbox 435 2244 567 2284; x_wconf 73' lang='lat' dir='ltr'>ingenui,</span> <span class='ocrx_word' id='word_1_523' title='bbox 586 2243 622 2275; x_wconf 72' lang='lat'>&amp;-</span> <span class='ocrx_word' id='word_1_524' title='bbox 642 2240 799 2271; x_wconf 73' lang='lat' dir='ltr'>liberaliter</span> <span class='ocrx_word' id='word_1_525' title='bbox 817 2242 930 2272; x_wconf 77' lang='lat' dir='ltr'>educari</span> <span class='ocrx_word' id='word_1_526' title='bbox 942 2263 950 2276; x_wconf 92' lang='lat'><strong><em>‚</em></strong></span> <span class='ocrx_word' id='word_1_527' title='bbox 972 2243 1040 2272; x_wconf 77' lang='lat' dir='ltr'>velle</span> <span class='ocrx_word' id='word_1_528' title='bbox 1060 2241 1123 2272; x_wconf 85' lang='lat' dir='ltr'>bene</span> 
     </span>
     <span class='ocr_line' id='line_1_54' title="bbox 157 2279 1121 2330; baseline -0.005 -13"><span class='ocrx_word' id='word_1_529' title='bbox 157 2284 282 2317; x_wconf 60' lang='lat' dir='ltr'>audit-eti</span> <span class='ocrx_word' id='word_1_530' title='bbox 288 2286 451 2330; x_wconf 66' lang='lat' dir='ltr'>parentibus</span> <span class='ocrx_word' id='word_1_531' title='bbox 464 2306 472 2317; x_wconf 86' lang='lat'>,</span> <span class='ocrx_word' id='word_1_532' title='bbox 493 2282 510 2313; x_wconf 70' lang='grc' dir='ltr'><em>ὰ</em></span> <span class='ocrx_word' id='word_1_533' title='bbox 518 2284 684 2326; x_wconf 74' lang='lat' dir='ltr'>propinquis</span> <span class='ocrx_word' id='word_1_534' title='bbox 695 2304 704 2318; x_wconf 92' lang='lat'>,</span> <span class='ocrx_word' id='word_1_535' title='bbox 716 2279 733 2312; x_wconf 73' lang='grc' dir='ltr'>ἶι</span> <span class='ocrx_word' id='word_1_536' title='bbox 743 2283 819 2314; x_wconf 79' lang='lat' dir='ltr'>bonis</span> <span class='ocrx_word' id='word_1_537' title='bbox 827 2286 915 2314; x_wconf 80' lang='lat' dir='ltr'>etiam</span> <span class='ocrx_word' id='word_1_538' title='bbox 924 2286 997 2314; x_wconf 82' lang='lat' dir='ltr'>viris</span> <span class='ocrx_word' id='word_1_539' title='bbox 1007 2305 1016 2318; x_wconf 91' lang='lat'>,</span> <span class='ocrx_word' id='word_1_540' title='bbox 1030 2283 1121 2326; x_wconf 86' lang='lat' dir='ltr'>idque</span> 
     </span>
     <span class='ocr_line' id='line_1_55' title="bbox 156 2326 1122 2370; baseline -0.004 -10"><span class='ocrx_word' id='word_1_541' title='bbox 156 2338 280 2370; x_wconf 82' lang='lat' dir='ltr'>propter</span> <span class='ocrx_word' id='word_1_542' title='bbox 292 2339 356 2359; x_wconf 83' lang='lat' dir='ltr'>rem</span> <span class='ocrx_word' id='word_1_543' title='bbox 366 2329 472 2368; x_wconf 77' lang='lat' dir='ltr'>ipsam,</span> <span class='ocrx_word' id='word_1_544' title='bbox 489 2337 552 2357; x_wconf 88' lang='lat' dir='ltr'>non</span> <span class='ocrx_word' id='word_1_545' title='bbox 563 2334 682 2367; x_wconf 85' lang='lat' dir='ltr'>propter</span> <span class='ocrx_word' id='word_1_546' title='bbox 693 2326 780 2355; x_wconf 89' lang='lat' dir='ltr'>usum</span> <span class='ocrx_word' id='word_1_547' title='bbox 793 2337 799 2355; x_wconf 88' lang='lat'>:</span> <span class='ocrx_word' id='word_1_548' title='bbox 811 2326 986 2368; x_wconf 89' lang='lat' dir='ltr'>dicuntque,</span> <span class='ocrx_word' id='word_1_549' title='bbox 1001 2336 1033 2356; x_wconf 92' lang='lat' dir='ltr'>ut</span> <span class='ocrx_word' id='word_1_550' title='bbox 1043 2327 1122 2356; x_wconf 76' lang='lat' dir='ltr'>libe-</span> 
     </span>
     <span class='ocr_line' id='line_1_56' title="bbox 156 2366 1121 2410; baseline -0.003 -8"><span class='ocrx_word' id='word_1_551' title='bbox 156 2375 197 2402; x_wconf 80' lang='lat' dir='ltr'>ris</span> <span class='ocrx_word' id='word_1_552' title='bbox 208 2371 382 2403; x_wconf 83' lang='lat' dir='ltr'>consultum</span> <span class='ocrx_word' id='word_1_553' title='bbox 393 2370 535 2403; x_wconf 84' lang='lat' dir='ltr'>velimus,</span> <span class='ocrx_word' id='word_1_554' title='bbox 546 2371 636 2399; x_wconf 83' lang='lat' dir='ltr'>etiam</span> <span class='ocrx_word' id='word_1_555' title='bbox 647 2366 667 2397; x_wconf 84' lang='lat' dir='ltr'>si</span> <span class='ocrx_word' id='word_1_556' title='bbox 678 2367 812 2408; x_wconf 84' lang='lat' dir='ltr'>postumi</span> <span class='ocrx_word' id='word_1_557' title='bbox 822 2368 917 2400; x_wconf 86' lang='lat' dir='ltr'>futuri</span> <span class='ocrx_word' id='word_1_558' title='bbox 928 2368 1121 2410; x_wconf 86' lang='lat' dir='ltr'>fint‚propter</span> 
     </span>
    </p>
   </div>
   <div class='ocr_carea' id='block_1_8' title="bbox 167 2477 272 2482">
    <p class='ocr_par' dir='ltr' id='par_1_8' title="bbox 167 2477 272 2482">
     <span class='ocr_line' id='line_1_57' title="bbox 167 2477 272 2482; baseline 0 0"><span class='ocrx_word' id='word_1_559' title='bbox 167 2477 272 2482; x_wconf 95' lang='lat' dir='ltr'> </span> 
     </span>
    </p>
   </div>
   <div class='ocr_carea' id='block_1_9' title="bbox 151 2506 1113 2644">
    <p class='ocr_par' dir='ltr' id='par_1_9' title="bbox 151 2506 1113 2644">
     <span class='ocr_line' id='line_1_58' title="bbox 195 2506 1112 2543; baseline -0.002 -9"><span class='ocrx_word' id='word_1_560' title='bbox 195 2517 218 2534; x_wconf 85' lang='lat' dir='ltr'>i.</span> <span class='ocrx_word' id='word_1_561' title='bbox 242 2511 296 2542; x_wconf 73' lang='lat' dir='ltr'>Q.e</span> <span class='ocrx_word' id='word_1_562' title='bbox 304 2512 419 2542; x_wconf 72' lang='lat' dir='ltr'>primario</span> <span class='ocrx_word' id='word_1_563' title='bbox 429 2508 561 2543; x_wconf 82' lang='lat' dir='ltr'>locofitm.]</span> <span class='ocrx_word' id='word_1_564' title='bbox 586 2508 687 2534; x_wconf 77' lang='lat' dir='ltr'>Locum</span> <span class='ocrx_word' id='word_1_565' title='bbox 698 2507 784 2533; x_wconf 86' lang='lat' dir='ltr'>minus</span> <span class='ocrx_word' id='word_1_566' title='bbox 796 2507 946 2542; x_wconf 83' lang='lat' dir='ltr'>integi-urii,</span> <span class='ocrx_word' id='word_1_567' title='bbox 956 2506 1046 2543; x_wconf 84' lang='lat' dir='ltr'>prodit</span> <span class='ocrx_word' id='word_1_568' title='bbox 1055 2506 1112 2543; x_wconf 83' lang='lat' dir='ltr'>pri-</span> 
     </span>
     <span class='ocr_line' id='line_1_59' title="bbox 152 2540 1112 2580; baseline -0.002 -9"><span class='ocrx_word' id='word_1_569' title='bbox 152 2549 212 2572; x_wconf 75' lang='lat' dir='ltr'>mus</span> <span class='ocrx_word' id='word_1_570' title='bbox 225 2540 284 2571; x_wconf 62' lang='lat' dir='ltr'>Paij</span> <span class='ocrx_word' id='word_1_571' title='bbox 302 2546 327 2571; x_wconf 91' lang='lat' dir='ltr'>in</span> <span class='ocrx_word' id='word_1_572' title='bbox 339 2554 392 2580; x_wconf 87' lang='lat' dir='ltr'>quo</span> <span class='ocrx_word' id='word_1_573' title='bbox 406 2564 413 2576; x_wconf 84' lang='lat'><strong><em>‚</em></strong></span> <span class='ocrx_word' id='word_1_574' title='bbox 429 2545 548 2578; x_wconf 62' lang='lat' dir='ltr'>primorie.</span> <span class='ocrx_word' id='word_1_575' title='bbox 570 2542 617 2569; x_wconf 83' lang='lat' dir='ltr'>sec.</span> <span class='ocrx_word' id='word_1_576' title='bbox 629 2544 655 2570; x_wconf 94' lang='lat' dir='ltr'>in</span> <span class='ocrx_word' id='word_1_577' title='bbox 675 2552 728 2578; x_wconf 84' lang='lat' dir='ltr'>quo</span> <span class='ocrx_word' id='word_1_578' title='bbox 745 2546 855 2576; x_wconf 72' lang='lat' dir='ltr'>primore.</span> <span class='ocrx_word' id='word_1_579' title='bbox 877 2542 1004 2579; x_wconf 80' lang='lat' dir='ltr'>Scaligeri</span> <span class='ocrx_word' id='word_1_580' title='bbox 1024 2551 1112 2575; x_wconf 85' lang='lat' dir='ltr'>vetus,</span> 
     </span>
     <span class='ocr_line' id='line_1_60' title="bbox 153 2578 1113 2616; baseline -0.001 -9"><span class='ocrx_word' id='word_1_581' title='bbox 153 2582 199 2616; x_wconf 85' lang='lat' dir='ltr'>qui</span> <span class='ocrx_word' id='word_1_582' title='bbox 208 2584 328 2614; x_wconf 72' lang='lat' dir='ltr'>primiore.</span> <span class='ocrx_word' id='word_1_583' title='bbox 341 2581 520 2616; x_wconf 79' lang='lat' dir='ltr'>ultimumque</span> <span class='ocrx_word' id='word_1_584' title='bbox 532 2599 540 2613; x_wconf 89' lang='lat'>‚</span> <span class='ocrx_word' id='word_1_585' title='bbox 551 2587 668 2607; x_wconf 79' lang='lat' dir='ltr'>meretur</span> <span class='ocrx_word' id='word_1_586' title='bbox 680 2588 790 2607; x_wconf 78' lang='lat' dir='ltr'>examen</span> <span class='ocrx_word' id='word_1_587' title='bbox 802 2578 889 2606; x_wconf 85' lang='lat' dir='ltr'>subire</span> <span class='ocrx_word' id='word_1_588' title='bbox 897 2580 1113 2614; x_wconf 71' lang='lat' dir='ltr'>Criucaejiuien-</span> 
     </span>
     <span class='ocr_line' id='line_1_61' title="bbox 151 2624 231 2644; baseline 0 0"><span class='ocrx_word' id='word_1_589' title='bbox 151 2624 231 2644; x_wconf 79' lang='lat' dir='ltr'>tutis,</span> 
     </span>
    </p>
   </div>
   <div class='ocr_carea' id='block_1_10' title="bbox 144 2651 1136 2724">
    <p class='ocr_par' dir='ltr' id='par_1_10' title="bbox 144 2651 1136 2724">
     <span class='ocr_line' id='line_1_62' title="bbox 190 2651 1136 2686; baseline -0.003 -7"><span class='ocrx_word' id='word_1_590' title='bbox 190 2663 219 2679; x_wconf 89' lang='lat'>2.</span> <span class='ocrx_word' id='word_1_591' title='bbox 239 2655 388 2686; x_wconf 59' lang='lat' dir='ltr'>Velprumtiae</span> <span class='ocrx_word' id='word_1_592' title='bbox 400 2673 407 2685; x_wconf 85' lang='grc'>,</span> <span class='ocrx_word' id='word_1_593' title='bbox 428 2654 458 2684; x_wconf 66' lang='lat'>&amp;⁶</span> <span class='ocrx_word' id='word_1_594' title='bbox 471 2659 558 2678; x_wconf 72' lang='lat' dir='ltr'>remota</span> <span class='ocrx_word' id='word_1_595' title='bbox 568 2671 575 2684; x_wconf 93' lang='lat'><em>‚</em></span> <span class='ocrx_word' id='word_1_596' title='bbox 586 2654 638 2684; x_wconf 77' lang='lat' dir='ltr'>vel,</span> <span class='ocrx_word' id='word_1_597' title='bbox 647 2658 673 2677; x_wconf 76' lang='lat' dir='ltr'>ut</span> <span class='ocrx_word' id='word_1_598' title='bbox 683 2652 770 2677; x_wconf 73' lang='lat' dir='ltr'>dudum</span> <span class='ocrx_word' id='word_1_599' title='bbox 780 2651 885 2677; x_wconf 62' lang='lat' dir='ltr'>diximm</span> <span class='ocrx_word' id='word_1_600' title='bbox 895 2671 904 2684; x_wconf 91' lang='lat'>‚</span> <span class='ocrx_word' id='word_1_601' title='bbox 919 2653 1037 2686; x_wconf 69' lang='lat' dir='ltr'>praepqla&#39;ta</span> <span class='ocrx_word' id='word_1_602' title='bbox 1049 2671 1056 2684; x_wconf 92' lang='lat'>,</span> <span class='ocrx_word' id='word_1_603' title='bbox 1075 2653 1119 2677; x_wconf 76' lang='lat' dir='ltr'>vel</span> <span class='ocrx_word' id='word_1_604' title='bbox 1134 2656 1136 2673; x_wconf 75' lang='lat'>1</span> 
     </span>
     <span class='ocr_line' id='line_1_63' title="bbox 144 2686 1135 2724; baseline -0.001 -9"><span class='ocrx_word' id='word_1_605' title='bbox 144 2692 276 2724; x_wconf 68' lang='lat' dir='ltr'>praeprua,</span> <span class='ocrx_word' id='word_1_606' title='bbox 285 2690 314 2720; x_wconf 68' lang='lat'>(17</span> <span class='ocrx_word' id='word_1_607' title='bbox 322 2692 365 2715; x_wconf 72' lang='lat' dir='ltr'>isla</span> <span class='ocrx_word' id='word_1_608' title='bbox 375 2689 485 2724; x_wconf 64' lang='lat' dir='ltr'>rejffla]</span> <span class='ocrx_word' id='word_1_609' title='bbox 507 2688 593 2714; x_wconf 83' lang='lat' dir='ltr'>Nolui</span> <span class='ocrx_word' id='word_1_610' title='bbox 605 2687 726 2714; x_wconf 81' lang='lat' dir='ltr'>recedere</span> <span class='ocrx_word' id='word_1_611' title='bbox 736 2687 767 2714; x_wconf 78' lang='lat' dir='ltr'>ab</span> <span class='ocrx_word' id='word_1_612' title='bbox 777 2686 894 2714; x_wconf 79' lang='lat' dir='ltr'>editione</span> <span class='ocrx_word' id='word_1_613' title='bbox 905 2688 1030 2719; x_wconf 73' lang='lat' dir='ltr'>Victorii,</span> <span class='ocrx_word' id='word_1_614' title='bbox 1042 2688 1114 2724; x_wconf 87' lang='lat' dir='ltr'>quod</span> <span class='ocrx_word' id='word_1_615' title='bbox 1134 2703 1135 2718; x_wconf 63' lang='lat'>2</span> 
     </span>
    </p>
   </div>
   <div class='ocr_carea' id='block_1_11' title="bbox 150 2724 1116 2905">
    <p class='ocr_par' dir='ltr' id='par_1_11' title="bbox 150 2724 1116 2834">
     <span class='ocr_line' id='line_1_64' title="bbox 150 2724 1116 2760; baseline -0.003 -7"><span class='ocrx_word' id='word_1_616' title='bbox 150 2728 189 2753; x_wconf 71' lang='lat' dir='ltr'>iti</span> <span class='ocrx_word' id='word_1_617' title='bbox 200 2734 280 2752; x_wconf 59' lang='lat' dir='ltr'>ctiam</span> <span class='ocrx_word' id='word_1_618' title='bbox 292 2733 397 2753; x_wconf 66' lang='lat' dir='ltr'>extaret</span> <span class='ocrx_word' id='word_1_619' title='bbox 408 2726 432 2751; x_wconf 86' lang='lat' dir='ltr'>in</span> <span class='ocrx_word' id='word_1_620' title='bbox 445 2725 513 2751; x_wconf 83' lang='lat' dir='ltr'>Pall.</span> <span class='ocrx_word' id='word_1_621' title='bbox 532 2725 626 2751; x_wconf 78' lang='lat' dir='ltr'>nostris</span> <span class='ocrx_word' id='word_1_622' title='bbox 639 2744 646 2755; x_wconf 86' lang='lat'>,</span> <span class='ocrx_word' id='word_1_623' title='bbox 665 2724 744 2753; x_wconf 77' lang='lat' dir='ltr'>etiam</span> <span class='ocrx_word' id='word_1_624' title='bbox 764 2724 868 2759; x_wconf 73' lang='lat' dir='ltr'>prirno5</span> <span class='ocrx_word' id='word_1_625' title='bbox 889 2724 937 2751; x_wconf 84' lang='lat' dir='ltr'>nisi</span> <span class='ocrx_word' id='word_1_626' title='bbox 947 2724 1018 2760; x_wconf 86' lang='lat' dir='ltr'>quod</span> <span class='ocrx_word' id='word_1_627' title='bbox 1028 2725 1050 2751; x_wconf 87' lang='lat' dir='ltr'>is</span> <span class='ocrx_word' id='word_1_628' title='bbox 1071 2725 1116 2750; x_wconf 82' lang='lat' dir='ltr'>ul-</span> 
     </span>
     <span class='ocr_line' id='line_1_65' title="bbox 151 2759 1110 2796; baseline -0.002 -8"><span class='ocrx_word' id='word_1_629' title='bbox 151 2762 219 2789; x_wconf 77' lang='lat' dir='ltr'>tima</span> <span class='ocrx_word' id='word_1_630' title='bbox 232 2771 293 2789; x_wconf 76' lang='lat' dir='ltr'>voce</span> <span class='ocrx_word' id='word_1_631' title='bbox 306 2782 314 2794; x_wconf 92' lang='lat'>‚</span> <span class='ocrx_word' id='word_1_632' title='bbox 333 2763 422 2796; x_wconf 61' lang='lat' dir='ltr'>refe-flu.</span> <span class='ocrx_word' id='word_1_633' title='bbox 442 2761 579 2788; x_wconf 68' lang='lat' dir='ltr'>Manutius</span> <span class='ocrx_word' id='word_1_634' title='bbox 591 2761 618 2786; x_wconf 91' lang='lat'>&amp;</span> <span class='ocrx_word' id='word_1_635' title='bbox 630 2760 776 2787; x_wconf 77' lang='lat' dir='ltr'>Lambinus</span> <span class='ocrx_word' id='word_1_636' title='bbox 786 2759 911 2793; x_wconf 85' lang='lat' dir='ltr'>demunt,</span> <span class='ocrx_word' id='word_1_637' title='bbox 924 2760 1028 2787; x_wconf 79' lang='lat' dir='ltr'>addunt</span> <span class='ocrx_word' id='word_1_638' title='bbox 1040 2780 1048 2793; x_wconf 86' lang='lat'><em>,</em></span> <span class='ocrx_word' id='word_1_639' title='bbox 1068 2760 1110 2787; x_wconf 61' lang='lat' dir='ltr'>sed</span> 
     </span>
     <span class='ocr_line' id='line_1_66' title="bbox 153 2797 699 2834; baseline -0.005 -9"><span class='ocrx_word' id='word_1_640' title='bbox 153 2806 205 2825; x_wconf 89' lang='lat' dir='ltr'>non</span> <span class='ocrx_word' id='word_1_641' title='bbox 216 2799 296 2825; x_wconf 72' lang='lat' dir='ltr'>etiam</span> <span class='ocrx_word' id='word_1_642' title='bbox 307 2797 484 2834; x_wconf 79' lang='lat' dir='ltr'>praeeuntibus</span> <span class='ocrx_word' id='word_1_643' title='bbox 496 2797 569 2823; x_wconf 87' lang='lat' dir='ltr'>libris</span> <span class='ocrx_word' id='word_1_644' title='bbox 581 2797 699 2823; x_wconf 69' lang='lat' dir='ltr'>vetustis.</span> 
     </span>
    </p>

    <p class='ocr_par' dir='ltr' id='par_1_12' title="bbox 153 2832 1110 2905">
     <span class='ocr_line' id='line_1_67' title="bbox 190 2832 1110 2869; baseline 0 -9"><span class='ocrx_word' id='word_1_645' title='bbox 190 2841 216 2869; x_wconf 80' lang='lat'>3..</span> <span class='ocrx_word' id='word_1_646' title='bbox 237 2838 285 2860; x_wconf 72' lang='lat' dir='ltr'>Nec</span> <span class='ocrx_word' id='word_1_647' title='bbox 294 2835 404 2868; x_wconf 75' lang='lat' dir='ltr'>hocpqfito</span> <span class='ocrx_word' id='word_1_648' title='bbox 415 2854 423 2866; x_wconf 97' lang='lat'>,</span> <span class='ocrx_word' id='word_1_649' title='bbox 442 2843 490 2859; x_wconf 83' lang='lat' dir='ltr'>non</span> <span class='ocrx_word' id='word_1_650' title='bbox 497 2835 582 2868; x_wconf 76' lang='lat' dir='ltr'>aliqua</span> <span class='ocrx_word' id='word_1_651' title='bbox 595 2834 663 2866; x_wconf 80' lang='lat' dir='ltr'>effent</span> <span class='ocrx_word' id='word_1_652' title='bbox 671 2833 818 2867; x_wconf 70' lang='lat' dir='ltr'>praepofita]</span> <span class='ocrx_word' id='word_1_653' title='bbox 839 2832 958 2869; x_wconf 76' lang='lat' dir='ltr'>Exprcffi</span> <span class='ocrx_word' id='word_1_654' title='bbox 971 2832 1042 2868; x_wconf 86' lang='lat' dir='ltr'>quod</span> <span class='ocrx_word' id='word_1_655' title='bbox 1053 2841 1110 2860; x_wconf 71' lang='lat' dir='ltr'>erat</span> 
     </span>
     <span class='ocr_line' id='line_1_68' title="bbox 153 2867 832 2905; baseline -0.003 -9"><span class='ocrx_word' id='word_1_656' title='bbox 153 2867 181 2896; x_wconf 68' lang='lat' dir='ltr'>in</span> <span class='ocrx_word' id='word_1_657' title='bbox 194 2871 289 2897; x_wconf 74' lang='lat' dir='ltr'>Maffaei</span> <span class='ocrx_word' id='word_1_658' title='bbox 300 2870 369 2896; x_wconf 86' lang='lat' dir='ltr'>libro</span> <span class='ocrx_word' id='word_1_659' title='bbox 380 2871 407 2896; x_wconf 70' lang='grc' dir='ltr'>ὅτ</span> <span class='ocrx_word' id='word_1_660' title='bbox 420 2870 476 2896; x_wconf 88' lang='lat' dir='ltr'>Pal.</span> <span class='ocrx_word' id='word_1_661' title='bbox 487 2878 528 2905; x_wconf 78' lang='lat' dir='ltr'>pr.</span> <span class='ocrx_word' id='word_1_662' title='bbox 541 2870 634 2905; x_wconf 77' lang='lat' dir='ltr'>vulgo,</span> <span class='ocrx_word' id='word_1_663' title='bbox 645 2879 686 2894; x_wconf 82' lang='lat' dir='ltr'>nec</span> <span class='ocrx_word' id='word_1_664' title='bbox 699 2871 742 2895; x_wconf 62' lang='grc' dir='ltr'>ἷκε</span> <span class='ocrx_word' id='word_1_665' title='bbox 748 2870 832 2902; x_wconf 74' lang='lat' dir='ltr'>poſsm.</span> 
     </span>
    </p>
   </div>
   <div class='ocr_carea' id='block_1_12' title="bbox 190 2904 1132 2949">
    <p class='ocr_par' dir='ltr' id='par_1_13' title="bbox 190 2904 1132 2949">
     <span class='ocr_line' id='line_1_69' title="bbox 190 2904 1132 2949; baseline -0.001 -18"><span class='ocrx_word' id='word_1_666' title='bbox 190 2912 218 2937; x_wconf 91' lang='lat'>4.</span> <span class='ocrx_word' id='word_1_667' title='bbox 237 2909 295 2940; x_wconf 59' lang='lat' dir='ltr'>Jam</span> <span class='ocrx_word' id='word_1_668' title='bbox 303 2908 344 2932; x_wconf 79' lang='lat' dir='ltr'>hoc</span> <span class='ocrx_word' id='word_1_669' title='bbox 354 2907 428 2941; x_wconf 71' lang='lat' dir='ltr'>ipfitm</span> <span class='ocrx_word' id='word_1_670' title='bbox 444 2906 623 2949; x_wconf 54' lang='lat' dir='ltr'>insinuantia]</span> <span class='ocrx_word' id='word_1_671' title='bbox 644 2906 734 2941; x_wconf 74' lang='lat' dir='ltr'>AEque</span> <span class='ocrx_word' id='word_1_672' title='bbox 747 2904 812 2932; x_wconf 85' lang='lat' dir='ltr'>benc</span> <span class='ocrx_word' id='word_1_673' title='bbox 824 2904 880 2932; x_wconf 84' lang='lat' dir='ltr'>l&#39;al.</span> <span class='ocrx_word' id='word_1_674' title='bbox 900 2914 940 2941; x_wconf 73' lang='lat' dir='ltr'>pr.</span> <span class='ocrx_word' id='word_1_675' title='bbox 960 2904 1009 2931; x_wconf 76' lang='lat' dir='ltr'>sec.</span> <span class='ocrx_word' id='word_1_676' title='bbox 1022 2911 1109 2941; x_wconf 72' lang='lat' dir='ltr'>quart.</span> <span class='ocrx_word' id='word_1_677' title='bbox 1130 2925 1132 2930; x_wconf 69' lang='lat'>.</span> 
     </span>
    </p>
   </div>
   <div class='ocr_carea' id='block_1_13' title="bbox 151 2941 1110 3112">
    <p class='ocr_par' dir='ltr' id='par_1_14' title="bbox 151 2941 1110 3112">
     <span class='ocr_line' id='line_1_70' title="bbox 154 2941 350 2969; baseline 0.005 -1"><span class='ocrx_word' id='word_1_678' title='bbox 154 2941 226 2968; x_wconf 75' lang='lat' dir='ltr'>sext.</span> <span class='ocrx_word' id='word_1_679' title='bbox 236 2951 292 2968; x_wconf 85' lang='lat' dir='ltr'>nam</span> <span class='ocrx_word' id='word_1_680' title='bbox 301 2943 350 2969; x_wconf 83' lang='lat' dir='ltr'>hoc.</span> 
     </span>
     <span class='ocr_line' id='line_1_71' title="bbox 192 2975 1110 3014; baseline 0.001 -11"><span class='ocrx_word' id='word_1_681' title='bbox 192 2985 221 3010; x_wconf 81' lang='lat'>5:</span> <span class='ocrx_word' id='word_1_682' title='bbox 238 2978 305 3011; x_wconf 66' lang='lat' dir='ltr'>Qud</span> <span class='ocrx_word' id='word_1_683' title='bbox 318 2987 362 3004; x_wconf 81' lang='lat' dir='ltr'>uno</span> <span class='ocrx_word' id='word_1_684' title='bbox 379 2987 426 3004; x_wconf 86' lang='lat' dir='ltr'>non</span> <span class='ocrx_word' id='word_1_685' title='bbox 438 2975 593 3013; x_wconf 60' lang='lat' dir='ltr'>miei-ibim]</span> <span class='ocrx_word' id='word_1_686' title='bbox 613 2977 749 3014; x_wconf 80' lang='lat' dir='ltr'>Negativa</span> <span class='ocrx_word' id='word_1_687' title='bbox 768 2977 858 3005; x_wconf 76' lang='lat' dir='ltr'>nonest</span> <span class='ocrx_word' id='word_1_688' title='bbox 879 2977 902 3004; x_wconf 90' lang='lat' dir='ltr'>in</span> <span class='ocrx_word' id='word_1_689' title='bbox 926 2977 997 3003; x_wconf 79' lang='lat' dir='ltr'>Aido</span> <span class='ocrx_word' id='word_1_690' title='bbox 1009 2984 1110 3010; x_wconf 74' lang='lat' dir='ltr'>vetere,</span> 
     </span>
     <span class='ocr_line' id='line_1_72' title="bbox 153 3014 955 3050; baseline -0.002 -9"><span class='ocrx_word' id='word_1_691' title='bbox 153 3022 239 3049; x_wconf 80' lang='lat' dir='ltr'>neque</span> <span class='ocrx_word' id='word_1_692' title='bbox 251 3014 276 3040; x_wconf 91' lang='lat' dir='ltr'>in</span> <span class='ocrx_word' id='word_1_693' title='bbox 288 3014 344 3039; x_wconf 87' lang='lat' dir='ltr'>ullo</span> <span class='ocrx_word' id='word_1_694' title='bbox 355 3014 536 3043; x_wconf 68' lang='lat' dir='ltr'>Paluinomm</span> <span class='ocrx_word' id='word_1_695' title='bbox 549 3026 555 3042; x_wconf 91' lang='grc'>;</span> <span class='ocrx_word' id='word_1_696' title='bbox 576 3015 688 3044; x_wconf 83' lang='lat' dir='ltr'>omnino</span> <span class='ocrx_word' id='word_1_697' title='bbox 699 3022 785 3041; x_wconf 81' lang='lat' dir='ltr'>tamen</span> <span class='ocrx_word' id='word_1_698' title='bbox 801 3015 955 3050; x_wconf 59' lang='lat' dir='ltr'>requiritur.</span> 
     </span>
     <span class='ocr_line' id='line_1_73' title="bbox 151 3049 1108 3112; baseline 0.002 -38"><span class='ocrx_word' id='word_1_699' title='bbox 151 3085 168 3112; x_wconf 67' lang='lat' dir='ltr'>f</span> <span class='ocrx_word' id='word_1_700' title='bbox 189 3050 216 3111; x_wconf 69' lang='lat' dir='ltr'>6s.</span> <span class='ocrx_word' id='word_1_701' title='bbox 236 3052 268 3075; x_wconf 83' lang='lat' dir='ltr'>Et</span> <span class='ocrx_word' id='word_1_702' title='bbox 278 3050 577 3111; x_wconf 42' lang='lat' dir='ltr'>ffifientemsapimtitzm]</span> <span class='ocrx_word' id='word_1_703' title='bbox 598 3051 655 3079; x_wconf 83' lang='lat' dir='ltr'>Pal.</span> <span class='ocrx_word' id='word_1_704' title='bbox 664 3060 707 3089; x_wconf 82' lang='lat' dir='ltr'>pr.</span> <span class='ocrx_word' id='word_1_705' title='bbox 718 3057 783 3078; x_wconf 78' lang='lat' dir='ltr'>tert.</span> <span class='ocrx_word' id='word_1_706' title='bbox 794 3058 880 3087; x_wconf 73' lang='lat' dir='ltr'>quart.</span> <span class='ocrx_word' id='word_1_707' title='bbox 892 3049 1108 3084; x_wconf 60' lang='lat' dir='ltr'>icxt.fizsientem,</span> 
     </span>
     <span class='ocr_line' id='line_1_74' title="bbox 165 3095 360 3112; baseline -0.005 0"><span class='ocrx_word' id='word_1_708' title='bbox 165 3095 195 3112; x_wconf 88' lang='lat'>01·</span> <span class='ocrx_word' id='word_1_709' title='bbox 209 3095 239 3112; x_wconf 78' lang='lat' dir='ltr'>an</span> <span class='ocrx_word' id='word_1_710' title='bbox 255 3095 296 3112; x_wconf 87' lang='lat' dir='ltr'>me</span> <span class='ocrx_word' id='word_1_711' title='bbox 310 3095 360 3112; x_wconf 87' lang='lat' dir='ltr'>iiis.</span> 
     </span>
    </p>
   </div>
   <div class='ocr_carea' id='block_1_14' title="bbox 1164 320 2133 1617">
    <p class='ocr_par' dir='ltr' id='par_1_15' title="bbox 1164 320 2133 1617">
     <span class='ocr_line' id='line_1_75' title="bbox 1175 320 2132 362; baseline 0.004 -14"><span class='ocrx_word' id='word_1_712' title='bbox 1175 326 1276 349; x_wconf 88' lang='lat' dir='ltr'>tamen</span> <span class='ocrx_word' id='word_1_713' title='bbox 1296 320 1338 351; x_wconf 86' lang='lat' dir='ltr'>est</span> <span class='ocrx_word' id='word_1_714' title='bbox 1351 341 1360 354; x_wconf 88' lang='lat'><em>‚</em></span> <span class='ocrx_word' id='word_1_715' title='bbox 1380 321 1466 362; x_wconf 80' lang='lat' dir='ltr'>fungi</span> <span class='ocrx_word' id='word_1_716' title='bbox 1476 320 1580 352; x_wconf 81' lang='lat' dir='ltr'>officio</span> <span class='ocrx_word' id='word_1_717' title='bbox 1593 342 1602 355; x_wconf 85' lang='lat'><em>‚</em></span> <span class='ocrx_word' id='word_1_718' title='bbox 1623 321 1695 354; x_wconf 74' lang='lat' dir='ltr'>curn</span> <span class='ocrx_word' id='word_1_719' title='bbox 1707 323 1738 354; x_wconf 82' lang='lat' dir='ltr'>id</span> <span class='ocrx_word' id='word_1_720' title='bbox 1747 322 1885 354; x_wconf 86' lang='lat' dir='ltr'>officium</span> <span class='ocrx_word' id='word_1_721' title='bbox 1897 343 1905 357; x_wconf 85' lang='lat'>‚</span> <span class='ocrx_word' id='word_1_722' title='bbox 1930 324 2027 353; x_wconf 86' lang='lat' dir='ltr'>necin</span> <span class='ocrx_word' id='word_1_723' title='bbox 2040 322 2132 357; x_wconf 74' lang='lat' dir='ltr'>bonis</span> 
     </span>
     <span class='ocr_line' id='line_1_76' title="bbox 1173 363 2133 406; baseline 0.005 -17"><span class='ocrx_word' id='word_1_724' title='bbox 1173 369 1321 399; x_wconf 85' lang='lat' dir='ltr'>ponamus</span> <span class='ocrx_word' id='word_1_725' title='bbox 1331 382 1339 396; x_wconf 92' lang='lat'>‚</span> <span class='ocrx_word' id='word_1_726' title='bbox 1363 366 1461 393; x_wconf 83' lang='lat' dir='ltr'>necin</span> <span class='ocrx_word' id='word_1_727' title='bbox 1474 364 1570 394; x_wconf 82' lang='lat' dir='ltr'>malis.</span> <span class='ocrx_word' id='word_1_728' title='bbox 1594 363 1637 394; x_wconf 87' lang='lat' dir='ltr'>est</span> <span class='ocrx_word' id='word_1_729' title='bbox 1646 366 1731 395; x_wconf 88' lang='lat' dir='ltr'>enim</span> <span class='ocrx_word' id='word_1_730' title='bbox 1742 364 1856 406; x_wconf 86' lang='lat' dir='ltr'>aliquid</span> <span class='ocrx_word' id='word_1_731' title='bbox 1865 367 1897 395; x_wconf 86' lang='lat' dir='ltr'>in</span> <span class='ocrx_word' id='word_1_732' title='bbox 1908 365 1954 395; x_wconf 87' lang='lat' dir='ltr'>his</span> <span class='ocrx_word' id='word_1_733' title='bbox 1964 364 2051 395; x_wconf 90' lang='lat' dir='ltr'>rebus</span> <span class='ocrx_word' id='word_1_734' title='bbox 2060 374 2133 403; x_wconf 76' lang='lat' dir='ltr'>pro-</span> 
     </span>
     <span class='ocr_line' id='line_1_77' title="bbox 1175 401 2131 447; baseline 0.006 -16"><span class='ocrx_word' id='word_1_735' title='bbox 1175 401 1271 432; x_wconf 85' lang='lat' dir='ltr'>babile</span> <span class='ocrx_word' id='word_1_736' title='bbox 1284 423 1292 437; x_wconf 93' lang='lat'>,</span> <span class='ocrx_word' id='word_1_737' title='bbox 1313 404 1347 434; x_wconf 90' lang='lat'>&amp;</span> <span class='ocrx_word' id='word_1_738' title='bbox 1359 404 1484 445; x_wconf 88' lang='lat' dir='ltr'>quidem</span> <span class='ocrx_word' id='word_1_739' title='bbox 1494 407 1533 436; x_wconf 86' lang='lat' dir='ltr'>ita</span> <span class='ocrx_word' id='word_1_740' title='bbox 1543 426 1551 439; x_wconf 88' lang='lat'>‚</span> <span class='ocrx_word' id='word_1_741' title='bbox 1571 415 1604 436; x_wconf 91' lang='lat' dir='ltr'>ut</span> <span class='ocrx_word' id='word_1_742' title='bbox 1617 407 1680 446; x_wconf 85' lang='lat' dir='ltr'>ejus</span> <span class='ocrx_word' id='word_1_743' title='bbox 1692 408 1767 437; x_wconf 81' lang='lat' dir='ltr'>ratio</span> <span class='ocrx_word' id='word_1_744' title='bbox 1778 406 1862 437; x_wconf 85' lang='lat' dir='ltr'>reddi</span> <span class='ocrx_word' id='word_1_745' title='bbox 1871 405 1965 447; x_wconf 80' lang='lat' dir='ltr'>poffit.</span> <span class='ocrx_word' id='word_1_746' title='bbox 1987 409 2002 433; x_wconf 81' lang='lat'>9</span> <span class='ocrx_word' id='word_1_747' title='bbox 2012 405 2084 447; x_wconf 69' lang='lat' dir='ltr'>ergo</span> <span class='ocrx_word' id='word_1_748' title='bbox 2098 416 2131 437; x_wconf 81' lang='lat' dir='ltr'>ut</span> 
     </span>
     <span class='ocr_line' id='line_1_78' title="bbox 1173 445 2131 488; baseline 0.006 -16"><span class='ocrx_word' id='word_1_749' title='bbox 1173 445 1263 474; x_wconf 86' lang='lat' dir='ltr'>etiam</span> <span class='ocrx_word' id='word_1_750' title='bbox 1286 445 1480 485; x_wconf 71' lang='lat' dir='ltr'>probabiliter</span> <span class='ocrx_word' id='word_1_751' title='bbox 1497 446 1554 477; x_wconf 64' lang='lat' dir='ltr'>acti</span> <span class='ocrx_word' id='word_1_752' title='bbox 1566 453 1641 478; x_wconf 78' lang='lat' dir='ltr'>ratio</span> <span class='ocrx_word' id='word_1_753' title='bbox 1651 448 1736 479; x_wconf 86' lang='lat' dir='ltr'>reddi</span> <span class='ocrx_word' id='word_1_754' title='bbox 1744 447 1841 488; x_wconf 80' lang='lat' dir='ltr'>poffit.</span> <span class='ocrx_word' id='word_1_755' title='bbox 1865 447 1916 479; x_wconf 87' lang='lat' dir='ltr'>Est</span> <span class='ocrx_word' id='word_1_756' title='bbox 1925 457 2024 478; x_wconf 85' lang='lat' dir='ltr'>autem</span> <span class='ocrx_word' id='word_1_757' title='bbox 2036 458 2131 478; x_wconf 72' lang='lat' dir='ltr'><strong>OFFz-</strong></span> 
     </span>
     <span class='ocr_line' id='line_1_79' title="bbox 1174 487 2129 531; baseline 0.004 -15"><span class='ocrx_word' id='word_1_758' title='bbox 1174 495 1267 516; x_wconf 74' lang='lat' dir='ltr'>cmm</span> <span class='ocrx_word' id='word_1_759' title='bbox 1278 505 1286 520; x_wconf 89' lang='lat'>,</span> <span class='ocrx_word' id='word_1_760' title='bbox 1327 487 1389 517; x_wconf 91' lang='lat' dir='ltr'>uod</span> <span class='ocrx_word' id='word_1_761' title='bbox 1406 489 1449 517; x_wconf 86' lang='lat' dir='ltr'>ita</span> <span class='ocrx_word' id='word_1_762' title='bbox 1466 487 1579 518; x_wconf 57' lang='lat' dir='ltr'>faRum</span> <span class='ocrx_word' id='word_1_763' title='bbox 1600 489 1660 523; x_wconf 82' lang='lat' dir='ltr'>est,</span> <span class='ocrx_word' id='word_1_764' title='bbox 1682 499 1714 520; x_wconf 89' lang='lat' dir='ltr'>ut</span> <span class='ocrx_word' id='word_1_765' title='bbox 1722 491 1787 531; x_wconf 81' lang='lat' dir='ltr'>ejus</span> <span class='ocrx_word' id='word_1_766' title='bbox 1797 489 1869 521; x_wconf 59' lang='lat' dir='ltr'>facti</span> <span class='ocrx_word' id='word_1_767' title='bbox 1881 490 2044 529; x_wconf 81' lang='lat' dir='ltr'>probabilis</span> <span class='ocrx_word' id='word_1_768' title='bbox 2053 500 2129 521; x_wconf 70' lang='lat' dir='ltr'>ratio</span> 
     </span>
     <span class='ocr_line' id='line_1_80' title="bbox 1171 527 2129 573; baseline 0.007 -17"><span class='ocrx_word' id='word_1_769' title='bbox 1171 527 1255 557; x_wconf 86' lang='lat' dir='ltr'>reddi</span> <span class='ocrx_word' id='word_1_770' title='bbox 1263 537 1303 567; x_wconf 89' lang='lat' dir='ltr'>po</span> <span class='ocrx_word' id='word_1_771' title='bbox 1327 538 1361 558; x_wconf 79' lang='lat' dir='ltr'>it.</span> <span class='ocrx_word' id='word_1_772' title='bbox 1385 539 1422 558; x_wconf 88' lang='lat' dir='ltr'>ex</span> <span class='ocrx_word' id='word_1_773' title='bbox 1432 539 1493 569; x_wconf 89' lang='lat' dir='ltr'>quo</span> <span class='ocrx_word' id='word_1_774' title='bbox 1506 531 1683 571; x_wconf 85' lang='lat' dir='ltr'>intelligitur</span> <span class='ocrx_word' id='word_1_775' title='bbox 1696 553 1706 565; x_wconf 90' lang='lat'>,</span> <span class='ocrx_word' id='word_1_776' title='bbox 1729 531 1869 562; x_wconf 84' lang='lat' dir='ltr'>officium</span> <span class='ocrx_word' id='word_1_777' title='bbox 1882 531 2018 562; x_wconf 82' lang='lat' dir='ltr'>medium</span> <span class='ocrx_word' id='word_1_778' title='bbox 2029 533 2129 573; x_wconf 85' lang='lat' dir='ltr'>quod-</span> 
     </span>
     <span class='ocr_line' id='line_1_81' title="bbox 1170 568 2131 615; baseline 0.007 -17"><span class='ocrx_word' id='word_1_779' title='bbox 1170 568 1239 599; x_wconf 89' lang='lat' dir='ltr'>dam</span> <span class='ocrx_word' id='word_1_780' title='bbox 1251 568 1309 602; x_wconf 75' lang='lat' dir='ltr'>efl&#39;e</span> <span class='ocrx_word' id='word_1_781' title='bbox 1321 589 1329 603; x_wconf 88' lang='lat'>‚</span> <span class='ocrx_word' id='word_1_782' title='bbox 1350 571 1431 610; x_wconf 91' lang='lat' dir='ltr'>quod</span> <span class='ocrx_word' id='word_1_783' title='bbox 1441 581 1537 612; x_wconf 89' lang='lat' dir='ltr'>neque</span> <span class='ocrx_word' id='word_1_784' title='bbox 1547 574 1579 602; x_wconf 87' lang='lat' dir='ltr'>in</span> <span class='ocrx_word' id='word_1_785' title='bbox 1591 573 1680 604; x_wconf 84' lang='lat' dir='ltr'>bonis</span> <span class='ocrx_word' id='word_1_786' title='bbox 1689 583 1816 614; x_wconf 85' lang='lat' dir='ltr'>ponatur</span> <span class='ocrx_word' id='word_1_787' title='bbox 1826 594 1834 607; x_wconf 90' lang='lat'>.</span> <span class='ocrx_word' id='word_1_788' title='bbox 1862 575 2002 615; x_wconf 78' lang='lat' dir='ltr'>nequem</span> <span class='ocrx_word' id='word_1_789' title='bbox 2011 583 2131 605; x_wconf 80' lang='lat' dir='ltr'>contia—</span> 
     </span>
     <span class='ocr_line' id='line_1_82' title="bbox 1170 612 2129 657; baseline 0.007 -18"><span class='ocrx_word' id='word_1_790' title='bbox 1170 612 1231 641; x_wconf 88' lang='lat' dir='ltr'>riis.</span> <span class='ocrx_word' id='word_1_791' title='bbox 1255 613 1462 652; x_wconf 83' lang='lat' dir='ltr'>quoniamque</span> <span class='ocrx_word' id='word_1_792' title='bbox 1481 615 1513 644; x_wconf 85' lang='lat' dir='ltr'>in</span> <span class='ocrx_word' id='word_1_793' title='bbox 1534 616 1570 643; x_wconf 88' lang='lat' dir='ltr'>iis</span> <span class='ocrx_word' id='word_1_794' title='bbox 1588 614 1674 645; x_wconf 86' lang='lat' dir='ltr'>rebus</span> <span class='ocrx_word' id='word_1_795' title='bbox 1687 635 1695 648; x_wconf 87' lang='lat'><em>,</em></span> <span class='ocrx_word' id='word_1_796' title='bbox 1718 626 1783 657; x_wconf 83' lang='lat' dir='ltr'>quae</span> <span class='ocrx_word' id='word_1_797' title='bbox 1802 626 1900 657; x_wconf 88' lang='lat' dir='ltr'>neque</span> <span class='ocrx_word' id='word_1_798' title='bbox 1917 617 1950 646; x_wconf 89' lang='lat' dir='ltr'>in</span> <span class='ocrx_word' id='word_1_799' title='bbox 1968 614 2129 646; x_wconf 73' lang='lat' dir='ltr'>virtutihus</span> 
     </span>
     <span class='ocr_line' id='line_1_83' title="bbox 1170 652 2128 698; baseline 0.007 -17"><span class='ocrx_word' id='word_1_800' title='bbox 1170 652 1254 687; x_wconf 83' lang='lat' dir='ltr'>sunt,</span> <span class='ocrx_word' id='word_1_801' title='bbox 1268 662 1367 693; x_wconf 89' lang='lat' dir='ltr'>neque</span> <span class='ocrx_word' id='word_1_802' title='bbox 1380 655 1414 683; x_wconf 89' lang='lat' dir='ltr'>in</span> <span class='ocrx_word' id='word_1_803' title='bbox 1425 656 1518 688; x_wconf 85' lang='lat' dir='ltr'>vitiis,</span> <span class='ocrx_word' id='word_1_804' title='bbox 1530 655 1573 686; x_wconf 84' lang='lat' dir='ltr'>est</span> <span class='ocrx_word' id='word_1_805' title='bbox 1584 665 1683 687; x_wconf 88' lang='lat' dir='ltr'>tamen</span> <span class='ocrx_word' id='word_1_806' title='bbox 1693 658 1837 697; x_wconf 87' lang='lat' dir='ltr'>quiddam</span> <span class='ocrx_word' id='word_1_807' title='bbox 1852 678 1860 692; x_wconf 88' lang='lat'>,</span> <span class='ocrx_word' id='word_1_808' title='bbox 1871 657 1954 698; x_wconf 89' lang='lat' dir='ltr'>quod</span> <span class='ocrx_word' id='word_1_809' title='bbox 1965 657 2030 688; x_wconf 83' lang='lat' dir='ltr'>usui</span> <span class='ocrx_word' id='word_1_810' title='bbox 2041 657 2128 696; x_wconf 79' lang='lat' dir='ltr'>poffit</span> 
     </span>
     <span class='ocr_line' id='line_1_84' title="bbox 1169 693 2127 741; baseline 0.006 -18"><span class='ocrx_word' id='word_1_811' title='bbox 1169 693 1246 724; x_wconf 79' lang='lat' dir='ltr'>effe:</span> <span class='ocrx_word' id='word_1_812' title='bbox 1266 694 1437 725; x_wconf 89' lang='lat' dir='ltr'>tollendum</span> <span class='ocrx_word' id='word_1_813' title='bbox 1455 696 1485 726; x_wconf 94' lang='lat' dir='ltr'>id</span> <span class='ocrx_word' id='word_1_814' title='bbox 1505 707 1568 727; x_wconf 91' lang='lat' dir='ltr'>non</span> <span class='ocrx_word' id='word_1_815' title='bbox 1588 697 1639 728; x_wconf 89' lang='lat' dir='ltr'>est.</span> <span class='ocrx_word' id='word_1_816' title='bbox 1663 699 1713 729; x_wconf 84' lang='lat' dir='ltr'>Est</span> <span class='ocrx_word' id='word_1_817' title='bbox 1732 709 1834 730; x_wconf 88' lang='lat' dir='ltr'>autem</span> <span class='ocrx_word' id='word_1_818' title='bbox 1845 701 1910 740; x_wconf 82' lang='lat' dir='ltr'>ejus</span> <span class='ocrx_word' id='word_1_819' title='bbox 1921 698 2127 741; x_wconf 65' lang='lat' dir='ltr'>generisa&amp;i0</span> 
     </span>
     <span class='ocr_line' id='line_1_85' title="bbox 1168 737 2128 782; baseline 0.005 -16"><span class='ocrx_word' id='word_1_820' title='bbox 1168 745 1289 777; x_wconf 88' lang='lat' dir='ltr'>quoque</span> <span class='ocrx_word' id='word_1_821' title='bbox 1313 737 1449 777; x_wconf 84' lang='lat' dir='ltr'>quaedam</span> <span class='ocrx_word' id='word_1_822' title='bbox 1461 757 1470 771; x_wconf 89' lang='lat'>,</span> <span class='ocrx_word' id='word_1_823' title='bbox 1489 738 1522 768; x_wconf 90' lang='lat'>&amp;</span> <span class='ocrx_word' id='word_1_824' title='bbox 1543 739 1667 779; x_wconf 89' lang='lat' dir='ltr'>quidem</span> <span class='ocrx_word' id='word_1_825' title='bbox 1679 741 1764 774; x_wconf 85' lang='lat' dir='ltr'>talis,</span> <span class='ocrx_word' id='word_1_826' title='bbox 1782 740 2128 782; x_wconf 80' lang='lat' dir='ltr'>utratiopostuletagere</span> 
     </span>
     <span class='ocr_line' id='line_1_86' title="bbox 1168 778 2128 822; baseline 0.009 -15"><span class='ocrx_word' id='word_1_827' title='bbox 1168 778 1282 819; x_wconf 83' lang='lat' dir='ltr'>aliquid</span> <span class='ocrx_word' id='word_1_828' title='bbox 1295 798 1304 812; x_wconf 89' lang='lat'>‚</span> <span class='ocrx_word' id='word_1_829' title='bbox 1326 778 1360 808; x_wconf 74' lang='grc' dir='ltr'>δε</span> <span class='ocrx_word' id='word_1_830' title='bbox 1369 778 1463 809; x_wconf 90' lang='lat' dir='ltr'>facere</span> <span class='ocrx_word' id='word_1_831' title='bbox 1473 799 1480 813; x_wconf 90' lang='lat'><em>‚</em></span> <span class='ocrx_word' id='word_1_832' title='bbox 1503 790 1620 810; x_wconf 82' lang='lat' dir='ltr'>eornm.</span> <span class='ocrx_word' id='word_1_833' title='bbox 1642 782 1724 822; x_wconf 92' lang='lat' dir='ltr'>quod</span> <span class='ocrx_word' id='word_1_834' title='bbox 1735 792 1834 813; x_wconf 85' lang='lat' dir='ltr'>autern</span> <span class='ocrx_word' id='word_1_835' title='bbox 1844 785 1959 814; x_wconf 86' lang='lat' dir='ltr'>ratione</span> <span class='ocrx_word' id='word_1_836' title='bbox 1969 781 2069 813; x_wconf 54' lang='lat' dir='ltr'>aestum</span> <span class='ocrx_word' id='word_1_837' title='bbox 2082 781 2128 816; x_wconf 63' lang='lat' dir='ltr'>fit,</span> 
     </span>
     <span class='ocr_line' id='line_1_87' title="bbox 1169 817 2124 865; baseline 0.006 -16"><span class='ocrx_word' id='word_1_838' title='bbox 1169 820 1199 850; x_wconf 90' lang='lat' dir='ltr'>id</span> <span class='ocrx_word' id='word_1_839' title='bbox 1221 817 1358 850; x_wconf 80' lang='lat' dir='ltr'>officium</span> <span class='ocrx_word' id='word_1_840' title='bbox 1377 821 1572 861; x_wconf 55' lang='lat' dir='ltr'>appellamus</span> <span class='ocrx_word' id='word_1_841' title='bbox 1596 821 1647 853; x_wconf 88' lang='lat' dir='ltr'>Est</span> <span class='ocrx_word' id='word_1_842' title='bbox 1664 825 1754 864; x_wconf 78' lang='lat' dir='ltr'>igitur</span> <span class='ocrx_word' id='word_1_843' title='bbox 1772 824 1910 856; x_wconf 82' lang='lat' dir='ltr'>officium</span> <span class='ocrx_word' id='word_1_844' title='bbox 1922 827 1987 861; x_wconf 83' lang='lat' dir='ltr'>eius</span> <span class='ocrx_word' id='word_1_845' title='bbox 1996 827 2124 865; x_wconf 79' lang='lat' dir='ltr'>generis,</span> 
     </span>
     <span class='ocr_line' id='line_1_88' title="bbox 1167 861 2129 908; baseline 0.006 -17"><span class='ocrx_word' id='word_1_846' title='bbox 1167 861 1249 902; x_wconf 89' lang='lat' dir='ltr'>quod</span> <span class='ocrx_word' id='word_1_847' title='bbox 1261 872 1318 892; x_wconf 91' lang='lat' dir='ltr'>nec</span> <span class='ocrx_word' id='word_1_848' title='bbox 1327 864 1360 892; x_wconf 87' lang='lat' dir='ltr'>in</span> <span class='ocrx_word' id='word_1_849' title='bbox 1370 863 1460 892; x_wconf 90' lang='lat' dir='ltr'>bonis</span> <span class='ocrx_word' id='word_1_850' title='bbox 1468 873 1613 903; x_wconf 89' lang='lat' dir='ltr'>ponatur,</span> <span class='ocrx_word' id='word_1_851' title='bbox 1625 875 1680 895; x_wconf 90' lang='lat' dir='ltr'>nec</span> <span class='ocrx_word' id='word_1_852' title='bbox 1691 875 1722 895; x_wconf 88' lang='lat' dir='ltr'>in</span> <span class='ocrx_word' id='word_1_853' title='bbox 1733 869 1898 896; x_wconf 85' lang='lat' dir='ltr'>contrariis.</span> <span class='ocrx_word' id='word_1_854' title='bbox 1923 871 1931 886; x_wconf 88' lang='lat'><strong>¹</strong></span> <span class='ocrx_word' id='word_1_855' title='bbox 1939 870 1953 886; x_wconf 86' lang='lat'><em>0</em></span> <span class='ocrx_word' id='word_1_856' title='bbox 1962 868 2053 908; x_wconf 86' lang='lat' dir='ltr'>Atqui</span> <span class='ocrx_word' id='word_1_857' title='bbox 2063 876 2129 907; x_wconf 84' lang='lat' dir='ltr'>per—</span> 
     </span>
     <span class='ocr_line' id='line_1_89' title="bbox 1169 904 2129 950; baseline 0.006 -17"><span class='ocrx_word' id='word_1_858' title='bbox 1169 904 1310 943; x_wconf 86' lang='lat' dir='ltr'>spicuum</span> <span class='ocrx_word' id='word_1_859' title='bbox 1329 905 1420 935; x_wconf 87' lang='lat' dir='ltr'>etiam</span> <span class='ocrx_word' id='word_1_860' title='bbox 1441 906 1516 936; x_wconf 90' lang='lat' dir='ltr'>illud</span> <span class='ocrx_word' id='word_1_861' title='bbox 1534 905 1578 936; x_wconf 86' lang='lat' dir='ltr'>est</span> <span class='ocrx_word' id='word_1_862' title='bbox 1600 926 1609 941; x_wconf 82' lang='grc'><strong>,</strong></span> <span class='ocrx_word' id='word_1_863' title='bbox 1638 907 1671 938; x_wconf 86' lang='lat' dir='ltr'>in</span> <span class='ocrx_word' id='word_1_864' title='bbox 1691 906 1754 938; x_wconf 88' lang='lat' dir='ltr'>istis</span> <span class='ocrx_word' id='word_1_865' title='bbox 1775 909 1862 938; x_wconf 87' lang='lat' dir='ltr'>rebus</span> <span class='ocrx_word' id='word_1_866' title='bbox 1881 908 1990 939; x_wconf 89' lang='lat' dir='ltr'>mediis</span> <span class='ocrx_word' id='word_1_867' title='bbox 2013 909 2129 950; x_wconf 80' lang='lat' dir='ltr'>aliquid</span> 
     </span>
     <span class='ocr_line' id='line_1_90' title="bbox 1168 945 2128 990; baseline 0.007 -15"><span class='ocrx_word' id='word_1_868' title='bbox 1168 956 1252 986; x_wconf 86' lang='lat' dir='ltr'>agere</span> <span class='ocrx_word' id='word_1_869' title='bbox 1270 945 1445 986; x_wconf 84' lang='lat' dir='ltr'>sapientem.</span> <span class='ocrx_word' id='word_1_870' title='bbox 1466 947 1580 987; x_wconf 88' lang='lat' dir='ltr'>judicat</span> <span class='ocrx_word' id='word_1_871' title='bbox 1598 951 1709 989; x_wconf 88' lang='lat' dir='ltr'>igitur,</span> <span class='ocrx_word' id='word_1_872' title='bbox 1729 949 1801 980; x_wconf 78' lang='lat' dir='ltr'>cum</span> <span class='ocrx_word' id='word_1_873' title='bbox 1819 952 1878 990; x_wconf 87' lang='lat' dir='ltr'>agit</span> <span class='ocrx_word' id='word_1_874' title='bbox 1902 949 2038 980; x_wconf 81' lang='lat' dir='ltr'>officium</span> <span class='ocrx_word' id='word_1_875' title='bbox 2051 951 2128 982; x_wconf 83' lang='lat' dir='ltr'>illud</span> 
     </span>
     <span class='ocr_line' id='line_1_91' title="bbox 1169 986 2128 1032; baseline 0.007 -15"><span class='ocrx_word' id='word_1_876' title='bbox 1169 986 1237 1017; x_wconf 83' lang='lat' dir='ltr'>effe.</span> <span class='ocrx_word' id='word_1_877' title='bbox 1261 988 1343 1028; x_wconf 88' lang='lat' dir='ltr'>quod</span> <span class='ocrx_word' id='word_1_878' title='bbox 1353 991 1498 1029; x_wconf 86' lang='lat' dir='ltr'>quoniam</span> <span class='ocrx_word' id='word_1_879' title='bbox 1510 1000 1669 1032; x_wconf 79' lang='lat' dir='ltr'>numquam</span> <span class='ocrx_word' id='word_1_880' title='bbox 1687 991 1805 1029; x_wconf 80' lang='lat' dir='ltr'>fallitur</span> <span class='ocrx_word' id='word_1_881' title='bbox 1815 991 1998 1030; x_wconf 69' lang='lat' dir='ltr'>injudicando</span> <span class='ocrx_word' id='word_1_882' title='bbox 2011 1011 2018 1025; x_wconf 87' lang='lat'>,</span> <span class='ocrx_word' id='word_1_883' title='bbox 2031 995 2128 1024; x_wconf 78' lang='lat' dir='ltr'>critiri</span> 
     </span>
     <span class='ocr_line' id='line_1_92' title="bbox 1169 1028 2129 1073; baseline 0.005 -14"><span class='ocrx_word' id='word_1_884' title='bbox 1169 1028 1279 1059; x_wconf 86' lang='lat' dir='ltr'>mediis</span> <span class='ocrx_word' id='word_1_885' title='bbox 1288 1029 1376 1061; x_wconf 82' lang='lat' dir='ltr'>rebus</span> <span class='ocrx_word' id='word_1_886' title='bbox 1386 1029 1524 1062; x_wconf 87' lang='lat' dir='ltr'>officium</span> <span class='ocrx_word' id='word_1_887' title='bbox 1536 1043 1541 1061; x_wconf 90' lang='lat'><strong>:</strong></span> <span class='ocrx_word' id='word_1_888' title='bbox 1560 1032 1642 1073; x_wconf 88' lang='lat' dir='ltr'>quod</span> <span class='ocrx_word' id='word_1_889' title='bbox 1652 1031 1781 1064; x_wconf 87' lang='lat' dir='ltr'>efficitur</span> <span class='ocrx_word' id='word_1_890' title='bbox 1789 1035 1881 1064; x_wconf 81' lang='lat' dir='ltr'>etiarn</span> <span class='ocrx_word' id='word_1_891' title='bbox 1893 1035 1946 1064; x_wconf 79' lang='lat' dir='ltr'>hac</span> <span class='ocrx_word' id='word_1_892' title='bbox 1958 1034 2129 1064; x_wconf 80' lang='lat' dir='ltr'>conclusio-</span> 
     </span>
     <span class='ocr_line' id='line_1_93' title="bbox 1169 1073 2127 1117; baseline 0.005 -16"><span class='ocrx_word' id='word_1_893' title='bbox 1169 1081 1206 1101; x_wconf 91' lang='lat' dir='ltr'>ne</span> <span class='ocrx_word' id='word_1_894' title='bbox 1227 1073 1363 1102; x_wconf 81' lang='lat' dir='ltr'>rationis.</span> <span class='ocrx_word' id='word_1_895' title='bbox 1387 1074 1541 1114; x_wconf 84' lang='lat' dir='ltr'>Qoniam</span> <span class='ocrx_word' id='word_1_896' title='bbox 1561 1076 1645 1105; x_wconf 84' lang='lat' dir='ltr'>enim</span> <span class='ocrx_word' id='word_1_897' title='bbox 1665 1075 1806 1105; x_wconf 85' lang='lat' dir='ltr'>videmus</span> <span class='ocrx_word' id='word_1_898' title='bbox 1819 1073 1878 1105; x_wconf 80' lang='lat' dir='ltr'>effe</span> <span class='ocrx_word' id='word_1_899' title='bbox 1886 1075 2030 1116; x_wconf 86' lang='lat' dir='ltr'>quiddam</span> <span class='ocrx_word' id='word_1_900' title='bbox 2043 1077 2127 1117; x_wconf 79' lang='lat' dir='ltr'>quod</span> 
     </span>
     <span class='ocr_line' id='line_1_94' title="bbox 1168 1112 2124 1157; baseline 0.004 -13"><span class='ocrx_word' id='word_1_901' title='bbox 1168 1112 1251 1144; x_wconf 68' lang='grc' dir='ltr'>τεξὶὲ</span> <span class='ocrx_word' id='word_1_902' title='bbox 1262 1112 1376 1144; x_wconf 60' lang='lat' dir='ltr'>factum</span> <span class='ocrx_word' id='word_1_903' title='bbox 1385 1115 1531 1154; x_wconf 84' lang='lat' dir='ltr'>appellem</span> <span class='ocrx_word' id='word_1_904' title='bbox 1537 1125 1583 1150; x_wconf 72' lang='grc' dir='ltr'>ωε,</span> <span class='ocrx_word' id='word_1_905' title='bbox 1593 1116 1623 1147; x_wconf 92' lang='lat' dir='ltr'>id</span> <span class='ocrx_word' id='word_1_906' title='bbox 1633 1125 1733 1148; x_wconf 88' lang='lat' dir='ltr'>autem</span> <span class='ocrx_word' id='word_1_907' title='bbox 1745 1116 1786 1147; x_wconf 83' lang='lat' dir='ltr'>est</span> <span class='ocrx_word' id='word_1_908' title='bbox 1796 1116 1964 1157; x_wconf 67' lang='lat' dir='ltr'>perfefflmm</span> <span class='ocrx_word' id='word_1_909' title='bbox 1975 1116 2124 1149; x_wconf 74' lang='lat' dir='ltr'>officium:</span> 
     </span>
     <span class='ocr_line' id='line_1_95' title="bbox 1168 1157 2124 1200; baseline 0.005 -16"><span class='ocrx_word' id='word_1_910' title='bbox 1168 1157 1224 1185; x_wconf 83' lang='lat' dir='ltr'>erit</span> <span class='ocrx_word' id='word_1_911' title='bbox 1242 1164 1342 1186; x_wconf 90' lang='lat' dir='ltr'>autem</span> <span class='ocrx_word' id='word_1_912' title='bbox 1362 1159 1455 1187; x_wconf 86' lang='lat' dir='ltr'>etiam.</span> <span class='ocrx_word' id='word_1_913' title='bbox 1473 1158 1664 1188; x_wconf 88' lang='lat' dir='ltr'>inchoatum:</span> <span class='ocrx_word' id='word_1_914' title='bbox 1678 1168 1728 1193; x_wconf 87' lang='lat' dir='ltr'>ut,</span> <span class='ocrx_word' id='word_1_915' title='bbox 1747 1158 2001 1200; x_wconf 67' lang='lat' dir='ltr'>fijustedeposstum</span> <span class='ocrx_word' id='word_1_916' title='bbox 2009 1160 2124 1194; x_wconf 74' lang='lat' dir='ltr'>reddere,</span> 
     </span>
     <span class='ocr_line' id='line_1_96' title="bbox 1168 1196 2125 1241; baseline 0.004 -14"><span class='ocrx_word' id='word_1_917' title='bbox 1168 1200 1200 1227; x_wconf 88' lang='lat' dir='ltr'>in</span> <span class='ocrx_word' id='word_1_918' title='bbox 1220 1196 1303 1228; x_wconf 66' lang='lat' dir='ltr'>reete</span> <span class='ocrx_word' id='word_1_919' title='bbox 1317 1197 1403 1228; x_wconf 70' lang='lat' dir='ltr'>faffis</span> <span class='ocrx_word' id='word_1_920' title='bbox 1414 1197 1447 1229; x_wconf 88' lang='lat' dir='ltr'>fit</span> <span class='ocrx_word' id='word_1_921' title='bbox 1459 1209 1464 1227; x_wconf 90' lang='lat'>:</span> <span class='ocrx_word' id='word_1_922' title='bbox 1483 1201 1514 1229; x_wconf 89' lang='lat' dir='ltr'>in</span> <span class='ocrx_word' id='word_1_923' title='bbox 1525 1198 1635 1230; x_wconf 87' lang='lat' dir='ltr'>officiis</span> <span class='ocrx_word' id='word_1_924' title='bbox 1644 1210 1790 1240; x_wconf 87' lang='lat' dir='ltr'>ponatur,</span> <span class='ocrx_word' id='word_1_925' title='bbox 1810 1199 1979 1241; x_wconf 85' lang='lat' dir='ltr'>depositum</span> <span class='ocrx_word' id='word_1_926' title='bbox 1993 1202 2125 1233; x_wconf 78' lang='lat' dir='ltr'>reddere:</span> 
     </span>
     <span class='ocr_line' id='line_1_97' title="bbox 1166 1239 2124 1282; baseline 0.005 -14"><span class='ocrx_word' id='word_1_927' title='bbox 1166 1239 1222 1269; x_wconf 85' lang='lat' dir='ltr'>illo</span> <span class='ocrx_word' id='word_1_928' title='bbox 1245 1240 1332 1269; x_wconf 87' lang='lat' dir='ltr'>enim</span> <span class='ocrx_word' id='word_1_929' title='bbox 1349 1239 1463 1275; x_wconf 87' lang='lat' dir='ltr'>addito,</span> <span class='ocrx_word' id='word_1_930' title='bbox 1476 1240 1551 1280; x_wconf 66' lang='lat' dir='ltr'>just&amp;</span> <span class='ocrx_word' id='word_1_931' title='bbox 1562 1262 1571 1275; x_wconf 88' lang='lat'><strong><em>‚</em></strong></span> <span class='ocrx_word' id='word_1_932' title='bbox 1591 1242 1751 1273; x_wconf 60' lang='lat' dir='ltr'>facitreffi‘:</span> <span class='ocrx_word' id='word_1_933' title='bbox 1764 1242 1878 1273; x_wconf 62' lang='lat' dir='ltr'>fastum</span> <span class='ocrx_word' id='word_1_934' title='bbox 1892 1253 1897 1271; x_wconf 89' lang='lat'>:</span> <span class='ocrx_word' id='word_1_935' title='bbox 1917 1243 2008 1282; x_wconf 86' lang='lat' dir='ltr'>perse</span> <span class='ocrx_word' id='word_1_936' title='bbox 2021 1253 2124 1274; x_wconf 77' lang='lat' dir='ltr'>autem</span> 
     </span>
     <span class='ocr_line' id='line_1_98' title="bbox 1167 1281 2126 1325; baseline 0.006 -15"><span class='ocrx_word' id='word_1_937' title='bbox 1167 1282 1223 1311; x_wconf 91' lang='lat' dir='ltr'>hoc</span> <span class='ocrx_word' id='word_1_938' title='bbox 1240 1281 1341 1320; x_wconf 77' lang='lat' dir='ltr'>ipsum</span> <span class='ocrx_word' id='word_1_939' title='bbox 1360 1282 1482 1313; x_wconf 85' lang='lat' dir='ltr'>reddere</span> <span class='ocrx_word' id='word_1_940' title='bbox 1494 1302 1504 1316; x_wconf 86' lang='lat'>‚</span> <span class='ocrx_word' id='word_1_941' title='bbox 1526 1285 1558 1314; x_wconf 91' lang='lat' dir='ltr'>in</span> <span class='ocrx_word' id='word_1_942' title='bbox 1567 1282 1672 1314; x_wconf 84' lang='lat' dir='ltr'>officio</span> <span class='ocrx_word' id='word_1_943' title='bbox 1680 1285 1805 1324; x_wconf 83' lang='lat' dir='ltr'>ponitur</span> <span class='ocrx_word' id='word_1_944' title='bbox 1817 1296 1823 1315; x_wconf 81' lang='lat'>2</span> <span class='ocrx_word' id='word_1_945' title='bbox 1842 1287 2050 1325; x_wconf 86' lang='lat' dir='ltr'>quoniamque</span> <span class='ocrx_word' id='word_1_946' title='bbox 2060 1295 2126 1316; x_wconf 80' lang='lat' dir='ltr'>non.</span> 
     </span>
     <span class='ocr_line' id='line_1_99' title="bbox 1165 1322 2126 1366; baseline 0.006 -14"><span class='ocrx_word' id='word_1_947' title='bbox 1165 1323 1293 1353; x_wconf 84' lang='lat' dir='ltr'>dubium</span> <span class='ocrx_word' id='word_1_948' title='bbox 1302 1322 1346 1354; x_wconf 87' lang='lat' dir='ltr'>est</span> <span class='ocrx_word' id='word_1_949' title='bbox 1355 1344 1364 1357; x_wconf 88' lang='lat'>‚</span> <span class='ocrx_word' id='word_1_950' title='bbox 1375 1326 1452 1365; x_wconf 87' lang='lat' dir='ltr'>quin</span> <span class='ocrx_word' id='word_1_951' title='bbox 1462 1325 1542 1355; x_wconf 82' lang='lat' dir='ltr'>iniis</span> <span class='ocrx_word' id='word_1_952' title='bbox 1551 1345 1560 1359; x_wconf 94' lang='lat'><strong>,</strong></span> <span class='ocrx_word' id='word_1_953' title='bbox 1575 1335 1640 1366; x_wconf 82' lang='lat' dir='ltr'>quae</span> <span class='ocrx_word' id='word_1_954' title='bbox 1650 1327 1748 1358; x_wconf 85' lang='lat' dir='ltr'>media</span> <span class='ocrx_word' id='word_1_955' title='bbox 1762 1326 1893 1357; x_wconf 81' lang='lat' dir='ltr'>dicimus</span> <span class='ocrx_word' id='word_1_956' title='bbox 1905 1346 1913 1360; x_wconf 95' lang='lat'>,</span> <span class='ocrx_word' id='word_1_957' title='bbox 1939 1325 1973 1357; x_wconf 90' lang='lat' dir='ltr'>fit</span> <span class='ocrx_word' id='word_1_958' title='bbox 1983 1327 2063 1358; x_wconf 84' lang='lat' dir='ltr'>aliud</span> <span class='ocrx_word' id='word_1_959' title='bbox 2076 1328 2126 1357; x_wconf 73' lang='lat' dir='ltr'>su-</span> 
     </span>
     <span class='ocr_line' id='line_1_100' title="bbox 1167 1364 2122 1409; baseline 0.005 -15"><span class='ocrx_word' id='word_1_960' title='bbox 1167 1364 1317 1395; x_wconf 83' lang='lat' dir='ltr'>mendum</span> <span class='ocrx_word' id='word_1_961' title='bbox 1327 1385 1336 1399; x_wconf 93' lang='lat'><strong>,</strong></span> <span class='ocrx_word' id='word_1_962' title='bbox 1357 1366 1436 1399; x_wconf 76' lang='lat' dir='ltr'>aliud</span> <span class='ocrx_word' id='word_1_963' title='bbox 1447 1367 1646 1406; x_wconf 65' lang='lat' dir='ltr'>rejiciendum</span> <span class='ocrx_word' id='word_1_964' title='bbox 1659 1368 1827 1409; x_wconf 87' lang='lat' dir='ltr'>:quidquid</span> <span class='ocrx_word' id='word_1_965' title='bbox 1835 1370 1875 1400; x_wconf 85' lang='lat' dir='ltr'>ita</span> <span class='ocrx_word' id='word_1_966' title='bbox 1886 1366 1928 1402; x_wconf 79' lang='lat' dir='ltr'>fit,</span> <span class='ocrx_word' id='word_1_967' title='bbox 1941 1377 1991 1400; x_wconf 81' lang='lat' dir='ltr'>aut</span> <span class='ocrx_word' id='word_1_968' title='bbox 1999 1369 2122 1402; x_wconf 73' lang='lat' dir='ltr'>dicitur,</span> 
     </span>
     <span class='ocr_line' id='line_1_101' title="bbox 1168 1406 2125 1452; baseline 0.005 -16"><span class='ocrx_word' id='word_1_969' title='bbox 1168 1410 1194 1426; x_wconf 87' lang='lat'>¹¹</span> <span class='ocrx_word' id='word_1_970' title='bbox 1206 1409 1368 1437; x_wconf 88' lang='lat' dir='ltr'>communi</span> <span class='ocrx_word' id='word_1_971' title='bbox 1387 1406 1491 1438; x_wconf 87' lang='lat' dir='ltr'>officio</span> <span class='ocrx_word' id='word_1_972' title='bbox 1501 1411 1683 1440; x_wconf 84' lang='lat' dir='ltr'>continetur.</span> <span class='ocrx_word' id='word_1_973' title='bbox 1706 1420 1745 1441; x_wconf 81' lang='lat' dir='ltr'>ex</span> <span class='ocrx_word' id='word_1_974' title='bbox 1757 1421 1820 1451; x_wconf 90' lang='lat' dir='ltr'>quo</span> <span class='ocrx_word' id='word_1_975' title='bbox 1828 1411 2025 1451; x_wconf 80' lang='lat' dir='ltr'>intelligitur,</span> <span class='ocrx_word' id='word_1_976' title='bbox 2047 1420 2125 1452; x_wconf 78' lang='lat' dir='ltr'>quo-</span> 
     </span>
     <span class='ocr_line' id='line_1_102' title="bbox 1166 1449 2124 1493; baseline 0.006 -16"><span class='ocrx_word' id='word_1_977' title='bbox 1166 1450 1248 1478; x_wconf 89' lang='lat' dir='ltr'>niam</span> <span class='ocrx_word' id='word_1_978' title='bbox 1253 1449 1284 1488; x_wconf 70' lang='lat' dir='ltr'>Ji}</span> <span class='ocrx_word' id='word_1_979' title='bbox 1294 1449 1365 1491; x_wconf 70' lang='lat' dir='ltr'>ipsivs</span> <span class='ocrx_word' id='word_1_980' title='bbox 1373 1459 1464 1479; x_wconf 78' lang='lat' dir='ltr'>omnes</span> <span class='ocrx_word' id='word_1_981' title='bbox 1471 1458 1576 1480; x_wconf 73' lang='lat' dir='ltr'>namra</span> <span class='ocrx_word' id='word_1_982' title='bbox 1582 1451 1721 1492; x_wconf 63' lang='lat' dir='ltr'>diligunt,</span> <span class='ocrx_word' id='word_1_983' title='bbox 1733 1461 1795 1483; x_wconf 85' lang='lat' dir='ltr'>tam</span> <span class='ocrx_word' id='word_1_984' title='bbox 1808 1451 1998 1492; x_wconf 86' lang='lat' dir='ltr'>infipientem</span> <span class='ocrx_word' id='word_1_985' title='bbox 2010 1473 2018 1486; x_wconf 87' lang='lat'>,</span> <span class='ocrx_word' id='word_1_986' title='bbox 2029 1453 2124 1493; x_wconf 70' lang='lat' dir='ltr'>quam.</span> 
     </span>
     <span class='ocr_line' id='line_1_103' title="bbox 1164 1491 2125 1534; baseline 0.005 -15"><span class='ocrx_word' id='word_1_987' title='bbox 1164 1491 1326 1529; x_wconf 82' lang='lat' dir='ltr'>sapientem</span> <span class='ocrx_word' id='word_1_988' title='bbox 1338 1511 1347 1524; x_wconf 89' lang='lat'>,</span> <span class='ocrx_word' id='word_1_989' title='bbox 1363 1491 1532 1522; x_wconf 84' lang='lat' dir='ltr'>sumturum</span> <span class='ocrx_word' id='word_1_990' title='bbox 1542 1503 1607 1533; x_wconf 83' lang='lat' dir='ltr'>quae</span> <span class='ocrx_word' id='word_1_991' title='bbox 1621 1494 1787 1524; x_wconf 86' lang='lat' dir='ltr'>fecundum</span> <span class='ocrx_word' id='word_1_992' title='bbox 1805 1503 1944 1524; x_wconf 84' lang='lat' dir='ltr'>naturam</span> <span class='ocrx_word' id='word_1_993' title='bbox 1952 1492 2007 1524; x_wconf 89' lang='lat' dir='ltr'>fint</span> <span class='ocrx_word' id='word_1_994' title='bbox 2020 1513 2028 1527; x_wconf 87' lang='lat'>‚</span> <span class='ocrx_word' id='word_1_995' title='bbox 2049 1496 2125 1534; x_wconf 42' lang='lat' dir='ltr'>reje*</span> 
     </span>
     <span class='ocr_line' id='line_1_104' title="bbox 1165 1528 2120 1575; baseline 0.005 -14"><span class='ocrx_word' id='word_1_996' title='bbox 1165 1528 1346 1572; x_wconf 66' lang='lat' dir='ltr'>&amp;urumque</span> <span class='ocrx_word' id='word_1_997' title='bbox 1355 1535 1510 1562; x_wconf 83' lang='lat' dir='ltr'>contraria.</span> <span class='ocrx_word' id='word_1_998' title='bbox 1533 1537 1577 1564; x_wconf 86' lang='lat' dir='ltr'>lta</span> <span class='ocrx_word' id='word_1_999' title='bbox 1588 1534 1630 1565; x_wconf 86' lang='lat' dir='ltr'>est</span> <span class='ocrx_word' id='word_1_1000' title='bbox 1640 1535 1794 1575; x_wconf 83' lang='lat' dir='ltr'>quoddam</span> <span class='ocrx_word' id='word_1_1001' title='bbox 1805 1545 1971 1566; x_wconf 87' lang='lat' dir='ltr'>commune</span> <span class='ocrx_word' id='word_1_1002' title='bbox 1982 1534 2120 1566; x_wconf 82' lang='lat' dir='ltr'>officium</span> 
     </span>
     <span class='ocr_line' id='line_1_105' title="bbox 1166 1573 2128 1617; baseline 0.005 -15"><span class='ocrx_word' id='word_1_1003' title='bbox 1166 1573 1305 1612; x_wconf 86' lang='lat' dir='ltr'>sapientis</span> <span class='ocrx_word' id='word_1_1004' title='bbox 1317 1573 1350 1603; x_wconf 90' lang='lat'>&amp;</span> <span class='ocrx_word' id='word_1_1005' title='bbox 1361 1573 1539 1614; x_wconf 81' lang='lat' dir='ltr'>insipientis.</span> <span class='ocrx_word' id='word_1_1006' title='bbox 1562 1586 1602 1605; x_wconf 85' lang='lat' dir='ltr'>ex</span> <span class='ocrx_word' id='word_1_1007' title='bbox 1609 1586 1672 1615; x_wconf 83' lang='lat' dir='ltr'>quo</span> <span class='ocrx_word' id='word_1_1008' title='bbox 1685 1575 1823 1610; x_wconf 85' lang='lat' dir='ltr'>efficitur,</span> <span class='ocrx_word' id='word_1_1009' title='bbox 1835 1577 1943 1607; x_wconf 73' lang='lat' dir='ltr'>versari</span> <span class='ocrx_word' id='word_1_1010' title='bbox 1953 1579 1985 1607; x_wconf 92' lang='lat' dir='ltr'>in</span> <span class='ocrx_word' id='word_1_1011' title='bbox 1996 1578 2045 1610; x_wconf 68' lang='lat' dir='ltr'>iis,</span> <span class='ocrx_word' id='word_1_1012' title='bbox 2056 1587 2128 1617; x_wconf 69' lang='lat' dir='ltr'>quae..</span> 
     </span>
    </p>
   </div>
   <div class='ocr_carea' id='block_1_15' title="bbox 1165 1614 2131 1658">
    <p class='ocr_par' dir='ltr' id='par_1_16' title="bbox 1165 1614 2131 1658">
     <span class='ocr_line' id='line_1_106' title="bbox 1165 1614 2131 1658; baseline 0.003 -14"><span class='ocrx_word' id='word_1_1013' title='bbox 1165 1614 1266 1645; x_wconf 86' lang='lat' dir='ltr'>media</span> <span class='ocrx_word' id='word_1_1014' title='bbox 1278 1615 1425 1645; x_wconf 80' lang='lat' dir='ltr'>dicamus.</span> <span class='ocrx_word' id='word_1_1015' title='bbox 1447 1616 1504 1646; x_wconf 89' lang='lat' dir='ltr'>Sed</span> <span class='ocrx_word' id='word_1_1016' title='bbox 1513 1616 1586 1647; x_wconf 73' lang='lat' dir='ltr'>cum</span> <span class='ocrx_word' id='word_1_1017' title='bbox 1596 1617 1632 1647; x_wconf 87' lang='lat' dir='ltr'>ab</span> <span class='ocrx_word' id='word_1_1018' title='bbox 1644 1618 1690 1647; x_wconf 80' lang='lat' dir='ltr'>his</span> <span class='ocrx_word' id='word_1_1019' title='bbox 1700 1619 1806 1648; x_wconf 84' lang='lat' dir='ltr'>omnia</span> <span class='ocrx_word' id='word_1_1020' title='bbox 1816 1616 2042 1658; x_wconf 85' lang='lat' dir='ltr'>proficiscantur</span> <span class='ocrx_word' id='word_1_1021' title='bbox 2054 1617 2131 1648; x_wconf 37' lang='lat' dir='ltr'>offla,</span> 
     </span>
    </p>
   </div>
   <div class='ocr_carea' id='block_1_16' title="bbox 1160 1655 2128 2454">
    <p class='ocr_par' dir='ltr' id='par_1_17' title="bbox 1160 1655 2128 2412">
     <span class='ocr_line' id='line_1_107' title="bbox 1163 1655 2126 1692; baseline 0.004 -6"><span class='ocrx_word' id='word_1_1022' title='bbox 1163 1658 1219 1691; x_wconf 83' lang='lat' dir='ltr'>cia,</span> <span class='ocrx_word' id='word_1_1023' title='bbox 1235 1666 1298 1686; x_wconf 87' lang='lat' dir='ltr'>non</span> <span class='ocrx_word' id='word_1_1024' title='bbox 1308 1655 1369 1687; x_wconf 87' lang='lat' dir='ltr'>fine</span> <span class='ocrx_word' id='word_1_1025' title='bbox 1376 1667 1428 1688; x_wconf 89' lang='lat' dir='ltr'>cau</span> <span class='ocrx_word' id='word_1_1026' title='bbox 1433 1657 1460 1687; x_wconf 89' lang='lat' dir='ltr'>sa</span> <span class='ocrx_word' id='word_1_1027' title='bbox 1469 1657 1580 1688; x_wconf 89' lang='lat' dir='ltr'>dicitur</span> <span class='ocrx_word' id='word_1_1028' title='bbox 1588 1678 1595 1692; x_wconf 85' lang='lat'><em>,</em></span> <span class='ocrx_word' id='word_1_1029' title='bbox 1610 1658 1645 1689; x_wconf 90' lang='lat' dir='ltr'>ad</span> <span class='ocrx_word' id='word_1_1030' title='bbox 1656 1669 1689 1689; x_wconf 88' lang='lat' dir='ltr'>ea</span> <span class='ocrx_word' id='word_1_1031' title='bbox 1699 1659 1804 1690; x_wconf 75' lang='lat' dir='ltr'>referri</span> <span class='ocrx_word' id='word_1_1032' title='bbox 1816 1661 1937 1690; x_wconf 85' lang='lat' dir='ltr'>omneis</span> <span class='ocrx_word' id='word_1_1033' title='bbox 1947 1659 2062 1690; x_wconf 85' lang='lat' dir='ltr'>nostras</span> <span class='ocrx_word' id='word_1_1034' title='bbox 2072 1670 2126 1692; x_wconf 85' lang='lat' dir='ltr'>co-</span> 
     </span>
     <span class='ocr_line' id='line_1_108' title="bbox 1165 1699 2126 1740; baseline 0.003 -12"><span class='ocrx_word' id='word_1_1035' title='bbox 1165 1700 1335 1740; x_wconf 84' lang='lat' dir='ltr'>gitationes:</span> <span class='ocrx_word' id='word_1_1036' title='bbox 1346 1701 1379 1729; x_wconf 87' lang='lat' dir='ltr'>in</span> <span class='ocrx_word' id='word_1_1037' title='bbox 1389 1700 1436 1729; x_wconf 83' lang='lat' dir='ltr'>his</span> <span class='ocrx_word' id='word_1_1038' title='bbox 1448 1699 1482 1730; x_wconf 89' lang='lat'>&amp;</span> <span class='ocrx_word' id='word_1_1039' title='bbox 1490 1699 1643 1731; x_wconf 85' lang='lat' dir='ltr'>exceffum</span> <span class='ocrx_word' id='word_1_1040' title='bbox 1654 1701 1671 1732; x_wconf 82' lang='grc' dir='ltr'>ὲ</span> <span class='ocrx_word' id='word_1_1041' title='bbox 1685 1703 1755 1735; x_wconf 85' lang='lat' dir='ltr'>vita,</span> <span class='ocrx_word' id='word_1_1042' title='bbox 1766 1702 1799 1732; x_wconf 90' lang='lat'>&amp;</span> <span class='ocrx_word' id='word_1_1043' title='bbox 1810 1703 1842 1732; x_wconf 88' lang='lat' dir='ltr'>in</span> <span class='ocrx_word' id='word_1_1044' title='bbox 1851 1703 1911 1732; x_wconf 85' lang='lat' dir='ltr'>vita</span> <span class='ocrx_word' id='word_1_1045' title='bbox 1921 1700 2126 1734; x_wconf 82' lang='lat' dir='ltr'>mansionem.</span> 
     </span>
     <span class='ocr_line' id='line_1_109' title="bbox 1164 1742 2124 1784; baseline 0.004 -14"><span class='ocrx_word' id='word_1_1046' title='bbox 1164 1744 1199 1771; x_wconf 83' lang='lat' dir='ltr'>in</span> <span class='ocrx_word' id='word_1_1047' title='bbox 1219 1750 1282 1782; x_wconf 92' lang='lat' dir='ltr'>quo</span> <span class='ocrx_word' id='word_1_1048' title='bbox 1302 1742 1388 1772; x_wconf 87' lang='lat' dir='ltr'>enim</span> <span class='ocrx_word' id='word_1_1049' title='bbox 1408 1742 1495 1782; x_wconf 83' lang='lat' dir='ltr'>plura</span> <span class='ocrx_word' id='word_1_1050' title='bbox 1511 1743 1599 1776; x_wconf 82' lang='lat' dir='ltr'>sunt,</span> <span class='ocrx_word' id='word_1_1051' title='bbox 1622 1753 1687 1784; x_wconf 84' lang='lat' dir='ltr'>quae</span> <span class='ocrx_word' id='word_1_1052' title='bbox 1705 1743 1871 1774; x_wconf 88' lang='lat' dir='ltr'>secundum</span> <span class='ocrx_word' id='word_1_1053' title='bbox 1889 1753 2025 1774; x_wconf 87' lang='lat' dir='ltr'>naturam</span> <span class='ocrx_word' id='word_1_1054' title='bbox 2043 1744 2124 1779; x_wconf 78' lang='lat' dir='ltr'>sunt,</span> 
     </span>
     <span class='ocr_line' id='line_1_110' title="bbox 1165 1781 2123 1826; baseline 0.005 -14"><span class='ocrx_word' id='word_1_1055' title='bbox 1165 1783 1257 1823; x_wconf 77' lang='lat' dir='ltr'>hujus</span> <span class='ocrx_word' id='word_1_1056' title='bbox 1273 1781 1411 1814; x_wconf 86' lang='lat' dir='ltr'>officium</span> <span class='ocrx_word' id='word_1_1057' title='bbox 1432 1783 1475 1814; x_wconf 90' lang='lat' dir='ltr'>est</span> <span class='ocrx_word' id='word_1_1058' title='bbox 1494 1785 1524 1813; x_wconf 75' lang='lat' dir='ltr'>in</span> <span class='ocrx_word' id='word_1_1059' title='bbox 1549 1785 1614 1814; x_wconf 80' lang='lat' dir='ltr'>vita</span> <span class='ocrx_word' id='word_1_1060' title='bbox 1624 1795 1733 1815; x_wconf 82' lang='lat' dir='ltr'>manere</span> <span class='ocrx_word' id='word_1_1061' title='bbox 1741 1797 1752 1813; x_wconf 90' lang='lat'>.·</span> <span class='ocrx_word' id='word_1_1062' title='bbox 1772 1787 1804 1815; x_wconf 86' lang='lat' dir='ltr'>in</span> <span class='ocrx_word' id='word_1_1063' title='bbox 1814 1795 1875 1826; x_wconf 87' lang='lat' dir='ltr'>quo</span> <span class='ocrx_word' id='word_1_1064' title='bbox 1885 1795 1985 1815; x_wconf 88' lang='lat' dir='ltr'>autem</span> <span class='ocrx_word' id='word_1_1065' title='bbox 1994 1786 2123 1817; x_wconf 84' lang='lat' dir='ltr'>autsunt</span> 
     </span>
     <span class='ocr_line' id='line_1_111' title="bbox 1165 1824 2124 1867; baseline 0.004 -13"><span class='ocrx_word' id='word_1_1066' title='bbox 1165 1824 1250 1864; x_wconf 87' lang='lat' dir='ltr'>plura</span> <span class='ocrx_word' id='word_1_1067' title='bbox 1265 1826 1412 1856; x_wconf 78' lang='lat' dir='ltr'>contraria</span> <span class='ocrx_word' id='word_1_1068' title='bbox 1424 1844 1434 1859; x_wconf 88' lang='lat'>‚</span> <span class='ocrx_word' id='word_1_1069' title='bbox 1454 1834 1504 1856; x_wconf 81' lang='lat' dir='ltr'>aut</span> <span class='ocrx_word' id='word_1_1070' title='bbox 1519 1824 1586 1856; x_wconf 85' lang='lat' dir='ltr'>fore</span> <span class='ocrx_word' id='word_1_1071' title='bbox 1595 1827 1752 1861; x_wconf 86' lang='lat' dir='ltr'>videntur,</span> <span class='ocrx_word' id='word_1_1072' title='bbox 1776 1828 1864 1867; x_wconf 87' lang='lat' dir='ltr'>hujus</span> <span class='ocrx_word' id='word_1_1073' title='bbox 1874 1826 2012 1858; x_wconf 83' lang='lat' dir='ltr'>officium</span> <span class='ocrx_word' id='word_1_1074' title='bbox 2023 1826 2066 1859; x_wconf 85' lang='lat' dir='ltr'>est</span> <span class='ocrx_word' id='word_1_1075' title='bbox 2079 1848 2088 1863; x_wconf 89' lang='lat'>‚</span> <span class='ocrx_word' id='word_1_1076' title='bbox 2109 1826 2124 1858; x_wconf 81' lang='grc' dir='ltr'>ὲ</span> 
     </span>
     <span class='ocr_line' id='line_1_112' title="bbox 1164 1865 2127 1910; baseline 0.007 -17"><span class='ocrx_word' id='word_1_1077' title='bbox 1164 1867 1232 1894; x_wconf 83' lang='lat' dir='ltr'>vira</span> <span class='ocrx_word' id='word_1_1078' title='bbox 1249 1865 1382 1895; x_wconf 78' lang='lat' dir='ltr'>excedere.</span> <span class='ocrx_word' id='word_1_1079' title='bbox 1405 1866 1422 1896; x_wconf 80' lang='grc' dir='ltr'>ἐ</span> <span class='ocrx_word' id='word_1_1080' title='bbox 1439 1877 1502 1908; x_wconf 89' lang='lat' dir='ltr'>quo</span> <span class='ocrx_word' id='word_1_1081' title='bbox 1520 1877 1656 1908; x_wconf 86' lang='lat' dir='ltr'>apparet,</span> <span class='ocrx_word' id='word_1_1082' title='bbox 1677 1869 1710 1899; x_wconf 90' lang='lat'>&amp;</span> <span class='ocrx_word' id='word_1_1083' title='bbox 1729 1870 1870 1909; x_wconf 86' lang='lat' dir='ltr'>sapientis</span> <span class='ocrx_word' id='word_1_1084' title='bbox 1887 1867 1944 1900; x_wconf 79' lang='lat' dir='ltr'>effe</span> <span class='ocrx_word' id='word_1_1085' title='bbox 1959 1869 2127 1910; x_wconf 79' lang='lat' dir='ltr'>aliquando</span> 
     </span>
     <span class='ocr_line' id='line_1_113' title="bbox 1164 1906 2127 1943; baseline 0.006 -7"><span class='ocrx_word' id='word_1_1086' title='bbox 1164 1906 1301 1937; x_wconf 84' lang='lat' dir='ltr'>officium</span> <span class='ocrx_word' id='word_1_1087' title='bbox 1316 1928 1326 1941; x_wconf 87' lang='lat'>‚</span> <span class='ocrx_word' id='word_1_1088' title='bbox 1339 1908 1479 1938; x_wconf 86' lang='lat' dir='ltr'>excedere</span> <span class='ocrx_word' id='word_1_1089' title='bbox 1491 1910 1509 1939; x_wconf 79' lang='grc' dir='ltr'>ὲ</span> <span class='ocrx_word' id='word_1_1090' title='bbox 1519 1911 1591 1943; x_wconf 85' lang='lat' dir='ltr'>vita,</span> <span class='ocrx_word' id='word_1_1091' title='bbox 1603 1909 1676 1940; x_wconf 78' lang='lat' dir='ltr'>cum</span> <span class='ocrx_word' id='word_1_1092' title='bbox 1687 1910 1786 1941; x_wconf 88' lang='lat' dir='ltr'>beatus</span> <span class='ocrx_word' id='word_1_1093' title='bbox 1801 1909 1835 1941; x_wconf 84' lang='lat' dir='ltr'>sit</span> <span class='ocrx_word' id='word_1_1094' title='bbox 1846 1922 1852 1940; x_wconf 94' lang='lat'>:</span> <span class='ocrx_word' id='word_1_1095' title='bbox 1864 1910 1897 1942; x_wconf 89' lang='lat'>&amp;</span> <span class='ocrx_word' id='word_1_1096' title='bbox 1907 1910 1989 1942; x_wconf 86' lang='lat' dir='ltr'>stulti</span> <span class='ocrx_word' id='word_1_1097' title='bbox 1999 1921 2127 1942; x_wconf 80' lang='lat' dir='ltr'>manere</span> 
     </span>
     <span class='ocr_line' id='line_1_114' title="bbox 1163 1949 2128 1994; baseline 0.007 -16"><span class='ocrx_word' id='word_1_1098' title='bbox 1163 1950 1263 1980; x_wconf 88' lang='lat' dir='ltr'>invita</span> <span class='ocrx_word' id='word_1_1099' title='bbox 1271 1969 1280 1982; x_wconf 88' lang='lat'><strong>,</strong></span> <span class='ocrx_word' id='word_1_1100' title='bbox 1289 1949 1363 1980; x_wconf 77' lang='lat' dir='ltr'>cum</span> <span class='ocrx_word' id='word_1_1101' title='bbox 1374 1949 1408 1979; x_wconf 90' lang='lat' dir='ltr'>sit</span> <span class='ocrx_word' id='word_1_1102' title='bbox 1417 1950 1517 1980; x_wconf 86' lang='lat' dir='ltr'>miser.</span> <span class='ocrx_word' id='word_1_1103' title='bbox 1528 1961 1600 1981; x_wconf 88' lang='lat' dir='ltr'>narn</span> <span class='ocrx_word' id='word_1_1104' title='bbox 1612 1951 1730 1982; x_wconf 87' lang='lat' dir='ltr'>bonum</span> <span class='ocrx_word' id='word_1_1105' title='bbox 1740 1952 1816 1983; x_wconf 89' lang='lat' dir='ltr'>illud</span> <span class='ocrx_word' id='word_1_1106' title='bbox 1828 1972 1836 1986; x_wconf 88' lang='lat'>‚</span> <span class='ocrx_word' id='word_1_1107' title='bbox 1851 1953 1883 1983; x_wconf 74' lang='grc' dir='ltr'>δε</span> <span class='ocrx_word' id='word_1_1108' title='bbox 1892 1954 2006 1984; x_wconf 84' lang='lat' dir='ltr'>malurn</span> <span class='ocrx_word' id='word_1_1109' title='bbox 2018 1972 2026 1987; x_wconf 83' lang='lat'><em>‚</em></span> <span class='ocrx_word' id='word_1_1110' title='bbox 2037 1954 2128 1994; x_wconf 56' lang='lat' dir='ltr'>quod.</span> 
     </span>
     <span class='ocr_line' id='line_1_115' title="bbox 1162 1991 2124 2035; baseline 0.006 -15"><span class='ocrx_word' id='word_1_1111' title='bbox 1162 1991 1236 2031; x_wconf 76' lang='lat' dir='ltr'>saepe</span> <span class='ocrx_word' id='word_1_1112' title='bbox 1255 1992 1315 2030; x_wconf 81' lang='lat' dir='ltr'>jam</span> <span class='ocrx_word' id='word_1_1113' title='bbox 1335 1991 1453 2022; x_wconf 70' lang='grc' dir='ltr'><strong>ἀὶᾶυπι</strong></span> <span class='ocrx_word' id='word_1_1114' title='bbox 1472 1991 1533 2026; x_wconf 88' lang='lat' dir='ltr'>est,</span> <span class='ocrx_word' id='word_1_1115' title='bbox 1552 1992 1653 2033; x_wconf 87' lang='lat' dir='ltr'>postea</span> <span class='ocrx_word' id='word_1_1116' title='bbox 1673 1995 1876 2035; x_wconf 85' lang='lat' dir='ltr'>consequitur.</span> <span class='ocrx_word' id='word_1_1117' title='bbox 1899 1997 1998 2034; x_wconf 80' lang='lat' dir='ltr'>prima</span> <span class='ocrx_word' id='word_1_1118' title='bbox 2017 2005 2124 2026; x_wconf 86' lang='lat' dir='ltr'>autem</span> 
     </span>
     <span class='ocr_line' id='line_1_116' title="bbox 1162 2032 2123 2076; baseline 0.005 -14"><span class='ocrx_word' id='word_1_1119' title='bbox 1162 2033 1212 2063; x_wconf 90' lang='lat' dir='ltr'>illa</span> <span class='ocrx_word' id='word_1_1120' title='bbox 1222 2042 1334 2063; x_wconf 82' lang='lat' dir='ltr'>naturae</span> <span class='ocrx_word' id='word_1_1121' title='bbox 1348 2053 1358 2067; x_wconf 85' lang='lat'>,</span> <span class='ocrx_word' id='word_1_1122' title='bbox 1379 2032 1438 2063; x_wconf 88' lang='lat' dir='ltr'>five</span> <span class='ocrx_word' id='word_1_1123' title='bbox 1449 2034 1586 2068; x_wconf 86' lang='lat' dir='ltr'>secunda,</span> <span class='ocrx_word' id='word_1_1124' title='bbox 1597 2033 1654 2065; x_wconf 86' lang='lat' dir='ltr'>five</span> <span class='ocrx_word' id='word_1_1125' title='bbox 1666 2039 1811 2067; x_wconf 85' lang='lat' dir='ltr'>contraria</span> <span class='ocrx_word' id='word_1_1126' title='bbox 1823 2056 1832 2070; x_wconf 95' lang='lat'>,</span> <span class='ocrx_word' id='word_1_1127' title='bbox 1851 2036 2062 2076; x_wconf 87' lang='lat' dir='ltr'>subjudicium</span> <span class='ocrx_word' id='word_1_1128' title='bbox 2075 2037 2123 2068; x_wconf 82' lang='lat' dir='ltr'>sa·-</span> 
     </span>
     <span class='ocr_line' id='line_1_117' title="bbox 1162 2075 2124 2120; baseline 0.006 -16"><span class='ocrx_word' id='word_1_1129' title='bbox 1162 2076 1273 2114; x_wconf 85' lang='lat' dir='ltr'>pientis</span> <span class='ocrx_word' id='word_1_1130' title='bbox 1284 2095 1291 2108; x_wconf 86' lang='lat'>,</span> <span class='ocrx_word' id='word_1_1131' title='bbox 1306 2075 1500 2106; x_wconf 63' lang='lat' dir='ltr'>&amp;deledkum</span> <span class='ocrx_word' id='word_1_1132' title='bbox 1511 2076 1620 2108; x_wconf 86' lang='lat' dir='ltr'>cadunt</span> <span class='ocrx_word' id='word_1_1133' title='bbox 1633 2088 1638 2106; x_wconf 76' lang='lat' dir='ltr'>t</span> <span class='ocrx_word' id='word_1_1134' title='bbox 1653 2077 1757 2118; x_wconf 82' lang='lat' dir='ltr'>estque</span> <span class='ocrx_word' id='word_1_1135' title='bbox 1769 2078 1820 2108; x_wconf 84' lang='lat' dir='ltr'>illa</span> <span class='ocrx_word' id='word_1_1136' title='bbox 1829 2077 2044 2120; x_wconf 64' lang='lat' dir='ltr'>subjeaaquasi</span> <span class='ocrx_word' id='word_1_1137' title='bbox 2057 2089 2124 2110; x_wconf 79' lang='lat' dir='ltr'>ma-</span> 
     </span>
     <span class='ocr_line' id='line_1_118' title="bbox 1162 2118 2122 2162; baseline 0.004 -15"><span class='ocrx_word' id='word_1_1138' title='bbox 1162 2118 1232 2147; x_wconf 81' lang='lat' dir='ltr'>teria</span> <span class='ocrx_word' id='word_1_1139' title='bbox 1259 2118 1420 2157; x_wconf 76' lang='lat' dir='ltr'>sapientiae.</span> <span class='ocrx_word' id='word_1_1140' title='bbox 1452 2120 1551 2159; x_wconf 88' lang='lat' dir='ltr'>itaque</span> <span class='ocrx_word' id='word_1_1141' title='bbox 1573 2118 1606 2149; x_wconf 93' lang='lat'>&amp;</span> <span class='ocrx_word' id='word_1_1142' title='bbox 1625 2119 1769 2150; x_wconf 87' lang='lat' dir='ltr'>manendi</span> <span class='ocrx_word' id='word_1_1143' title='bbox 1786 2121 1819 2150; x_wconf 91' lang='lat' dir='ltr'>in</span> <span class='ocrx_word' id='word_1_1144' title='bbox 1839 2122 1901 2151; x_wconf 89' lang='lat' dir='ltr'>vita</span> <span class='ocrx_word' id='word_1_1145' title='bbox 1920 2121 1952 2151; x_wconf 90' lang='lat'>&amp;</span> <span class='ocrx_word' id='word_1_1146' title='bbox 1971 2120 2122 2162; x_wconf 80' lang='lat' dir='ltr'>migrandi</span> 
     </span>
     <span class='ocr_line' id='line_1_119' title="bbox 1162 2159 2119 2202; baseline 0.005 -14"><span class='ocrx_word' id='word_1_1147' title='bbox 1162 2160 1247 2193; x_wconf 82' lang='lat' dir='ltr'>ratio,</span> <span class='ocrx_word' id='word_1_1148' title='bbox 1260 2159 1406 2190; x_wconf 89' lang='lat' dir='ltr'>omnibus</span> <span class='ocrx_word' id='word_1_1149' title='bbox 1417 2161 1456 2190; x_wconf 89' lang='lat' dir='ltr'>iis</span> <span class='ocrx_word' id='word_1_1150' title='bbox 1466 2161 1566 2194; x_wconf 85' lang='lat' dir='ltr'>rebus,</span> <span class='ocrx_word' id='word_1_1151' title='bbox 1577 2170 1647 2202; x_wconf 86' lang='lat' dir='ltr'>quas</span> <span class='ocrx_word' id='word_1_1152' title='bbox 1657 2161 1741 2202; x_wconf 69' lang='lat' dir='ltr'>supra</span> <span class='ocrx_word' id='word_1_1153' title='bbox 1751 2161 1995 2195; x_wconf 84' lang='lat' dir='ltr'>dixi,metienda.</span> <span class='ocrx_word' id='word_1_1154' title='bbox 2009 2165 2036 2182; x_wconf 85' lang='lat'>¹²</span> <span class='ocrx_word' id='word_1_1155' title='bbox 2047 2173 2119 2193; x_wconf 85' lang='lat' dir='ltr'>nam</span> 
     </span>
     <span class='ocr_line' id='line_1_120' title="bbox 1160 2203 2122 2245; baseline 0.004 -15"><span class='ocrx_word' id='word_1_1156' title='bbox 1160 2211 1258 2241; x_wconf 87' lang='lat' dir='ltr'>neque</span> <span class='ocrx_word' id='word_1_1157' title='bbox 1268 2203 1306 2230; x_wconf 88' lang='lat' dir='ltr'>iis</span> <span class='ocrx_word' id='word_1_1158' title='bbox 1317 2221 1325 2234; x_wconf 84' lang='lat'>‚</span> <span class='ocrx_word' id='word_1_1159' title='bbox 1337 2203 1389 2242; x_wconf 91' lang='lat' dir='ltr'>qui</span> <span class='ocrx_word' id='word_1_1160' title='bbox 1400 2203 1512 2232; x_wconf 88' lang='lat' dir='ltr'>virtute</span> <span class='ocrx_word' id='word_1_1161' title='bbox 1522 2205 1688 2233; x_wconf 87' lang='lat' dir='ltr'>retinentur</span> <span class='ocrx_word' id='word_1_1162' title='bbox 1700 2205 1732 2233; x_wconf 88' lang='lat' dir='ltr'>in</span> <span class='ocrx_word' id='word_1_1163' title='bbox 1741 2205 1814 2237; x_wconf 77' lang='lat' dir='ltr'>vita,</span> <span class='ocrx_word' id='word_1_1164' title='bbox 1826 2214 1925 2245; x_wconf 87' lang='lat' dir='ltr'>neque</span> <span class='ocrx_word' id='word_1_1165' title='bbox 1935 2206 1984 2237; x_wconf 83' lang='lat' dir='ltr'>iis,</span> <span class='ocrx_word' id='word_1_1166' title='bbox 1995 2206 2048 2245; x_wconf 70' lang='lat' dir='ltr'>qui</span> <span class='ocrx_word' id='word_1_1167' title='bbox 2059 2203 2122 2234; x_wconf 80' lang='lat' dir='ltr'>fine</span> 
     </span>
     <span class='ocr_line' id='line_1_121' title="bbox 1160 2243 2117 2285; baseline 0.004 -13"><span class='ocrx_word' id='word_1_1168' title='bbox 1160 2245 1269 2273; x_wconf 85' lang='lat' dir='ltr'>virtute</span> <span class='ocrx_word' id='word_1_1169' title='bbox 1287 2243 1375 2277; x_wconf 86' lang='lat' dir='ltr'>sunt,</span> <span class='ocrx_word' id='word_1_1170' title='bbox 1397 2253 1481 2274; x_wconf 88' lang='lat' dir='ltr'>mors</span> <span class='ocrx_word' id='word_1_1171' title='bbox 1502 2243 1544 2275; x_wconf 89' lang='lat' dir='ltr'>est</span> <span class='ocrx_word' id='word_1_1172' title='bbox 1562 2245 1740 2285; x_wconf 89' lang='lat' dir='ltr'>oppetenda.</span> <span class='ocrx_word' id='word_1_1173' title='bbox 1762 2254 1815 2279; x_wconf 83' lang='lat' dir='ltr'>ut,</span> <span class='ocrx_word' id='word_1_1174' title='bbox 1834 2255 1925 2276; x_wconf 77' lang='lat' dir='ltr'>SAEPE</span> <span class='ocrx_word' id='word_1_1175' title='bbox 1944 2255 2117 2276; x_wconf 72' lang='lat' dir='ltr'>OFFICIUM</span> 
     </span>
     <span class='ocr_line' id='line_1_122' title="bbox 1160 2284 2114 2327; baseline 0.005 -13"><span class='ocrx_word' id='word_1_1176' title='bbox 1160 2284 1202 2315; x_wconf 91' lang='lat' dir='ltr'>est</span> <span class='ocrx_word' id='word_1_1177' title='bbox 1214 2285 1362 2325; x_wconf 77' lang='lat' dir='ltr'>sapientis,</span> <span class='ocrx_word' id='word_1_1178' title='bbox 1374 2285 1533 2316; x_wconf 86' lang='lat' dir='ltr'>desciscere</span> <span class='ocrx_word' id='word_1_1179' title='bbox 1542 2286 1638 2320; x_wconf 71' lang='lat' dir='ltr'>avita,</span> <span class='ocrx_word' id='word_1_1180' title='bbox 1648 2287 1719 2318; x_wconf 75' lang='lat' dir='ltr'>cum</span> <span class='ocrx_word' id='word_1_1181' title='bbox 1732 2285 1764 2317; x_wconf 90' lang='lat' dir='ltr'>fit</span> <span class='ocrx_word' id='word_1_1182' title='bbox 1775 2286 1967 2321; x_wconf 80' lang='lat' dir='ltr'>beatissimus,</span> <span class='ocrx_word' id='word_1_1183' title='bbox 1981 2287 2002 2318; x_wconf 88' lang='lat' dir='ltr'>fi</span> <span class='ocrx_word' id='word_1_1184' title='bbox 2017 2288 2047 2319; x_wconf 85' lang='lat' dir='ltr'>id</span> <span class='ocrx_word' id='word_1_1185' title='bbox 2059 2298 2114 2327; x_wconf 87' lang='lat' dir='ltr'>op-</span> 
     </span>
     <span class='ocr_line' id='line_1_123' title="bbox 1160 2326 2119 2370; baseline 0.003 -14"><span class='ocrx_word' id='word_1_1186' title='bbox 1160 2335 1290 2367; x_wconf 85' lang='lat' dir='ltr'>portune</span> <span class='ocrx_word' id='word_1_1187' title='bbox 1307 2326 1402 2357; x_wconf 86' lang='lat' dir='ltr'>facere</span> <span class='ocrx_word' id='word_1_1188' title='bbox 1415 2327 1502 2368; x_wconf 85' lang='lat' dir='ltr'>poffit</span> <span class='ocrx_word' id='word_1_1189' title='bbox 1515 2340 1524 2362; x_wconf 80' lang='lat'>3</span> <span class='ocrx_word' id='word_1_1190' title='bbox 1544 2328 1625 2370; x_wconf 89' lang='lat' dir='ltr'>quod</span> <span class='ocrx_word' id='word_1_1191' title='bbox 1636 2328 1679 2359; x_wconf 86' lang='lat' dir='ltr'>est</span> <span class='ocrx_word' id='word_1_1192' title='bbox 1687 2330 1904 2359; x_wconf 80' lang='lat' dir='ltr'>convenienter</span> <span class='ocrx_word' id='word_1_1193' title='bbox 1912 2339 2022 2361; x_wconf 79' lang='lat' dir='ltr'>naturae</span> <span class='ocrx_word' id='word_1_1194' title='bbox 2033 2331 2119 2359; x_wconf 89' lang='lat' dir='ltr'>vive-</span> 
     </span>
     <span class='ocr_line' id='line_1_124' title="bbox 1160 2367 2117 2412; baseline 0.002 -12"><span class='ocrx_word' id='word_1_1195' title='bbox 1160 2379 1203 2401; x_wconf 89' lang='lat' dir='ltr'>re.</span> <span class='ocrx_word' id='word_1_1196' title='bbox 1227 2367 1264 2399; x_wconf 88' lang='lat' dir='ltr'>fic</span> <span class='ocrx_word' id='word_1_1197' title='bbox 1284 2370 1372 2399; x_wconf 86' lang='lat' dir='ltr'>enim</span> <span class='ocrx_word' id='word_1_1198' title='bbox 1391 2370 1532 2405; x_wconf 85' lang='lat' dir='ltr'>censent,</span> <span class='ocrx_word' id='word_1_1199' title='bbox 1552 2372 1774 2412; x_wconf 79' lang='lat' dir='ltr'>opportunitatis</span> <span class='ocrx_word' id='word_1_1200' title='bbox 1787 2370 1922 2410; x_wconf 80' lang='lat' dir='ltr'>essebeate&#39;</span> <span class='ocrx_word' id='word_1_1201' title='bbox 1932 2371 2036 2401; x_wconf 75' lang='lat' dir='ltr'>vivere.</span> <span class='ocrx_word' id='word_1_1202' title='bbox 2060 2374 2117 2402; x_wconf 81' lang='lat' dir='ltr'>ita-</span> 
     </span>
    </p>

    <p class='ocr_par' dir='ltr' id='par_1_18' title="bbox 2059 2423 2120 2454">
     <span class='ocr_line' id='line_1_125' title="bbox 2059 2423 2120 2454; baseline 0.016 -10"><span class='ocrx_word' id='word_1_1203' title='bbox 2059 2423 2120 2454; x_wconf 81' lang='lat' dir='ltr'>que</span> 
     </span>
    </p>
   </div>
   <div class='ocr_carea' id='block_1_17' title="bbox 2099 2481 2116 2488">
    <p class='ocr_par' dir='ltr' id='par_1_19' title="bbox 2099 2481 2116 2488">
     <span class='ocr_line' id='line_1_126' title="bbox 2099 2481 2116 2488; baseline 0 0"><span class='ocrx_word' id='word_1_1204' title='bbox 2099 2481 2116 2488; x_wconf 71' lang='lat'>.—</span> 
     </span>
    </p>
   </div>
   <div class='ocr_carea' id='block_1_18' title="bbox 1141 1775 1150 2341">
    <p class='ocr_par' dir='ltr' id='par_1_20' title="bbox 1141 1775 1150 2341">
     <span class='ocr_line' id='line_1_127' title="bbox 1141 1775 1150 2341; baseline 0 0"><span class='ocrx_word' id='word_1_1205' title='bbox 1141 1775 1150 2341; x_wconf 95' lang='lat' dir='ltr'> </span> 
     </span>
    </p>
   </div>
   <div class='ocr_carea' id='block_1_19' title="bbox 1131 2507 2119 3124">
    <p class='ocr_par' dir='ltr' id='par_1_21' title="bbox 1134 2507 2117 2652">
     <span class='ocr_line' id='line_1_128' title="bbox 1155 2507 2113 2543; baseline 0.002 -10"><span class='ocrx_word' id='word_1_1206' title='bbox 1155 2516 1217 2534; x_wconf 81' lang='lat' dir='ltr'>nam</span> <span class='ocrx_word' id='word_1_1207' title='bbox 1228 2507 1329 2543; x_wconf 76' lang='lat' dir='ltr'>primus</span> <span class='ocrx_word' id='word_1_1208' title='bbox 1340 2508 1455 2535; x_wconf 75' lang='lat' dir='ltr'>adhaeret</span> <span class='ocrx_word' id='word_1_1209' title='bbox 1466 2508 1574 2543; x_wconf 82' lang='lat' dir='ltr'>vulgato</span> <span class='ocrx_word' id='word_1_1210' title='bbox 1587 2528 1594 2541; x_wconf 89' lang='lat'>‚</span> <span class='ocrx_word' id='word_1_1211' title='bbox 1607 2510 1620 2535; x_wconf 79' lang='lat' dir='ltr'>:i</span> <span class='ocrx_word' id='word_1_1212' title='bbox 1633 2518 1686 2543; x_wconf 83' lang='lat' dir='ltr'>quo</span> <span class='ocrx_word' id='word_1_1213' title='bbox 1696 2509 1777 2534; x_wconf 78' lang='lat' dir='ltr'>etiam</span> <span class='ocrx_word' id='word_1_1214' title='bbox 1788 2517 1840 2535; x_wconf 90' lang='lat' dir='ltr'>non</span> <span class='ocrx_word' id='word_1_1215' title='bbox 1852 2508 1954 2535; x_wconf 80' lang='lat' dir='ltr'>receffit</span> <span class='ocrx_word' id='word_1_1216' title='bbox 1965 2508 2113 2536; x_wconf 63' lang='lat' dir='ltr'>Vistorius.</span> 
     </span>
     <span class='ocr_line' id='line_1_129' title="bbox 1135 2543 1739 2580; baseline 0.002 -10"><span class='ocrx_word' id='word_1_1217' title='bbox 1135 2550 1137 2562; x_wconf 62' lang='lat' dir='ltr'>l</span> <span class='ocrx_word' id='word_1_1218' title='bbox 1154 2545 1238 2570; x_wconf 86' lang='lat' dir='ltr'>ceteri</span> <span class='ocrx_word' id='word_1_1219' title='bbox 1253 2546 1372 2580; x_wconf 81' lang='lat' dir='ltr'>quinque</span> <span class='ocrx_word' id='word_1_1220' title='bbox 1388 2543 1514 2575; x_wconf 82' lang='lat' dir='ltr'>scribunt,</span> <span class='ocrx_word' id='word_1_1221' title='bbox 1525 2548 1561 2570; x_wconf 64' lang='lat' dir='ltr'>esi</span> <span class='ocrx_word' id='word_1_1222' title='bbox 1571 2555 1622 2570; x_wconf 82' lang='lat' dir='ltr'>cum</span> <span class='ocrx_word' id='word_1_1223' title='bbox 1630 2547 1669 2571; x_wconf 79' lang='lat' dir='ltr'>illo</span> <span class='ocrx_word' id='word_1_1224' title='bbox 1677 2551 1739 2577; x_wconf 78' lang='lat' dir='ltr'>pert.</span> 
     </span>
     <span class='ocr_line' id='line_1_130' title="bbox 1191 2580 2117 2615; baseline 0 -9"><span class='ocrx_word' id='word_1_1225' title='bbox 1191 2580 1218 2606; x_wconf 83' lang='lat'>8.</span> <span class='ocrx_word' id='word_1_1226' title='bbox 1237 2583 1359 2614; x_wconf 71' lang='lat' dir='ltr'>Praepofira</span> <span class='ocrx_word' id='word_1_1227' title='bbox 1376 2581 1516 2615; x_wconf 54' lang='lat' dir='ltr'>dicuntum]</span> <span class='ocrx_word' id='word_1_1228' title='bbox 1537 2581 1613 2608; x_wconf 86' lang='lat' dir='ltr'>Olim</span> <span class='ocrx_word' id='word_1_1229' title='bbox 1632 2580 1684 2608; x_wconf 86' lang='lat' dir='ltr'>cufi</span> <span class='ocrx_word' id='word_1_1230' title='bbox 1701 2580 1824 2607; x_wconf 73' lang='lat' dir='ltr'>dicemur.-</span> <span class='ocrx_word' id='word_1_1231' title='bbox 1844 2588 1928 2615; x_wconf 85' lang='lat' dir='ltr'>neque</span> <span class='ocrx_word' id='word_1_1232' title='bbox 1946 2581 2027 2608; x_wconf 76' lang='lat' dir='ltr'>aliter</span> <span class='ocrx_word' id='word_1_1233' title='bbox 2043 2581 2117 2608; x_wconf 60' lang='lat' dir='ltr'>Pili.</span> 
     </span>
     <span class='ocr_line' id='line_1_131' title="bbox 1134 2614 1502 2652; baseline 0.003 -11"><span class='ocrx_word' id='word_1_1234' title='bbox 1134 2623 1136 2649; x_wconf 59' lang='grc' dir='ltr'>ξ</span> <span class='ocrx_word' id='word_1_1235' title='bbox 1155 2614 1212 2648; x_wconf 86' lang='lat' dir='ltr'>sex,</span> <span class='ocrx_word' id='word_1_1236' title='bbox 1223 2615 1360 2652; x_wconf 79' lang='lat' dir='ltr'>editioqiie</span> <span class='ocrx_word' id='word_1_1237' title='bbox 1376 2617 1502 2643; x_wconf 60' lang='lat' dir='ltr'>Victorii.</span> 
     </span>
    </p>

    <p class='ocr_par' dir='ltr' id='par_1_22' title="bbox 1131 2652 2119 2872">
     <span class='ocr_line' id='line_1_132' title="bbox 1190 2652 2119 2687; baseline 0 -8"><span class='ocrx_word' id='word_1_1238' title='bbox 1190 2660 1219 2687; x_wconf 88' lang='lat'>9.</span> <span class='ocrx_word' id='word_1_1239' title='bbox 1240 2656 1299 2685; x_wconf 43' lang='lat' dir='ltr'>Engo</span> <span class='ocrx_word' id='word_1_1240' title='bbox 1309 2656 1416 2678; x_wconf 68' lang='lat' dir='ltr'>aretiam</span> <span class='ocrx_word' id='word_1_1241' title='bbox 1428 2655 1583 2686; x_wconf 71' lang='lat' dir='ltr'>probabiliter</span> <span class='ocrx_word' id='word_1_1242' title='bbox 1592 2654 1641 2678; x_wconf 71' lang='grc' dir='ltr'><em>αέῖι·</em></span> <span class='ocrx_word' id='word_1_1243' title='bbox 1659 2655 1721 2679; x_wconf 77' lang='lat' dir='ltr'>ratio</span> <span class='ocrx_word' id='word_1_1244' title='bbox 1730 2652 1796 2678; x_wconf 72' lang='lat' dir='ltr'>reddi</span> <span class='ocrx_word' id='word_1_1245' title='bbox 1808 2653 1898 2687; x_wconf 80' lang='lat' dir='ltr'>pnfflt.]</span> <span class='ocrx_word' id='word_1_1246' title='bbox 1920 2653 2020 2680; x_wconf 81' lang='lat' dir='ltr'>Totum</span> <span class='ocrx_word' id='word_1_1247' title='bbox 2032 2653 2119 2684; x_wconf 55' lang='lat' dir='ltr'>istud.</span> 
     </span>
     <span class='ocr_line' id='line_1_133' title="bbox 1154 2688 2113 2725; baseline 0.006 -11"><span class='ocrx_word' id='word_1_1248' title='bbox 1154 2697 1205 2714; x_wconf 87' lang='lat' dir='ltr'>non</span> <span class='ocrx_word' id='word_1_1249' title='bbox 1218 2689 1254 2715; x_wconf 81' lang='lat' dir='ltr'>est</span> <span class='ocrx_word' id='word_1_1250' title='bbox 1264 2690 1290 2715; x_wconf 86' lang='lat' dir='ltr'>in</span> <span class='ocrx_word' id='word_1_1251' title='bbox 1304 2689 1436 2715; x_wconf 71' lang='lat' dir='ltr'>veteribus</span> <span class='ocrx_word' id='word_1_1252' title='bbox 1448 2689 1512 2715; x_wconf 86' lang='lat' dir='ltr'>Aldi</span> <span class='ocrx_word' id='word_1_1253' title='bbox 1525 2709 1532 2720; x_wconf 94' lang='lat'>,</span> <span class='ocrx_word' id='word_1_1254' title='bbox 1553 2688 1673 2715; x_wconf 80' lang='lat' dir='ltr'>oniisi‘iiin</span> <span class='ocrx_word' id='word_1_1255' title='bbox 1694 2689 1859 2724; x_wconf 69' lang='lat' dir='ltr'>negligenti-:i</span> <span class='ocrx_word' id='word_1_1256' title='bbox 1873 2692 2113 2725; x_wconf 66' lang='lat' dir='ltr'>typograprorum·</span> 
     </span>
     <span class='ocr_line' id='line_1_134' title="bbox 1134 2720 2112 2761; baseline 0.003 -11"><span class='ocrx_word' id='word_1_1257' title='bbox 1134 2720 1135 2755; x_wconf 52' lang='grc' dir='ltr'>ἶ</span> <span class='ocrx_word' id='word_1_1258' title='bbox 1153 2724 1187 2750; x_wconf 85' lang='lat' dir='ltr'>ob</span> <span class='ocrx_word' id='word_1_1259' title='bbox 1197 2726 1368 2760; x_wconf 70' lang='lat' dir='ltr'>repetitiones</span> <span class='ocrx_word' id='word_1_1260' title='bbox 1382 2734 1486 2756; x_wconf 82' lang='lat' dir='ltr'>vocum,</span> <span class='ocrx_word' id='word_1_1261' title='bbox 1502 2728 1563 2751; x_wconf 77' lang='lat' dir='ltr'>ratio</span> <span class='ocrx_word' id='word_1_1262' title='bbox 1573 2725 1637 2751; x_wconf 64' lang='lat' dir='ltr'>reddi·</span> <span class='ocrx_word' id='word_1_1263' title='bbox 1645 2727 1719 2759; x_wconf 82' lang='lat' dir='ltr'>poffit.</span> <span class='ocrx_word' id='word_1_1264' title='bbox 1738 2725 1809 2761; x_wconf 84' lang='lat' dir='ltr'>quod</span> <span class='ocrx_word' id='word_1_1265' title='bbox 1822 2734 1907 2760; x_wconf 76' lang='lat' dir='ltr'>neque</span> <span class='ocrx_word' id='word_1_1266' title='bbox 1920 2725 2112 2753; x_wconf 72' lang='lat' dir='ltr'>animadvertit</span> 
     </span>
     <span class='ocr_line' id='line_1_135' title="bbox 1151 2761 2113 2797; baseline 0.002 -11"><span class='ocrx_word' id='word_1_1267' title='bbox 1151 2768 1197 2787; x_wconf 77' lang='lat' dir='ltr'>aut</span> <span class='ocrx_word' id='word_1_1268' title='bbox 1208 2762 1343 2788; x_wconf 72' lang='lat' dir='ltr'>Manutius</span> <span class='ocrx_word' id='word_1_1269' title='bbox 1355 2761 1437 2792; x_wconf 77' lang='lat' dir='ltr'>filins,</span> <span class='ocrx_word' id='word_1_1270' title='bbox 1447 2769 1493 2787; x_wconf 78' lang='lat' dir='ltr'>aut</span> <span class='ocrx_word' id='word_1_1271' title='bbox 1503 2763 1606 2797; x_wconf 84' lang='lat' dir='ltr'>Nepos.</span> <span class='ocrx_word' id='word_1_1272' title='bbox 1624 2762 1759 2788; x_wconf 61' lang='lat' dir='ltr'>Vistorius</span> <span class='ocrx_word' id='word_1_1273' title='bbox 1771 2769 1856 2788; x_wconf 79' lang='lat' dir='ltr'>tamen</span> <span class='ocrx_word' id='word_1_1274' title='bbox 1868 2761 1973 2788; x_wconf 68' lang='lat' dir='ltr'>auEiori</span> <span class='ocrx_word' id='word_1_1275' title='bbox 1983 2761 2113 2793; x_wconf 61' lang='lat' dir='ltr'>reddidin</span> 
     </span>
     <span class='ocr_line' id='line_1_136' title="bbox 1132 2797 2109 2833; baseline 0.002 -10"><span class='ocrx_word' id='word_1_1276' title='bbox 1132 2822 1134 2827; x_wconf 90' lang='lat'>.</span> <span class='ocrx_word' id='word_1_1277' title='bbox 1152 2806 1184 2823; x_wconf 86' lang='lat' dir='ltr'>ne</span> <span class='ocrx_word' id='word_1_1278' title='bbox 1195 2798 1253 2832; x_wconf 81' lang='lat' dir='ltr'>quis</span> <span class='ocrx_word' id='word_1_1279' title='bbox 1265 2797 1349 2823; x_wconf 66' lang='lat' dir='ltr'>foi-‘im</span> <span class='ocrx_word' id='word_1_1280' title='bbox 1361 2797 1387 2823; x_wconf 81' lang='lat' dir='ltr'>id</span> <span class='ocrx_word' id='word_1_1281' title='bbox 1400 2797 1530 2823; x_wconf 77' lang='lat' dir='ltr'>Lambiuo</span> <span class='ocrx_word' id='word_1_1282' title='bbox 1540 2806 1598 2823; x_wconf 72' lang='lat' dir='ltr'>acce</span> <span class='ocrx_word' id='word_1_1283' title='bbox 1619 2804 1675 2824; x_wconf 87' lang='lat' dir='ltr'>tuin</span> <span class='ocrx_word' id='word_1_1284' title='bbox 1686 2797 1756 2824; x_wconf 79' lang='lat' dir='ltr'>ferat</span> <span class='ocrx_word' id='word_1_1285' title='bbox 1768 2817 1776 2828; x_wconf 87' lang='lat'>‚</span> <span class='ocrx_word' id='word_1_1286' title='bbox 1796 2805 1826 2823; x_wconf 83' lang='lat' dir='ltr'>rit</span> <span class='ocrx_word' id='word_1_1287' title='bbox 1838 2797 1921 2824; x_wconf 75' lang='lat' dir='ltr'>videi-i</span> <span class='ocrx_word' id='word_1_1288' title='bbox 1931 2798 2000 2825; x_wconf 86' lang='lat' dir='ltr'>vult.</span> <span class='ocrx_word' id='word_1_1289' title='bbox 2010 2799 2056 2833; x_wconf 85' lang='lat' dir='ltr'>qui</span> <span class='ocrx_word' id='word_1_1290' title='bbox 2068 2806 2109 2825; x_wconf 79' lang='lat' dir='ltr'>ta-</span> 
     </span>
     <span class='ocr_line' id='line_1_137' title="bbox 1131 2806 1933 2872; baseline 0.001 -13"><span class='ocrx_word' id='word_1_1291' title='bbox 1131 2839 1134 2872; x_wconf 36' lang='grc' dir='ltr'><strong><em>ᾗ</em></strong></span> <span class='ocrx_word' id='word_1_1292' title='bbox 1153 2843 1210 2859; x_wconf 81' lang='lat' dir='ltr'>inc-ii</span> <span class='ocrx_word' id='word_1_1293' title='bbox 1225 2841 1317 2860; x_wconf 75' lang='lat' dir='ltr'>contra</span> <span class='ocrx_word' id='word_1_1294' title='bbox 1328 2834 1383 2860; x_wconf 78' lang='lat' dir='ltr'>ruff.</span> <span class='ocrx_word' id='word_1_1295' title='bbox 1395 2834 1495 2860; x_wconf 76' lang='lat' dir='ltr'>nostros</span> <span class='ocrx_word' id='word_1_1296' title='bbox 1508 2833 1549 2860; x_wconf 80' lang='lat' dir='ltr'>sex</span> <span class='ocrx_word' id='word_1_1297' title='bbox 1561 2806 1718 2869; x_wconf 43' lang='lat' dir='ltr'>pugnavit,</span> <span class='ocrx_word' id='word_1_1298' title='bbox 1727 2834 1933 2867; x_wconf 65' lang='lat' dir='ltr'>probabilissac&#39;li.</span> 
     </span>
    </p>

    <p class='ocr_par' dir='ltr' id='par_1_23' title="bbox 1152 2869 2109 2931">
     <span class='ocr_line' id='line_1_138' title="bbox 1190 2869 2109 2907; baseline 0.003 -12"><span class='ocrx_word' id='word_1_1299' title='bbox 1190 2878 1232 2895; x_wconf 81' lang='grc' dir='ltr'>ιο.</span> <span class='ocrx_word' id='word_1_1300' title='bbox 1252 2871 1353 2905; x_wconf 49' lang='grc' dir='ltr'>ὠμὴ]</span> <span class='ocrx_word' id='word_1_1301' title='bbox 1375 2871 1418 2896; x_wconf 81' lang='lat' dir='ltr'>Sic</span> <span class='ocrx_word' id='word_1_1302' title='bbox 1428 2870 1485 2896; x_wconf 77' lang='lat' dir='ltr'>l’al.</span> <span class='ocrx_word' id='word_1_1303' title='bbox 1505 2870 1585 2906; x_wconf 84' lang='lat' dir='ltr'>prim.</span> <span class='ocrx_word' id='word_1_1304' title='bbox 1605 2870 1689 2897; x_wconf 85' lang='lat' dir='ltr'>nihilo</span> <span class='ocrx_word' id='word_1_1305' title='bbox 1699 2870 1855 2907; x_wconf 75' lang='lat' dir='ltr'>pejuscerte</span> <span class='ocrx_word' id='word_1_1306' title='bbox 1866 2879 1945 2906; x_wconf 78' lang='lat' dir='ltr'>quam</span> <span class='ocrx_word' id='word_1_1307' title='bbox 1958 2869 2109 2906; x_wconf 77' lang='lat' dir='ltr'>vulgatum,</span> 
     </span>
     <span class='ocr_line' id='line_1_139' title="bbox 1152 2912 1232 2931; baseline 0.013 -1"><span class='ocrx_word' id='word_1_1308' title='bbox 1152 2912 1232 2931; x_wconf 61' lang='lat' dir='ltr'>atoeue.</span> 
     </span>
    </p>

    <p class='ocr_par' dir='ltr' id='par_1_24' title="bbox 1147 2929 2110 3048">
     <span class='ocr_line' id='line_1_140' title="bbox 1183 2929 2110 2977; baseline 0 -9"><span class='ocrx_word' id='word_1_1309' title='bbox 1183 2929 1197 2968; x_wconf 50' lang='grc' dir='ltr'>ἰ</span> <span class='ocrx_word' id='word_1_1310' title='bbox 1208 2951 1229 2968; x_wconf 85' lang='grc' dir='ltr'>ι.</span> <span class='ocrx_word' id='word_1_1311' title='bbox 1244 2945 1365 2967; x_wconf 75' lang='lat' dir='ltr'>Communi</span> <span class='ocrx_word' id='word_1_1312' title='bbox 1373 2943 1438 2975; x_wconf 58' lang='lat' dir='ltr'>afficio</span> <span class='ocrx_word' id='word_1_1313' title='bbox 1447 2943 1605 2977; x_wconf 60' lang='lat' dir='ltr'>continetur]</span> <span class='ocrx_word' id='word_1_1314' title='bbox 1618 2942 1752 2969; x_wconf 80' lang='lat' dir='ltr'>Vetustius</span> <span class='ocrx_word' id='word_1_1315' title='bbox 1762 2942 1827 2973; x_wconf 81' lang='lat' dir='ltr'>cufi,</span> <span class='ocrx_word' id='word_1_1316' title='bbox 1837 2941 1918 2969; x_wconf 83' lang='lat' dir='ltr'>etiam</span> <span class='ocrx_word' id='word_1_1317' title='bbox 1929 2941 1972 2968; x_wconf 82' lang='lat' dir='ltr'>ed.</span> <span class='ocrx_word' id='word_1_1318' title='bbox 1983 2941 2110 2973; x_wconf 47' lang='lat' dir='ltr'>Victorii,</span> 
     </span>
     <span class='ocr_line' id='line_1_141' title="bbox 1147 2978 2109 3014; baseline 0.004 -12"><span class='ocrx_word' id='word_1_1319' title='bbox 1147 2981 1208 3003; x_wconf 66' lang='lat' dir='ltr'>omni</span> <span class='ocrx_word' id='word_1_1320' title='bbox 1217 2981 1284 3011; x_wconf 67' lang='lat' dir='ltr'>qyicio</span> <span class='ocrx_word' id='word_1_1321' title='bbox 1295 2998 1302 3009; x_wconf 86' lang='lat'>‚</span> <span class='ocrx_word' id='word_1_1322' title='bbox 1324 2978 1392 3013; x_wconf 80' lang='lat' dir='ltr'>qnod</span> <span class='ocrx_word' id='word_1_1323' title='bbox 1405 2979 1430 3004; x_wconf 72' lang='lat'>8&lt;</span> <span class='ocrx_word' id='word_1_1324' title='bbox 1444 2979 1468 3004; x_wconf 86' lang='lat' dir='ltr'>in</span> <span class='ocrx_word' id='word_1_1325' title='bbox 1482 2979 1549 3005; x_wconf 71' lang='lat' dir='ltr'>Pali.</span> <span class='ocrx_word' id='word_1_1326' title='bbox 1568 2987 1693 3014; x_wconf 75' lang='lat' dir='ltr'>quatuor.</span> <span class='ocrx_word' id='word_1_1327' title='bbox 1714 2988 1774 3005; x_wconf 87' lang='lat' dir='ltr'>nam</span> <span class='ocrx_word' id='word_1_1328' title='bbox 1786 2978 1897 3005; x_wconf 60' lang='lat' dir='ltr'>&amp;cundo</span> <span class='ocrx_word' id='word_1_1329' title='bbox 1906 2978 1991 3010; x_wconf 71' lang='lat' dir='ltr'>defit3</span> <span class='ocrx_word' id='word_1_1330' title='bbox 2012 2980 2109 3006; x_wconf 67' lang='lat' dir='ltr'>tertius</span> 
     </span>
     <span class='ocr_line' id='line_1_142' title="bbox 1150 3014 1928 3048; baseline 0.004 -9"><span class='ocrx_word' id='word_1_1331' title='bbox 1150 3016 1264 3041; x_wconf 80' lang='lat' dir='ltr'>mutavit</span> <span class='ocrx_word' id='word_1_1332' title='bbox 1274 3019 1333 3039; x_wconf 79' lang='lat' dir='ltr'>omni</span> <span class='ocrx_word' id='word_1_1333' title='bbox 1344 3015 1368 3040; x_wconf 78' lang='lat' dir='ltr'>in</span> <span class='ocrx_word' id='word_1_1334' title='bbox 1379 3018 1414 3040; x_wconf 62' lang='lat' dir='ltr'>in.</span> <span class='ocrx_word' id='word_1_1335' title='bbox 1436 3014 1517 3046; x_wconf 80' lang='lat' dir='ltr'>forte,</span> <span class='ocrx_word' id='word_1_1336' title='bbox 1527 3025 1590 3040; x_wconf 75' lang='lat' dir='ltr'>omne</span> <span class='ocrx_word' id='word_1_1337' title='bbox 1599 3016 1674 3048; x_wconf 63' lang='lat' dir='ltr'>afficio.</span> <span class='ocrx_word' id='word_1_1338' title='bbox 1923 3035 1928 3046; x_wconf 76' lang='grc'><strong>,</strong></span> 
     </span>
    </p>

    <p class='ocr_par' dir='ltr' id='par_1_25' title="bbox 1150 3051 2112 3124">
     <span class='ocr_line' id='line_1_143' title="bbox 1191 3051 2110 3085; baseline 0.001 -9"><span class='ocrx_word' id='word_1_1339' title='bbox 1191 3059 1233 3077; x_wconf 76' lang='lat'>12.</span> <span class='ocrx_word' id='word_1_1340' title='bbox 1254 3054 1319 3076; x_wconf 73' lang='lat' dir='ltr'>Nam</span> <span class='ocrx_word' id='word_1_1341' title='bbox 1328 3061 1399 3084; x_wconf 55' lang='lat' dir='ltr'>muym</span> <span class='ocrx_word' id='word_1_1342' title='bbox 1408 3052 1436 3076; x_wconf 61' lang='lat'>152³</span> <span class='ocrx_word' id='word_1_1343' title='bbox 1445 3054 1486 3084; x_wconf 73' lang='lat' dir='ltr'>qui</span> <span class='ocrx_word' id='word_1_1344' title='bbox 1505 3054 1595 3076; x_wconf 73' lang='lat' dir='ltr'>virtute</span> <span class='ocrx_word' id='word_1_1345' title='bbox 1606 3055 1736 3078; x_wconf 71' lang='lat' dir='ltr'>retinemur</span> <span class='ocrx_word' id='word_1_1346' title='bbox 1745 3053 1771 3077; x_wconf 83' lang='lat' dir='ltr'>in·</span> <span class='ocrx_word' id='word_1_1347' title='bbox 1780 3053 1837 3077; x_wconf 81' lang='lat' dir='ltr'>vita</span> <span class='ocrx_word' id='word_1_1348' title='bbox 1846 3069 1857 3081; x_wconf 84' lang='lat'>‚</span> <span class='ocrx_word' id='word_1_1349' title='bbox 1874 3051 1943 3085; x_wconf 49' lang='lat' dir='ltr'>Cim]</span> <span class='ocrx_word' id='word_1_1350' title='bbox 1964 3051 2110 3078; x_wconf 69' lang='lat' dir='ltr'>Lambinus</span> 
     </span>
     <span class='ocr_line' id='line_1_144' title="bbox 1150 3085 2112 3124; baseline -0.001 -12"><span class='ocrx_word' id='word_1_1351' title='bbox 1150 3085 1237 3112; x_wconf 76' lang='lat' dir='ltr'>isthaec</span> <span class='ocrx_word' id='word_1_1352' title='bbox 1246 3086 1278 3112; x_wconf 77' lang='lat' dir='ltr'>de</span> <span class='ocrx_word' id='word_1_1353' title='bbox 1289 3086 1333 3112; x_wconf 82' lang='lat' dir='ltr'>liio</span> <span class='ocrx_word' id='word_1_1354' title='bbox 1344 3087 1411 3113; x_wconf 64' lang='lat' dir='ltr'>iniri:</span> <span class='ocrx_word' id='word_1_1355' title='bbox 1425 3087 1607 3123; x_wconf 72' lang='lat' dir='ltr'>interpolavit.</span> <span class='ocrx_word' id='word_1_1356' title='bbox 1622 3095 1649 3115; x_wconf 80' lang='lat' dir='ltr'>at</span> <span class='ocrx_word' id='word_1_1357' title='bbox 1662 3088 1804 3124; x_wconf 78' lang='lat' dir='ltr'>legendum</span> <span class='ocrx_word' id='word_1_1358' title='bbox 1815 3095 1871 3114; x_wconf 77' lang='lat' dir='ltr'>erat</span> <span class='ocrx_word' id='word_1_1359' title='bbox 1884 3098 1890 3113; x_wconf 93' lang='lat'>:</span> <span class='ocrx_word' id='word_1_1360' title='bbox 1906 3097 1963 3113; x_wconf 69' lang='lat' dir='ltr'>nam</span> <span class='ocrx_word' id='word_1_1361' title='bbox 1973 3097 2045 3122; x_wconf 50' lang='lat' dir='ltr'>tir-1321:</span> <span class='ocrx_word' id='word_1_1362' title='bbox 2056 3091 2112 3111; x_wconf 59' lang='lat' dir='ltr'>vir-</span> 
     </span>
    </p>
   </div>
   <div class='ocr_carea' id='block_1_20' title="bbox 1128 2572 1138 3140">
    <p class='ocr_par' dir='ltr' id='par_1_26' title="bbox 1128 2572 1138 3140">
     <span class='ocr_line' id='line_1_145' title="bbox 1128 2572 1138 3140; baseline 0 0"><span class='ocrx_word' id='word_1_1363' title='bbox 1128 2572 1138 3140; x_wconf 95' lang='lat' dir='ltr'> </span> 
     </span>
    </p>
   </div>
   <div class='ocr_carea' id='block_1_21' title="bbox 186 3121 2116 3170">
    <p class='ocr_par' dir='ltr' id='par_1_27' title="bbox 186 3121 2116 3170">
     <span class='ocr_line' id='line_1_146' title="bbox 186 3121 2116 3170; baseline 0.001 -24"><span class='ocrx_word' id='word_1_1364' title='bbox 186 3130 214 3156; x_wconf 92' lang='lat'>7.</span> <span class='ocrx_word' id='word_1_1365' title='bbox 235 3125 281 3147; x_wconf 60' lang='lat' dir='ltr'>Ei?</span> <span class='ocrx_word' id='word_1_1366' title='bbox 296 3124 332 3147; x_wconf 77' lang='lat' dir='ltr'>illo</span> <span class='ocrx_word' id='word_1_1367' title='bbox 347 3124 476 3155; x_wconf 78' lang='lat' dir='ltr'>pertinenti</span> <span class='ocrx_word' id='word_1_1368' title='bbox 487 3124 595 3158; x_wconf 68' lang='lat' dir='ltr'>genem]</span> <span class='ocrx_word' id='word_1_1369' title='bbox 618 3123 764 3151; x_wconf 80' lang='lat' dir='ltr'>Lambinus</span> <span class='ocrx_word' id='word_1_1370' title='bbox 777 3143 785 3153; x_wconf 74' lang='lat'>‚</span> <span class='ocrx_word' id='word_1_1371' title='bbox 805 3126 839 3150; x_wconf 66' lang='lat' dir='ltr'>eff</span> <span class='ocrx_word' id='word_1_1372' title='bbox 849 3125 921 3150; x_wconf 70' lang='lat' dir='ltr'>cxii&#39;h</span> <span class='ocrx_word' id='word_1_1373' title='bbox 937 3130 999 3155; x_wconf 71' lang='lat' dir='ltr'>pei-t.</span> <span class='ocrx_word' id='word_1_1374' title='bbox 1021 3121 1106 3148; x_wconf 83' lang='lat' dir='ltr'>Aldus</span> <span class='ocrx_word' id='word_1_1375' title='bbox 1127 3142 1129 3170; x_wconf 54' lang='grc' dir='ltr'>ι</span> <span class='ocrx_word' id='word_1_1376' title='bbox 1149 3130 1197 3147; x_wconf 70' lang='lat' dir='ltr'>tute</span> <span class='ocrx_word' id='word_1_1377' title='bbox 1208 3126 1322 3148; x_wconf 66' lang='lat' dir='ltr'>retinetur</span> <span class='ocrx_word' id='word_1_1378' title='bbox 1330 3126 1356 3148; x_wconf 79' lang='lat' dir='ltr'>in</span> <span class='ocrx_word' id='word_1_1379' title='bbox 1366 3126 1431 3149; x_wconf 66' lang='lat' dir='ltr'>vita.</span> <span class='ocrx_word' id='word_1_1380' title='bbox 1451 3124 1567 3150; x_wconf 67' lang='lat' dir='ltr'>itaciiiin</span> <span class='ocrx_word' id='word_1_1381' title='bbox 1581 3124 1636 3151; x_wconf 75' lang='lat' dir='ltr'>Pal.</span> <span class='ocrx_word' id='word_1_1382' title='bbox 1649 3133 1689 3160; x_wconf 84' lang='lat' dir='ltr'>pr.</span> <span class='ocrx_word' id='word_1_1383' title='bbox 1701 3133 1729 3152; x_wconf 67' lang='lat' dir='ltr'>ac</span> <span class='ocrx_word' id='word_1_1384' title='bbox 1738 3123 1986 3161; x_wconf 65' lang='lat' dir='ltr'>qi,1ai·t.;i*iiiditqi=c</span> <span class='ocrx_word' id='word_1_1385' title='bbox 1999 3131 2058 3151; x_wconf 64' lang='lat' dir='ltr'>test.</span> <span class='ocrx_word' id='word_1_1386' title='bbox 2084 3124 2116 3148; x_wconf 69' lang='lat' dir='ltr'>ia.</span> 
     </span>
    </p>
   </div>
   <div class='ocr_carea' id='block_1_22' title="bbox 148 3158 1105 3197">
    <p class='ocr_par' dir='ltr' id='par_1_28' title="bbox 148 3158 1105 3197">
     <span class='ocr_line' id='line_1_147' title="bbox 148 3158 1105 3197; baseline 0.003 -12"><span class='ocrx_word' id='word_1_1387' title='bbox 148 3158 224 3186; x_wconf 77' lang='lat' dir='ltr'>Avus</span> <span class='ocrx_word' id='word_1_1388' title='bbox 236 3159 262 3185; x_wconf 72' lang='lat' dir='ltr'>Sc</span> <span class='ocrx_word' id='word_1_1389' title='bbox 274 3159 365 3195; x_wconf 81' lang='lat' dir='ltr'>Nepos</span> <span class='ocrx_word' id='word_1_1390' title='bbox 379 3160 683 3193; x_wconf 63' lang='lat' dir='ltr'>,eritcumiltoperzinenti</span> <span class='ocrx_word' id='word_1_1391' title='bbox 689 3169 744 3194; x_wconf 69' lang='lat' dir='ltr'>gan.</span> <span class='ocrx_word' id='word_1_1392' title='bbox 764 3159 806 3188; x_wconf 70' lang='lat' dir='ltr'>scd</span> <span class='ocrx_word' id='word_1_1393' title='bbox 816 3168 914 3197; x_wconf 67' lang='lat' dir='ltr'>prietei:</span> <span class='ocrx_word' id='word_1_1394' title='bbox 924 3159 981 3188; x_wconf 67' lang='lat' dir='ltr'>inis.</span> <span class='ocrx_word' id='word_1_1395' title='bbox 993 3159 1105 3188; x_wconf 54' lang='lat' dir='ltr'>nostro&amp;</span> 
     </span>
    </p>
   </div>
   <div class='ocr_carea' id='block_1_23' title="bbox 1152 3160 1613 3195">
    <p class='ocr_par' dir='ltr' id='par_1_29' title="bbox 1152 3160 1613 3195">
     <span class='ocr_line' id='line_1_148' title="bbox 1152 3160 1613 3195; baseline 0.007 -12"><span class='ocrx_word' id='word_1_1396' title='bbox 1152 3168 1217 3195; x_wconf 77' lang='lat' dir='ltr'>quo,</span> <span class='ocrx_word' id='word_1_1397' title='bbox 1226 3168 1297 3194; x_wconf 57' lang='lat' dir='ltr'>neque</span> <span class='ocrx_word' id='word_1_1398' title='bbox 1308 3160 1326 3185; x_wconf 70' lang='lat' dir='ltr'>ic</span> <span class='ocrx_word' id='word_1_1399' title='bbox 1337 3162 1378 3195; x_wconf 67' lang='lat'>‘51⁴¹&#39;</span> <span class='ocrx_word' id='word_1_1400' title='bbox 1387 3161 1477 3186; x_wconf 61' lang='lat' dir='ltr'>&gt;vistim</span> <span class='ocrx_word' id='word_1_1401' title='bbox 1488 3163 1613 3186; x_wconf 67' lang='lat' dir='ltr'>retinetur.</span> 
     </span>
    </p>
   </div>
   <div class='ocr_carea' id='block_1_24' title="bbox 1496 3193 2112 3224">
    <p class='ocr_par' dir='ltr' id='par_1_30' title="bbox 1496 3193 2112 3224">
     <span class='ocr_line' id='line_1_149' title="bbox 1496 3193 2112 3224; baseline 0.002 -1"><span class='ocrx_word' id='word_1_1402' title='bbox 1496 3199 1695 3224; x_wconf 65' lang='lat'>00000022</span> <span class='ocrx_word' id='word_1_1403' title='bbox 2059 3193 2112 3219; x_wconf 49' lang='grc' dir='ltr'>’ἶν’</span> 
     </span>
    </p>
   </div>
   <div class='ocr_carea' id='block_1_25' title="bbox 2150 870 2187 902">
    <p class='ocr_par' dir='ltr' id='par_1_31' title="bbox 2150 870 2187 902">
     <span class='ocr_line' id='line_1_150' title="bbox 2150 870 2187 902; baseline 0.027 -1"><span class='ocrx_word' id='word_1_1404' title='bbox 2150 870 2187 902; x_wconf 62' lang='lat' dir='ltr'>ii</span> 
     </span>
    </p>
   </div>
  </div>
 </body>
</html>
