2297 3389
720 132 979 179 L1ss.111.
1027 149 1093 182 ΙΝ

153 223 241 247 natus
251 214 294 247 est
303 214 452 247 varietate.
466 213 526 244 hoc
535 211 620 244 enim
633 212 818 253 magistratus
832 214 864 242 in
873 214 1028 252 provincia
1041 212 1114 245 affe—

153 260 208 299 qui
221 257 320 298 potest
333 277 342 292 ,
366 265 402 286 ut
413 256 455 286 ibi
466 256 589 297 accipt'at
601 275 610 288 ,
634 253 684 284 uln'
696 254 732 290 est
744 254 923 293 cartffimum.
947 254 1017 285 ideo
1037 257 1115 286 valet

154 299 210 330 ista
231 302 303 330 ratio
317 298 522 329 aestimationis
535 298 569 326 in
579 295 644 326 Asia
657 307 662 325 :
683 296 762 326 valet
772 297 805 326 in
817 297 976 335 Hispania:
992 297 1069 326 valet
1079 299 1112 327 in

155 341 204 371 his
214 341 377 381 provinciis
385 359 394 372 ,
403 341 437 368 in
444 337 554 379 quibus
564 348 662 368 unum
671 340 804 378 pretium
815 336 969 367 frumento
978 336 1036 367 ess'c
1047 348 1110 367 non
1134 337 1135 363 ἕ

154 382 239 413 solet.
262 384 298 412 In
315 381 414 411 Sicilia
433 378 503 410 verb
515 379 588 421 quid
602 380 778 420 cujusquam
792 381 948 412 intererat,
969 389 1030 419 quo
1044 379 1112 409 loco
1134 378 1135 415 3

155 423 256 454 daret?
267 432 364 462 neque
374 423 457 451 enim
468 422 649 461 portandum
661 430 720 451 erat
734 431 739 449 t
754 421 786 451 δε
796 441 804 455 ,
815 419 877 461 quo
887 421 1010 461 quisque
1020 421 1113 450 vehe-
1133 423 1134 441 ³

130 487 132 489 »
153 474 186 494 re
201 462 295 503 jussus
316 461 405 495 efi‘et,
430 463 473 493 ibi
490 462 635 493 tantidem
649 461 839 493 frumentum
859 471 987 496 emeret,
1007 466 1111 503 quanti

153 505 242 535 domi
251 503 441 535 vendidisset.
466 504 673 542 Quamobrem
689 503 709 533 si
720 504 792 545 quid
802 524 812 537 ,
828 503 970 534 Hortensi
982 525 990 536 ‚
1007 505 1112 533 docere

154 547 202 576 vis
213 566 221 579 ‚
235 546 348 587 aliquid
360 546 395 576 ab
407 545 464 576 isto
477 539 572 576 su‘nile
584 567 592 580 ‚
606 548 640 576 in
650 545 846 576 aestimatione
859 566 867 579 ‚
885 555 972 585 atque
983 545 1112 576 aceteris
1133 546 1136 558 ²

148 586 213 618 -ess'e
223 587 336 618 faelium
349 598 354 616 ε
367 587 471 618 doceas
482 598 609 628 oportet,
622 588 724 629 aliquo
734 591 766 618 in
776 588 847 618 loco
857 589 978 621 Siciliae‚
988 597 1112 627 praetore
1133 592 1135 622 ’,

1138 133 1193 179 C.
1232 131 1522 183 VERREM.
2031 137 2128 204 289

1134 210 1137 231 s
1162 223 1307 245 mentum
1329 217 1442 247 metiri.
1466 225 1498 248 tu
1508 225 1561 248 eos
1579 224 1744 252 nummos,
1758 224 1835 259 quos
1845 216 1923 249 mihi
1941 215 2058 249 senatus
2068 218 2131 250 dari

1134 275 1135 284 2
1161 256 1270 290 voluit,
1285 258 1347 296 ipse
1357 258 1480 289 habebis
1492 269 1496 288 :
1507 258 1523 289 a
1533 270 1583 290 me
1594 280 1602 294 ,
1612 262 1661 291 cui
1671 258 1803 301 singulos
1812 260 1952 290 denarios
1963 260 2026 290 dari
2037 270 2129 300 opor-

1134 292 1135 315 i
1160 299 1235 330 tuit,
1265 298 1356 329 binos
1367 300 1483 330 aufers?
1505 301 1538 331 δε
1554 302 1736 342 huicpraeda:
1755 312 1788 332 ac
1798 301 1979 341 direptioni,
2000 303 2070 330 caella
2079 313 2129 331 no-

1160 347 1222 366 men
1242 340 1398 379 imponis?
1422 344 1495 372 Haec
1513 342 1611 374 deerat
1634 345 1761 382 injuria,
1785 343 1888 373 &haec
1899 344 2048 374 calamitas
2065 354 2128 374 ara-

1159 379 1273 409 toribus
1294 401 1302 413 ,
1324 390 1351 411 te
1369 392 1492 421 praetore
1512 404 1520 417 ,
1550 395 1608 424 qua
1627 386 1748 425 reliquis
1765 384 1896 415 fortunis
1927 385 2072 415 omnibus
2094 395 2127 415 e-

1133 460 1134 463 *
1154 429 1348 467 verterentur.
1389 434 1459 454 nam
1475 425 1547 465 quid
1569 425 1626 456 effe
1644 427 1751 467 reliqui
1779 435 1893 467 poterat
1921 429 1949 456 ei
1968 447 1975 461 ,
1999 428 2052 467 qui
2069 437 2123 467 per

1133 466 1134 474 ¹
1157 461 1232 491 hanc
1256 465 1397 501 injuriam
1429 476 1490 495 non
1524 467 1616 497 modo
1647 468 1837 498 frumentum
1861 478 1955 498 omne
1976 470 2123 502 amittere,

1133 506 1134 512 ¹
1156 502 1205 548 sed
1228 505 1318 533 etiam
1340 515 1434 534 omne
1456 506 1668 542 instrumentum
1686 510 1815 540 vendere
1837 519 1993 551 cogeretur
2011 511 2020 536 ἓ
2051 509 2121 552 QZ]

1158 554 1242 574 enirn
1261 545 1289 574 se
1303 555 1446 580 verteret,
1468 558 1532 578 non
1552 550 1686 580 habebat.
1710 562 1747 580 ex
1765 562 1825 592 quo
1842 551 1942 582 fructu
1957 562 2118 586 nummo&

1156 595 1233 626 quos
1253 586 1307 616 tibi
1325 587 1421 621 daret,
1440 591 1607 620 inveniret?
1632 595 1777 622 Dccumar
1785 604 1835 623 um
1856 596 1982 623 nomine
2001 603 2119 624 tantum

97 633 146 675 84
157 632 246 659 Verre
257 649 265 662 ‚
285 631 376 659 ternis
388 629 516 660 denariis
528 632 617 660 tritici
627 630 767 660 modium
781 627 875 659 fuiffe.
899 628 977 659 Vide
993 649 1001 662 ‚
1021 629 1112 668 quam
1133 634 1135 646 ¹
1157 636 1218 657 erat
1228 627 1358 658 ablatum
1370 648 1378 662 ,
1394 639 1541 670 quantum
1555 633 1692 663 voluntas
1706 635 1809 664 tulerat
1819 638 1946 675 Apronii
1958 646 1963 664 :
1983 645 2037 675 pro
2047 636 2120 665 altc—

155 670 210 701 tibi
220 671 395 711 defensionem
400 673 578 711 patefecerim
587 684 595 706 3
606 673 841 713 quiiminiquam
851 673 883 700 in
895 670 991 700 socios
1001 690 1008 703 ,
1022 680 1112 710 quam

154 721 303 744 remotam
317 712 353 743 ab
366 714 493 743 utilitate
508 714 621 753 reipub.
633 713 723 754 quam
738 711 901 752 sejunERam
916 711 931 741 a
947 712 1110 745 voluntate,

153 763 241 795 atque
252 755 394 784 sententia
404 755 486 797 legis.
502 757 561 788 Tu,
576 754 647 785 cum
658 755 712 784 tibi
722 764 777 795 ego
787 753 978 783 frumentum
991 755 1024 782 in
1035 756 1112 783 meis

150 805 246 837 agris,
265 805 352 837 atque
362 798 393 826 in
403 807 470 827 mea
478 798 617 830 civitate;
638 796 769 836 denique
786 794 858 825 cum
870 797 901 824 in
913 796 951 824 iis
962 795 1052 827 locis,
1077 797 1111 824 in
1132 800 1133 809 ¹

149 838 263 879 quibus
280 848 328 871 es,
350 838 489 871 versaris,
508 848 572 867 rem
584 839 681 878 geris,
699 839 887 877 provinciam
905 835 1106 870 administras,

150 888 265 920 paratus
281 877 335 909 sim
346 879 412 910 dare
422 900 431 913 ‚
450 879 588 919 angulum
602 880 673 908 mihi
685 879 816 919 aliquem
834 879 922 920 eligas
934 880 1108 917 provincias,

149 920 359 954 reconditum,
383 930 415 950 ac
432 920 632 951 dereliStuin?
650 920 755 960 jubeas
773 921 816 950 ibi
834 930 883 950 me
901 922 1021 953 metiri,
1047 919 1108 960 quo

150 972 266 1003 portare
275 973 340 992 non
350 962 506 1002 expediat?
520 962 572 992 ubi
581 972 681 992 emere
692 972 758 992 non
768 960 889 1002 poss'um
899 964 909 981 ²
924 962 1107 1001 Improbum

149 1004 265 1034 facinus
277 1024 285 1037 ,
306 1003 418 1040 judices
430 1015 435 1033 :
448 1014 511 1033 non
521 1003 682 1034 ferendum
692 1024 700 1037 ,
714 1006 833 1034 nemini
844 1004 907 1044 lege
917 1002 1104 1036 concessum,

150 1045 200 1076 sed
210 1044 327 1075 fortasse
343 1045 440 1075 adhuc
449 1047 482 1075 in
497 1046 585 1076 nullo
604 1048 695 1076 etiam
715 1046 905 1076 vindicatum.
929 1053 1030 1075 tamen
1050 1055 1106 1085 ego

150 1088 229 1120 hoc,
249 1087 331 1128 quod
341 1086 411 1117 ferri
422 1097 499 1129 nego
507 1086 607 1127 poss'e,
624 1089 727 1121 Verri,
747 1088 862 1127 judices
873 1107 881 1121 ,
899 1087 1035 1117 concedo
1046 1108 1054 1120 ,
1071 1088 1103 1117 δε
1126 1122 1128 1127 y

148 1128 265 1169 largior.
287 1130 318 1159 Si
336 1129 399 1158 ullo
416 1131 450 1158 in
469 1131 538 1159 loco
555 1131 618 1169 ejus
635 1131 798 1170 provinciae
818 1129 1008 1159 frumentum
1028 1131 1103 1159 tanti

148 1168 209 1200 fuit
218 1190 226 1205 ‚
241 1172 343 1211 quanti
354 1169 407 1200 iste
417 1170 575 1202 aestimavit
583 1192 591 1205 ‚
614 1173 673 1201 hoc
683 1173 800 1202 crimen
811 1173 843 1200 in
854 1170 945 1201 istum
956 1181 1041 1200 reum
1052 1181 1103 1200 va—

146 1211 207 1242 lere
225 1221 359 1252 oportere
377 1222 442 1242 non
460 1213 595 1243 arbitror.
619 1212 735 1243 Verum
753 1214 838 1243 enim
850 1211 922 1242 vero
939 1211 1012 1242 cum
1033 1211 1105 1242 esset

149 1262 204 1283 5-5
214 1253 293 1283 binis
305 1273 314 1287 ,
332 1255 480 1284 autetiam
498 1256 607 1288 ternis,
627 1255 782 1295 quibusvis
792 1265 825 1285 in
835 1255 910 1284 locis
925 1256 1101 1294 provinciae,
1124 1283 1125 1286 ,

147 1294 308 1325 duodenos
326 1295 470 1326 sestertios
481 1295 613 1337 exegisti.
638 1299 668 1327 Si
687 1297 764 1326 mihi
775 1306 874 1327 tecum
891 1306 989 1336 neque
999 1296 1035 1326 de
1050 1306 1104 1326 an—

149 1346 249 1370 nona,
272 1347 366 1378 neque
383 1337 419 1367 de
429 1337 626 1368 aestimatione
643 1347 691 1368 tua
707 1337 803 1378 potest
819 1336 877 1367 esse
893 1336 1102 1371 controversia,
1123 1340 1125 1366 ἱ

148 1378 222 1419 quid
233 1378 313 1408 sedes
324 1382 333 1406 ?
343 1378 416 1419 quid
425 1379 576 1418 exspeAEtas
586 1381 595 1406 ?
607 1379 678 1419 quid
689 1378 848 1409 defendes?
863 1378 974 1409 Utrum
986 1379 1041 1408 tibi
1050 1389 1104 1419 pe-
1123 1397 1125 1406 ,

145 1421 245 1451 cuniae
253 1421 417 1450 conciliatae
428 1421 568 1452 videntur
577 1421 732 1451 adversum
742 1422 821 1462 leges
833 1441 840 1453 ,
855 1421 1011 1451 adversum
1023 1430 1103 1450 rem-

147 1461 231 1502 publ.
242 1471 306 1490 cum
315 1463 445 1491 maxima
449 1462 590 1501 fiat-iorum
599 1463 726 1501 injuria:
742 1473 779 1493 an
789 1461 861 1493 verb
871 1463 901 1492 id
911 1461 990 1492 Υεξὶέ
1002 1482 1010 1496 ,
1022 1463 1103 1492 ordi·
1123 1461 1124 1490 ἰ

147 1513 197 1536 ne,
209 1502 225 1533 ὲ
234 1513 292 1543 rep.
302 1501 362 1534 fine
372 1504 547 1545 cujusquam
555 1505 667 1543 injuria
673 1504 788 1534 fafitum
801 1503 857 1534 ess'e
868 1503 1022 1534 defendes?
1031 1503 1102 1534 cum
1123 1510 1124 1530 1

146 1544 202 1577 tibi
212 1545 327 1576 senatus
337 1555 375 1575 ex
383 1547 485 1576 aerario
494 1548 651 1586 pecuniam
662 1544 828 1586 promsrsset
837 1567 845 1580 ,
862 1547 894 1576 &
905 1544 1035 1587 fingulos
1045 1546 1102 1576 tibi

148 1586 286 1618 denarios
296 1586 528 1621 adnumerasset,
538 1598 614 1628 quos
624 1598 654 1618 tu
663 1599 717 1628 pro
727 1587 849 1630 singulis
859 1587 971 1618 modiis
981 1590 1101 1618 aratori-

149 1629 208 1660 bus
225 1629 369 1659 solveres:
389 1629 462 1670 quid
472 1629 565 1660 facere
575 1629 703 1660 debuisti
716 1633 726 1659 ?
748 1633 796 1664 Si,
817 1629 898 1671 quod
919 1632 952 1659 L.
967 1630 1033 1660 Piso
1049 1630 1102 1659 ille

150 1673 249 1713 Frugi,
259 1673 311 1712 qui
324 1672 422 1712 legem
432 1671 468 1701 de
476 1674 612 1711 pecuniis
621 1671 792 1712 repetundis
803 1682 919 1712 primus
930 1672 999 1702 tulit
1012 1683 1016 1700 :
1028 1671 1100 1701 cum

149 1713 268 1743 emiffes
278 1733 286 1746 ,
304 1714 406 1754 quanti
417 1711 502 1743 esset:
517 1714 592 1755 quod
598 1714 740 1755 superaret
748 1714 868 1756 pecunia
881 1734 888 1748 ,
904 1712 1044 1751 retulisses.
1069 1712 1099 1747 fi,

147 1764 181 1785 ut
189 1753 337 1786 ambitiosi
345 1755 497 1789 homines,
508 1765 557 1786 aut
566 1755 690 1797 benigni
701 1767 706 1785 ;
716 1755 787 1786 cum
797 1757 889 1796 pluris
900 1756 1015 1786 senatus
1025 1754 1102 1785 aesti-

149 1795 253 1828 maffet
262 1817 270 1831 >
280 1795 371 1837 quam
379 1799 481 1837 quanti
489 1795 560 1827 effet
567 1808 688 1828 annona
700 1808 752 1828 :ex
763 1798 877 1828 senatus
886 1797 1098 1832 aestimatione,

147 1849 212 1869 non
223 1849 261 1868 ex
270 1847 398 1868 annonae
406 1840 520 1869 ratione
528 1859 537 1873 ,
549 1838 690 1870 solviss'es.
713 1839 756 1870 sln
766 1859 774 1874 ,
792 1849 825 1870 ut
832 1840 965 1880 plerique
974 1838 1099 1874 faciunt,

147 1882 182 1910 in
194 1890 254 1921 quo
267 1882 356 1910 etiam
369 1889 427 1909 erat
439 1881 546 1921 aliquis
556 1881 682 1922 quaestus
693 1902 702 1915 ‚
721 1881 770 1912 sed
789 1884 813 1911 is
831 1881 975 1912 honestus
988 1901 996 1915 ,
1016 1891 1100 1921 atque

147 1920 317 1952 concess'us:
337 1921 525 1952 frumentum
538 1942 545 1955 ‚
564 1926 713 1963 quoniam
722 1924 813 1953 vilius
824 1932 902 1956 erat,
924 1933 962 1953 ne
972 1922 1101 1952 emisses:

151 1962 297 1994 sumsiffes
304 1962 335 1992 id
345 1973 557 1996 nummorum,
567 1964 648 2004 quod
660 1965 714 1994 tibi
722 1965 850 1998 senatus,
861 1965 949 1994 caellae
960 1966 1099 1998 nomine,

19 2022 29 2029 ·-
71 2036 79 2040 ,
89 2013 110 2047 3
118 2022 138 2053 5
148 2003 340 2036 concesserat.
355 2007 424 2034 Hoc
432 2004 503 2033 verb
513 2007 586 2049 quid
596 2005 656 2036 est?
666 2016 756 2046 quam
766 2005 854 2036 habet
861 2007 1009 2035 rationem
1020 2026 1028 2039 ‚
1038 2016 1101 2035 non

152 2057 252 2088 quaero
262 2053 400 2088 equitatu
409 2066 417 2080 ‚
430 2046 476 2076 sed
485 2048 573 2086 ipiius
583 2048 883 2088 improbitatis,atque
892 2047 1102 2087 impudentiae?

149 2091 276 2127 NEQE
298 2097 387 2117 ENIM
411 2097 466 2117 EST
487 2089 549 2117 iere
559 2090 722 2130 quidquam
733 2110 743 2123 ,
762 2090 842 2129 quod
852 2090 995 2119 homines
1004 2089 1100 2129 palam

148 2129 244 2160 facere
254 2129 379 2159 audeant
390 2131 421 2158 in
433 2128 602 2170 magistratu
612 2151 620 2164 ‚
633 2133 773 2171 quamvis
782 2131 914 2170 improbi
926 2151 934 2164 ‚
954 2133 1028 2171 quin
1038 2132 1101 2169 ejus

146 2171 219 2203 §adri
231 2190 239 2205 ,
260 2169 280 2200 fi
290 2181 354 2200 non
364 2171 474 2200 bonam
487 2191 495 2204 ,
514 2180 540 2201 at
553 2172 683 2212 aliquam
698 2174 846 2202 rationem
863 2171 965 2202 afferre
978 2173 1100 2202 soleant.

147 2215 208 2244 hoc
217 2212 289 2254 quid
299 2211 360 2242 est?
382 2214 605 2252 Venitpraetor:
623 2213 810 2243 frumentum
822 2233 831 2247 ,
853 2215 953 2254 inquit
963 2234 970 2247 ,
993 2224 1042 2243 me
1052 2215 1102 2244 abs

145 2264 176 2286 te
184 2264 284 2285 emere
291 2262 418 2294 oportet.
439 2254 573 2294 Optime.
596 2255 741 2285 Modium
750 2255 884 2285 denario.
908 2256 1041 2297 Benigne
1053 2277 1061 2288 ,
1073 2265 1104 2285 ac

147 2297 317 2327 liberaliter.
339 2306 409 2326 nam
423 2306 478 2338 ego
487 2296 580 2326 tribus
591 2307 645 2326 ms
660 2307 723 2327 non
740 2295 859 2337 poss'um
870 2297 1009 2327 vendere.
1038 2300 1100 2327 Mi-

149 2339 183 2369 hi
197 2337 352 2368 frumento
369 2347 434 2368 non
454 2347 529 2377 opus
549 2337 609 2368 est:
627 2349 773 2368 nummos
792 2339 873 2368 volo.
918 2343 928 2358 ¹
944 2342 1025 2369 Nam
1037 2340 1100 2379 spe-

149 2376 281 2411 raveram
290 2400 298 2413 ‚
310 2381 409 2420 inquit
416 2388 511 2410 arator
522 2400 530 2412 ‚
542 2390 592 2410 me
602 2380 636 2410 ad
649 2381 787 2410 denarios
795 2389 1011 2420 perventurum
1022 2391 1028 2409 :
1038 2381 1099 2415 sed,

149 2420 173 2452 sl
183 2424 221 2452 ita
230 2419 345 2452 necesse
353 2420 396 2451 est
406 2441 414 2454 ,
435 2423 538 2461 quanti
551 2421 740 2452 frumentum
753 2421 784 2452 sit
795 2443 802 2455 ‚
819 2421 978 2453 confidera.
1002 2423 1100 2453 Video

150 2462 208 2494 effe
218 2463 297 2493 binis
308 2472 370 2492 ivs.
424 2462 474 2493 uid
483 2473 552 2503 ergo
561 2464 577 2493 a
586 2474 636 2493 me
644 2464 701 2494 tibi
711 2474 911 2494 nummorum
922 2464 984 2495 dari
993 2464 1098 2505 potest,

149 2504 222 2536 cum
238 2506 352 2535 senatus
369 2504 425 2534 tibi
446 2508 627 2545 ²quaternos
649 2515 711 2536 H-s.
727 2506 864 2536 dederit?
886 2506 968 2546 Qud
988 2507 1098 2547 poscat,

99 2551 103 2556 '
147 2546 298 2578 attendite.
323 2547 418 2576 &vos
428 2566 435 2580 ,
448 2547 548 2587 quaeso
559 2567 566 2580 ,
579 2545 666 2577 fimul
676 2568 684 2581 ,
701 2548 815 2588 J'udices
825 2568 833 2581 ‚
845 2550 1013 2589 aequitatem
1025 2558 1100 2589 prae-

43 3023 45 3026 .
89 3010 101 3034 ὗ

148 2590 222 2620 toris
239 2588 392 2619 attendite.
417 2591 583 2628 Qaternos
598 2598 663 2622 ii-s,
678 2589 754 2630 quo’s
768 2590 845 2619 mihi
864 2590 979 2620 senatus
997 2590 1099 2620 decre-

148 2633 194 2661 vit
203 2650 212 2664 ‚
224 2630 257 2661 &
267 2640 305 2660 ex
314 2632 415 2660 aetario
424 2629 521 2663 dedit,
534 2641 589 2672 ego
598 2631 715 2661 habebo
726 2651 734 2663 ‚
748 2631 819 2660 &in
827 2629 923 2667 ustam
934 2632 1099 2671 transferam

147 2682 185 2702 ex
195 2672 273 2712 fisco.
295 2671 376 2713 Qid
394 2670 514 2711 postea?
533 2672 629 2712 quid?
650 2682 704 2712 pro
721 2671 843 2714 singulis
861 2673 973 2702 modiis
991 2694 999 2708 ,
1023 2684 1099 2714 quos

147 2714 204 2745 tibi
214 2715 331 2754 impero
340 2733 349 2746 ,
360 2722 391 2743 tu
402 2714 479 2742 mihi
488 2712 616 2743 οξὶοηοε
627 2724 679 2743 H-s
689 2714 765 2744 dato.
790 2717 855 2755 Qa
864 2716 979 2744 ratione
990 2720 1000 2746 ?
1016 2716 1096 2756 Qud

147 2757 253 2796 quaeris
271 2755 440 2785 rationem?
459 2764 522 2784 non
539 2763 650 2785 tantam
668 2757 805 2785 rationem
822 2765 866 2785 res
880 2756 988 2789 habet,
1004 2767 1097 2797 quan—

147 2806 207 2828 tam
218 2797 386 2826 'utilitatem
404 2817 412 2829 ‚
439 2805 525 2837 atque
548 2797 690 2837 praedarn.
723 2799 800 2831 Dic,
819 2797 887 2831 dic,
914 2800 1013 2838 inquit
1032 2799 1093 2832 ille,

147 2838 274 2879 planius.
295 2841 416 2869 Senatus
425 2847 452 2868 te
461 2838 559 2869 voluit
568 2840 646 2869 mihi
656 2849 802 2870 nummos
811 2839 878 2870 dare
891 2850 896 2868 :
908 2849 957 2869 me
967 2839 1022 2870 tibi
1032 2839 1094 2871 fru-

129 2964 142 3004 μ
188 2979 461 3013 LQamspermeram
472 2995 480 3008 ‚
497 2980 575 3011 inquit
584 2978 692 3011 arator]
712 2979 753 3004 Ita
763 2978 912 3005 Manutiani
922 2985 1013 3005 omnes
1026 2997 1035 3010 ,
1052 2977 1100 3004 fir-

150 3020 257 3049 matque
267 3013 396 3048 exemplis
408 3013 574 3039 Hotomanus
588 3033 596 3045 ,
606 3022 662 3039 nam
672 3021 763 3040 notare
773 3017 851 3048 atqui.

187 3057 215 3074 2.
233 3051 365 3082 Qum-71⁰5
375 3049 434 3074 H-s
444 3049 558 3083 dederit]
569 3049 649 3084 Vulg.
660 3059 772 3075 nummos:
781 3048 823 3076 sed
834 3050 947 3077 alterum
959 3050 994 3077 est
1005 3049 1031 3076 in
1042 3050 1101 3077 cod.

152 3084 264 3110 Nannii.
283 3083 396 3118 ejusdem
406 3083 564 3111 austoritate
574 3084 659 3111 statim
670 3085 801 3121 duplicavi
814 3104 821 3117 ,
831 3089 874 3112 Dic
885 3106 894 3118 ,
906 3087 952 3113 dic.

189 3128 216 3154 3.
235 3121 297 3151 §.ticos
305 3129 348 3145 non
358 3126 440 3145 aratro
450 3129 477 3145 ac
489 3130 562 3146 manu
573 3122 682 3154 quierit]
703 3122 859 3148 Nannianus
871 3141 880 3155 ,
900 3132 955 3159 quos
965 3132 1010 3151 non
1019 3129 1106 3150 exarat

153 3155 292 3191 praemittit
303 3165 308 3182 :
321 3153 350 3184 id
359 3154 377 3183 fi
386 3155 526 3193 recipimus
536 3155 650 3186 delenda
658 3138 851 3194 sibiequcmia.

1132 672 1135 731 A
1158 671 1199 698 ris
1210 669 1346 700 decumis
1359 690 1367 703 ‚
1379 681 1522 712 emtoque
1533 672 1688 704 frumento
1699 695 1706 707 ‚
1720 686 1768 705 aut
1779 677 1855 706 nihil
1869 677 1982 710 datum,
1994 686 2042 706 aut
2053 686 2119 707 tan-

1161 720 1224 740 tum
1238 710 1341 741 datum
1350 731 1357 745 ‚
1373 722 1519 752 quantum
1532 715 1639 756 reliqui
1651 716 1741 746 scriba
1750 717 1867 752 fecerat,
1878 728 1926 748 aut
1938 717 2017 748 ultro
2027 721 2116 749 etiam

1132 747 1134 776 ,¹
1158 751 1201 791 (id
1215 753 1296 793 quod
1310 753 1476 794 didicistis)
1497 755 1643 785 ablatum.
1676 760 1825 798 Cogantur
1842 762 1932 789 etiam
1951 761 2118 790 nummiab
2136 758 2181 791 86

1130 822 1133 840 1
1156 796 1285 824 aratore?
1305 795 1486 835 quomodo?
1503 807 1564 838 quo
1576 799 1664 836 jure?
1686 809 1746 839 quo
1760 801 1902 841 evemplo?
1927 804 2004 831 Nam
2016 823 2024 835 ,
2044 812 2114 831 cum

1131 845 1132 856 ³
1157 835 1274 865 frufflms
1292 836 1509 876 diripiebantur
1526 848 1674 870 aratorum
1689 860 1697 874 ,
1717 850 1802 881 atque
1813 845 1901 872 omni
1917 843 2114 873 lacerabantur

1156 878 1266 912 injuria
1278 888 1283 906 ;
1304 878 1461 909 videbatur
1470 880 1499 910 id
1511 880 1631 920 perdere
1643 891 1753 915 arator,
1768 883 1848 923 quod
1859 894 1951 914 aratro
1963 885 2023 924 ipse
2032 895 2111 924 qus:-

1130 928 1131 945 1
1154 917 1230 949 sisset
1240 939 1248 953 ,
1265 921 1298 949 in
1307 930 1368 961 quo
1379 920 1551 952 elaborasset
1562 943 1569 956 ,
1594 923 1676 964 quod
1688 926 1747 965 agri
1757 924 1921 966 segetesque
1931 926 2115 956 extuliffcnt.

1153 961 1272 1001 Qbus
1291 962 1411 1001 injuriis
1424 962 1599 1004 graviffimis
1619 975 1718 995 tamen
1731 966 1806 996 illud
1817 976 1876 996 erat
1886 967 2029 997 miserum
2042 968 2115 998 sola-

1151 1005 1227 1033 tium
1239 1023 1247 1036 ,
1262 1002 1345 1043 quod
1360 1004 1390 1034 id
1403 1004 1523 1044 perdere
1536 1006 1706 1040 videbatur,
1726 1008 1807 1048 quod
1820 1009 1879 1038 alio
1898 1019 2021 1048 praetore
2033 1029 2040 1041 ‚
2061 1019 2114 1039 co-

1127 1059 1128 1068 i
1149 1044 1220 1074 dem
1231 1055 1269 1074 ex
1278 1055 1347 1085 agro
1359 1056 1489 1085 reparare
1499 1046 1602 1087 poss'et.
1636 1051 1793 1079 Nummos
1813 1050 1884 1080 vero
1894 1071 1901 1084 ‚
1921 1049 2040 1080 utdarct
2052 1061 2113 1081 ara-

1148 1095 1207 1120 tor,
1224 1090 1236 1113 3
1249 1097 1325 1127 quos
1336 1097 1400 1117 non
1411 1098 1504 1118 aratro
1513 1109 1521 1122 ‚
1537 1100 1569 1120 ac
1580 1100 1670 1120 manu
1681 1093 1802 1132 quaerit,
1816 1092 1909 1122 boves
1920 1113 1927 1124 ,
1941 1092 1973 1122 δε
1985 1101 2113 1123 aratrum

1146 1129 1244 1168 ipsum
1255 1148 1263 1162 ,
1286 1129 1318 1158 &
1329 1140 1423 1159 omne
1432 1129 1669 1162 instrumentum
1681 1133 1787 1163 vendat
1801 1154 1809 1166 ,
1829 1132 1944 1163 necefl'e
1955 1133 2007 1163 est.
2034 1136 2125 1164 Noa.

1147 1172 1231 1200 enim
1249 1170 1363 1201 debetis
1373 1172 1430 1202 hoc
1438 1174 1583 1243 coffitare:
1607 1175 1693 1204 habet
1703 1175 1785 1205 idem
1797 1177 1828 1204 in
1841 1178 1979 1205 nummis
1992 1186 1997 1204 :
2022 1176 2112 1205 habet.

1145 1211 1228 1241 idem
1239 1214 1273 1242 in
1284 1212 1401 1242 urbanis
1411 1223 1469 1253 prae
1494 1216 1540 1244 iis.
1551 1225 1620 1256 nam
1631 1215 1701 1246 cum
1712 1220 1817 1246 aratori
1829 1227 1906 1246 onus
1915 1218 2035 1257 aliquod
2048 1219 2107 1246 im—

1146 1256 1286 1293 ponitur,
1300 1264 1367 1284 NoN
1380 1265 1491 1286 orimus
1504 1276 1512 1289 ,
1534 1255 1554 1286 si
1568 1267 1633 1297 quae
1645 1258 1713 1288 sunt
1725 1268 1859 1298 przcterea
1870 1258 2019 1289 facultates
2031 1279 2038 1292 ‚
2059 1259 2110 1289 scd

1146 1297 1286 1326 arationis
1297 1295 1384 1335 ipsius
1394 1299 1440 1326 vis
1449 1317 1457 1330 ,
1474 1308 1505 1328 ac
1519 1301 1594 1328 ratio
1603 1299 1812 1330 consideranda
1822 1300 1880 1334 est;
1895 1301 1967 1341 quid
1979 1311 2011 1331 ea
2022 1299 2105 1330 susti-

1147 1347 1214 1367 nere
1227 1358 1235 1370 ,
1248 1339 1319 1378 quid
1328 1340 1405 1377 pati,
1416 1339 1489 1379 quid
1499 1339 1616 1371 efficere
1627 1340 1713 1380 poffit
1723 1362 1731 1375 ,
1744 1351 1776 1372 ac
1787 1342 1899 1372 debeat.
1923 1344 2106 1383 Qanquam

1143 1380 1190 1408 illi
1203 1389 1322 1420 quoque
1332 1380 1400 1410 sunt
1410 1382 1550 1411 homines
1560 1382 1595 1412 ab
1605 1383 1661 1413 isto
1671 1386 1758 1413 omni
1771 1386 1883 1413 ratione
1894 1386 2062 1416 exinaniti,
2075 1395 2107 1414 ac

1145 1421 1271 1460 perditi:
1293 1430 1394 1451 tamen
1413 1423 1470 1452 hoc
1487 1423 1574 1453 vobis
1587 1424 1629 1454 est
1639 1424 1828 1455 statuendum
1840 1446 1848 1458 ,
1866 1425 1939 1466 quid
1957 1434 2106 1456 aratorem

1145 1463 1243 1502 ipsum
1253 1465 1393 1493 arationis
1404 1467 1530 1495 nomine
1541 1469 1675 1496 muneris
1685 1469 1718 1496 in
1729 1477 1789 1507 rep.
1801 1466 1904 1508 fungi,
1921 1478 1953 1498 ac
1963 1466 2105 1497 sustinere

1144 1505 1255 1534 velitis.
1279 1507 1440 1544 Imponitis
1450 1506 1591 1551 decumas
1601 1519 1606 1536 :
1616 1511 1779 1548 patiuntur.
1803 1510 1905 1539 alteras
1917 1520 1921 1538 :
1937 1508 2105 1550 temporibus·

1145 1545 1236 1582 vestm
1252 1547 1431 1586 serviendum
1450 1557 1567 1587 putant.
1590 1549 1662 1580 dent
1671 1559 1788 1580 emtum
1799 1560 1946 1590 praeterea.
1969 1551 2082 1580 dabunt
2092 1572 2102 1583 2

1143 1587 1164 1617 si
1174 1589 1294 1618 voletis.
1319 1591 1391 1619 Haec
1404 1590 1496 1630 quarn
1509 1589 1563 1620 sint
1571 1593 1667 1632 gravia
1677 1612 1685 1625 ,
1701 1593 1733 1622 &
1743 1592 1814 1633 quid
1825 1614 1833 1626 ‚
1855 1594 1901 1622 his
1911 1593 1998 1622 rebus
2008 1592 2103 1622 detra-

1143 1629 1199 1660 &tis
1210 1651 1218 1664 ‚
1237 1629 1324 1670 poffit
1338 1630 1373 1661 ad
1386 1630 1531 1662 dominos
1540 1635 1606 1672 puri
1617 1653 1625 1667 ,
1647 1644 1680 1664 ac
1689 1635 1798 1675 reliqui
1815 1636 1970 1674 pervenire
1983 1654 1990 1667 ,
2012 1635 2103 1664 credo

1141 1682 1196 1702 vos
1214 1682 1251 1702 ex
1271 1671 1374 1702 vestris
1391 1673 1478 1703 rebus
1488 1674 1603 1704 rusticis
1612 1675 1783 1715 conjcfihira
1798 1674 2011 1717 afl'equiposs'e.
2038 1676 2103 1706 Ad·-

1143 1714 1204 1744 dite
1214 1724 1298 1744 nunc
1307 1714 1414 1744 eodem
1429 1714 1514 1745 istius
1531 1716 1628 1746 edient
1641 1738 1649 1750 ,
1672 1717 1821 1752 instituta,
1843 1719 1981 1758 injurias:
2002 1717 2103 1748 addite

1144 1759 1288 1796 Apronii,
1300 1759 1560 1799 Veneriorumque
1572 1759 1723 1789 servorum
1735 1780 1743 1793 ‚
1757 1761 1789 1789 in
1799 1770 1867 1802 agro
1880 1760 2048 1790 decumano
2058 1770 2103 1788 re·-

1137 1808 1197 1839 gna
1206 1818 1214 1832 ,
1227 1808 1258 1828 ac
1267 1800 1394 1838 rapinas.
1417 1800 1608 1841 Qamquam
1620 1802 1681 1831 haec
1691 1804 1802 1831 omitto
1815 1813 1820 1830 ⁴.
1838 1801 1873 1832 de
1884 1802 1966 1832 caella
1982 1802 2098 1842 loquor„

1142 1841 1280 1878 Placetne
1288 1840 1394 1875 vobis,
1415 1843 1449 1871 in
1466 1842 1583 1872 caellam
1600 1842 1818 1884 magistratibus
1837 1843 1945 1873 nostris
1962 1843 2101 1873 frumen*

1143 1891 1207 1912 tum
1218 1872 1333 1912 sfculos
1342 1884 1429 1922 gratis
1440 1882 1507 1913 dare
1518 1884 1604 1924 ?quid
1614 1885 1671 1914 hoc
1682 1885 1836 1925 indignius
1847 1887 1858 1913 ?
1868 1885 1940 1925 quid
1949 1887 2101 1926 iniquius?

1141 1925 1222 1965 atqui
1232 1925 1291 1953 hoc
1300 1924 1403 1954 scitote
1413 1945 1421 1957 ‚
1433 1927 1594 1955 aratoribus
1604 1947 1612 1958 ‚
1629 1928 1686 1955 hoc
1696 1936 1818 1965 praetore
1829 1947 1836 1958 ‚
1857 1926 2023 1966 optandum
2036 1947 2044 1960 ,
2066 1936 2098 1956 ac

1140 1964 1306 2006 petendum
1322 1964 1421 1995 fuiffe.
1454 1966 1602 1996 Sositenus
1620 1967 1661 1996 est
1677 1968 1846 1997 Entellinus
1855 1989 1862 2002 ‚
1881 1972 1898 1995 4
1909 1970 2004 1998 homo
2023 1978 2093 1998 cum
2116 1972 2131 2004 8
2145 1981 2162 2012 7

1143 2009 1248 2047 primis
1257 2006 1386 2046 prudens
1397 2027 1405 2040 ,
1419 2007 1450 2037 ὃς
1461 2008 1546 2038 domi
1556 2008 1670 2038 nobilis
1682 2020 1686 2037 :
1698 2010 1784 2045 cuius
1792 2010 1883 2040 rerba
1891 2009 2013 2040 audistis
2026 2014 2092 2050 :qui

1143 2048 1178 2079 ad
1195 2049 1254 2078 hoc
1268 2047 1417 2087 judicium
1427 2049 1537 2090 legatus
1547 2051 1666 2090 publice
1678 2061 1748 2081 cum
1761 2052 1946 2081 Arthemone
1955 2072 1963 2085 ‚
1985 2052 2018 2081 &
2029 2054 2100 2081 Me-

1143 2091 1226 2120 nisco
1236 2109 1244 2123 ‚
1261 2092 1410 2129 primariis
1419 2093 1490 2121 viris
1501 2112 1509 2125 ,
1530 2090 1634 2122 missus
1645 2092 1696 2123 est.
1721 2095 1748 2122 Is
1757 2092 1829 2123 cum
1841 2096 1873 2123 in
1884 2094 1983 2124 senatu
1995 2093 2100 2123 Entel-

1142 2133 1208 2162 lino
1219 2133 1314 2162 multa
1323 2142 1444 2162 mecum
1456 2133 1492 2163 de
1502 2133 1585 2163 istius
1595 2135 1715 2172 injuriis
1723 2145 1828 2176 ageret,
1838 2137 1895 2165 hoc
1905 2135 1998 2165 dixit:
2010 2134 2030 2164 s1
2041 2137 2099 2165 hoc

1144 2174 1180 2204 de
1189 2174 1271 2204 caella
1280 2194 1288 2207 ,
1301 2183 1387 2215 atque
1397 2176 1450 2204 hac
1458 2174 1657 2205 aestimatione
1667 2176 1881 2207 concederetur
1889 2197 1896 2211 ‚
1914 2178 2006 2207 veilet
2014 2179 2099 2208 Sicu-

1144 2216 1189 2245 los
1199 2216 1455 2256 senatuipolliceri
1465 2216 1653 2247 frumentum
1665 2220 1697 2248 in
1711 2219 1826 2248 caellam
1837 2221 1923 2260 gratis
1934 2239 1941 2252 ‚
1963 2229 1999 2248 ne
2016 2218 2098 2258 post-

1143 2259 1196 2287 hac
1214 2266 1305 2287 tantas
1324 2260 1465 2297 pecunias
1482 2259 1700 2300 magistratibus
1722 2260 1831 2290 nostris
1856 2261 2096 2291 decerneremus.

1142 2299 1306 2339 Perspicere
1315 2309 1370 2329 vos
1380 2299 1461 2330 certo
1472 2300 1532 2330 scio
1544 2322 1551 2334 ‚
1568 2302 1677 2331 Siculis
1686 2311 1869 2342 quantopere
1879 2304 1937 2332 hoc
1947 2302 2097 2342 expediat,

1142 2351 1204 2371 non
1215 2340 1250 2371 ad
1260 2343 1429 2381 aequitatem
1438 2342 1625 2372 conditionis
1636 2363 1643 2376 ,
1665 2343 1713 2373 sed
1721 2344 1755 2373 ad
1765 2345 1885 2372 minima
1898 2344 2034 2373 malorum
2046 2343 2100 2372 elt—

1136 2383 1239 2424 genda.
1262 2393 1332 2413 nam
1345 2403 1354 2416 ‚
1367 2385 1418 2424 qui
1429 2384 1515 2414 mille
1525 2384 1666 2414 modium
1675 2388 1761 2415 Verri
1770 2386 1826 2416 sua:
1837 2388 1925 2425 partis
1937 2388 1968 2415 in
1979 2386 2095 2415 caellam

1141 2426 1228 2466 gratis
1247 2423 1372 2455 dedifl'et
1382 2446 1390 2459 ,
1413 2425 1474 2455 duo
1485 2426 1583 2456 millia
1593 2425 1724 2456 numum
1735 2448 1742 2461 ,
1755 2436 1803 2457 aut
1815 2428 1967 2457 summum
1980 2429 2032 2457 tria
2042 2427 2096 2456 de-

1141 2465 1243 2497 difl'et:
1264 2466 1346 2496 idem
1359 2477 1439 2497 nunc
1448 2477 1502 2507 pro
1512 2468 1620 2498 eodem
1635 2479 1763 2498 numero
1779 2468 1924 2499 frumenti
1940 2479 1991 2498 11-s
2002 2479 2037 2498 VI
2048 2479 2058 2498 1
2067 2478 2093 2498 1.

1144 2509 1242 2539 millia
1259 2508 1327 2538 dare
1346 2508 1465 2539 coaestus
1484 2508 1534 2539 est.
1558 2511 1615 2540 hoc
1626 2519 1718 2540 arator
1726 2509 1834 2551 assequi
1844 2521 1895 2550 per
1905 2512 2071 2540 triennium
2083 2530 2092 2545 ,

1142 2554 1155 2578 5
1164 2559 1241 2581 certe
1251 2549 1351 2580 frusta
1361 2551 1413 2581 suo
1423 2571 1430 2583 ,
1451 2560 1515 2580 non
1524 2553 1637 2591 potuit:
1657 2552 1824 2582 vendiderit
1838 2551 2072 2582 instrumentum
2083 2573 2093 2587 ,

1140 2590 1254 2622 necesse
1266 2591 1316 2621 est.
1340 2591 1421 2632 quod
1432 2591 1452 2621 fi
1462 2593 1519 2622 hoc
1529 2602 1639 2622 munus
1649 2613 1656 2626 ,
1668 2593 1700 2622 δε
1712 2595 1769 2623 hoc
1779 2593 1905 2635 veffigal
1915 2596 2005 2624 aratio
2016 2594 2095 2624 tole-

1140 2644 1201 2664 rare
1209 2654 1218 2668 ,
1231 2635 1290 2663 hoc
1300 2632 1342 2663 est
1353 2654 1361 2667 ‚
1371 2634 1471 2664 Sicilia
1479 2633 1553 2664 ferre
1563 2654 1570 2668 ‚
1587 2644 1618 2664 ac
1627 2637 1685 2674 pati
1696 2634 1807 2674 potest:
1825 2636 1941 2676 populo
1951 2638 2096 2666 Romano

1138 2675 1212 2706 ferat
1220 2677 1321 2715 potius
1331 2695 1339 2708 ‚
1360 2676 1450 2716 quam
1461 2675 1568 2705 nostris
1579 2675 1804 2717 magistratibus.
1835 2679 1945 2719 Magna
1953 2677 1996 2707 est
2004 2688 2096 2718 pecu-

1139 2719 1204 2747 nia:
1229 2727 1372 2757 magnum
1384 2737 1391 2749 ‚
1411 2718 1642 2757 praeclarumque
1660 2717 1795 2759 ve&igal.
1819 2717 1840 2748 si
1853 2718 1948 2749 modo
1969 2719 1998 2749 id
2017 2720 2103 2751 falva'

1139 2761 1296 2799 provincia
1307 2779 1315 2791 ‚
1334 2758 1418 2799 fifitze
1429 2760 1536 2797 injuria
1546 2759 1696 2789 sociorum
1709 2762 1857 2800 percipere
1867 2759 1996 2800 poffitis:
2017 2763 2097 2792 nihil

1139 2801 1272 2830 detraho.
1297 2799 1515 2841 Magistratibus
1526 2800 1701 2830 tantundem
1712 2801 1796 2831 detur
1807 2803 1838 2832 in
1847 2803 1961 2832 caellam
1974 2823 1982 2836 ,
2002 2813 2097 2844 quan—

1140 2851 1206 2872 tum
1216 2842 1332 2882 semper
1342 2843 1444 2873 datum
1455 2842 1507 2872 est.
1531 2842 1612 2883 quod
1622 2852 1760 2883 praeterea
1769 2846 1873 2874 Verres
1884 2846 2010 2885 imperat
2020 2846 2075 2916 ,sid
2087 2865 2096 2880 ,

2036 2897 2045 2916 1
2055 2892 2097 2918 ia-

1174 2987 1202 3012 4.
1222 2984 1290 3005 Homo
1300 2981 1440 3012 cumprimis
1449 2980 1582 3014 prudens]
1600 2981 1642 3006 Sic
1652 2980 1830 3007 Fabi-ieiunus.
1850 2980 1907 3006 alia:
1918 2981 2047 3007 editiones
2059 2981 2102 3008 in—

1138 3015 1314 3042 tersa-ruerant
1328 3035 1335 3047 ,
1346 3017 1462 3041 civitatis.
1483 3015 1599 3050 ejusdem
1611 3016 1672 3042 libri
1683 3016 1735 3042 fide
1746 3026 1808 3042 mox
1821 3018 1886 3043 hnxi
1900 3036 1908 3048 ,
1928 3017 1961 3042 ad
1969 3021 2100 3052 aeqttiratcm

1141 3052 1273 3078 conditionis
1286 3072 1293 3082 ,
1304 3061 1352 3087 pro
1365 3052 1473 3086 vulgato
1481 3071 1489 3083 ‚
1505 3053 1621 3086 ⁴»turrianis
1632 3053 1789 3078 conditionem.

1179 3097 1204 3121 ς.
1223 3088 1287 3112 Certi*
1299 3089 1381 3122 ftnHu
1396 3088 1460 3123 firm]
1485 3087 1565 3115 Haud
1575 3088 1733 3116 alite1·l'.ill.
1745 3089 1771 3115 8<
1786 3088 1862 3116 Fabr.
1873 3088 1940 3116 alias
1951 3089 2002 3116 cusi
2015 3108 2022 3122 ‚
2045 3097 2104 3119 ςβνῐο

1122 3147 1127 3183 t
1136 3124 1219 3158 ftm‘ht
1232 3124 1285 3158 fico.

1580 3198 1607 3225 Ο
1627 3206 1643 3224 o
2001 3204 2025 3223 ι.
2035 3197 2104 3223 υεόει
