2337 3400
210 142 307 194 5'24
608 117 1117 173 M TurrL11'

198 210 371 248 tquiczituli
389 214 628 240 monumentum
646 205 774 240 afflixit,
791 215 893 236 meam
915 204 1046 235 domum
1066 201 1171 236 diruit,

216 249 279 283 {nei
296 254 392 284 fratris
410 250 563 282 incendit:
588 251 639 290 qui
653 251 686 279 in
697 248 807 278 Palatio
825 257 911 289 atque
933 248 965 276 in
985 244 1067 274 urbis
1078 245 1175 275 oculis

220 295 337 325 servitia
345 294 379 323 aa*
390 293 502 323 cedem
515 312 523 325 2
536 291 568 321 &
580 289 830 321 inflammandam
842 289 949 319 urbem
965 288 1117 317 incitavit:
1141 288 1174 318 in

220 346 254 366 ea
271 338 388 365 civitate
398 344 437 366 ne
447 334 603 374 patiamini
622 332 710 362 illum
729 331 900 362 absolutum
912 327 1054 359 muliebri
1071 330 1172 370 gratia,

222 380 266 407 M.
279 377 434 408 Coelium,
454 375 576 405 libidini
596 374 738 404 muliebri
756 373 966 404 condonatum
987 380 993 399 ι
1016 380 1055 400 ne
1072 370 1174 400 eadem

223 419 331 448 mulier
343 427 412 448 cum
424 417 615 454 suoconguoee
625 436 633 450 ‚
650 416 682 446 ὃς
692 415 779 445 fratre
792 436 799 448 ‚
813 413 1018 455 turpissimum
1029 413 1177 442 latronem

1195 118 1742 170 Cicitxouis'

1216 213 1273 235 tate
1286 202 1442 235 sustentate
1454 214 1461 233 ·.
1483 212 1516 235 ut
1527 205 1559 234 in
1568 204 1688 236 alterius
1698 204 1816 238 dolore,
1827 201 1877 235 vel
1887 199 2002 245 pietati,
2014 203 2064 234 vel
2076 201 2181 235 indui-⁷

1217 248 1325 289 gentiae
1344 245 1446 276 vestrae
1466 245 1607 276 sentiatis.
1642 248 1748 277 Nolite
1764 267 1773 280 ,
1790 246 1908 286 judices
1921 266 1931 280 ‚
1950 255 2000 277 aut
2019 247 2101 277 hunc
2116 248 2180 287 jam

1218 297 1319 318 natura
1329 289 1387 328 ipsa
1401 287 1590 318 occidentem
1601 308 1610 322 ,
1630 289 1710 319 velle
1721 288 1868 318 maturius
1886 287 2037 330 exstingui
2056 288 2184 319 vulnere

1218 329 1317 360 vestro
1328 350 1336 364 ‚
1357 329 1447 370 quam
1459 329 1511 359 suo
1520 328 1582 359 fato
1595 340 1600 359 :
1622 338 1672 360 aut
1683 332 1766 361 hunc
1782 341 1864 360 nunc
1873 329 2010 370 primum
2022 329 2184 360 florescen-

1220 381 1280 402 tem
1294 391 1302 405 ‚
1323 371 1437 401 firmata
1448 371 1511 410 jam
1523 369 1612 410 stirpe
1629 373 1748 402 virtutis
1760 392 1768 405 ,
1783 381 1925 413 tanquam
1937 373 2056 402 turbine
2067 372 2180 411 aliquo,

1219 423 1267 443 aut
1277 414 1373 443 subita
1386 411 1731 455 tempestatepervertere.
1756 414 1932 444 Conservate
1944 415 2057 454 parenti
2071 412 2184 446 filium,

220 459 359 499 eripuisse
371 480 379 493 ‚
405 460 438 489 ὃς
459 458 577 488 honesti
602 467 701 487 imum
713 457 932 487 adolescentem
950 453 1116 495 oppressiss‘e
1135 456 1181 484 vi-
1201 481 1203 498 Ι
1220 464 1373 495 parentem
1390 453 1472 484 filio:
1496 463 1535 483 ne
1543 463 1593 484 aut
1614 455 1869 494 seneetutemjam
1887 456 1980 496 prope
1999 455 2184 495 desperatam

221 502 335 532 deutur.
359 500 449 542 de
460 500 532 530 cum
546 500 635 539 hujus
645 499 734 529 vobis
747 499 977 529 adolescentiam
992 497 1182 536 proposueri-

223 546 272 577 ὡς,
284 542 491 573 constituitote
505 542 592 572 vobis
608 550 674 572 ante
686 541 790 571 oculos
809 542 899 571 etiam
911 539 999 579 hujus
1014 538 1115 568 miseri
1135 538 1180 568 se-

222 584 376 615 uefflutem
390 605 398 617 ‚
415 586 465 625 qui
488 584 545 614 hoc
566 585 646 612 unico
658 582 851 622 ficio*nititur
864 601 872 615 ,
902 583 935 611 in
961 580 1050 618 hujus
1070 580 1118 620 spe
1137 588 1181 609 re-

222 628 366 666 quiescit,
388 628 476 665 liujus
487 628 578 655 unius
592 626 693 656 casum
714 624 914 664 pertimescit:
936 632 1026 663 quern
1038 631 1092 650 vos
1112 621 1182 660 sup·
1202 613 1204 630 '

1219 494 1421 529 contemsisse,
1435 505 1484 526 aut
1497 495 1728 527 adolescentiam
1738 497 1858 536 plenam
1870 497 1930 536 spei
1942 499 2085 535 maximae
2097 516 2105 530 ,
2118 505 2183 526 non

1224 538 1320 568 modi>
1331 535 1505 568 nonaluiss‘e
1520 547 1585 571 vos,
1602 537 1651 567 sed
1661 540 1752 568 etiam
1765 537 1932 577 perculisse,
1947 547 2033 579 atque
2044 535 2184 568 afflixiss‘e

1221 580 1398 610 videamini.
1429 582 1529 620 Qem
1549 578 1569 608 fi
1586 579 1695 613 vobis,
1718 578 1738 608 si
1756 581 1834 612 suis,
1855 578 1874 609 fi
1894 580 2007 619 reipub.
2026 580 2186 609 conserva-

1225 624 1260 653 tis
1273 642 1280 655 ‚
1300 621 1455 652 addffiium
1467 641 1475 655 ,
1493 620 1629 651 deditum
1649 620 1828 651 obstrifitum
1847 621 1953 654 vobis,
1975 631 2007 652 ac
2021 621 2122 651 liberis
2133 630 2189 650 ve-

222 669 334 707 piicem
346 668 447 698 vestra:
460 667 671 697 miibrjcordiae
685 686 693 700 ‚
708 667 826 696 servum
838 664 989 705 potestatis
1001 683 1009 696 ‚
1029 662 1180 702 abjestum
1203 667 1206 701 '3
1225 663 1290 694 stris
1304 663 1449 694 habebitis
1462 673 1467 692 :
1491 664 1695 703 omniumque
1706 663 1795 702 hujus
1804 673 1968 693 nervorum
1978 683 1987 697 ‚
2007 672 2038 692 ac
2049 662 2188 692 laborum

223 720 288 740 non
301 719 360 740 :zm
373 709 407 739 ad
417 709 506 749 pedes
517 729 526 742 ,
541 709 632 750 quarn
643 709 678 738 ad
690 718 789 739 mores
799 728 807 742 ‚
820 707 975 746 sensusque
984 704 1098 734 vestros
1108 724 1116 738 ,
1135 704 1183 734 vei

224 753 427 784 :seza-dautem
436 761 594 792 pm‘entum
604 749 772 781 vestrorum
783 771 792 784 ‚
805 750 853 780 vel
868 748 1033 778 liberorum
1043 746 1183 785 jucundi-

605 864 677 924 M
687 909 698 923 .

1135 963 1190 1018 D

772 863 1284 922 TULLIUS

1225 716 1280 736 vos
1291 703 1481 746 potissimum
1493 723 1501 739 ‚
1519 704 1637 745 judices
1645 703 1762 735 uuekus
1773 704 1876 735 uberes
1888 725 1896 740 ,
1916 704 2132 745 diuturnosque
2143 713 2191 735 ca·

1228 757 1330 789 PletlS·

1382 862 1803 920 CICERO

1241 962 1286 1017 E

289 1058 1042 1132 PROVINCIIS
1148 1055 2130 1126 CONSULARIEUS.

529 1189 879 1236 ORATIO
958 1186 1890 1247 TRICESIMAQJINTA.

264 1310 273 1320 ¹
363 1303 462 1336 ‘³³1)
498 1301 513 1329 I
536 1307 636 1339 qus
657 1296 810 1330 vestrum,
832 1300 862 1327 P.
877 1299 909 1326 C.
931 1294 1101 1336 exspeFmt,
1125 1304 1198 1335 quas

300 1347 304 1358 ‘
334 1345 340 1352 ’
412 1331 468 1367 lx*
500 1340 554 1370 sim
565 1339 934 1380 provinciasdecreturus,
955 1336 1121 1367 confideret
1136 1337 1197 1376 ipse

499 1384 600 1413 secum
613 1403 621 1416 ,
643 1383 695 1422 qui
709 1382 786 1410 mihi
801 1381 944 1410 homines
965 1382 974 1398 ¹
986 1388 1023 1409 ex
1033 1380 1197 1419 provinciis

331 1440 337 1450 x
421 1454 455 1470 e·
499 1422 689 1465 pouffimsim
708 1422 884 1453 detrahendi
902 1419 976 1451 sint:
996 1431 1061 1451 non
1077 1420 1197 1451 dubita-

375 1472 384 1482 ‘
436 1467 476 1507 Ψ
501 1468 562 1500 bit,
573 1465 646 1507 quid
658 1475 709 1495 me
718 1465 826 1495 sentire
835 1465 1006 1496 conveniat,
1019 1462 1093 1493 cum
1104 1483 1112 1496 ‚
1125 1461 1197 1503 quid

430 1522 450 1531 υ
464 1520 474 1535 ι’-
501 1509 580 1538 mihi
598 1508 706 1537 sentire
723 1505 839 1536 neceffe
852 1503 904 1539 sit,
926 1508 1072 1547 cogitarit.
1094 1507 1157 1538 Ac,
1178 1502 1198 1533 fi

498 1552 638 1590 princeps
653 1558 720 1579 eam
733 1548 912 1578 sententiam
926 1548 1076 1577 dicerem:
1097 1546 1197 1577 lauda-

228 1597 301 1627 retis
311 1593 460 1636 proseliti).
484 1592 505 1622 si
524 1592 604 1622 solus
617 1603 626 1625 3
643 1590 722 1621 certe
737 1589 938 1631 ignosceretis.
961 1591 1053 1618 etiam
1063 1586 1084 1617 fi
1094 1587 1197 1628 paullo

232 1637 340 1668 minus
351 1637 434 1667 utilis
445 1634 533 1665 vobis
543 1634 688 1664 sententia
704 1633 858 1662 videretur
870 1641 875 1660 :
895 1632 1017 1661 veniam
1030 1639 1130 1661 tamen
1140 1630 1195 1661 ali-

230 1688 323 1721 quam
335 1677 424 1708 dolori
436 1686 508 1707 meo
518 1674 697 1705 tribueretis.
721 1675 814 1703 Nunc
833 1672 907 1703 vero
926 1675 1004 1703 P⁴.C.
1024 1682 1089 1702 non
1107 1681 1195 1712 parva

231 1719 351 1752 afficior
359 1720 514 1759 voluptate
523 1737 531 1752 ‚
542 1717 592 1747 vel
602 1714 684 1757 quod
695 1716 753 1746 hoc
763 1714 900 1745 maxime
912 1714 1026 1755 reipub.
1038 1714 1193 1747 conducit,

230 1765 370 1804 Syriam,
388 1760 660 1798 Macedoniamque
669 1757 808 1790 decerni,
828 1766 861 1787 ut
873 1756 962 1786 dolor
975 1766 1062 1786 meus
1080 1756 1160 1785 nihil
1179 1755 1195 1785 a

232 1805 396 1836 communi
418 1803 546 1833 utilitate
565 1799 731 1830 dissentiat:
755 1799 805 1829 vel
823 1798 905 1840 quod
924 1798 1021 1828 habeo
1039 1797 1194 1828 εωᾶὶοτοτη

231 1846 429 1878 P.Servilium
440 1865 448 1878 ‚
460 1846 594 1885 quiante
605 1851 654 1871 me
666 1841 843 1871 sententiam
855 1841 934 1871 dixit
943 1860 951 1874 ,
962 1840 1064 1870 virum
1076 1836 1195 1868 clarissi-

233 1898 322 1920 mum
335 1908 344 1921 .
368 1887 402 1917 δε
419 1885 493 1917 cum
512 1886 544 1915 in
564 1883 734 1914 universam
754 1882 971 1923 rempublicam
984 1901 993 1915 ‚
1016 1890 1082 1911 tum
1102 1882 1194 1910 etiam

227 1940 298 1971 erga
309 1939 408 1959 meam
420 1928 545 1959 salutem
558 1946 567 1960 ‚
579 1924 638 1955 fide
647 1945 656 1959 ,
668 1934 701 1955 ac
710 1924 923 1955 benevolentia
932 1922 1082 1965 singulari,
1102 1921 1194 1964 de

229 1971 254 2002 i‘i
264 1972 315 2002 ille
327 1971 360 2002 &
369 1971 472 2011 paullo
485 1969 554 2000 ante
567 1988 575 2002 ‚
597 1968 628 1999 5³<
638 1987 647 2001 ‚
669 1967 917 2008 quotiescumque
928 1968 955 1995 ei
966 1966 1050 1995 locus
1061 1963 1194 1997 dicendi,

230 2023 266 2045 ac
275 2013 404 2054 potestas
416 2012 494 2046 fuit,
515 2010 681 2042 Gabinium
692 2029 700 2043 ‚
721 2008 754 2039 &
764 2009 904 2039 Pisonem
916 2027 925 2042 ‚
945 2006 1006 2037 duo
1016 2006 1196 2050 reipub.por-

231 2063 315 2087 tenta
325 2076 335 2090 ,
353 2066 387 2085 ac
398 2052 471 2097 pan&
480 2054 585 2093 funera
595 2073 603 2087 ,
623 2061 693 2083 cum
705 2060 824 2091 propter
832 2051 903 2081 alias
914 2050 1012 2080 causas
1023 2070 1032 2083 ‚
1053 2059 1118 2080 turn
1129 2059 1195 2079 rna-

231 2098 322 2129 xime
339 2106 461 2138 propter
476 2096 553 2126 illud
568 2093 683 2136 insigne
695 2094 788 2124 scelus
798 2102 902 2123 eorum
915 2113 924 2126 ,
946 2092 1194 2131 &importunam

232 2140 268 2171 in
280 2150 330 2169 me
340 2139 545 2170 crudelitatem
558 2157 566 2171 ,
587 2146 651 2167 non
670 2134 771 2166 solum
788 2136 933 2166 sententia
945 2135 995 2164 sua
1006 2155 1014 2167 ,
1036 2134 1085 2164 sed
1105 2135 1196 2163 etiam

232 2181 397 2213 verborum
407 2182 548 2222 gravitate
556 2178 614 2210 efl'e
625 2177 775 2208 notandos
782 2179 897 2217 putavit
907 2187 913 2206 :
923 2186 1058 2217 quonam
1069 2186 1119 2206 me
1130 2176 1197 2206 ani-

1236 1293 1309 1334 quid
1321 1292 1363 1324 est
1374 1314 1382 1328 ‚
1393 1292 1475 1343 quod
1485 1291 1630 1333 poffimus
1641 1293 1677 1322 de
1687 1293 1770 1332 Syria
1780 1313 1788 1327 ‚
1801 1292 2041 1334 Macedoniaque
2051 1293 2199 1325 dubitare?

1238 1337 1332 1366 Mitto
1341 1357 1350 1370 ‚
1362 1335 1446 1376 quod
1459 1345 1505 1365 eas
1515 1337 1555 1364 ita
1564 1343 1658 1374 partas
1667 1335 1778 1364 habent
1787 1337 1809 1364 ii
1820 1355 1828 1367 ,
1843 1337 1895 1376 qui
1905 1345 1988 1365 nunc
1997 1336 2136 1366 obtinent
2144 1356 2153 1370 ‚
2164 1344 2199 1368 ut

1237 1388 1302 1407 non
1311 1381 1380 1408 ante
1391 1378 1540 1417 attigerint
1549 1397 1558 1411 ‚
1578 1376 1669 1417 quarn
1689 1377 1770 1406 hunc
1788 1376 1927 1406 ordinem
1945 1377 2178 1408 condemnarint
2191 1388 2199 1408 ε

1238 1420 1328 1461 quarn
1338 1418 1545 1450 austeritatem
1556 1417 1682 1448 vestram
1693 1418 1709 1447 ὲ
1718 1420 1837 1448 civitate
1846 1421 2090 1449 exterminarint:
2103 1419 2198 1460 quam

1239 1461 1331 1491 fidem
1340 1461 1503 1502 publicam,
1513 1459 1602 1501 quam
1614 1468 1786 1500 perpetuam
1796 1461 1900 1499 populi
1911 1463 2047 1491 Romani
2057 1462 2195 1495 salutem,

1239 1502 1329 1544 quam
1350 1512 1402 1533 me
1411 1522 1419 1536 ‚
1441 1513 1473 1532 ac
1491 1512 1576 1532 meos
1595 1503 1715 1531 omneis
1733 1500 1895 1531 foediffime
1910 1522 1918 1535 ‚
1937 1502 2196 1544 crudeliffimeque

1239 1547 1390 1575 vexarint.
1412 1546 1525 1575 Omnia
1533 1543 1697 1573 domestica
1706 1543 1757 1572 illa
1767 1563 1775 1577 ,
1791 1553 1877 1583 atque
1886 1544 1998 1574 urbana
2007 1546 2097 1574 mitto
2107 1557 2117 1579 3
2131 1555 2198 1586 quae

1237 1596 1316 1618 tanta
1327 1587 1395 1617 sunt
1405 1606 1413 1620 ‚
1435 1595 1468 1616 ut
1476 1595 1645 1626 numquam
1656 1585 1809 1614 Hannibal
1825 1586 1895 1615 huic
1908 1585 1974 1615 urbi
1988 1595 2104 1617 tantum
2121 1587 2198 1618 mali

1239 1630 1345 1669 optarit
1357 1649 1364 1663 ‚
1376 1637 1523 1669 quantum
1536 1628 1582 1657 illi
1592 1625 1754 1657 effecerint,
1769 1627 1816 1656 Ad
1828 1627 1904 1667 ipsas
1915 1629 2005 1657 venio
2014 1630 2196 1667 provincias.

1237 1681 1365 1711 quarum
1375 1670 1572 1703 Macedonia,
1594 1678 1660 1709 quae
1675 1676 1739 1699 erat
1755 1677 1838 1698 antea
1857 1671 1974 1699 munita
1990 1671 2197 1709 plurimorum

1239 1715 1455 1752 imperatorum
1472 1721 1536 1741 non
1556 1711 1686 1741 turribus
1696 1729 1706 1744 ‚
1726 1710 1775 1740 sed
1785 1713 1904 1749 tropaeis
1915 1730 1923 1743 ‚
1943 1721 2007 1751 quae
2025 1712 2129 1742 multis
2148 1713 2198 1742 vi-

1241 1754 1345 1784 e'toriis
1357 1752 1773 1792 eratjamdiu‚t1·iumphisque
1783 1761 1890 1792 pacata,
1902 1751 1964 1782 sica
1975 1753 2116 1787 narbaris,
2127 1755 2198 1794 qui-

1240 1797 1295 1826 bus
1306 1795 1348 1825 est
1358 1815 1366 1829 ‚
1380 1802 1488 1836 propter
1498 1793 1659 1822 avaritiam
1670 1813 1678 1826 ,
1692 1802 1751 1832 pax
1761 1801 1874 1833 erepta,
1892 1802 2017 1824 vexatur
2026 1814 2036 1828 ,
2056 1802 2090 1825 ut
2098 1795 2197 1825 Thes-

1239 1837 1454 1870 salonicenses,
1473 1834 1561 1876 positi
1578 1837 1610 1864 in
1625 1836 1743 1875 gremio
1758 1836 1880 1875 imperii
1895 1835 2010 1869 nostri,
2027 1836 2198 1877 relinquere

1237 1879 1384 1920 oppidum
1397 1898 1405 1912 ‚
1426 1878 1459 1908 ὃς
1481 1881 1493 1905 3
1503 1887 1600 1907 arcem
1611 1879 1731 1907 munire
1745 1884 1883 1917 cogantur
1897 1887 1902 1906 :
1920 1887 1954 1907 ut
1966 1880 2014 1908 via
2022 1878 2075 1908 illa
2084 1878 2198 1914 nostra,

1237 1932 1303 1962 quae
1314 1931 1365 1962 pei·
1374 1920 1586 1950 Macedoniam
1598 1918 1641 1949 est
1650 1919 1741 1959 usque
1751 1919 1786 1949 ad
1799 1919 2030 1959 Hellespontum
2046 1920 2199 1955 militaris,

1240 1974 1306 1993 non
1317 1962 1418 1993 solum
1429 1960 1656 1992 excursionibus
1664 1961 1861 1991 Barbarorum
1871 1959 1905 1991 sit
1914 1960 2032 1995 infesta,
2042 1961 2091 1992 sed
2100 1963 2194 1994 etiam

1236 2004 1337 2037 castris
1351 2006 1490 2035 Threciis
1503 2002 1643 2034 distinfflra
1655 2023 1664 2037 ‚
1684 2013 1716 2033 ac
1731 2012 1840 2033 notata.
1860 2005 1906 2033 Ita
1920 2011 2023 2045 gentes
2041 2014 2081 2034 eae
2092 2025 2102 2038 ‚
2117 2014 2196 2045 quae,

1238 2058 1271 2079 ut
1283 2057 1354 2089 pace
1369 2055 1542 2080 uterentur,
1562 2047 1627 2075 vim
1646 2045 1759 2085 argenti
1778 2045 1920 2075 dederant
1935 2046 2075 2085 praeclaro
2092 2045 2199 2077 nostro

1238 2090 1412 2131 imperatori
1425 2099 1430 2118 :
1453 2098 1485 2119 ut
1494 2087 1647 2118 exhaustas
1657 2087 1767 2118 domos
1776 2087 1888 2128 replere
1897 2087 2015 2127 poflent
2024 2108 2034 2122 ,
2054 2097 2108 2128 pro
2122 2095 2200 2118 emta

1236 2140 1303 2175 pace
1312 2132 1427 2162 bellum
1441 2131 1528 2161 nobis
1537 2130 1630 2171 prope
1639 2128 1755 2169 justum
1765 2130 1944 2160 intulerunt.
1951 2131 2020 2172 Jam
2029 2129 2103 2160 vero
2112 2139 2200 2160 exer·

1241 2178 1318 2205 citus
1328 2174 1379 2204 ille
1390 2173 1491 2204 noster
1500 2171 1705 2213 superbiffimo
1715 2170 1832 2201 delefflm
1841 2191 1850 2205 ,
1868 2171 1901 2201 &
1910 2170 2059 2202 durissima
2068 2173 2199 2212 conqui-

2215 2221 2232 2254 UD

236 2233 293 2254 mo
306 2224 339 2253 in
354 2233 405 2253 eos
420 2222 477 2252 esse
494 2230 612 2261 oportet
621 2241 629 2255 ‚
649 2221 735 2261 cujus
746 2220 792 2249 illi
802 2220 927 2249 salutem
938 2228 992 2258 pro
1002 2221 1128 2260 pignore
1140 2226 1198 2247 tra·
1241 2216 1348 2247 sitione
1356 2215 1503 2246 collefilus
1513 2234 1521 2249 ,
1533 2216 1636 2245 omnis
1645 2215 1770 2244 interiit.
1793 2215 1906 2254 Magno
1915 2214 1974 2243 hoc
1982 2213 2050 2243 dico
2058 2223 2128 2243 eum
2140 2213 2197 2243 do-

237 2265 381 2296 diderunt
398 2264 457 2294 ²ad
471 2263 631 2303 expiandas
644 2264 708 2292 suas
721 2261 918 2302 cupiditates?
939 2260 996 2291 Sed
1018 2270 1073 2301 ego
1092 2261 1127 2289 iu
1144 2260 1197 2289 hac
1240 2259 1316 2289 lore.
1339 2257 1542 2288 miserandum
1562 2259 1595 2286 in
1613 2255 1743 2286 modum
1761 2255 1873 2284 milites
1885 2255 1990 2294 populi
2000 2257 2093 2285 Rom.
2106 2257 2196 2296 capti,

236 2307 385 2338 sententia
392 2305 519 2336 dicenda
536 2315 602 2335 non
621 2303 731 2344 parebo
746 2304 846 2333 dolori
862 2312 934 2332 meo
944 2322 953 2336 ,
971 2301 1198 2332 neciracundiae
1241 2302 1356 2334 necati,
1372 2300 1477 2330 deserti
1490 2319 1499 2332 ,
1514 2297 1643 2337 dissipati
1655 2298 1742 2330 sunt3
1756 2297 1869 2326 incuria
1879 2316 1888 2329 ,
1904 2295 1982 2326 fame
1994 2316 2002 2330 ,
2014 2297 2135 2331 morbo,
2146 2307 2200 2327 va-

234 2349 373 2379 serviam.
396 2357 457 2389 quo
475 2348 581 2377 animo
598 2344 802 2385 unusquisque
819 2342 955 2373 vestrum
973 2343 1063 2372 debet
1082 2341 1141 2371 efle
1162 2344 1197 2372 in
1242 2342 1339 2371 stitate
1351 2340 1508 2379 conficmti:
1521 2342 1597 2372 4ur,
1610 2338 1692 2378 quod
1702 2336 1745 2368 est
1755 2335 1997 2379 indigniflimum
2010 2358 2018 2371 ,
2030 2339 2125 2368 scelus
2135 2341 2200 2368 irn-

234 2391 326 2424 illos,
337 2391 395 2421 hoc
405 2400 456 2419 ero
468 2400 473 2418 ;
484 2387 768 2429 piaecipuumi'llum
779 2405 787 2418 ,
801 2385 1000 2424 &proprium
1010 2383 1129 2413 sensum
1142 2382 1198 2412 do·
1238 2383 1380 2422 peratoris
1398 2401 1406 2414 ,
1428 2383 1462 2411 in
1479 2390 1601 2420 poenam
1621 2381 1768 2410 exercitus
1786 2381 1955 2419 expetitum
1975 2379 2033 2409 effe
2052 2380 2199 2411 videatur.

233 2433 310 2462 ioris
319 2434 401 2465 mei,
412 2441 504 2473 quem
517 2439 618 2461 tamen
629 2439 683 2460 vos
693 2436 895 2458 communem
906 2426 1023 2465 semper
1032 2424 1120 2454 vobis
1131 2433 1196 2453 me·
1241 2426 1338 2464 Atque
1349 2424 1425 2456 hanc
1435 2423 1646 2453 Macedoniam
1657 2442 1666 2456 ,
1685 2421 1812 2452 domitis
1821 2423 1879 2459 jam
1891 2422 2029 2463 gentibus
2041 2420 2199 2457 finitimis,
2215 2441 2222 2460 5

235 2484 308 2504 cum
318 2472 377 2504 ess'e
388 2472 525 2506 duxistis,
536 2471 551 2502 a
557 2471 698 2511 sententia
706 2468 819 2499 dicenda
828 2467 994 2499 amovebo:
1006 2465 1041 2496 ad
1052 2466 1198 2496 ulciscen-
1241 2466 1434 2506 Barbariaque
1442 2463 1607 2505 compressa
1616 2485 1624 2498 ‚
1638 2473 1769 2504 pacatam
1780 2464 1873 2504 ipsam
1883 2474 1934 2504 per
1945 2464 1971 2494 se
1983 2484 1990 2498 ‚
2009 2464 2042 2494 δε
2050 2466 2197 2505 quietam,

200 2536 215 2548 ι,
241 2516 269 2546 di
283 2526 418 2556 tempora
429 2514 594 2545 reservabo.
639 2515 789 2554 Qattuor
798 2510 1039 2550 suntprovinciae
1048 2528 1056 2542 ,
1076 2511 1106 2539 P.
1117 2510 1147 2538 C.
1161 2507 1197 2537 de
1242 2509 1324 2538 tenni
1335 2506 1486 2547 praesidio,
1498 2516 1586 2547 atque
1596 2509 1704 2548 exigua
1714 2516 1805 2536 manu
1816 2525 1824 2540 ‚
1835 2506 1991 2547 etiamfine
2002 2507 2114 2548 imperio
2124 2527 2133 2541 ,
2148 2516 2202 2547 per

200 2554 220 2560 ”
238 2559 350 2599 quibus
366 2558 463 2588 adhuc
480 2556 619 2598 intelligo
633 2555 792 2585 sententias
802 2551 860 2582 effe
870 2551 980 2582 distas:
1003 2551 1107 2581 Gallia:
1118 2549 1195 2583 duae,
1240 2551 1353 2591 legatos
1371 2551 1500 2579 nomine
1521 2549 1587 2589 ipso
1605 2549 1712 2589 populi
1727 2550 1820 2578 Rom.
1839 2548 2014 2578 tuebamurz
2031 2558 2097 2589 quae
2118 2558 2202 2580 nunc

237 2609 311 2640 quas
331 2601 389 2630 hoc
406 2609 542 2638 tempore
560 2607 624 2627 uno
641 2598 771 2636 imperio
785 2595 926 2625 videmus
939 2591 997 2623 effe
1011 2591 1197 2632 conjuntStas:
1217 2597 1221 2634 ι
1240 2591 1388 2622 consulari
1400 2592 1529 2632 imperio
1541 2610 1549 2624 ,
1569 2599 1656 2631 atque
1670 2592 1801 2620 exercitu
1815 2592 1856 2619 ita
1869 2599 1975 2620 vexata
1990 2589 2051 2623 est,
2072 2592 2146 2620 5vix
2164 2598 2201 2622 ut

244 2642 278 2671 δε
289 2643 370 2680 Syria
379 2661 388 2675 ‚
401 2642 434 2671 &
444 2640 640 2671 Macedonia:
661 2647 732 2679 quas
741 2657 750 2670 ‚
765 2637 854 2667 vobis
864 2637 969 2666 invitis
980 2655 988 2669 ‚
1004 2635 1037 2664 &
1046 2632 1197 2674 oppressis,
1218 2639 1221 2698 ί
1241 2634 1270 2664 se
1280 2631 1368 2673 poss'it
1377 2633 1518 2663 diuturna
1525 2642 1595 2672 pace
1605 2642 1750 2662 recreare:
1764 2630 1835 2661 curn
1846 2631 1957 2662 interea
1967 2652 1975 2665 ‚
1987 2633 2055 2673 quis
2063 2630 2200 2663 vestrum

241 2682 427 2722 pestiferiiili
440 2682 580 2713 consules
588 2691 641 2721 pro
653 2680 759 2710 eversa:
772 2678 942 2719 reipublicae
951 2677 1064 2715 praemiis
1072 2685 1198 2715 occupa·
1218 2701 1222 2729 Τ
1242 2677 1300 2705 hoc
1318 2684 1382 2705 non
1400 2675 1534 2708 audivit,
1553 2676 1622 2714 quis
1635 2676 1771 2714 ignorat,
1789 2675 1916 2703 Achaeos
1934 2676 2090 2714 ingentem
2108 2683 2201 2714 pecu-

237 2733 356 2756 verunt.
388 2724 595 2755 Decernenda:
617 2723 707 2754 nobis
730 2722 799 2752 sunt
826 2722 891 2762 lege
912 2720 1093 2759 Sempronia
1118 2717 1195 2749 duae..
1220 2734 1223 2753 ι
1243 2719 1324 2748 niam
1336 2717 1465 2758 pendere
1476 2717 1618 2748 L.Pisoni
1627 2717 1810 2756 quotannis?
1827 2715 1954 2757 veetigal
1963 2735 1972 2751 ‚
1986 2726 2019 2747 ac
2027 2717 2200 2756 portorium

2066 2758 2202 2797 Dyrrha-

240 2853 252 2871 1
261 2845 342 2899 -EX
352 2848 480 2879 pro-vinciis
489 2849 598 2880 panffmu
604 2856 624 2871 m
643 2846 781 2871 detrahendi
791 2843 867 2879 sinn]
888 2842 1033 2869 Lambinus
1052 2842 1199 2878 publicavit
1279 2850 1307 2875 4.
1328 2845 1367 2874 Ut,
1379 2842 1440 2876 quod
1448 2844 1483 2867 eff
1491 2841 1763 2874 indsgmffinmmffcelm
1771 2839 1917 2872 imperatoris
1928 2857 1935 2869 ‚
1953 2841 1980 2863 in
1984 2844 2077 2870 pernam
2086 2834 2205 2863 exercitus*

319 2884 520 2917 retrahendtfint5
543 2882 584 2908 sed
597 2890 690 2918 practer
703 2881 783 2907 libros
794 2879 931 2917 profctio,
943 2880 969 2905 S(
981 2879 1082 2915 inepte.
1102 2879 1136 2905 sic
1146 2879 1198 2906 ite-
1244 2882 1374 2912 repetitum
1386 2880 1427 2911 effi*
1436 2877 1581 2909 videntum]
1605 2877 1671 2901 Heec
1681 2877 1717 2902 est
1727 2875 1809 2901 leiffio
1828 2876 1856 2900 S.
1866 2874 1983 2899 Vitioris
1995 2892 2003 2905 ‚
2023 2872 2134 2899 necabit
2145 2873 2204 2900 Pal.

238 2926 300 2946 rum
311 2917 431 2953 loquitur
441 2919 511 2946 infra
521 2919 605 2954 capite
616 2919 643 2944 ὃ.
1247 2924 1343 2945 nouus,
1356 2914 1467 2941 Erfurd.
1479 2912 1587 2940 Gembl.
1599 2913 1679 2947 quam
1691 2911 1761 2948 quod
1771 2911 1790 2938 ii
1802 2930 1809 2941 ‚
1821 2913 1937 2942 experitus
1946 2912 1995 2943 ιζζῖὲ.
2015 2909 2084 2935 unde
2096 2909 2204 2936 Guliel-

278 2962 307 2980 2.
326 2955 519 2986 eAAcxpiandas
533 2957 590 2987 snas
600 2954 768 2987 cupiditates]
790 2952 907 2979 Conistus
917 2951 973 2979 sum
985 2950 1093 2978 obedire
1111 2951 1200 2978 omni-
1248 2952 1315 2977 mins
1326 2950 1483 2985 conjiciebat
1495 2969 1502 2980 ,
1521 2949 1652 2981 expetiiffl‘5
1671 2947 1745 2973 sensti:
1757 2956 1765 2977 3
1786 2946 1832 2973 nifi
1843 2955 1961 2972 amamus
1972 2945 2073 2971 filimere
2087 2946 2203 2972 alterum

240 2990 289 3018 bus
300 2990 447 3018 antiquitus
467 2990 530 3016 culis
543 3010 551 3022 ‚
571 2991 598 3015 &
609 2990 705 3025 septem
719 2989 785 3015 1²:111.
805 2989 831 3015 in
843 2988 938 3024 quibus
959 2988 1043 3015 isthaec
1063 2987 1201 3024 scripturn,
1248 2987 1334 3014 adstive
1347 2996 1355 3017 ;
1377 2986 1449 3022 quod
1460 2995 1512 3012 nou
1524 2983 1635 3011 insolens
1645 2982 1808 3010 auetoribus.
1828 2982 1900 3017 prius
1913 2981 2079 3016 vulgabatur,
2092 2981 2207 3015 Indignifi

242 3025 290 3053 nifi
301 3021 374 3061 quod
391 3025 499 3052 oetavus
512 3026 618 3051 liaberet
629 3026 784 3059 expediendas
797 3044 805 3057 ‚
816 3024 1017 3061 superscriptum
1029 3024 1094 3049 vero
1107 3026 1121 3049 :i
1132 3023 1203 3059 glos·
1242 3023 1420 3058 Jimumsoelus,
1430 3023 1449 3050 is
1458 3025 1584 3054 imperator
1592 3023 1717 3052 insa-nam
1727 3028 1802 3045 exerc.
1814 3020 1930 3050 expetita,-
1938 3020 1979 3051 cffe
1987 3019 2102 3043 videatur
2112 3027 2120 3048 3
2132 3017 2204 3044 senlu

240 3062 326 3089 satore
342 3062 490 3095 purgandae.
518 3063 649 3087 recentius
669 3061 719 3087 cusi
739 3061 876 3087 obtrusere
895 3061 971 3087 nobis
991 3080 999 3093 ‚
1019 3060 1053 3086 ad
1068 3061 1204 3092 explendas,
1249 3059 1310 3086 satis
1322 3058 1443 3094 frigido,
1463 3067 1495 3084 ne
1508 3055 1573 3092 quid
1581 3055 1693 3091 :implius
1703 3055 1801 3082 dicam.
1821 3061 1849 3080 at
1859 3054 1975 3081 nostrum
1988 3053 2044 3080 vult
2055 3054 2204 3080 exercitum

262 3097 313 3124 uod
323 3107 409 3134 neque
427 3098 528 3124 exstare
546 3098 573 3124 in
587 3097 696 3124 Erfnrd.
715 3105 760 3124 aut
772 3099 799 3123 S.
810 3098 883 3124 Viet.
902 3096 982 3123 fidem
994 3096 1059 3123 facit
1069 3102 1133 3123 nota
1145 3097 1204 3124 Gu-
1250 3095 1324 3122 luisse
1335 3101 1438 3130 peccata
1448 3091 1620 3129 Imperatoris
1630 3090 1679 3118 sui.

242 3108 352 3161 siclinii.
1289 3140 1315 3165 5.
1335 3134 1383 3157 Vix
1391 3131 1447 3164 urse
1454 3132 1519 3163 poffit
1527 3130 1644 3154 diuturna
1656 3135 1714 3160 pace
1725 3125 1856 3160 recreare]
1877 3125 1935 3154 Pal.
1953 3134 2037 3155 nonus
2056 3132 2136 3162 atque
2145 3122 2206 3152 Erf.

278 3178 306 3210 3.
325 3173 408 3198 Arum
418 3172 510 3197 munire
519 3169 657 3205 cogamur]
683 3169 741 3197 1³21.
753 3177 838 3197 nonus
849 3169 876 3196 &t
888 3169 1005 3205 Turing.
1016 3170 1152 3204 cogitarim.
1250 3169 1300 3196 ‘rix
1309 3172 1335 3194 nt
1350 3169 1415 3203 pqffit
1425 3167 1542 3194 diuturna
1554 3172 1614 3198 pace
1622 3165 1737 3191 recreari.
1756 3166 1831 3199 mque
1840 3163 1920 3193 bene.
2143 3198 2170 3223 N
2180 3195 2194 3208 r

2108 3205 2133 3225 ι.
2167 3203 2218 3231 521-
