2360 3400
551 114 758 161 Ense.
810 129 888 160 An
936 115 1248 169 Baua-istu,
1293 115 1493 162 Ltnnn
1537 117 1810 167 Smetri..

241 197 485 232 benivolentiam
507 198 665 238 pervenit,
694 200 704 216 ¹
719 196 865 227 sublatum
888 195 946 228 effe
969 197 1065 228 debet.
1099 197 1193 227 Filius

239 241 393 273 tuusame
403 239 490 270 abest.
514 241 547 269 in
567 239 744 269 Macedonia
753 240 995 280 congrediemur.
1017 237 1138 280 ²Jussus
1150 237 1193 269 est

236 284 322 313 enim
343 281 504 312 Ambracia
523 281 630 311 ducere
649 283 763 321 equites
773 291 826 322 per
845 279 1024 311 Thess‘aliam
1038 300 1047 313 ,
1068 280 1100 310 &2
1121 280 1191 309 scri-

236 323 279 366 pfi
295 323 332 355 ad
351 333 421 353 eum
433 343 442 357 ,
460 331 493 353 ut
516 324 594 352 mihi
617 323 790 353 Heracleam
810 331 984 354 occurreret.
1018 320 1097 352 curn
1117 331 1189 351 eum

236 365 343 397 videro
355 386 364 400 ,
382 366 529 406 quoniam
549 365 639 394 nobis
659 367 827 404 permittis,
847 364 1056 395 communiter
1076 361 1188 392 consti-

236 417 357 439 tuemus
374 407 413 437 de
430 406 527 437 reditu
544 408 607 446 ejus
627 407 661 436 ad
678 409 857 447 petitionem
869 427 878 441 ,
907 415 957 436 aut
973 406 1008 435 ad
1031 414 1191 435 commen=

235 449 393 480 dationem
430 450 563 478 honoris.
609 449 684 478 Tibi
711 449 866 479 Glaucona
886 468 894 482 ‚
915 447 1053 476 medicum
1081 445 1190 492 Pansae,

233 493 289 532 qui
308 491 441 521 sororem
462 491 614 520 Achilleos
632 489 725 520 nostri
744 492 777 520 in
798 491 996 520 matrimonio
1009 488 1121 534 habet,
1144 487 1192 535 di-

235 531 428 573 ligentiffime
444 532 639 562 commendo.
662 532 820 566 audimus,
833 541 901 561 eum
913 528 1027 560 venisse
1045 533 1077 559 in
1099 529 1191 568 suspi-

233 577 359 606 cionem
380 577 536 613 Torquato
547 574 583 604 de
595 583 691 604 morte
704 574 803 604 Pansae
814 594 823 606 ,
835 572 1036 612 custodirique
1046 592 1055 605 ,
1075 581 1108 618 111
1125 580 1189 611 par-

234 616 370 648 ricidam.
394 616 473 645 nihil
483 615 586 645 minus
596 615 779 645 credendum
791 614 844 645 est.
869 616 935 656 quis
946 616 1031 644 enim
1043 622 1189 652 majorem

233 658 437 688 calamitatem
457 667 554 687 morte
580 657 678 688 Pansae
709 659 840 697 accepit?
871 665 1009 696 praeterea
1025 654 1068 685 est
1083 653 1191 684 mode-

234 699 297 730 stus
315 701 411 729 homo
425 720 434 733 ,
456 699 574 740 &frugi
591 709 596 727 :
617 709 708 739 quem
728 709 765 728 ne
787 698 901 728 utilitas
918 697 1042 738 quidem
1057 696 1191 726 videatur

232 741 399 781 impulsura
415 739 503 771 fuiss'e
523 743 560 770 ad
580 739 706 770 facinus.
730 742 818 781 Rogo
840 749 889 773 te,
912 739 946 769 &
964 738 1085 779 quidem
1105 736 1191 768 valde

232 793 308 824 rogo
327 784 409 821 (nam
421 782 574 812 Achilleus
584 781 685 811 noster
694 791 757 811 non
767 781 870 811 minus
882 801 891 814 ‚
905 780 995 821 quarn
1005 789 1126 821 aequum
1135 778 1188 811 est,

231 824 358 864 laborat)
392 826 500 863 eripias
529 832 598 853 eum
625 832 664 852 ex
693 822 845 856 custodia,
875 822 1096 862 conservesque.
1121 823 1190 850 Hoc

232 876 289 908 ego
310 866 346 896 ad
362 875 468 895 meum
489 863 626 894 officium
643 865 825 903 privatarum
845 873 946 892 rerum
965 865 1050 903 aeque
1062 882 1070 896 ,
1103 871 1189 902 atque

232 908 329 938 ullam
339 908 427 936 aliam
443 915 506 935 rem
525 907 673 944 pertinere
687 905 822 934 arbitror.
854 903 931 934 cum
946 905 997 934 has
1016 904 1050 934 ad
1072 913 1099 933 16
1119 904 1189 934 [611-

232 949 334 979 berem
354 949 462 977 litteras
476 966 485 980 ,
501 946 537 976 ab
548 948 659 979 Satrio,
680 946 777 986 legato
788 948 822 975 C.
834 945 983 975 Trebonii
994 965 1003 979 ,
1024 945 1136 976 reddita
1146 944 1189 975 est

231 991 312 1020 mihi
326 987 469 1028 epistola3
501 991 515 1015 3
528 988 542 1017 a
553 987 661 1017 Tullio
672 1007 681 1021 ,
703 988 735 1017 &
746 989 890 1027 Dejotaro
901 1006 909 1021 ‚
930 987 1122 1018 Dolabellam
1133 997 1189 1017 cae-

230 1032 297 1062 sum
306 1050 314 1064 ,
327 1030 522 1070 fugatumque
535 1027 600 1059 effe.
612 1031 747 1059 Graecam
758 1028 915 1069 epistolam
925 1029 979 1059 tibi
994 1027 1061 1059 misi
1071 1030 1188 1069 Cyche-

229 1074 274 1102 rei
290 1071 464 1111 cujusdam,
492 1070 527 1101 ad
552 1073 681 1101 Satrium
715 1069 846 1101 misiam.
886 1071 1004 1101 Flavius
1024 1070 1126 1101 noster
1150 1071 1188 1101 de

224 1111 450 1146 controversia,
480 1122 571 1153 quam
598 1113 685 1143 habet
711 1123 782 1143 curn
813 1114 1010 1152 Dyrrachinis
1031 1112 1186 1143 bxi-edita-

226 1156 304 1185 riam
317 1175 326 1188 ,
346 1153 447 1184 sumsit
465 1163 492 1184 te
511 1154 657 1194 judicem.
681 1164 754 1195 rogo
766 1163 793 1185 te
805 1156 911 1184 Cicero
924 1176 932 1188 ,
959 1154 992 1184 &
1006 1155 1125 1185 Flavius
1137 1164 1186 1184 10-

225 1206 292 1238 gat,
313 1206 378 1226 rem
397 1195 549 1226 conficias.
574 1199 649 1236 quin
665 1198 712 1230 ei,
728 1199 780 1237 qui
791 1198 930 1226 Flavium
941 1195 1011 1227 fecit
1030 1196 1184 1230 heredem,

227 1240 390 1279 pecuniam
400 1237 539 1268 debuerit
547 1240 670 1271 civitas,
690 1248 755 1268 non
766 1237 808 1268 est
826 1237 974 1268 dubium:
993 1248 1089 1279 neque
1104 1241 1185 1278 Dyr-

226 1281 343 1310 rachini
361 1278 549 1310 inficiantur·
571 1279 620 1310 sed
642 1279 697 1309 fibi
711 1280 850 1309 donatum
875 1289 914 1309 aes
933 1280 1068 1310 alienum
1088 1280 1104 1310 a
1122 1283 1185 1310 Cae—

226 1321 289 1352 sare
309 1321 423 1352 dicunt.
455 1322 531 1351 Noli
551 1323 611 1361 pati
639 1321 655 1352 a
673 1321 839 1351 necessariis
859 1323 918 1351 tuis
936 1320 1096 1352 necessario
1112 1331 1184 1352 meo

225 1364 371 1402 inJ'uriam
386 1362 462 1393 fieri.
484 1372 547 1393 Χνι
555 1373 578 1392 1.
601 1363 729 1393 Kalend.
749 1365 823 1404 Jun.
839 1373 877 1393 ex
894 1362 1013 1398 castris,
1042 1363 1183 1394 adimam

225 1405 420 1436 Candaviam.
436 1406 438 1409 “

191 1472 212 1505 7
447 1447 655 1478 BRUTUS
686 1448 963 1480 CICERONI,

229 1529 308 1606 L
352 1532 493 1560 nisurus
511 1528 602 1571 quam
619 1539 703 1560 carus
713 1528 859 1560 mihieffe
872 1529 993 1563 debeat,
1013 1539 1107 1560 nemo
1116 1539 1184 1559 me-

327 1571 411 1602 nlius
419 1571 550 1611 judicare
563 1571 677 1612 potest,
699 1572 790 1613 quam
803 1581 835 1601 tu
847 1582 853 1600 :
864 1572 951 1607 cujus
962 1580 1048 1601 tantae
1057 1581 1111 1611 pro
1121 1581 1183 1611 rep.

225 1616 458 1647 contentiones,
470 1614 745 1655 sollicitudinesque
759 1613 891 1643 fuerunt.
917 1616 1020 1654 ltaque
1030 1614 1078 1643 vel
1097 1612 1185 1653 ipsius

225 1656 345 1688 virtus,
379 1656 429 1685 vel
455 1654 554 1685 nostra
581 1654 762 1686 neceffitudo
793 1655 882 1685 debet
899 1656 1061 1686 conciliare
1082 1664 1110 1685 te
1127 1655 1185 1685 illi:

226 1706 290 1736 quo
310 1696 414 1727 minus
433 1697 527 1727 multa
537 1698 613 1728 mihi
633 1697 786 1727 scribenda
803 1696 862 1726 effe
873 1697 1011 1727 arbitror.
1034 1698 1184 1728 Voluntas

226 1739 311 1767 enirn
323 1746 351 1768 te
361 1748 483 1768 movere
494 1738 582 1768 debet
601 1738 719 1772 nostra,
738 1738 759 1768 fi
777 1737 957 1778 modbjusta
977 1737 1040 1772 est,
1062 1747 1114 1769 aut
1130 1749 1186 1778 pro

227 1777 332 1810 officio
349 1778 511 1810 necessario
526 1780 693 1820 suscipitur.
716 1783 752 1811 In
762 1780 861 1811 Pansae
876 1781 979 1810 locum
991 1788 1091 1819 petere
1110 1790 1186 1810 con—

226 1819 334 1851 stituit.
366 1831 432 1851 eam
457 1824 704 1851 nominationem
724 1821 740 1852 a
761 1830 789 1851 te
811 1823 953 1861 petimus.
985 1830 1084 1861 neque
1111 1831 1186 1851 con-

224 1860 373 1902 ]’1111611011
392 1863 460 1893 dare
470 1861 650 1893 beneficium
663 1883 673 1896 ,
693 1862 784 1903 quarn
801 1872 856 1892 nos
873 1862 930 1892 tibi
949 1862 1050 1892 sumus
1068 1881 1076 1895 ‚
1087 1872 1184 1902 neque

224 1903 401 1944 digniorem
421 1906 579 1935 nominare
595 1914 679 1945 potes
695 1925 703 1937 ‚
723 1905 814 1945 quam
834 1903 987 1933 Bibulum.
1010 1906 1059 1932 De
1073 1906 1186 1933 Domi-

227 1947 272 1976 tio
286 1965 294 1978 ‚
316 1945 349 1976 8(
360 1946 571 1987 Apuleioquid
582 1949 686 1977 attinet
703 1956 752 1975 me
761 1946 904 1976 scribere:
923 1944 995 1975 cum
1014 1943 1068 1984 ipsi
1085 1955 1138 1985 per
1155 1946 1185 1976 se

226 1986 579 2018 tibicommendatiffimi
599 1986 673 2018 fint?
696 1988 859 2028 Apulejum
878 1986 950 2017 vero
970 1996 1000 2016 tu
1013 1996 1062 2017 tua
1080 1986 1183 2017 311ἃο-

222 2031 311 2060 ritate
330 2029 472 2060 sustinere
491 2029 590 2060 debes.
613 2033 630 2057 4
642 2030 698 2061 Sed
709 2029 854 2069 Apuleius
863 2031 896 2059 in
909 2028 959 2059 sua
969 2028 1093 2068 epistola
1105 2029 1184 2059 cele-

224 2070 370 2104 brabitur.
402 2071 547 2101 Bibulum
580 2072 646 2102 noli
659 2072 809 2102 dimittere
826 2081 863 2101 ex
882 2069 946 2100 finu
970 2080 1023 2100 tuo
1037 2090 1046 2104 ‚
1063 2079 1181 2101 tanturn

220 2113 286 2154 jam
304 2115 403 2143 virum
417 2133 425 2148 ‚
451 2123 489 2144 ex
502 2122 615 2154 quanto
627 2134 636 2147 ,
657 2114 742 2144 crede
753 2114 830 2143 mihi
840 2112 956 2153 ‚potest
964 2112 1091 2143 evadere
1102 2133 1110 2148 ,
1129 2114 1183 2155 qui

223 2154 328 2186 vestris
339 2164 502 2195 paucorum
512 2155 686 2196 respondeat
695 2154 844 2186 laudibus.

467 2199 658 2228 CICERO
692 2199 886 2231 BRUTO,
922 2199 950 2227 S.

226 2242 242 2267 5
356 2241 466 2269 Uni-os
486 2239 541 2269 tibi
562 2239 796 2273 commendavi,
816 2238 1076 2269 &commendem
1090 2259 1099 2273 ‚
1125 2249 1180 2269 ne-

355 2279 429 2310 cefl'e
456 2280 523 2310 est..
548 2283 683 2321 optimus
704 2282 788 2311 enim
806 2281 931 2321 quisque
950 2283 995 2310 vir
1008 2301 1017 2315 ,
1042 2281 1074 2312 δε
1092 2282 1178 2315 civis,

223 2322 360 2352 maxime
382 2323 515 2363 sequitur
528 2323 678 2361 judicium
697 2331 783 2352 tuum
797 2342 806 2356 ‚
828 2323 943 2363 tibique
962 2332 1070 2353 omnes
1087 2322 1178 2353 fortes

221 2365 282 2393 viri
303 2372 407 2394 navare
420 2374 542 2404 operam
558 2384 567 2397 ‚
599 2365 631 2394 &
651 2364 782 2394 studium
802 2365 929 2394 volunt:
946 2374 1002 2395 nec
1020 2365 1177 2406 quisquam

219 2403 284 2436 est.
308 2408 382 2444 quin
402 2407 441 2436 ita
457 2405 633 2440 existimet,
654 2416 754 2437 meam
772 2406 849 2446 apud
871 2415 899 2436 te
921 2405 954 2435 &
974 2409 1118 2447 gratiam,
1147 2407 1180 2437 &

220 2445 427 2477 au6koritatem
449 2449 544 2478 valere
562 2449 740 2488 plurimum.
763 2448 818 2478 Sed
829 2450 861 2478 C.
874 2448 1063 2478 Nasennium
1075 2468 1084 2482 ‚
1109 2459 1179 2479 mu-

221 2490 355 2527 nicipem
377 2488 551 2520 Suessanum
565 2510 573 2524 ‚
601 2490 657 2520 tibi
683 2492 723 2520 ita
740 2490 926 2520 commendo
938 2509 946 2523 ,
968 2499 1001 2520 ut
1018 2493 1178 2521 neminem

219 2530 410 2570 diligentius.
434 2530 563 2561 Cretensi
574 2532 672 2565 bello,
694 2532 822 2562 Metello
833 2534 1022 2572 imperatore,
1036 2531 1178 2563 octavum

221 2573 390 2612 principem
411 2571 516 2602 duxit:
543 2572 644 2612 postea
667 2575 698 2604 in
711 2584 740 2604 re
758 2574 900 2603 familiari
930 2583 1090 2614 occupatus
1108 2573 1177 2604 fuit.

224 2616 295 2644 Hoc
315 2623 450 2653 tempore
465 2614 536 2644 cum
560 2616 685 2654 reipubl.
706 2616 856 2655 partibus,
882 2624 946 2645 tum
959 2624 1007 2645 tua
1017 2617 1178 2646 excellenti

221 2656 366 2694 dignitate
391 2665 585 2690 commotus,
617 2657 708 2686 vellet
736 2667 786 2696 per
813 2666 841 2686 te
860 2657 973 2697 aliquid
995 2657 1179 2688 auam-itatis

222 2695 376 2727 assumere.
402 2699 521 2727 Fortem
534 2700 633 2728 virum
645 2718 654 2731 ‚
674 2700 762 2727 Brute
774 2717 782 2731 ,
801 2697 856 2728 tibi
876 2699 1062 2729 commendo
1075 2719 1083 2733 ,
1100 2699 1179 2741 frugi
1196 2688 1197 2701 ’

1467 201 1660 232 CICERO
1694 203 1891 237 BRUTO,
1925 205 1957 235 S.

1304 242 1472 271 Urinam-:R
1490 240 1615 276 officio,
1639 252 1741 282 quotu
1758 243 1881 275 fun&us
1900 255 1930 275 es
1952 247 1984 276 in
2004 255 2075 277 meo
2094 247 2188 282 laetu,

1303 290 1390 322 teque
1400 293 1451 322 per
1460 283 1569 313 litteras
1581 285 1750 315 consolarer
1759 305 1767 319 ,
1780 285 1834 316 nisi
1844 287 1949 318 scirem
1958 307 1966 321 ‚
1977 289 2024 319 his
2034 290 2188 324 remediis,

1233 322 1344 361 quibus
1364 333 1468 354 meum
1485 324 1622 356 dolorem
1640 335 1672 356 tu
1693 326 1832 362 ievafl‘es,
1857 337 1884 358 te
1907 331 1939 359 in
1951 339 2004 360 tuo
2015 340 2080 361 non
2099 341 2192 372 egere:

1232 372 1264 392 ac
1276 366 1369 394 velim
1386 365 1525 400 facilius,
1546 368 1636 407 quam
1654 377 1725 399 tunc
1744 371 1823 400 mihi
1843 389 1852 403 ,
1873 380 1954 401 nunc
1975 372 2031 402 tibi
2045 381 2107 403 tute
2127 383 2194 403 me-

1234 404 1330 434 deare.
1363 405 1415 436 Est
1433 409 1517 437 enim
1536 419 1694 440 amanum
1713 419 1796 441 tanto
1816 414 1901 445 viro,
1929 422 1961 442 ut
1975 423 2006 443 es
2029 423 2060 444 tu
2074 435 2083 448 ,
2109 414 2192 455 quod

1234 446 1316 475 alteri
1338 451 1528 488 praeceperit,
1550 450 1582 479 id
1600 452 1698 490 ipsum
1719 451 1815 483 facere
1834 463 1897 483 non
1915 454 2007 494 posse.
2051 457 2102 485 Me
2122 458 2192 497 qui-

1233 487 1302 533 dem
1313 488 1383 518 curn
1395 493 1522 520 rationes
1536 511 1544 524 .
1563 501 1633 532 quas
1641 494 1801 535 collegeras
1812 514 1821 528 ‚
1845 504 1909 525 tum
1921 496 2080 527 austeritas
2089 507 2136 528 tua
2148 519 2157 531 ,
2171 498 2189 530 ὲ

1233 531 1334 558 11111110
1345 540 1474 561 moerore
1483 532 1636 564 deterruit.
1661 535 1739 565 Cum
1750 538 1832 566 enim
1844 536 1969 567 mollius
1983 539 2036 568 tibi
2046 538 2123 569 ferre
2142 541 2190 570 vi-

1233 569 1337 604 derer,
1365 573 1455 611 quam
1475 573 1590 605 deceret
1600 579 1698 606 virum
1711 597 1720 610 ,
1740 579 1900 617 praesertim
1922 589 1992 610 eum
2005 600 2014 613 ‚
2035 583 2087 620 qui
2113 581 2190 612 alios

1232 612 1379 643 consolari
1400 615 1524 648 soleret3
1543 617 1679 647 accusasti
1691 628 1739 648 me
1748 620 2114 662 perlitterasgravioribus
2123 633 2193 653 ver—

1233 652 1297 686 bis,
1321 654 1661 694 quamtuaconsuetudo
1671 659 1794 691 ferebat.
1818 664 1919 703 Itaque
1938 663 2190 702 judiciumtuum

1234 704 1336 736 magni
1349 695 1518 732 aestimans,
1539 698 1628 739 idque
1647 704 1775 735 veritus,
1797 713 1847 733 me
1870 704 1930 744 ipse
1947 705 2071 746 collegi:
2093 705 2127 736 &
2145 716 2187 739 ca,

1230 746 1297 776 quae
1315 737 1477 768 didiceram
1490 759 1498 772 ,
1522 740 1650 780 legeram
1663 761 1671 774 ‚
1692 752 1870 782 acceperam,
1889 747 2008 786 gaviora
2021 749 2093 777 duxi
2108 766 2116 780 2
2141 756 2190 778 tua

1231 777 1404 809 3υὲ10111316
1423 780 1532 811 addita.
1566 786 1609 811 Ac
1628 784 1705 812 mihi
1729 794 1814 819 tum,
1835 788 1940 821 Brute,
1960 787 2064 819 officio
2084 788 2187 819 solum

1231 829 1310 853 erat,
1331 820 1363 850 δε
1381 830 1511 852 naturae:
1532 823 1587 853 tibi
1602 833 1682 854 nunc
1701 827 1814 865 populo
1829 847 1837 860 ,
1865 828 1898 858 &
1926 829 2020 860 scenae
2046 830 2091 869 (ut
2112 830 2189 860 dici-

1231 862 1289 902 tur)
1301 862 1491 893 serviendum
1501 863 1553 894 est.
1577 867 1658 896 Nam
1670 867 1785 897 cumin
1798 877 1826 898 te
1846 879 1911 899 non
1923 871 2021 900 solum
2043 874 2190 902 exercitus

1231 905 1292 936 tui,
1311 904 1359 934 sed
1370 914 1512 935 omnium
1523 909 1638 937 civium
1650 928 1659 942 ,
1682 918 1713 938 ac
1723 910 1808 949 paene
1818 913 1954 949 gentium
1971 913 2100 951 conjeSti
2115 914 2189 942 oculi

1231 943 1308 979 sint,
1332 947 1465 976 minime
1484 948 1579 982 dicct,
1612 959 1731 990 propter
1749 961 1841 991 quem
1869 951 2009 983 fortiores
2028 957 2116 984 ceteri
2137 956 2189 985 su-

1229 996 1316 1021 mus,
1337 998 1408 1018 eum
1427 990 1525 1028 ipsum
1544 992 1649 1021 animo
1677 992 1867 1023 debilitatum
1889 994 1994 1024 videri.
2027 999 2124 1032 Quam
2147 997 2188 1026 ob

1229 1038 1292 1058 rem
1312 1029 1448 1070 accepisti
1467 1041 1497 1061 tu
1511 1032 1634 1072 quidem
1646 1032 1784 1064 dolorem
1814 1035 1856 1073 (id
1869 1039 1951 1065 enim
1963 1036 2084 1067 amisisti
2099 1057 2107 1071 ‚
2131 1041 2180 1068 6111

1229 1069 1325 1101 [1111116
1343 1073 1377 1101 111
1396 1075 1480 1102 terris
1509 1074 1588 1103 nihil
1609 1074 1679 1114 fuit)
1712 1073 1728 1095 6
1744 1077 1776 1106 δε
1794 1076 1837 1106 est
1859 1077 2025 1108 dolendum
2039 1099 2046 1112 ,
2070 1081 2103 1108 in
2125 1088 2185 1109 ram

1228 1122 1310 1153 gravi
1327 1114 1453 1144 vulnere
1472 1114 1523 1154 (ne
1549 1116 1577 1145 id
1597 1117 1694 1156 ipsum
1707 1137 1715 1151 ‚
1744 1128 1840 1149 carere
1857 1122 1944 1149 omni
1960 1120 2042 1159 sensu
2059 1120 2158 1149 doloris
2172 1142 2182 1153 ‚

1228 1153 1262 1184 sit
1282 1155 1421 1186 miserius
1435 1175 1443 1189 ,
1463 1157 1553 1196 quarn
1565 1157 1678 1198 dolere)
1697 1159 1744 1189 sed
1759 1180 1767 1193 ‚
1790 1168 1822 1189 ut
1843 1161 1982 1194 modice,
2002 1165 2108 1192 ceteris
2128 1171 2187 1192 uti-

1228 1195 1255 1226 le
1274 1195 1317 1226 est
1330 1216 1339 1230 ,
1367 1197 1421 1227 tibi
1442 1198 1559 1229 necesse
1576 1199 1627 1230 est.
1660 1201 1825 1231 Scriberem
1844 1202 1946 1242 plura,
1966 1202 2021 1233 nisi
2039 1204 2073 1234 ad
2083 1212 2110 1233 te
2122 1205 2185 1234 haec

1228 1239 1290 1277 ipsa
1309 1241 1404 1269 nimis
1418 1240 1513 1270 multa
1522 1239 1625 1272 effent.
1648 1244 1716 1272 Nos
1727 1252 1773 1277 te,
1786 1252 1932 1284 tuumque
1945 1247 2114 1275 exercitum
2132 1255 2186 1275 ex-

1227 1279 1394 1319 spectamus
1407 1291 1414 1310 2
1424 1280 1485 1311 fine
1495 1292 1555 1322 quo
1566 1292 1597 1313 ut
1605 1284 1718 1324 reliqua
1728 1294 1766 1315 ex
1778 1285 1923 1316 sententia
1931 1287 2104 1321 succedant,
2130 1289 2184 1317 vix

1227 1322 1294 1351 satis
1304 1322 1391 1352 liberi
1404 1323 1545 1354 videmur
1554 1323 1628 1355 fore.
1656 1328 1703 1355 De
1723 1335 1784 1357 tota
1801 1336 1861 1366 rep.
1882 1328 1965 1367 plura
1982 1328 2108 1358 scribam
2121 1348 2129 1362 ,
2152 1329 2185 1359 δε

1224 1361 1411 1403 foi-taffejam
1431 1367 1555 1397 certiora
1572 1368 1619 1397 his
1642 1368 1749 1398 litteris
1769 1388 1778 1403 ,
1811 1379 1884 1409 quas
1904 1372 2004 1400 Veteri
2020 1369 2124 1401 nostro
2133 1380 2186 1401 co-

1225 1405 1355 1446 gitabam
1366 1406 1443 1437 dare.

1457 1451 1652 1481 CICERO
1686 1453 1885 1486 BRUTO,
1919 1455 1947 1483 S.

1329 1491 1444 1520 ULLAs
1461 1491 1558 1521 adhuc
1580 1492 1596 1521 a
1614 1501 1642 1521 te
1665 1492 1774 1523 litteras
1792 1494 1991 1524 habebamus:
2014 1504 2053 1525 ne
2070 1494 2184 1525 famam

1328 1531 1473 1572 quidem,
1502 1542 1568 1573 quae
1591 1533 1769 1567 declararet,
1794 1544 1841 1568 te,
1862 1537 1982 1576 cognita
2007 1537 2123 1566 senatus
2134 1547 2188 1567 au-

1227 1570 1381 1606 610111316,
1400 1575 1434 1603 111
1454 1575 1573 1604 Italiam
1591 1574 1736 1605 adducere
1753 1578 1936 1606 exercitum:
1956 1577 2039 1617 quod
2057 1587 2090 1607 111
2107 1577 2186 1608 face-

1226 1621 1273 1642 res
1284 1631 1292 1645 ,
1322 1614 1412 1654 idque
1428 1624 1589 1645 maturares
1604 1635 1612 1649 ,
1639 1626 1818 1657 magnopere
1837 1616 2018 1648 desiderabat
2035 1619 2109 1658 resp.
2133 1622 2187 1649 In-

1225 1656 1368 1694 gravescit
1393 1658 1478 1686 enim
1506 1658 1539 1687 in
1569 1657 1632 1687 dies
1652 1656 1814 1693 intestinum
1831 1659 1960 1693 malum,
1982 1670 2037 1690 nec
2053 1663 2188 1691 externis

1228 1695 1364 1727 hostibus
1376 1700 1489 1738 magis,
1511 1697 1602 1740 quam
1621 1698 1796 1731 domesticis
1815 1700 2002 1731 laboramus:
2024 1703 2077 1742 qui
2104 1711 2185 1733 erant

1227 1741 1360 1769 omnino
1376 1740 1414 1770 ab
1434 1741 1526 1770 initio
1542 1738 1635 1775 belli,
1654 1742 1703 1771 sed
1724 1741 1844 1773 facilius
1863 1742 2082 1783 frangebantur.
2110 1747 2185 1774 Ere-

1226 1778 1306 1809 &ior
1315 1781 1432 1811 senatus
1439 1790 1499 1812 erat
1510 1802 1518 1816 ,
1538 1792 1602 1812 11011
1611 1783 1767 1814 sententiis
1778 1784 1878 1814 solum
1889 1783 1998 1814 nostris
2009 1805 2018 1818 ,
2030 1785 2080 1815 sed
2090 1787 2181 1816 etiam

1226 1822 1489 1853 cohortationibus
1498 1825 1650 1854 excitatus.
1672 1829 1687 1853 7
1697 1827 1765 1855 Erat
1775 1828 1808 1855 in
1818 1826 1918 1856 senatu
1929 1826 1994 1856 satis
2004 1827 2183 1862 vehemens¹

1227 1861 1260 1891 &
1269 1871 1333 1892 acer
1341 1864 1430 1893 Pansa
1441 1883 1450 1897 ,
1462 1863 1534 1894 curn
1545 1866 1577 1894 in
1586 1874 1701 1896 ceteros
1710 1866 1799 1906 hujus
1807 1869 1924 1907 generis
1933 1887 1940 1901 ,
1969 1876 2035 1898 111111
2049 1870 2185 1900 maxime

1226 1905 1259 1932 in
1270 1903 1421 1934 socerum:
1446 1908 1494 1935 cui
1505 1906 1622 1936 consuli
1633 1916 1697 1936 non
1707 1910 1828 1938 animus
1838 1909 1874 1938 ab
1884 1910 1998 1943 initio,
2021 1920 2086 1939 non
2111 1909 2185 1941 fides

1224 1943 1260 1974 ad
1270 1954 1443 1976 eXtremum
1464 1945 1569 1977 defuit.
1592 1948 1711 1978 Bellum
1727 1951 1763 1979 ad
1781 1950 1938 1981 Mutinam
1949 1951 2121 1991 gerebatur,
2135 1955 2183 1982 ni-

1224 1987 1269 2016 hil
1287 1996 1320 2017 111
1342 1990 1374 2017 111
1385 1988 1496 2018 Caesare
1506 1990 1755 2028 reprehenderes5
1773 1993 1923 2023 nonnulla
1940 1995 1971 2022 in
1991 1995 2105 2023 Hirtio.
2126 1995 2184 2024 hu—

1220 2029 1270 2066 jus
1291 2027 1505 2068 bellifortuna,
1526 2040 1559 2061 111
1576 2032 1610 2060 111
1623 2031 1760 2062 secundis
1773 2052 1782 2067 ,
1808 2032 1908 2064 fluxa:
1932 2043 1965 2064 ut
1984 2036 2017 2064 in
2035 2034 2174 2071 adversis,

1223 2070 1310 2101 bona.
1327 2071 1505 2102 eratvistrix
1514 2072 1629 2112 respub.
1640 2072 1719 2104 caesis
1730 2077 1859 2105 Antonii
1869 2078 1965 2116 copiis
1975 2095 1983 2109 ,
1999 2076 2062 2116 ipso
2074 2078 2181 2117 expul-

1222 2112 1254 2141 so
1273 2111 1289 2142 ὲ
1309 2115 1410 2143 Bruto.
1444 2114 1616 2145 Deindeita
1634 2116 1727 2146 multa
1745 2125 1861 2156 peccata
1875 2137 1883 2150 ‚
1907 2127 1940 2148 ut
1949 2118 2180 2158 quodammodo

1220 2153 1349 2185 vi&oria
1359 2155 1534 2186 exciderete
1550 2157 1689 2187 manibus
1700 2178 1708 2191 ‚
1727 2160 1896 2198 perterritos
1907 2179 1915 2193 ,
1935 2161 2076 2189 inermeis
2087 2180 2096 2194 ‚
2115 2161 2180 2190 sau-

1221 2197 1285 2226 cios
1301 2206 1366 2226 non
1393 2197 1461 2228 sunt
1480 2196 1575 2227 nostri
1596 2199 1685 2230 duces
1707 2200 1853 2239 persecuti
1871 2211 1877 2230 :
1908 2201 2070 2242 datumque
2089 2204 2180 2242 Lepi—

1221 2238 1262 2268 do
1279 2246 1386 2278 tempus
1407 2238 1468 2273 est,
1488 2241 1520 2269 in
1538 2249 1598 2280 quo
1618 2241 1772 2272 levitatem
1793 2242 1858 2282 ejus
1886 2242 1961 2282 saepe
1981 2243 2176 2283 perspeestam,

1221 2282 1389 2321 majoribus
1410 2283 1443 2310 in
1460 2282 1547 2311 malis
1575 2285 1792 2322 experiremur.
1825 2286 1900 2314 Sunt
1919 2287 2063 2315 exercitus
2085 2285 2178 2320 boni,

1220 2321 1270 2352 sed
1290 2322 1377 2352 rudes
1402 2324 1504 2356 Bruti,
1525 2323 1557 2353 ὃ(
1574 2324 1687 2354 Planci.
1709 2328 1784 2355 Sunt
1807 2323 1978 2356 fidelissima
1992 2346 2000 2359 ‚
2020 2327 2053 2357 &
2082 2328 2183 2357 maxi-

1220 2374 1271 2394 ma
1287 2364 1400 2394 auxilia
1419 2365 1587 2395 Gallorum.
1611 2366 1661 2396 sed
1682 2367 1826 2397 Caesarem
1846 2368 1921 2397 meis
1941 2367 2072 2399 consiliis
2083 2368 2179 2400 adhuc

1219 2405 1418 2447 gubernatum
1429 2426 1438 2440 ,
1456 2407 1592 2446 praeclara
1608 2408 1709 2448 ipsum
1720 2408 1825 2439 indole
1839 2428 1847 2443 ,
1862 2409 2090 2451 admirabilique
2101 2420 2179 2440 con—

1221 2447 1345 2482 stantia,
1370 2447 1602 2489 improbiss'imis
1626 2451 1732 2480 litteris
1744 2450 1866 2491 quidam
1881 2471 1889 2484 ‚
1908 2450 2066 2483 fallacibus
2083 2453 2181 2482 uein-

1221 2490 1397 2530 terpretibus
1424 2501 1457 2521 ac
1487 2493 1604 2521 nuntiis
1631 2493 1818 2532 impulerunt
1840 2494 1871 2522 in
1893 2492 1973 2532 spem
1990 2496 2060 2524 certi
2085 2504 2180 2524 imam

1220 2531 1402 2563 consulatus.
1430 2533 1521 2572 Qiod
1553 2531 1731 2574 simulatque
1758 2532 1852 2568 sensu
1881 2544 1978 2575 neque
2013 2546 2069 2578 ego
2089 2536 2180 2566 illum

1220 2574 1373 2604 absentem
1393 2575 1501 2605 litteris
1521 2584 1646 2605 monere
1669 2574 1788 2609 destiti,
1830 2585 1885 2606 nec
1902 2578 2033 2608 accusare
2052 2577 2182 2619 praesen-

1221 2618 1276 2646 teis
1298 2617 1361 2655 ejus
1378 2615 1572 2650 necessarios,
1593 2618 1645 2657 qui
1664 2618 1728 2656 ejus
1747 2617 1901 2658 cupiditati
1920 2617 2070 2661 suffragari
2094 2619 2180 2650 vide—

1219 2658 1325 2688 bantur
1340 2669 1345 2687 :
1366 2668 1421 2688 nec
1435 2661 1467 2688 in
1486 2659 1585 2689 senatu
1597 2657 1885 2689 sceleratissimorum
1896 2659 2092 2692 consiliorum
2102 2660 2181 2692 fon-

1218 2701 1274 2729 teis
1292 2709 1401 2739 aperire
1413 2700 1551 2730 dubitavi
1566 2711 1571 2729 :
1593 2710 1647 2730 nec
1661 2699 1732 2730 vero
1742 2701 1843 2731 ullain
1854 2712 1884 2731 re
1894 2705 2024 2733 memini
2038 2723 2047 2738 ,
2064 2712 2114 2734 aut
2136 2702 2180 2733 se-

224 2740 385 2769 hominem
401 2758 409 2772 ,
429 2739 482 2772 &,
501 2739 603 2780 siquid
622 2740 658 2770 ad
681 2749 744 2769 rem
762 2741 907 2779 pertinet,
928 2742 1022 2770 etiam
1042 2741 1176 2781 locuple·
1194 2767 1196 2774 .
1217 2750 1321 2771 natum
1343 2742 1502 2772 meliorem
1516 2760 1524 2774 ³
1545 2751 1594 2772 aut
1620 2741 1814 2784 magistratus.
1843 2746 2021 2785 Numquam
2041 2747 2124 2775 enim
2146 2743 2180 2775 111

224 2789 299 2810 16111.
324 2783 494 2821 Pergratum
513 2782 590 2811 mihi
608 2785 680 2814 erit,
703 2780 804 2812 sieum
814 2783 854 2811 ita
863 2780 1011 2815 1131813118,
1023 2791 1055 2812 ut
1066 2785 1175 2813 merito
1194 2780 1195 2788 ¹
1215 2783 1332 2813 honore
1354 2784 1589 2814 extraordinario
1615 2786 1746 2824 potentis
1765 2786 1921 2820 hominis,
1943 2787 1990 2816 vel
2005 2785 2178 2827 potentissi-

225 2829 279 2852 tuo
296 2822 375 2852 mihi
393 2825 498 2863 gratias
509 2833 590 2864 agere
599 2822 694 2863 possit.

1191 2821 1195 2857 ἶ
1223 2826 1266 2854 1111
1286 2823 1388 2865 potius
1406 2826 1539 2866 (quando
1556 2827 1679 2866 quidem
1694 2830 1830 2867 potentia
1842 2828 1906 2868 jam
1926 2829 1956 2858 in
1974 2830 2006 2858 vi
2020 2828 2110 2870 posita
2120 2828 2174 2863 est,

2143 2870 2177 2901 &

257 2945 281 2963 1.
300 2938 423 2963 sublatum
442 2938 483 2969 effe
501 2937 590 2971 debet]
615 2937 737 2963 Pluribus
749 2936 941 2971 istudexplicat
952 2937 1059 2963 Eri-icus
1071 2937 1181 2973 stepha-

217 2980 268 2999 nus
279 2971 348 2998 libro
357 2972 579 3000 schediasmatum
593 2973 686 3005 tertio,
699 2973 744 3008 qui
757 2972 886 2998 videatur.

256 3016 284 3033 2.
302 3009 386 3041 Juffus
395 3011 430 3034 eff
447 3012 506 3035 enim
516 3011 659 3037 cAmhracIa
677 3010 776 3041 ducere,
796 3008 862 3044 cira]
885 3009 927 3035 Sic
937 3008 1004 3035 1²:111.
1019 3008 1110 3036 nostri.
1131 3017 1181 3044 pu-

219 3043 312 3070 blicati
324 3043 392 3074 fere,
401 3046 578 3072 tAmbraciam.

256 3087 283 3115 3.
302 3079 454 3109 (Λτηίίίοςῐγ
463 3081 595 3115 Dejotaro]
618 3080 675 3107 Pal.
689 3090 730 3117 pr.
741 3083 813 3107 Tillio.
825 3088 911 3117 quart.
921 3082 1007 3115 ‘Tylliol

255 3122 284 3148 4.
302 3115 347 3140 Sed
354 3116 571 3149 dpulqusinfim
579 3119 642 3149 epist.
662 3118 761 3152 celebr]
784 3117 868 3144 Palat.
879 3117 928 3144 sec.
939 3118 966 3143 &
980 3117 1093 3153 tert-fid
1100 3119 1179 3145 Domi-

218 3153 269 3179 u‘m
281 3154 319 3185 in,
328 3152 380 3183 &a
398 3150 470 3187 quod
479 3152 669 3182 examinabunt
680 3153 775 3189 quibus
786 3154 868 3190 majus
879 3154 976 3182 otium.

1262 2946 1288 2970 5.
1310 2939 1400 2964 Multos
1411 2939 1455 2963 ribi
1465 2937 1650 2971 commende-L]
1672 2938 1768 2966 Paulus
1779 2939 1915 2966 Manutius
1925 2939 2060 2966 commendo.
2069 2947 2097 2967 at
2104 2939 2178 2966 enim

1222 2972 1335 3000 alterum
1349 2973 1425 2999 restat
1436 2974 1461 2999 in
1474 2980 1540 2999 vett.
1553 2972 1615 2999 edd.
1625 2974 1651 3000 St
1665 2974 1763 3002 Palatt.
1773 2975 1904 3002 omnibus.

1258 3009 1285 3034 6.
1306 3013 1339 3034 Et
1349 3012 1383 3034 erl
1396 3009 1514 3035 dolendum
1526 3028 1534 3040 ,
1551 3012 1577 3035 in
1587 3013 1717 3044 tamgrmi
1728 3030 1737 3043 ,
1755 3012 1823 3046 &c.]
1844 3011 1988 3039 Lambinus
2006 3011 2079 3039 libris
2089 3011 2180 3038 omni-

1222 3044 1269 3070 bus
1281 3044 1372 3071 invitis
1384 3044 1550 3072 substituerat
1561 3064 1570 3077 ,
1588 3049 1623 3072 eff
1631 3047 1760 3073 verendum
1771 3067 1779 3080 ,
1799 3047 1872 3075 nulla
1881 3048 1932 3074 alia
1941 3047 1976 3074 de
1985 3047 2058 3075 causa
2070 3068 2077 3080 ,
2097 3050 2178 3084 quam

1221 3080 1293 3116 quod
1304 3081 1391 3108 minus
1401 3081 1588 3117 adsequeretur
1599 3091 1749 3109 connexum
1767 3085 2007 3120 argumentationis
2018 3085 2144 3110 ciceron.

1256 3125 1284 3151 7.
1301 3119 1365 3142 Erat
1373 3127 1399 3143 m
1409 3118 1525 3152 sentum]
1546 3117 1603 3144 Pal.
1614 3125 1679 3145 tert.
1696 3119 1729 3145 ab
1739 3119 1829 3147 eadem
1843 3130 1919 3147 manu
1939 3120 2048 3147 habebat
2057 3122 2128 3148 111161
2146 3119 2180 3145 li-

1221 3162 1294 3187 neas,
1303 3161 1357 3181 erat
1362 3161 1476 3188 praterea
1484 3157 1510 3182 in
1518 3158 1574 3181 Son.
1584 3153 1708 3190 idemque
1719 3156 1745 3183 in
1756 3166 1797 3193 pr.
1808 3158 1824 3186 a
1834 3156 1932 3185 dextra
1939 3157 2007 3184 alien
2013 3175 2020 3183 .

1579 3191 1759 3220 Eeeeeez
2114 3191 2178 3218 ¹·18

2209 1456 2249 1480 10
