2337 3400
155 1013 193 1038 11

210 159 331 194 1010
622 124 1123 176 M.Tut.t.11
1191 119 1728 168 thzRouis
2074 156 2086 162 ,

204 225 285 257 sunt.
315 219 415 260 Qam
434 213 528 246 multa
539 209 667 241 vitiosa?
689 207 844 237 summum
865 202 949 232 enim
971 200 1107 232 bonurn,
1128 197 1162 228 &
1203 197 1756 240 vacuitas:0arneadi‚fi-uiprincipiis
1767 197 2166 235 naturalibusoeffetextref·

209 265 322 296 malum
339 263 529 300 vagienspucr
542 261 604 282 uti-a
613 249 765 288 voluptate
775 242 970 284 dijudicabit,
989 239 1101 276 stante,
1124 249 1163 270 an
1208 251 1305 273 mum.
1351 242 1497 281 Epicurus
1517 249 1616 270 autem
1637 240 1710 271 cum
1732 244 1765 273 in
1783 244 1880 283 prima
1899 242 2167 274 commendatione
2196 249 2240 275 12

210 311 354 336 movente
366 306 375 331 ,2
389 299 530 339 qnoniam
541 313 550 328 ,
566 291 586 322 si
597 292 655 322 diis
669 292 780 330 placet,
794 286 831 316 ab
845 287 975 331 Epicuro
985 283 1069 323 loqui
1078 282 1165 312 disci·
1208 285 1395 323 voluptatem
1407 280 1544 312 dutifl'et:
1558 280 1577 311 si
1588 291 1665 316 eam,
1676 292 1766 323 quam
1777 283 1944 326 Aristippus
1954 305 1962 318 ‚
1975 284 2057 314 idem
2069 293 2169 315 tenere

211 354 292 376 mus.
316 341 336 372 si
355 340 445 371 stante
457 357 465 371 ‚
486 338 544 366 hoc
563 342 665 365 natura
678 330 819 361 videlicet
832 328 896 357 vult
909 345 918 359 ,
936 326 1045 356 salvam
1057 321 1113 354 esse
1124 323 1164 357 se,
1210 326 1313 356 debuit
1323 324 1470 355 ultimum
1481 323 1636 354 bonorum
1648 325 1747 365 ‚quod
1758 325 1809 356 ille
1821 337 1827 355 2
1839 325 1881 356 fin
1892 336 1957 357 eam
1973 345 1981 360 ,
1992 336 2082 367 quam
2097 328 2173 358 Hie-

210 385 292 428 qnod
303 381 517 414 concedimus:
537 375 557 407 si
568 382 711 406 movente
720 392 728 406 ,
739 370 820 413 quod
833 377 932 399 tamen
943 367 1043 397 dicitis
1054 385 1063 400 ,
1083 365 1168 395 nulla
1210 375 1358 407 ronymus
1368 386 1377 400 ‚
1395 363 1510 396 fecisset
1519 365 1601 396 idem
1615 385 1625 400 ‚
1645 375 1678 395 ut
1688 365 1872 406 voluptatem
1884 368 1969 399 illam
1980 367 2124 407 Aristippi
2137 369 2171 401 in

212 429 304 466 turpis
316 425 452 463 voluptas
462 422 516 450 erit
527 438 535 452 ‚
555 427 618 459 qua:
631 411 882 457 praetermittenda
894 408 936 440 sit.
961 409 994 439 &
1005 406 1092 437 simul
1102 417 1167 437 non
1213 412 1311 450 prima
1328 407 1598 438 commendatione
1611 416 1749 447 poneret.
1772 417 1841 438 nam
1853 429 1862 443 ‚
1881 410 1962 450 quod
1973 412 2034 444 ait,
2051 408 2173 450 sensibus

210 467 408 509 proficistitui·
418 462 529 495 animal
539 459 615 491 illud
626 457 722 488 modo
734 464 836 486 natum
851 474 861 486 ‚
880 454 895 482 ἑὶ
906 452 1023 482 summa
1031 450 1168 490 volupta-
1211 450 1401 494 ipfisjudii·ari
1411 469 1420 483 ,
1436 450 1622 489 voluptatem
1634 469 1643 482 ‚
1655 449 1773 479 bonum
1785 447 1842 479 effe
1853 461 1859 479 ;
1872 451 2010 482 dolorem
2025 472 2034 485 ‚
2047 454 2173 481 malum:

212 520 256 540 te:
270 519 335 549 qua:
343 506 387 537 est
396 506 411 536 a
422 514 449 536 te
459 502 548 545 posita
559 504 590 532 in
602 510 664 531 non
675 497 818 529 dolendo.
830 505 885 525 nec
896 503 996 524 tamen
1008 501 1169 532 argumen-
1210 498 1276 534 plus
1291 492 1395 522 tribuit
1406 489 1548 525 sensibus,
1559 491 1649 532 quam
1662 490 1839 531 nobisleges
1849 495 2034 531 permittunt.
2053 489 2067 512 8
2076 495 2176 533 priva-

210 560 276 582 tum
288 552 345 580 hoc
357 546 527 588 Epicurus-“a
538 545 636 585 parvis
645 543 751 582 petivit
763 560 771 573 ‚
783 538 932 569 autetiam
946 533 1084 566 abestiis:
1102 542 1167 574 quae
1209 544 1311 566 tarum
1330 534 1432 564 litium
1447 532 1563 573 judices
1583 533 1694 563 sumus.
1720 542 1825 562 nimi.
1845 542 1936 563 nrum
1954 533 2109 574 possumus
2124 535 2175 574 ju-

211 601 294 633 putat
306 588 479 629 ess‘especui'a
491 595 595 617 natura
605 595 616 613 :
637 589 668 615 ut
686 583 817 614 diceret,
838 579 874 610 ab
885 580 931 608 his
942 598 950 611 ‚
969 576 1044 606 duce
1056 584 1167 608 natura,
1212 577 1311 607 dicare
1324 595 1332 610 ,
1352 573 1406 606 nisi
1421 574 1503 616 quod
1516 574 1560 605 est
1577 574 1671 605 nostri
1683 575 1802 614 judicii.
1826 576 1860 604 in
1871 585 1932 616 quo
1941 574 2170 616 frustraJ'udices

210 637 288 665 hanc
308 633 493 672 voluptatem
512 629 612 668 expeti
630 625 708 657 nihil
725 622 860 654 dolendi.
892 629 988 660 neque
1005 627 1088 647 enim
1110 618 1171 646 haec
1214 619 1330 652 solent,
1351 617 1424 648 cum
1446 617 1624 647 sententiam
1638 618 1863 657 pronunciant,
1883 616 1990 647 addere
2003 637 2012 650 ,
2034 627 2064 647 st
2087 626 2174 656 Qui>

212 684 337 706 movere
356 671 452 714 potest
467 673 634 711 appetitum
648 668 743 698 animi
760 676 765 694 z
788 673 842 694 nec
856 663 944 692 illum
961 660 1048 690 habet
1062 658 1169 692 ustum,
1216 670 1279 691 Mai
1294 669 1427 698 Jomcu
1448 668 1515 689 asr.
1539 657 1559 688 si
1571 660 1653 688 enim
1664 668 1729 689 non
1742 657 2031 699 fuiteorumjudicii
2043 677 2052 692 ,
2071 659 2170 689 nihilo

222 722 298 757 'quo
309 716 397 756 pellat
411 716 550 744 animum
563 711 653 741 status
663 711 710 739 hic
722 717 786 738 non
797 704 939 736 dolendi.
960 704 1058 742 itaque
1071 703 1102 731 in
1113 702 1170 730 hoc
1213 704 1307 744 magis
1321 722 1329 736 ‚
1342 703 1399 731 hoc
1409 710 1474 731 non
1483 700 1597 734 addito,
1608 700 1684 730 illud
1696 699 1912 740 estjudicatum
1925 720 1934 734 ‚
1945 703 1964 727 9
1973 700 2175 741 quodjudjcat

211 758 320 789 eodem
333 763 431 797 peccat
442 756 662 793 Hieronymus.
683 753 697 770 ²
708 753 745 780 At
756 749 806 779 ille
817 747 919 788 pellit,
941 746 990 785 qui
1006 743 1171 783 permulcet
1213 744 1332 775 sensus:
1350 744 1457 777 dulce,
1478 752 1629 773 amarum:
1652 742 1719 772 lene
1733 762 1742 775 .
1755 741 1908 781 asperum:
1926 742 2020 782 prope
2031 761 2040 775 ,
2061 741 2151 783 longe
2166 753 2172 772 ι

212 800 331 831 sensum
353 798 516 837 voluptate.
541 798 642 835 Itaque
662 795 808 833 Epicurus
832 789 971 827 3semper
989 788 1044 815 hoc
1065 793 1170 816 untur»
1213 786 1286 817 stare
1298 806 1307 819 ,
1322 794 1462 816 movere:
1480 784 1656 826 quadratum
1668 804 1676 818 ,
1692 783 1869 814 rotundum.
1892 786 1991 825 Qam
2005 785 2092 823 igitur
2103 792 2174 823 pso-

210 851 243 872 ut
254 842 376 881 probet,
388 840 562 880 voluptatem
571 844 675 865 natura
686 841 774 874 expeti
787 843 794 865 ³
805 829 886 872 quod
896 839 927 859 ea
940 829 1074 867 voluptas
1086 846 1093 859 ‚
1106 836 1172 866 quae
1214 828 1366 858 nuntiabit
1375 827 1553 857 sententiam
1563 829 1661 856 ratio?
1684 826 1828 856 Adhibita
1840 827 1975 865 primum
1993 825 2171 859 divinarum,

210 885 247 913 in
258 892 343 914 motu
356 880 389 911 fit
400 901 408 915 ,
421 881 453 910 &
463 889 570 920 parvos
579 878 614 908 ad
627 878 642 907 s
639 889 654 907 e
665 878 786 907 alliciat,
801 874 834 903 &
844 870 949 902 bestias
961 890 970 902 ,
981 879 1045 899 non
1056 870 1105 898 illa
1116 869 1173 897 sta-
1213 871 1458 910 humanarumque
1468 878 1559 898 rerum
1568 867 1689 908 scientia
1700 888 1709 901 ,
1729 878 1796 908 quae
1805 867 1900 908 potest
1910 868 2049 908 appellari
2059 867 2114 897 rite
2120 867 2171 906 fa-

212 925 303 958 bilis,
324 926 354 954 in
374 932 430 964 qua
446 920 562 952 tanturn
575 918 651 950 inest
663 918 741 948 nihil
752 916 860 946 dolere
883 912 982 954 4quid
997 914 1086 951 igitur
1097 920 1172 939 con-
1208 913 1319 954 pientia
1329 922 1340 939 .·
1368 910 1478 941 deinde
1503 909 1652 950 adjun&is
1672 910 1833 939 virtutibus
1852 929 1860 943 ‚
1889 919 1959 950 quas
1977 910 2052 939 ratio
2070 918 2171 939 rerum

211 968 315 1000 venit,
335 965 372 996 ab
389 965 447 995 alia
462 964 611 1003 voluptate
624 961 721 991 dicere
735 965 871 988 naturam
883 953 1030 995 proficisci
1043 972 1050 986 ³
1073 962 1104 981 iri
1115 952 1171 981 alia
1211 956 1354 984 omnium
1372 953 1517 986 dominas,
1538 960 1569 982 tu
1589 952 1778 991 voluptatum
1792 951 1927 991 satellites
1939 971 1947 985 ‚
1966 951 1999 981 &
2020 949 2172 980 ministras

213 1009 369 1039 summum
389 1006 507 1037 bonum
521 1005 655 1044 ponere?
699 998 855 1035 Bestiarum
873 996 947 1026 verb
966 996 1073 1024 nullum
1086 993 1171 1033 judi-
1211 994 1270 1025 effe
1282 994 1422 1025 voluisti:
1441 1003 1569 1035 quarum
1580 993 1654 1024 adeo
1667 995 1808 1023 omnium
1829 993 1974 1023 sententia
1987 993 2171 1032 pronuncia-

212 1051 290 1080 cium
300 1058 385 1090 puto.
408 1048 548 1088 quamvis
566 1047 649 1074 enim
666 1043 829 1082 depravatae
847 1048 910 1069 non
928 1036 1001 1070 sint,
1023 1043 1171 1076 pravaeta-
1213 1037 1275 1070 bit,
1299 1036 1436 1077 primum
1456 1036 1493 1065 de
1512 1035 1663 1075 voluptate
1682 1054 1691 1068 ,
1729 1044 1831 1064 NIHIL
1846 1045 1919 1064 assa
1935 1044 1969 1064 El
1985 1044 2063 1064 roei
2078 1053 2087 1067 ,
2107 1043 2172 1063 non

212 1100 287 1122 men
305 1089 364 1121 esse
379 1088 509 1130 poss'unt.
533 1090 576 1117 Ut
586 1085 730 1116 bacillum
741 1081 820 1113 aliud
831 1080 874 1111 est
885 1079 1034 1110 inflexum
1048 1098 1056 1110 ,
1077 1078 1109 1107 &
1120 1078 1169 1106 in·
1216 1079 1312 1109 modo
1326 1087 1357 1108 ut
1372 1078 1433 1107 sola
1445 1085 1573 1116 ponatur
1586 1080 1619 1106 in
1634 1076 1747 1106 summi
1761 1077 1834 1106 boni
1848 1076 1914 1106 sede
1926 1096 1934 1109 ‚
1955 1085 2046 1116 quarn
2063 1077 2173 1116 quatri·-

213 1141 370 1164 curvatum
380 1132 416 1161 de
427 1128 571 1160 industria
582 1139 591 1162 3
610 1126 691 1157 aliud
704 1128 743 1156 ita
755 1133 860 1155 natum
873 1133 878 1151 t
900 1121 936 1152 sic
945 1120 1074 1151 ferarum
1085 1127 1170 1149 natu·
1214 1129 1283 1150 mus
1295 1140 1304 1152 ,
1320 1119 1368 1150 sed
1379 1128 1416 1148 ne
1428 1119 1484 1148 illo
1493 1117 1619 1158 quidem
1630 1117 1725 1147 modo
1738 1136 1745 1150 ,
1759 1127 1791 1147 ut
1800 1117 1836 1147 ad
1846 1117 2032 1148 honestatem
2044 1117 2172 1157 applice-

213 1185 244 1205 ΠΙ
255 1195 263 1208 ‚
285 1183 349 1204 non
359 1172 402 1203 est
413 1172 464 1202 illa
476 1170 600 1212 quidem
612 1169 767 1209 depravata
777 1166 854 1196 mala
863 1163 1020 1203 disciplina
1031 1181 1039 1196 i
1060 1161 1107 1191 sed
1119 1170 1171 1189 m-
1213 1170 1269 1191 tur.
1294 1161 1331 1191 de
1343 1161 1488 1190 vacuitate
1497 1159 1612 1188 doloris
1622 1159 1725 1189 eadem
1737 1159 1882 1189 sententia
1894 1159 1948 1189 est.
1970 1160 2119 1198 rejicietur
2129 1167 2174 1188 et-

214 1225 279 1247 tura
289 1216 347 1246 sua.
370 1224 427 1245 nec
442 1211 515 1244 vero
525 1232 535 1248 ‚
558 1221 590 1242 ut
600 1212 784 1250 voluptatem
797 1214 916 1246 expetat
927 1224 937 1238 ‚
956 1212 1056 1234 natura
1069 1210 1173 1231 movet
1212 1205 1272 1233 iam
1286 1201 1467 1233 Carneades:
1490 1203 1581 1231 ¹0nec
1594 1201 1646 1230 illa
1655 1200 1822 1230 desummo
1839 1200 1922 1230 bono
1936 1202 2011 1230 ratio
2023 1209 2073 1230 aut
2083 1200 2174 1230 volu—

213 1257 364 1288 infantem
377 1267 382 1286 z
399 1256 446 1287 sed
457 1253 575 1286 tantum
587 1253 654 1293 uss&
666 1252 719 1293 ips&
727 1251 832 1291 diligat
840 1267 848 1282 2
861 1256 893 1278 ut
903 1249 1052 1286 integrum
1065 1244 1093 1274 se
1103 1263 1110 1277 ³
1119 1244 1173 1273 sal-
1212 1246 1313 1285 ptatis‚
1324 1253 1388 1274 non
1398 1243 1561 1274 dolendive
1572 1245 1715 1282 particeps
1725 1262 1734 1276 ,
1745 1251 1794 1272 aut
1803 1240 1965 1271 honestatis
1975 1250 2092 1281 expers,
2103 1250 2174 1280 pro-

216 1309 354 1340 Vumque
375 1298 457 1329 velit.
481 1306 500 1326 0
513 1306 538 1326 M
548 1306 569 1325 N
581 1305 600 1325 E
617 1296 700 1325 enim
715 1291 826 1322 animal
837 1309 845 1324 ³
865 1288 952 1318 fimul
966 1296 998 1317 ut
1007 1294 1107 1316 ortum
1118 1284 1171 1319 esti
1215 1287 1342 1317 babitur.
1366 1287 1407 1316 ita
1424 1285 1574 1326 relinquet
1590 1284 1661 1314 duas
1675 1304 1684 1318 ,
1703 1284 1740 1314 de
1756 1283 1866 1325 quibus
1879 1284 1969 1313 etiam
1983 1291 2069 1323 atque
2081 1285 2174 1313 etiarn

216 1341 251 1372 &
261 1341 390 1381 seipsum
402 1360 410 1374 ,
425 1340 457 1370 ὃς
467 1340 589 1374 omneis
601 1337 707 1377 parteis
718 1334 780 1365 suas
789 1333 907 1373 diligit:
927 1333 940 1358 5
951 1329 1079 1369 duasque
1089 1337 1172 1368 ‚quae
1214 1327 1389 1359 consideret.
1420 1336 1468 1358 aut
1488 1329 1571 1357 enim
1593 1325 1696 1357 statuet
1707 1345 1716 1359 ‚
1741 1335 1846 1355 N1H1L
1861 1334 1934 1354 Essa
1946 1334 2064 1355 BONUM
2076 1344 2085 1358 ,
2102 1334 2172 1354 Nisi

215 1385 358 1413 maximae
371 1382 458 1416 sunt,
477 1382 510 1410 in
530 1381 637 1420 primis
649 1374 857 1417 amplefihtur:
877 1373 1039 1404 animum,
1062 1369 1174 1400 &cor-
1215 1379 1400 1401 nom-:stum
1421 1379 1427 1398 ε
1450 1378 1554 1398 Nunti
1575 1377 1707 1398 MALUM
1726 1387 1736 1402 ‚
1759 1377 1830 1397 NlSi
1852 1376 1964 1397 TURPE
1984 1376 1990 1395 ε
2013 1375 2107 1396 cetera
2124 1374 2175 1397 aut

213 1435 284 1466 pus:
298 1422 408 1454 deinde
417 1423 569 1463 utriusque
579 1429 685 1461 partes.
708 1427 779 1448 nam
789 1417 858 1447 sunt
868 1415 900 1445 ὅ(
911 1416 944 1444 in
953 1414 1058 1443 animo
1068 1412 1172 1451 praeci-
1213 1414 1346 1442 omnino
1356 1411 1434 1441 nihil
1444 1411 1550 1441 habere
1562 1411 1714 1440 momenti
1726 1429 1736 1443 ,
1754 1418 1803 1439 aut
1817 1417 1934 1439 tantum
1945 1430 1956 1442 ‚
1974 1417 2007 1439 ut
2016 1418 2072 1438 nec
2081 1416 2173 1447 cxpe-

215 1474 273 1506 pua
291 1465 427 1506 quaedam
439 1485 447 1500 ‚
468 1465 501 1496 &
519 1466 553 1494 in
571 1470 694 1502 corpore
710 1471 716 1490 2
735 1468 802 1501 quae
821 1457 894 1488 etim
916 1456 1022 1485 leviter
1038 1454 1173 1494 agnovit,
1214 1453 1301 1484 tenda
1313 1473 1321 1487 ‚
1341 1463 1398 1484 nec
1416 1451 1575 1493 fugienda,
1598 1450 1647 1481 sed
1664 1449 1802 1491 eligenda
1819 1449 1933 1484 modo,
1955 1459 2004 1480 aut
2014 1449 2176 1489 rejicienda

214 1515 287 1539 tunc
296 1508 462 1538 discernere
473 1507 578 1545 incipit
590 1524 598 1539 ,
613 1513 645 1534 ut
654 1512 686 1532 ea
696 1522 704 1536 ‚
724 1511 790 1543 quae
801 1501 897 1539 prima
906 1496 972 1528 data
980 1496 1049 1526 sunt
1058 1502 1169 1527 natura,
1215 1494 1272 1525 fint
1287 1502 1349 1526 :aut
1358 1501 1504 1535 anteponet
1513 1503 1584 1527 eam,
1596 1502 1687 1533 quam
1699 1493 1769 1523 cum
1781 1491 1933 1522 honestate
1944 1489 2172 1525 ornatiffimam,

210 1557 349 1589 appetat,
370 1548 598 1588 asperneturque
611 1546 767 1576 contraria.
790 1543 823 1571 in
842 1541 889 1570 his
906 1540 1013 1579 primis
1031 1536 1173 1567 naturali-
1214 1546 1280 1567 turn
1299 1539 1390 1566 etiam
1404 1534 1469 1576 ipsis
1488 1537 1585 1565 initiis
1601 1543 1710 1564 naturae
1724 1555 1733 1567 ‚
1752 1534 1886 1564 &totius
1898 1532 2083 1573 perse-stione
2103 1535 2172 1564 viiae

218 1589 274 1621 bus
284 1590 422 1627 voluptas
443 1588 530 1623 insit,
551 1597 645 1618 necne
658 1605 666 1619 ‚
687 1580 927 1626 magnaquaestio
938 1578 989 1610 est.
1012 1577 1174 1608 nihilveio
1213 1578 1423 1619 locupletatam
1442 1576 1564 1607 videbit.
1588 1577 1671 1618 quod
1689 1586 1725 1606 eo
1739 1575 1883 1616 liquidius
1893 1576 2001 1608 faciet,
2022 1572 2174 1614 fiperspe·

217 1638 320 1672 putare
332 1630 389 1660 ess‘e
399 1651 406 1664 ,
418 1639 521 1671 praeter
529 1630 714 1669 voluptatem
726 1646 734 1659 ‚
747 1634 810 1655 non
822 1622 957 1653 membra
967 1640 975 1655 ³
987 1628 1051 1651 non
1062 1619 1172 1652 sensus,
1213 1622 1292 1650 xerit
1302 1640 1311 1654 ,
1331 1629 1432 1649 rerum
1443 1620 1519 1649 inter
1528 1628 1575 1648 eas
1587 1638 1596 1651 ‚
1613 1618 1815 1648 verborumne
1826 1616 1859 1647 sit
1871 1615 2080 1648 controversia.
2105 1618 2173 1647 Hu-

216 1683 283 1704 non
296 1674 410 1714 ingenii
429 1681 548 1702 motum
561 1691 570 1705 ‚
592 1671 863 1708 nonintegritatem
873 1664 1027 1704 corporis,
1048 1670 1173 1691 nonva-
1211 1663 1259 1702 jus
1278 1672 1334 1703 ego
1355 1671 1437 1691 nunc
1455 1659 1663 1690 ati&oritatem
1678 1661 1802 1700 sequens
1814 1679 1822 1692 ,
1844 1659 1924 1688 idern
1933 1658 2052 1688 faciam.
2076 1667 2174 1698 quan-

216 1714 380 1744 litudinem
391 1734 399 1747 ,
421 1714 548 1744 summ-ae
568 1713 645 1742 mihi
665 1710 785 1741 videtur
800 1707 936 1737 inscitiae.
960 1707 1057 1744 Atque
1067 1703 1102 1733 ab
1116 1701 1173 1733 isto
1214 1711 1280 1734 tum
1291 1705 1375 1733 enirn
1385 1711 1492 1742 potero
1503 1722 1512 1736 ,
1525 1704 1661 1732 minuam
1672 1709 1882 1731 contentiones
1895 1711 1900 1729 ε
1911 1700 2088 1740 omneisque
2100 1699 2171 1730 sim-

214 1758 310 1796 eapite
329 1754 420 1785 fluere
439 1753 553 1785 necesse
571 1753 614 1783 est
634 1760 762 1783 omnem
781 1750 930 1779 rationem
945 1746 1096 1776 bonorum
1110 1764 1119 1778 ,
1140 1744 1174 1773 δε
1213 1746 1318 1785 pliceis
1329 1745 1488 1774 sententias
1501 1753 1607 1772 eorum
1620 1762 1628 1776 ,
1649 1745 1681 1773 in
1695 1742 1804 1783 quibus
1819 1741 1902 1772 nulla
1914 1741 1992 1771 inest
2010 1750 2172 1772 Vim-uris

218 1797 379 1828 malorum.
403 1796 582 1828 Polemoni,
598 1796 686 1825 etiam
696 1792 764 1822 ante
777 1788 929 1820 Aristoteli
942 1807 952 1821 ‚
966 1797 997 1817 ea
1007 1789 1104 1826 prima
1113 1785 1174 1815 visa
1212 1785 1368 1826 adJ'unffio
1378 1805 1386 1818 ,
1396 1788 1529 1815 omnino
1539 1785 1553 1814 Ξι
1563 1785 1754 1824 philosophia
1766 1783 1963 1813 semovendas
1971 1782 2097 1823 putabo:
2110 1784 2174 1822 pri-

218 1840 286 1870 sunt
295 1858 303 1873 ‚
322 1848 388 1879 qua:
402 1838 503 1878 paullo
518 1837 586 1867 ante
598 1836 674 1866 dixi.
696 1834 709 1855 ὁ
720 1837 799 1873 Ergo
810 1839 876 1861 nata
884 1829 926 1860 est
936 1829 1081 1859 sententia
1090 1833 1173 1857 vete-
1214 1826 1302 1857 inum
1313 1826 1473 1867 Aristippi,
1489 1827 1783 1866 Cyrenaicorumque
1792 1830 1952 1855 omnium:
1970 1834 2045 1865 quos
2054 1833 2118 1854 non
2130 1823 2174 1856 est

215 1891 284 1911 rum
298 1880 548 1910 Academicorum
560 1899 568 1911 ‚
582 1878 613 1908 δε
625 1877 897 1916 Peripateticorum,
909 1870 1031 1908 utfinem
1043 1868 1175 1898 bonorum
1214 1871 1344 1900 veritum
1355 1888 1365 1902 ‚
1383 1870 1417 1899 in
1428 1879 1460 1899 ea
1470 1869 1621 1908 voluptate
1632 1888 1642 1901 ‚
1660 1878 1725 1909 qua:
1736 1869 1870 1898 maxima
1879 1867 2038 1897 dulcedine
2048 1866 2171 1897 sensum

221 1923 341 1952 dicerent
351 1942 359 1955 ,
366 1922 518 1961 strandum
528 1927 661 1949 naturam
672 1919 769 1947 vivere
780 1937 788 1950 ,
800 1915 829 1945 id
841 1913 883 1944 est
892 1933 900 1947 ,
912 1914 1021 1943 virtute
1031 1910 1172 1943 adhibita,
1215 1919 1353 1941 moveret
1362 1930 1371 1944 ,
1385 1911 1540 1941 summum
1555 1911 1670 1940 bonum
1685 1919 1797 1951 ponere
1810 1928 1817 1943 ,
1829 1910 2071 1940 contemnenteis
2083 1907 2173 1940 istam

213 1963 274 1994 frui
294 1965 400 2003 primis
417 1963 433 1994 a
451 1971 553 1993 natura
573 1962 659 1992 ditis.
683 1960 822 1998 Callipho
833 1955 868 1987 ad
878 1957 1020 1985 virtutem
1034 1952 1174 1983 nihilad-
1215 1955 1393 1984 vacuitatem
1406 1952 1531 1982 doloris.
1555 1953 1587 1982 hi
1610 1961 1674 1982 non
1693 1953 1856 1985 viderunt,
1871 1960 1916 1981 υτ
1940 1960 1986 1980 An
2009 1959 2172 1983 consum,

211 2007 317 2046 junxit
328 2025 335 2038 ‚
354 2004 408 2035 nisi
420 2005 615 2046 voluptatem:
630 2002 786 2032 Diodorus
797 2019 806 2033 ,
817 1996 871 2029 nisi
882 1994 1175 2025 vacuitatemdoloru.
1215 2004 1327 2036 equum
1340 2006 1344 2023 :
1357 1994 1392 2024 ad
1403 1994 1560 2027 arandum,
1575 1995 1688 2024 bovem
1700 2005 1704 2023 z
1719 1995 1754 2024 ad
1767 1993 1982 2034 indagandum,
1998 2001 2102 2022 canem
2117 1990 2173 2022 :fic

217 2049 276 2078 His
285 2048 429 2077 omnibus
440 2067 448 2080 ‚
468 2056 544 2087 quos
556 2045 642 2077 dixi,
661 2043 878 2083 consequentes
897 2039 965 2075 sunt
984 2036 1059 2067 fines
1077 2037 1176 2066 bono-
1215 2039 1376 2067 hominem
1387 2036 1422 2066 ad
1433 2036 1504 2066 duas
1515 2046 1559 2066 res
1573 2056 1581 2070 ,
1605 2045 1637 2066 ut
1649 2039 1688 2067 ait
1700 2035 1874 2066 Aristoteles
1886 2055 1895 2068 ,
1915 2033 2149 2074 intelligendum
2161 2052 2176 2068 >

213 2099 295 2119 rum.
318 2088 468 2129 Aristippo
480 2087 606 2127 simplex
619 2086 756 2126 voluptas
770 2095 774 2112 :
797 2082 905 2113 Stoicis
917 2099 924 2113 2
947 2079 1114 2110 consentire
1125 2088 1176 2108 na-
1217 2079 1249 2109 δε
1259 2078 1407 2120 agendum
1420 2077 1478 2108 esse
1489 2087 1590 2108 natum
1604 2099 1612 2111 ,
1632 2078 1709 2119 quasi
1721 2077 1869 2107 mortalem
1880 2076 1961 2105 deum
1970 2086 1985 2103 r
1996 2084 2173 2116 contraque,

216 2138 289 2161 turae
303 2141 308 2159 :
327 2130 407 2170 quod
422 2128 479 2160 ess‘e
489 2131 599 2160 volunt
612 2128 628 2159 e
642 2130 751 2158 virtute
762 2145 770 2159 ‚
792 2125 821 2155 id
834 2122 876 2153 est
887 2142 895 2156 ‚
917 2121 1042 2151 honeste
1058 2123 1176 2151 vivere:
1223 2129 1256 2151 ut
1266 2120 1379 2151 tardam
1389 2121 1519 2161 aliquam
1533 2140 1541 2154 ,
1555 2120 1769 2162 &languidam
1781 2119 1940 2159 pecudem,
1953 2117 1989 2148 ad
1999 2116 2129 2157 pastum,
2142 2117 2176 2148 δε

218 2171 301 2212 quod
324 2174 362 2202 ita
380 2174 627 2211 interpretantur,
648 2170 750 2199 vivere
766 2175 838 2198 cum
857 2164 1056 2204 intelligentia
1073 2171 1176 2192 earum
1216 2163 1252 2193 ad
1272 2163 1444 2202 procreandi
1463 2163 1648 2202 voluptatem
1663 2165 1719 2193 hoc
1733 2162 1866 2191 divinum
1882 2160 1992 2189 animal
2003 2168 2103 2189 ortum
2115 2157 2174 2189 effie

216 2221 317 2243 rerum
329 2234 337 2246 ‚
359 2223 425 2254 qua:
437 2222 538 2243 natura
547 2212 704 2242 evenirent
715 2229 724 2244 ‚
744 2209 874 2250 eligente
883 2215 932 2239 ea,
956 2215 1021 2246 quae
1031 2204 1125 2235 ess'ent
1136 2204 1178 2234 se-
1218 2205 1391 2235 voluerunt.
1413 2213 1474 2244 quo
1493 2204 1571 2233 nihil
1589 2205 1680 2234 mihil
1695 2204 1814 2235 videtui·
1826 2201 1994 2233 absurdius.
2016 2209 2102 2241 atque
2112 2201 2177 2231 haec

217 2254 353 2286 cundum
374 2264 506 2285 naturam
523 2274 532 2286 ,
553 2254 765 2293 rejicienteque
783 2249 938 2280 contraria.
973 2249 1016 2278 Ita
1034 2255 1093 2277 tres
1111 2246 1180 2276 sunt
1217 2254 1321 2277 contra
1330 2244 1516 2285 Aristippum
1528 2265 1536 2279 ,
1555 2248 1608 2286 qui
1628 2256 1694 2276 eam
1712 2246 1896 2285 voluptatem
1911 2253 1976 2274 non
1986 2241 2081 2272 modo
2093 2241 2176 2272 sum-

212 2296 286 2335 fines
300 2304 421 2338 expertes
442 2294 582 2331 honestam
593 2317 601 2329 ,
621 2303 698 2324 nnus
709 2292 851 2331 Aristippi
861 2310 870 2324 1
888 2290 1068 2328 velEpicuri
1085 2299 1090 2317 ἰ
1107 2289 1181 2318 alter
1217 2297 1303 2318 mam
1315 2307 1322 2321 ‚
1336 2287 1415 2317 ¹¹sed
1428 2288 1520 2318 solam
1533 2296 1622 2318 etiam
1638 2288 1719 2319 ducit
1732 2300 1737 2318 :
1752 2293 1842 2328 quam
1851 2294 1959 2316 omnes
1973 2293 2064 2314 unam
2075 2284 2177 2324 appel<

221 2340 427 2378 Hieronymi:
449 2337 606 2368 Carneadis
625 2337 745 2366 tertius:
763 2343 821 2364 tres
834 2351 842 2365 ‚
862 2334 895 2361 in
912 2331 1022 2372 quibus
1043 2329 1180 2359 honestas
1219 2331 1316 2360 lamus
1332 2329 1528 2369 voluptatem.
1550 2330 1635 2360 aliter
1646 2337 1745 2361 antem
1760 2329 1846 2359 vobis
1859 2328 1962 2368 placet.
1986 2325 2035 2356 sed
2048 2326 2120 2359 ille,
2142 2335 2178 2357 ut

219 2389 292 2409 cum
302 2380 399 2420 aliqua
410 2377 573 2410 accessione
586 2398 593 2411 ‚
605 2377 783 2408 Polemonis
793 2395 801 2409 ,
815 2379 830 2403 7
839 2374 1027 2412 Calliphonis
1040 2390 1048 2406 ,
1062 2372 1180 2401 Diodo-
1221 2372 1305 2404 dixi,
1317 2371 1433 2401 vitiose.
1457 2381 1512 2401 nec
1525 2371 1711 2413 enimflgura
1722 2371 1852 2410 corporis,
1873 2377 1928 2399 nec
1939 2368 2012 2397 ratio
2022 2368 2176 2398 excellens

218 2423 258 2451 ri.
284 2431 341 2451 una
352 2420 497 2460 simplex,
517 2421 604 2460 cujus
616 2421 701 2450 Zeno
719 2417 841 2450 sufiior,
857 2415 947 2456 posita
961 2414 988 2442 iu
1006 2413 1095 2443 decore
1109 2420 1179 2446 tota,
1199 2429 1201 2439 ι
1220 2414 1335 2452 ingenii
1347 2414 1471 2442 humani
1484 2411 1625 2453 significat
1637 2435 1646 2447 ,
1665 2414 1698 2444 ad
1720 2415 1794 2443 hanc
1814 2420 1904 2440 unam
1923 2419 1988 2440 rem
2002 2418 2106 2440 natum
2120 2410 2178 2440 ho-

218 2462 252 2492 id
264 2462 305 2493 est
316 2483 323 2496 ‚
339 2462 500 2493 honestate.
525 2472 596 2492 nam
607 2462 723 2500 Pyrrho
735 2479 744 2493 ,
757 2457 857 2489 Aristo
867 2477 875 2489 ‚
888 2455 1024 2488 Herillus
1035 2475 1042 2489 ‚
1057 2457 1117 2494 jam
1129 2455 1181 2483 diu
1222 2457 1340 2484 minem
1351 2473 1359 2487 2
1380 2463 1412 2483 ut
1429 2454 1577 2485 frueretur
1596 2456 1807 2497 voluptatibus.
1840 2455 1906 2482 Nec
1923 2450 1995 2482 vero
2011 2451 2178 2482 audiendus

221 2503 338 2544 abjecti.
363 2505 469 2545 reliqui
488 2502 541 2533 fibi
560 2503 778 2534 constiterunt,
802 2508 832 2529 ut
846 2507 979 2529 exrrema
993 2506 1063 2525 curn
1084 2497 1181 2525 initiis
1222 2497 1448 2534 Hieronymus:
1467 2498 1516 2525 cui
1534 2498 1689 2529 summum
1709 2499 1827 2529 bonum
1848 2493 1890 2524 cst
1907 2492 2010 2527 idem,
2030 2492 2110 2532 quod
2124 2501 2180 2523 vos

220 2548 438 2580 convenii'ene,
452 2555 483 2577 ut
493 2544 643 2585 Aristippo
657 2543 812 2583 ‚voluptas
823 2552 829 2570 z
840 2543 1033 2579 Hieronymo
1045 2558 1054 2572 ‚
1067 2536 1182 2568 doloris
1199 2563 1202 2584 1
1221 2536 1372 2567 interdum
1386 2556 1395 2571 ‚
1415 2537 1463 2567 vel
1482 2537 1584 2577 potius
1604 2542 1740 2571 nimium
1759 2540 1832 2577 saepe
1852 2536 1973 2569 dicitis,
1993 2534 2066 2565 nihil
2081 2533 2178 2564 dolere.

2114 2584 2180 2606 non

263 2675 285 2691 1.
305 2667 354 2699 Qo
361 2667 430 2698 pellar
441 2668 545 2690 animum
557 2665 638 2696 stan&
655 2664 692 2688 hic
701 2672 746 2688 non
764 2661 878 2695 Admau]
901 2659 1040 2686 Editiones
1052 2659 1141 2695 priscae
1152 2660 1179 2685 &

223 2701 329 2727 Pauo.
347 2703 520 2734 animistamm
538 2702 595 2725 heic.
615 2698 680 2725 ’illud
703 2706 789 2725 tamen
809 2695 904 2733 probat
921 2696 945 2723 se
959 2696 1018 2722 loco
1028 2696 1113 2721 Tullii
1133 2705 1181 2732 pro

224 2737 327 2767 Caeli03
350 2745 378 2763 nt
389 2737 493 2763 monuit
504 2736 665 2763 Gulielmius
678 2754 686 2767 ‚
698 2736 742 2770 qni
753 2735 899 2761 variantem
910 2741 966 2760 eam
978 2731 1122 2759 lectionem
1133 2742 1181 2759 aii-

227 2780 333 2799 xiotarat
344 2773 406 2799 item
419 2781 452 2798 ex
464 2771 581 2798 Tusuiio.

266 2816 294 2832 2.
313 2808 497 2842 willepellit]
520 2807 662 2834 Lambinus
683 2806 795 2833 obtrusit
814 2805 888 2832 nobis
904 2803 1084 2839 conjee‘turam
1096 2804 1180 2837 stiam,

1223 2659 1309 2691 postea,
1321 2659 1376 2684 ὅτε,
1397 2666 1424 2684 ut
1436 2657 1532 2684 Critici
1544 2656 1643 2683 dudum
1654 2656 1789 2684 ostendere
1799 2657 1928 2692 exemplis
1939 2655 1971 2683 ad
1983 2654 2161 2689 Propertium.

1264 2702 1291 2729 7.
1311 2694 1477 2728 Calliphana]
1499 2695 1562 2720 Non
1575 2692 1653 2719 video
1663 2692 1855 2730 curl'equ'inon
1867 2693 2006 2720 debeamus
2025 2690 2180 2726 scripturam

1227 2739 1269 2756 oni
1275 2731 1345 2756 nium
1359 2730 1403 2756 Pal
1409 2731 1426 2756 l.
1437 2730 1596 2763 Calliphontis.

1264 2766 1292 2792 8.
1310 2769 1471 2792 Triuiai-um
1480 2768 1557 2792 litium
1559 2765 1654 2800 Judices
1656 2766 1767 2800 fimum]
1789 2764 1845 2792 1²:21.
1856 2773 1897 2800 pr.
1903 2765 2041 2796 privarum.
2052 2761 2123 2797 quod
2134 2770 2184 2788 :in-

1227 2810 1292 2829 ηοω
1302 2803 1401 2838 potius,
1413 2802 1472 2837 quei
1483 2808 1603 2838 appareat
1613 2801 1823 2827 animadversum
1835 2798 1911 2826 fuiss'e
1921 2800 1935 2825 ἐι
1949 2807 1992 2824 me
2004 2817 2012 2829 ‚
2023 2807 2102 2832 quam
2113 2797 2182 2824 ut&

226 2843 269 2868 itta
279 2846 386 2876 voluptas
399 2863 406 2876 ‚
418 2843 612 2881 refragantibus
625 2843 681 2870 mss.
694 2843 805 2879 ideoque
815 2850 964 2878 perperam.
981 2842 1019 2867 ille
1030 2860 1037 2873 ,
1050 2840 1120 2867 ictus
1131 2841 1180 2868 sci-
1221 2838 1280 2874 jani—
1288 2838 1402 2867 arbitrer
1412 2839 1525 2865 alterum
1537 2838 1560 2864 ei
1572 2838 1664 2864 cedere
1681 2837 1786 2863 debere.
1807 2838 1934 2862 Ceterum
1947 2834 2037 2860 mirari
2058 2833 2117 2860 sitis
2129 2843 2181 2861 non

228 2877 303 2904 licet.
1225 2876 1326 2912 possum
1341 2896 1349 2908 ,
1359 2883 1406 2902 cur
1416 2881 1457 2902 tot
1467 2873 1619 2901 desultoriis
1629 2874 1687 2900 heic
1696 2880 1787 2899 utatur
1796 2869 1956 2906 conjeetuns
1967 2869 2112 2898 Lambinus
2126 2889 2137 2909 3
2153 2870 2186 2906 iu

267 2922 294 2948 3.
315 2917 405 2946 semper
423 2917 464 2940 hec
482 2919 568 2943 utitur.
579 2916 593 2950 ]
624 2915 681 2943 Pal.
700 2925 740 2952 pr.
759 2913 958 2951 superscribitur
976 2915 1076 2941 nititum
1095 2913 1181 2949 sicque
1228 2912 1359 2940 sententia
1387 2913 1456 2939 lana.

227 2957 363 2984 comparet
374 2950 398 2976 iii
413 2951 466 2976 Pal.
479 2951 528 2977 sec.
1205 2932 1209 2984 1
1285 2969 1290 2974 .
1311 2951 1359 2982 Qo
1375 2945 1585 2983 judr'catsbnficr]
1606 2943 1750 2972 Lambinus
1760 2942 1859 2970 iterum
1879 2942 2076 2970 emendationes
2084 2942 2181 2978 jaciat,

265 2993 293 3017 4.
316 2986 458 3018 Qidigimr
467 2988 598 3022 con-amin]
619 2986 764 3014 Lambinus
776 2988 827 3019 rQui
835 2987 917 3020 igitur.
937 2984 1100 3013 Gulielmius
1113 3004 1120 3018 ,
1131 2988 1183 3021 Q
1206 3000 1207 3003 =
1225 2957 1293 3011 fef-³1
1306 2985 1400 3020 quibus
1411 2983 1536 3011 recedunt
1548 2980 1614 3008 Pan.
1633 2989 1735 3007 omnes.
1751 2979 1840 3015 itaque
1851 2980 1934 3007 niiror
1945 2981 1960 3006 a
1976 2979 2087 3015 vulgato
2097 2980 2182 3008 reces-

225 3020 342 3054 nigrim,
353 3030 431 3055 quani
443 3021 621 3054 comesturam
632 3033 682 3050 iion
695 3023 827 3060 improbo,
1205 3027 1206 3052 j
1227 3020 1280 3048 fisse
1292 3021 1394 3047 Aldum
1407 3026 1540 3055 nepotem.

266 3065 290 3089 5.
312 3057 420 3090 Duafique
434 3075 441 3087 ,
452 3066 499 3090 qim
509 3061 613 3084 maximae
626 3060 708 3091 funis]
730 3058 874 3085 Recentius
887 3056 951 3084 editi
963 3057 1066 3092 duafiqiec
1076 3066 1112 3084 res
1121 3067 1181 3093 quae,
1205 3058 1206 3086 l
1267 3065 1308 3083 ιο.
1328 3059 1376 3082 Nec
1392 3057 1432 3081 illa
1451 3055 1477 3079 de
1487 3053 1576 3086 flammo
1593 3052 1672 3086 bono]
1695 3051 1916 3088 Adlubestitbfeie
1929 3051 2056 3089 scriptura
2066 3051 2180 3080 Palatini

224 3090 267 3119 fid
297 3099 372 3118 raeter
383 3091 502 3118 exoletas
513 3092 573 3118 edd.
584 3094 662 3119 etiam
674 3095 866 3125 Viktorianam,
876 3095 903 3120 δε
915 3094 973 3120 mss.
986 3094 1098 3120 nostros.
1204 3087 1207 3115 l
1225 3093 1316 3129 primi,
1325 3093 1382 3117 ulla.
1404 3097 1478 3117 tanto
1490 3089 1572 3124 magis
1585 3088 1654 3125 quod
1665 3089 1692 3114 ὃς
1705 3088 1796 3115 visitur
1807 3089 1831 3115 in
1845 3089 1936 3115 tertio.

284 3148 289 3153 .
310 3131 369 3160 Ergo
378 3135 439 3152 nata
449 3128 508 3167 effi]
530 3128 572 3153 Sic
581 3137 672 3154 omnes
684 3131 805 3156 Palatini.
825 3129 971 3157 Lambinus
981 3130 1090 3160 coniicit
1103 3149 1111 3161 ,
1122 3131 1182 3155 Hinc
1204 3156 1205 3159 ,
1265 3137 1274 3154 r
1283 3137 1306 3154 i.
1325 3128 1369 3152 Sed
1377 3127 1452 3160 filam
1470 3128 1541 3150 etiam
1550 3124 1640 3158 ducit.]
1663 3125 1770 3161 Vulgari
1789 3125 1846 3154 dicit
1856 3144 1866 3160 ‚
1886 3124 1931 3154 sed
1939 3124 2053 3154 alterum
2063 3123 2142 3152 restat
2150 3122 2181 3151 iu

222 3173 272 3198 eigo
291 3170 354 3191 nata
372 3166 407 3190 eff
417 3182 426 3198 ,
445 3163 645 3200 supervacanee.
663 3174 721 3193 nain
733 3169 792 3200 Ergo
802 3177 812 3200 ς
829 3166 973 3203 aliquando
990 3173 1067 3194 notat
1086 3165 1182 3198 made,
1203 3161 1347 3203 'pmiiibus
1357 3161 1424 3190 l'all.
1434 3160 1588 3198 placuitque
1598 3159 1730 3190 Vifi‘torio.
2148 3194 2153 3200 ⁸

2092 3203 2106 3224 1
2113 3214 2118 3222 =
2128 3198 2185 3223 5⁴⁶1&

2195 1625 2236 1661 ¹3
