2379 3400
213 130 336 165 1¹12
607 102 1119 153 M.Tut.1,11

208 201 323 229 minime
336 192 492 223 nidd-amur
507 209 513 223 ,
536 196 597 217 rum
607 181 1005 226 maxim&plniofhpliabamur.
1028 178 1109 220 quod
1122 177 1154 209 δε

207 246 353 269 omnm&
364 235 507 264 dk.0121›,2n[
519 250 527 263 ‚
549 228 660 261 rci'crtae
671 226 919 266 philosophorum
936 223 1090 269 lenti-ntus
1100 239 1110 254 ,
1125 221 1159 251 &

205 276 441 310 doctiil‘iinoruiri
464 273 624 301 hominum
643 267 855 298 familiaritates
875 285 883 298 ,
912 261 1022 304 quibus
1041 263 1156 302 semper

208 322 314 351 doinus
335 315 429 345 nostra
442 313 558 342 floruit:
581 310 769 349 &principes
782 309 825 336 illi
838 325 846 338 ‚
865 306 1040 338 Diodotus,
1059 303 1158 337 Philo,

210 359 376 391 [manchus
389 377 396 385 .
418 353 590 385 Posidonius
603 372 610 384 ,
636 351 770 390 aquibus
790 347 1040 378 institutis-umus.
1064 348 1121 380 Et,
1139 343 1164 375 fi.

214 411 259 430 osi
268 410 284 428 κ
293 409 328 429 [A
340 404 539 427 mutuamur
548 403 576 423 ,ε
586 401 728 432 praecepta
738 390 907 420 referuntur
919 388 955 419 ad
965 388 1057 419 vitam
1069 407 1079 422 ,
1095 391 1104 408 ¹
1117 397 1163 418 ar-

207 443 352 471 bitramur
361 448 416 468 nos
427 437 459 467 δε
471 436 609 475 publicis,
628 434 661 464 &
671 433 791 473 privaris
803 433 834 461 iii
847 431 932 461 rebus
943 439 976 474 ena
984 427 1160 470 praestitifl‘e,

173 494 194 519 4
209 493 272 524 qiiae
283 491 355 511 ratio
378 480 411 509 δε
420 477 556 508 ἀοάτίηει
570 474 785 516 praescripserit.
809 475 862 504 Sin
875 481 974 502 autem
985 473 1052 512 quis
1063 473 1164 513 requi—

209 535 266 557 rit,
277 533 341 563 qum
351 521 433 552 causa
445 529 499 549 nos
510 518 664 558 impulerit
675 536 683 550 ‚
696 525 727 546 ut
739 518 800 545 liaec
811 524 869 545 tam
883 513 946 544 sero
959 514 1065 544 litteris
1078 523 1163 543 man-

208 567 367 597 daremus,
389 563 463 593 mliii
481 559 542 593 est,
562 559 643 599 quod
663 558 803 597 expedire
821 567 880 587 tam
900 556 989 586 facile¹
1008 554 1163 596 poffimus.

208 610 289 637 Nam
301 606 370 635 cum
382 613 445 634 otio
457 604 660 643 langueremus
672 620 678 633 ‚
692 600 759 629 &is
771 597 839 629 css‘ct
850 608 921 638 reip.
940 596 1040 631 status,
1055 608 1085 628 ut
1096 607 1160 628 eam

207 658 289 677 unius
301 648 404 688 consilio
416 666 422 678 ,
436 652 522 683 atqu:
531 640 755 682 curagubernari
765 639 859 677 neceffi²
867 640 948 678 efflet:
971 640 1105 680 primiim
1118 642 1164 679 ip-

207 690 262 720 sius
276 699 336 728 reip
367 688 449 717 causa
466 685 687 724 philosophiam
703 682 811 713 nostris
823 682 1000 712 hominibus
1010 683 1163 721 explican-

205 732 274 762 drm
286 731 393 770 putavi,
411 728 511 768 magni
522 726 700 757 existimans
709 722 846 755 interess'e
855 723 891 754 ad
900 724 989 754 decus
1000 723 1033 754 δε
1043 723 1162 754 laudem

205 774 334 804 civitzicis
348 791 354 802 ,
376 776 485 799 restam
501 769 617 808 graveis
627 787 637 802 ‚
660 776 780 808 tamque
789 765 938 807 praeclaras
948 767 1064 798 Latinis
1074 767 1163 795 etiam

208 815 301 844 literis
313 814 469 842 contineti-
492 813 506 828 ²
517 812 622 851 quue
641 819 690 840 me
701 809 804 839 minus
817 807 945 838 instituti
956 810 1016 837 mei
1026 808 1163 848 poenitet,

207 854 288 896 quiid
298 853 384 883 facile
405 853 500 885 sentio
511 872 520 887 ‚
540 854 632 893 quam
653 852 821 882 multorum
842 860 906 881 non
926 849 1021 879 modo
1031 850 1162 890 rifi-endi,

205 897 253 928 sed
267 893 493 934 etiamfiribendi
513 892 610 931 studia
627 894 865 925 commoverim.
887 892 1061 931 complures
1078 893 1161 921 enim

209 942 221 966 3
234 939 341 968 Graecis
352 935 592 967 institutionibus
601 936 710 966 eruditi
719 955 729 969 ‚
751 944 783 964 ea
794 954 802 968 ,
819 944 884 974 quae
898 933 1079 967 didicerant,
1091 943 1159 964 cum

201 980 317 1010 civibus
329 979 388 1009 suis
400 980 626 1008 communicare
637 987 701 1008 non
710 985 847 1017 poterant
856 996 864 1009 ,
908 975 968 1005 uod
980 976 1031 1006 illa
1041 996 1050 1009 ‚
1070 985 1136 1017 quae
1147 976 1162 1006 a

202 1023 313 1052 Giaecis
329 1019 505 1060 accepiil'cnt
514 1039 523 1053 ‚
544 1019 649 1050 Latine
669 1018 730 1050 dici
751 1017 834 1058 posse
848 986 1029 1048 diffiderent.
1053 1026 1116 1059 quo
1129 1019 1161 1047 in

201 1073 307 1106 genere
327 1071 440 1092 tantum
459 1060 619 1102 profecisse
630 1060 771 1091 videmur
782 1081 791 1093 ‚
810 1069 843 1091 ut
855 1059 871 1089 a
882 1060 992 1089 Graecis
1005 1069 1042 1089 ne
1054 1059 1159 1089 verbo—

204 1115 271 1135 rum
289 1103 413 1145 quidem
431 1105 517 1147 copia
526 1105 730 1134 vinceremur.
753 1104 876 1133 Hortata
887 1103 977 1132 etiam
987 1100 1028 1132 est
1039 1120 1048 1134 ,
1069 1110 1101 1131 ut
1111 1110 1161 1131 me

204 1146 240 1177 ad
253 1147 314 1176 haec
324 1144 492 1176 conferrem
504 1166 513 1179 ‚
525 1145 616 1174 animi
625 1143 760 1186 aeg-titudo
771 1164 780 1178 ‚
788 1142 917 1174 fortunae
928 1153 1043 1184 magna,
1055 1142 1161 1185 &gra-

203 1190 237 1219 vi
250 1196 404 1218 commota
419 1188 540 1228 injuria.
563 1187 675 1227 4cujus
693 1184 714 1216 fi
734 1187 882 1226 majorem
893 1185 1023 1226 aliquam
1036 1185 1161 1215 levatio-

200 1230 277 1261 vnein
289 1232 413 1270 reperire
432 1227 596 1270 potuissem
608 1248 618 1263 ‚
635 1238 700 1259 non
718 1228 756 1260 ad
769 1229 845 1259 hanc
855 1226 1043 1268 potiffimum
1053 1226 1161 1258 confu-

201 1275 204 1278 ’
225 1270 317 1302 issem.
342 1274 382 1302 Ea
393 1271 464 1302 vero
476 1271 536 1312 ipsa
546 1271 629 1302 nulla
638 1273 753 1302 ratione
764 1268 876 1301 melius
884 1268 946 1299 frui
954 1270 1039 1309 pntui
1048 1288 1057 1302 ‚
1069 1269 1159 1310 quam

202 1282 224 1343 ’ᾗ
240 1324 287 1343 me
306 1323 369 1343 non
390 1313 486 1344 modo
506 1313 543 1344 ad
560 1313 705 1354 legendos
720 1312 833 1345 libros,
855 1311 902 1341 sed
917 1313 1007 1341 etiam
1019 1310 1055 1340 ad
1066 1320 1160 1341 tutam

200 1355 425 1397 philosophiam
435 1354 670 1395 pertra&andam
682 1352 838 1385 de'diffem.
860 1355 976 1382 Omnes
985 1361 1086 1382 autern
1096 1353 1162 1393 ejus

201 1406 298 1438 partes
312 1416 321 1431 ,
353 1406 440 1439 atque
457 1399 565 1428 omnia
582 1396 720 1427 membra
736 1405 802 1426 tum
820 1394 968 1425 facillime
987 1394 1161 1429 noscuntur,

203 1440 274 1470 cum
286 1448 356 1470 totae
372 1438 554 1480 'quaestiones
573 1438 729 1470 scribendo
742 1437 941 1478 explicantur.
964 1434 1008 1466 est
1017 1437 1101 1467 enim
1110 1436 1161 1467 ad-

209 1480 358 1511 mirabilis
375 1481 511 1522 quaedam
532 1481 724 1512 continuatio
735 1500 745 1513 ,
766 1478 910 1520 seriesque
925 1488 1024 1508 rerum
1035 1498 1044 1513 ,
1065 1487 1097 1509 ut
1107 1478 1164 1509 alia

202 1532 241 1552 ex
251 1523 308 1553 alia
314 1531 391 1553 nexa
402 1542 412 1557 ,
431 1522 465 1554 &
474 1532 582 1556 omnes
592 1524 668 1554 inter
677 1522 706 1553 se
713 1531 786 1563 aptae
795 1541 804 1556 ‚
824 1521 1032 1562 colligataeque
1039 1520 1163 1551 videan-

164 1567 186 1598 5
203 1572 260 1595 tur.
284 1566 346 1606 Qi
363 1573 463 1596 autern
481 1567 658 1606 requirunt,
678 1563 751 1606 quid
769 1573 885 1605 quaque
903 1563 940 1593 de
951 1572 981 1592 re
993 1562 1045 1602 ipfi
1056 1563 1162 1593 sentia-

202 1615 274 1636 mus
287 1625 295 1641 ,
310 1604 495 1637 curiofiusid
504 1605 618 1637 faciunt
628 1626 637 1640 ,
653 1607 744 1648 quain
758 1603 874 1637 necess'e
883 1603 936 1635 est.
958 1605 1093 1635 nonenim
1102 1612 1164 1634 ram

198 1646 325 1677 austores
335 1648 364 1676 in
373 1646 548 1690 disputando,
560 1643 647 1690 quam
658 1648 776 1677 rationis
785 1653 923 1677 momenta
932 1646 1159 1688 quarendafimt.

200 1691 378 1729 quinetiam
401 1689 487 1720 obest
509 1690 690 1730 plerumque
703 1691 758 1723 iis,
777 1689 951 1734 quidiscere
963 1689 1087 1722 volunt,
1109 1698 1162 1719 au-

201 1731 323 1762 storitas
334 1740 440 1762 eorum
451 1751 460 1765 ‚
480 1734 533 1773 qui
553 1731 580 1762 se
600 1731 705 1762 docere
721 1732 907 1771 profitentur.
919 1728 1068 1760 'desinunt
1077 1732 1160 1760 enim

205 1772 453 1813 suumjudicium
473 1773 629 1804 adhibere:
651 1773 682 1803 id
703 1772 810 1804 habent
829 1781 927 1803 ratum
941 1791 950 1806 ,
967 1771 1049 1812 quod
1062 1771 1098 1802 ab
1110 1781 1161 1806 eo,

202 1823 294 1856 quem
305 1815 432 1856 probant
443 1835 452 1850 ,
464 1815 632 1855 judicatum
641 1815 757 1845 vident.
780 1817 812 1845 N
815 1824 848 1845 ec
857 1813 929 1844 verb
940 1813 1066 1853 probare
1076 1813 1159 1843 soleo

202 1856 235 1886 id
246 1875 255 1890 ‚
274 1856 356 1898 quod
369 1856 407 1887 de
415 1858 604 1898 Pythagoreis
613 1858 781 1898 accepimus
794 1865 801 1886 ε
823 1865 898 1898 quos
909 1855 1010 1886 ferunt
1023 1875 1033 1890 ‚
1056 1853 1077 1885 fi
1086 1854 1160 1896 quid

200 1896 386 1929 affirmarent
406 1899 437 1929 in
455 1898 653 1940 disputando,
673 1898 746 1929 cum
756 1907 796 1929 ex
809 1899 846 1928 iis
855 1905 1053 1939 quaereretur,
1072 1906 1162 1938 quare

205 1941 246 1970 ita
256 1939 326 1971 efl'et
337 1961 347 1974 ,
358 1941 536 1983 respondere
546 1941 653 1972 solitos
663 1961 672 1976 ‚
690 1943 760 1971 Ipsa
771 1949 886 1971 nixi-r.
908 1940 971 1980 ipse
980 1948 1094 1974 autem,
1104 1947 1165 1970 erar

202 1983 390 2024 Pythagoras.
413 1991 529 2014 tanturn
549 1985 656 2024 opinio
671 1982 859 2024 praejudicata
869 1990 1003 2023 poterat,
1028 1990 1062 2012 ut
1072 1983 1163 2012 etiarn

203 2021 265 2054 fine
281 2026 395 2055 ratione
408 2025 518 2056 valeret
534 2024 703 2056 austeritas.
725 2026 786 2067 Qi
805 2033 904 2055 autem
915 2024 1063 2055 mirantur
1074 2043 1083 2058 ‚
1105 2033 1163 2054 nos

203 2066 281 2096 hanc
293 2065 480 2106 potiffimum
490 2067 682 2108 disciplinam
694 2066 807 2097 secutos
817 2086 825 2099 ‚
846 2067 893 2096 his
902 2075 1042 2107 quattuor
1051 2065 1165 2108 Acade-

206 2109 294 2137 micis
303 2108 386 2138 libris
397 2109 463 2139 satis
473 2109 649 2149 responsum
660 2109 786 2139 videtur.
807 2111 874 2139 Nec
883 2106 957 2149 vero
970 2107 1164 2142 desertarum,

204 2148 432 2191 :elidiatumque
454 2160 555 2181 remm
572 2152 773 2191 patrocinium
792 2150 985 2190 suscepimus.
1022 2160 1074 2180 non
1091 2149 1167 2179 enim

204 2191 347 2220 hominum
359 2192 476 2221 interitu
494 2192 637 2232 sententia
655 2202 765 2234 quoque
774 2192 931 2222 occidunt:
943 2191 1167 2223 sedlu'cemau-

206 2231 296 2263 &oris
304 2232 419 2264 fortasse
437 2233 617 2265 desiderant:
634 2244 666 2264 ut
687 2235 751 2265 haec
760 2236 794 2264 in
805 2234 996 2275 philosophia
1005 2236 1081 2265 ratio'
1090 2243 1165 2265 con-

202 2282 245 2318 tra
256 2277 359 2305 omnia
368 2274 537 2310 differendi,
550 2276 725 2317 nullamque
734 2285 799 2308 rem
809 2275 908 2317 aperte
915 2276 1082 2316 judicandi,
1094 2284 1167 2316 pro-

204 2314 301 2346 reeta-*i
313 2319 429 2348 Socrate
440 2338 450 2351 ,
469 2321 591 2359 repetita
611 2318 648 2348 ab
659 2316 784 2350 Arcesila
795 2340 805 2353 ,
823 2315 1001 2349 confirmata
1011 2317 1026 2348 a
1035 2319 1168 2349 Carnea-

205 2356 240 2386 de
252 2377 260 2390 ‚
274 2358 362 2399 usque
372 2358 407 2389 ad
418 2358 549 2390 nostram
560 2362 657 2402 viguit
667 2368 783 2391 aetatem
798 2369 902 2402 :quam
911 2369 993 2391 nunc
1003 2369 1168 2402 propemo-

205 2398 277 2446 dunrn
289 2400 390 2431 orbam
419 2399 476 2431 csse
485 2402 517 2432 in
527 2403 586 2442 ipsa
594 2403 706 2432 Graecia
715 2401 865 2443 intelligo.
888 2402 968 2442 quod
981 2412 1044 2433 non
1055 2400 1168 2433 Acade-

206 2449 275 2470 miae
289 2443 366 2472 vitio
379 2462 387 2476 ,
400 2443 447 2473 sed
459 2441 595 2473 tarditate
603 2443 746 2473 hominum
755 2443 881 2475 arbitror
893 2442 1061 2485 contigisse.
1084 2446 1166 2474 Nam

207 2480 228 2528 si
242 2481 364 2524 singulas
374 2484 545 2524 disciplinas
553 2487 702 2526 percipere
712 2506 720 2520 ‚
734 2495 878 2527 magnum
889 2485 932 2516 est
948 2496 954 2515 τ
977 2494 1091 2527 quanto
1101 2495 1166 2516 ma-

205 2532 255 2561 jus
265 2527 381 2555 omneis
393 2528 402 2555 ?
412 2527 490 2567 quod
501 2527 595 2557 facere
605 2529 642 2557 iis
653 2525 768 2557 neeesse
780 2527 823 2558 est
837 2547 848 2561 ,
859 2527 971 2568 quibus
981 2526 1165 2568 propositum

208 2563 260 2599 est,
272 2568 335 2597 veri
344 2569 510 2609 reperiendi
521 2569 615 2604 causa,
627 2569 659 2600 &
668 2578 772 2603 contra
780 2571 900 2600 omneis
909 2570 1121 2611 philosophos,
1134 2569 1167 2600 &

1197 98 1743 147 Crcnnont.s

1198 189 1252 220 pro
1274 179 1421 210 omnibus
1440 178 1547 209 dicere.
1571 179 1662 218 Cujus
1682 183 1724 212 rei
1745 190 1832 213 tantae
1847 203 1867 219 ,4
1881 191 2002 225 tamque
2020 180 2156 215 difficilis

1198 221 1368 257 facultatem
1393 221 1568 260 consecutum
1577 219 1635 252 ess'e
1644 231 1694 252 me
1703 233 1767 254 non
1777 224 1920 264 profiteor
1934 236 1939 255 ς
1958 224 2160 265 secutum'ess'e

1199 273 1256 304 prae
1268 273 1318 294 me
1327 262 1402 294 fero.
1425 263 1492 293 Nec
1509 270 1610 293 tamen
1630 261 1694 292 fieri
1714 264 1808 304 potest
1822 285 1831 300 ,
1849 276 1880 297 ut
1891 286 1899 302 ‚
1919 270 1972 308 qui
1984 269 2160 298 hacratione

1198 306 1466 346 philosophentur,
1480 305 1502 333 ii
1512 303 1591 334 nihil
1604 303 1741 339 habeant,
1751 306 1833 346 quod
1841 308 2011 350 sequantur.
2028 308 2158 339 nitrum

1200 345 1245 378 est
1256 349 1387 378 omnino
1399 347 1452 376 hac
1464 345 1501 376 de
1513 355 1543 376 re
1556 346 1616 376 alio
1627 345 1696 376 loeo
1707 346 1885 388 diligentius
1900 360 1906 379 :
1927 350 1976 382 sed
1986 353 2056 392 quia
2065 352 2160 380 nimis

1201 389 1344 420 indocilis
1362 387 1485 429 quidam
1497 407 1507 421 ‚
1530 387 1664 428 tardique
1680 387 1766 422 sunt,
1786 388 1948 421 admonendi
1965 392 2099 422 videntur
2106 392 2160 432 sa-

1198 432 1272 473 pius.
1297 435 1310 458 5
1319 439 1384 461 non
1397 431 1480 460 enim
1491 429 1557 460 sum
1582 437 1595 460 s
1606 431 1650 463 ii,v
1665 429 1777 471 quibus
1786 431 1862 462 nihil
1871 440 1976 463 verum
1986 432 2160 464 effevidea-

1202 483 1264 504 tur:
1282 472 1333 504 sed
1346 473 1387 506 ii,
1406 473 1461 513 qui
1478 473 1565 502 omni
1590 480 1624 502 us
1643 470 1802 502 verisfalsa
1811 472 2161 514 quaedamadjun&aeffe

1201 515 1354 548 dicamus,
1372 523 1453 544 tanta
1469 512 1686 547 similitudine,
1708 522 1741 543 ut
1760 515 1792 544 in
1811 516 1849 545 iis
1860 515 1942 545 nulla
1952 515 2019 546 insit
2029 518 2164 556 certaju-

1201 557 1321 587 dicandi
1333 575 1342 590 ‚
1360 555 1393 586 ὃς
1402 553 1580 585 assentiendi
1591 564 1672 586 nota.
1696 565 1734 585 ex
1745 565 1805 596 quo
1813 556 1915 587 existit
1926 556 2044 587 &illud
2055 578 2065 591 ,
2084 559 2163 588 mul-

1203 607 1233 628 ta
1243 598 1290 636 effe
1302 596 1461 640 probabilia
1472 607 1484 624 .·
1501 606 1567 637 quae
1583 607 1768 638 quamquam
1784 608 1848 629 non
1858 600 2096 638 perciperentur,
2119 610 2162 630 ta-

1204 650 1275 671 men
1291 643 1360 681 quia
1382 639 1480 670 visum
1501 638 1644 669 haberent
1658 638 1811 680 quendam
1833 639 1979 680 infignem
1999 659 2008 673 ‚
2038 641 2070 670 &
2087 641 2162 671 illu-

1203 683 1290 713 strem
1304 702 1312 716 ,
1333 683 1379 712 his
1396 681 1537 720 sapientis
1559 682 1784 721 vitaregeietur.
1808 682 1864 712 Sed
1870 684 1932 722 jam
1944 703 1952 715 ,
1971 690 2004 712 ut
2012 683 2100 712 omni
2111 692 2159 714 me
2177 684 2200 719 6

1202 725 1316 755 invidia
1337 723 1464 754 liberem
1475 741 1484 756 ‚
1501 731 1614 763 ponam
1630 724 1662 752 in
1673 722 1778 754 medio
1788 723 1948 754 sententias
1961 722 2161 764 philosopho-

1201 777 1270 797 rum
1290 766 1327 797 de
1352 773 1456 796 natura
1481 763 1619 795 deorum.
1649 774 1711 806 quo
1737 764 1864 806 quidem
1882 766 1952 796 loco
1971 765 2163 796 convocandi

1203 819 1311 839 omnes
1324 807 1465 838 videntur
1478 826 1486 840 ,
1497 808 1549 847 qui
1563 827 1572 840 ,
1583 815 1648 847 quae
1661 805 1695 837 fit
1703 816 1804 838 earum
1815 817 1882 838 vera
1893 827 1902 841 ‚
1914 807 2057 840 iudicent.
2076 809 2163 838 Tum

1201 851 1325 881 demum
1351 850 1430 880 mihi
1448 858 1557 889 procax
1576 848 1737 881 Academia
1756 849 1927 882 videbitur,
1948 848 2163 880 siaurconsen-

1203 893 1292 924 serint
1302 900 1432 924 omnes,
1449 899 1499 921 aut
1515 892 1571 920 erit
1582 891 1724 923 inventus
1733 892 1840 931 aliquis
1851 911 1860 925 ‚
1877 893 1951 932 qui,
1969 890 2044 932 quid
2054 893 2162 921 verum
2184 900 2187 907 ¹

1204 933 1237 965 sit
1249 956 1258 969 ‚
1273 935 1431 965 invenerit.
1454 934 1556 974 Itaque
1567 933 1645 963 mihi
1655 932 1729 962 libet
1738 933 1905 963 exclamare
1916 952 1924 966 ‚
1943 931 1959 953 ⁶
1971 942 2003 963 ut
2010 935 2118 964 Statius
2127 934 2162 963 in

1204 976 1400 1017 Synephebis:

1293 1021 1347 1049 Pro
1361 1015 1443 1048 deam
1453 1036 1461 1051 ,
1481 1015 1683 1058 7popularium
1701 1016 1827 1044 omnium
1844 1015 2057 1056 adoleftentium

1295 1060 1395 1138 Classodoc
1402 1079 1412 1092 ,
1427 1057 1562 1100 postulo,
1595 1057 1718 1098 obficro,
1748 1067 1810 1091 oro.
1831 1059 1906 1100 ploro
1917 1077 1927 1093 ²
1943 1066 2031 1100 arque
2048 1057 2164 1100 implora

1395 1110 1436 1130 m·

1202 1153 1268 1174 non
1286 1140 1434 1173 leviffima
1449 1141 1486 1172 de
1509 1150 1558 1175 re,
1582 1149 1615 1171 ut
1632 1141 1766 1182 queritur
1785 1141 1851 1174 ille,

1295 1183 1371 1213 Fieri
1389 1184 1420 1212 in
1436 1183 1558 1213 civitate
1569 1183 1702 1222 facinora
1722 1185 1874 1225 capitalia:
1927 1220 1929 1222 ι

1292 1224 1350 1255 „Ab
1376 1226 1466 1296 almico
1495 1232 1611 1256 amante
1638 1232 1789 1266 argentum
1818 1225 1940 1267 accipere
1956 1226 2091 1256 meretrix
2111 1230 2166 1260 neit

1342 1278 1385 1297 ‘vu
1398 1275 1423 1297 t:

1201 1310 1251 1341 sed
1261 1318 1293 1341 ut
1301 1309 1397 1341 adsint
1405 1329 1416 1344 ,
1425 1309 1608 1351 cognoscant
1615 1329 1624 1344 ,
1636 1309 1877 1341 animadvertant
1888 1330 1898 1345 ,
1910 1310 1985 1351 quid
1993 1310 2031 1341 de
2041 1311 2166 1352 religio-

1203 1363 1260 1387 ne,
1283 1353 1409 1393 pietate,
1429 1351 1601 1385 saneritate,
1619 1353 1811 1382 caerernoniis
1824 1371 1833 1387 ,
1856 1351 1915 1383 fide
1927 1372 1937 1385 ‚
1953 1353 2164 1392 jurejurando.

1201 1393 1274 1436 quid
1283 1394 1319 1424 de
1332 1394 1468 1434 templis,
1481 1393 1614 1425 delubris
1626 1413 1635 1426 ‚
1646 1392 1854 1434 sacrificiisque
1862 1393 2076 1429 sollemnibus,
2087 1393 2165 1436 quid

1202 1435 1318 1476 deipsis
1337 1436 1496 1477 auspiciiS‚
1516 1435 1628 1476 quibus
1648 1444 1706 1465 nos
1714 1435 1900 1475 praesumuS,
1924 1435 2163 1468 existimandum

1201 1476 1246 1509 sit.
1270 1480 1333 1509 haec
1352 1480 1436 1508 enim
1457 1477 1606 1508 omniaad
1615 1477 1694 1507 hanc
1712 1476 1749 1507 de
1759 1476 1817 1507 diis
1837 1477 2063 1518 immortalibus
2079 1487 2165 1519 quae-
2185 1512 2189 1516 ,

1202 1519 1333 1557 stionem
1344 1517 1498 1550 referenda
1515 1518 1592 1549 sunt.
1615 1517 1756 1550 Ρῐοίεέὶὸ
1765 1528 1818 1549 eos
1827 1520 1925 1559 ipsos,
1946 1519 2037 1560 quise
2045 1518 2167 1560 aliquid

1201 1563 1272 1594 certi
1291 1561 1397 1592 habere
1414 1561 1610 1595 arbitrantur,
1635 1559 1803 1590 addubitare
1822 1568 1900 1603 coget
1915 1559 2162 1592 doetiffimorum

1200 1605 1365 1634 hominurn
1382 1602 1419 1634 de
1440 1604 1575 1633 maxima
1595 1612 1626 1633 re
1645 1600 1879 1633 tantadiffensio.
1902 1602 1994 1645 Qod
2003 1601 2075 1634 cum
2087 1603 2163 1643 saepe

1200 1644 1292 1680 alifis,
1318 1654 1383 1676 tum
1402 1645 1540 1676 maxime
1559 1644 1783 1678 animadverti,
1802 1643 1874 1675 cum
1895 1645 1973 1685 apud
1991 1647 2024 1675 C.
2037 1647 2161 1676 Cottam

1199 1687 1380 1718 familiarem
1403 1696 1509 1717 meum
1524 1707 1537 1720 ‚
1555 1686 1687 1717 accurate
1707 1686 1776 1716 sane
1787 1705 1796 1720 ,
1817 1686 1851 1716 δε
1861 1686 2021 1727 diligenter
2031 1682 2046 1707 ⁸
2056 1685 2094 1717 de
2103 1685 2163 1717 diis

1201 1728 1425 1760 immortalibus
1436 1728 1620 1769 disputatum
1633 1726 1676 1758 sit.
1699 1729 1782 1758 Nam
1794 1747 1803 1761 ,
1825 1726 1896 1758 curn
1907 1727 1990 1758 feriis
1998 1729 2114 1759 Latinis
2123 1727 2160 1759 ad
2177 1729 2199 1765 7

1201 1781 1272 1802 eum
1287 1790 1296 1804 ,
1318 1768 1407 1810 ipfius
1425 1779 1528 1811 rogatu
1540 1789 1549 1803 ‚
1571 1767 1762 1809 arceffituque
1776 1767 1925 1800 veniffem
1937 1789 1947 1803 ,
1963 1767 2080 1800 offendi
2089 1779 2162 1801 eum

1201 1812 1354 1844 sedentem
1375 1813 1408 1842 in
1427 1811 1557 1842 exhedra
1567 1830 1577 1845 ,
1598 1811 1736 1842 &9cum
1747 1814 1780 1842 C.
1790 1811 1911 1842 Velleio
1919 1811 2052 1842 senatore
2061 1810 2166 1851 dispu-

1202 1863 1315 1885 tantem
1330 1864 1336 1883 :
1355 1853 1391 1884 ad
1405 1862 1498 1895 quem
1506 1861 1573 1895 tum
1586 1854 1725 1894 Epicurei
1734 1854 1846 1893 primas
1854 1863 1893 1885 ex
1901 1851 2013 1884 nostris
2023 1853 2170 1884 homini-⁴

1201 1897 1256 1928 bus
1274 1895 1456 1927 deferebant.
1486 1895 1597 1926 Aderat
1622 1897 1714 1926 etiam
1734 1896 1923 1936 QLucilius
1943 1894 2050 1926 Balbus
2072 1915 2083 1930 ,
2108 1895 2164 1936 qui
2181 1896 2184 1898 '

1201 1945 1294 1969 tantos
1298 1935 1450 1981 progreffiaes
1459 1937 1583 1969 habebat
1592 1939 1624 1968 in
1634 1939 1741 1969 Stoicis
1750 1957 1759 1973 ,
1771 1946 1805 1968 ut
1813 1947 1886 1968 cum
1896 1936 2116 1969 excellentibus
2129 1937 2169 1968 in.

1201 1992 1237 2012 eo
1245 1991 1351 2023 genere
1363 1981 1474 2011 Graecis
1492 1987 1723 2021 compararetur.
1745 1982 1829 2011 Tum
1841 1999 1851 2014 ‚
1872 1987 1907 2010 ut
1918 1988 1969 2010 rne
1979 1981 2065 2010 Cotta
2074 1978 2166 2014 vidit,

1202 2022 1426 2064 Peropportune
1437 2042 1446 2057 ‚
1469 2023 1585 2064 inquit,
1601 2023 1699 2053 venis.
1720 2023 1815 2052 oritur
1825 2023 1910 2053 enim
1921 2021 2000 2052 mihi
2011 2029 2118 2062 magna
2125 2020 2169 2051 de*

1201 2075 1232 2096 re
1245 2065 1396 2096 altercatio
1415 2074 1485 2095 cum
1505 2065 1643 2094 Velleio:
1662 2063 1713 2095 cui
1726 2083 1735 2097 ,
1753 2073 1809 2104 pro
1829 2073 1882 2095 tuo
1904 2062 2023 2098 studio,
2040 2071 2105 2094 non
2121 2060 2166 2093 est

1201 2108 1335 2138 alienum
1355 2104 1542 2137 teinteress‘e.
1565 2106 1744 2147 Atquirnihi
1753 2115 1874 2147 quoque
1885 2105 2008 2138 videor,
2027 2106 2168 2146 inquam,
2198 2104 2202 2109 “

1204 2147 1317 2180 venisse
1328 2169 1337 2184 ‚
1358 2148 1473 2179 utdicis
1482 2168 1492 2184 ,
1511 2147 1694 2189 opportune.
1717 2156 1775 2178 tres
1789 2150 1873 2178 enim
1884 2149 1976 2179 trium
1991 2146 2169 2187 disciplina-

1204 2201 1272 2222 rum
1283 2191 1434 2232 principes
1450 2189 1655 2224 convenistis,
1675 2191 1720 2220 M.
1732 2191 1816 2220 enirn
1826 2190 1895 2221 Piso
1913 2187 1936 2218 si
1946 2186 2074 2222 adesset,
2095 2186 2169 2218 nul-'

1206 2234 1263 2263 lius
1273 2233 1475 2273 philosophiae
1486 2242 1587 2263 earum
1599 2231 1723 2274 quidem
1735 2251 1745 2266 ‚
1769 2241 1835 2273 quae
1845 2233 1878 2262 in
1888 2231 2005 2262 honore
2013 2231 2084 2269 sunt
2093 2248 2103 2263 ,
2111 2237 2166 2260 va·

1205 2283 1282 2306 caret
1300 2275 1395 2306 locus.
1417 2277 1503 2307 Tum
1517 2276 1602 2305 Cotta
1617 2294 1626 2308 ‚
1651 2273 1681 2305 si
1693 2293 1702 2307 ,
1723 2275 1843 2315 inquit,
1864 2273 1942 2303 liber
1953 2272 2169 2303 Antiochino&

1206 2315 1276 2351 stri,
1296 2319 1349 2358 qui
1362 2317 1399 2348 ab
1407 2326 1444 2348 eo
1454 2326 1550 2357 nuper
1561 2316 1597 2347 ad
1606 2317 1689 2346 hunc
1700 2315 1829 2346 Balbum
1843 2312 1949 2345 missus
1957 2312 2001 2344 est
2013 2332 2023 2347 ‚
2041 2311 2168 2353 vei-alo-

1205 2361 1322 2400 quiturJ,
1334 2359 1413 2389 nihil
1425 2358 1468 2390 est
1479 2378 1488 2394 ,
1504 2357 1586 2400 qubd
1595 2357 1739 2389 Pisonem
1750 2376 1759 2391 ,
1782 2356 1963 2388 familiarem
1973 2363 2062 2386 tuum
2073 2373 2082 2388 ,
2091 2352 2171 2400 defi—

1208 2403 1302 2432 deres.
1325 2402 1481 2432 Antiocho
1506 2401 1591 2430 enim
1605 2399 1698 2430 Stoici
1705 2407 1776 2429 cum
1786 2398 1986 2439 Peripateticis
1995 2406 2023 2426 re
2032 2404 2170 2426 concutere

1207 2442 1342 2473 videntur
1355 2463 1365 2478 ,
1384 2442 1471 2473 verbis
1478 2441 1648 2485 difirepare:
1664 2449 1726 2482 quo
1743 2440 1780 2472 de
1790 2440 1869 2471 libro
1878 2439 1973 2470 velim
1985 2439 2056 2470 scire
2069 2457 2079 2472 ,
2100 2437 2171 2469 Bal-

1207 2485 1243 2515 be
1253 2504 1262 2519 ,
1281 2484 1354 2526 quid
1369 2485 1488 2515 sentias.
1511 2486 1616 2525 Egone
1626 2487 1637 2509 ἒ
1656 2482 1757 2523 inquit
1766 2483 1819 2512 ille
1829 2483 1924 2512 miror
1936 2501 1946 2514 ,
1966 2481 2173 2515 Antiochum,'

1198 2529 1370 2565 ‘hominem
1382 2528 1414 2556 in
1424 2527 1531 2567 primis
1539 2533 1662 2556 acutum
1672 2543 1682 2558 ,
1701 2533 1766 2554 non
1775 2522 1881 2555 vidisse
1893 2543 1902 2557 ‚
1925 2521 2064 2553 interesse
2071 2522 2170 2562 pluri-

1207 2568 1297 2599 mum
1307 2570 1386 2600 inter
1393 2570 1510 2601 Stoicos
1521 2587 1530 2604 ‚
1549 2567 1605 2609 qui
1613 2564 1738 2597 honesta
1746 2567 1763 2597 a
1772 2564 1948 2598 commodis
1955 2573 2020 2595 non
2027 2565 2173 2635 nomipoeg

2129 2613 2146 2634 e

250 2679 272 2696 ι.
292 2673 444 2698 Arbitramur
461 2684 501 2699 nos
511 2676 539 2704 (15-
555 2677 680 2712 publica]
702 2677 767 2704 Nori
778 2674 896 2713 agnoscit
907 2676 1049 2703 Gulielinii
1059 2676 1090 2703 P.
1102 2686 1166 2713 pro-

211 2713 304 2732 nomen
315 2717 354 2733 nos
365 2720 372 2739 ,-
392 2717 545 2744 poteratque
555 2711 648 2738 abesse.

1245 2675 1274 2701 6.
1292 2678 1321 2700 Ut
1329 2678 1423 2702 statius
1431 2677 1457 2700 in
1465 2672 1624 2709 Synephebi-n]
1646 2662 1856 2699 E'xtermiuanda
1865 2678 1919 2696 vox
1927 2672 2022 2696 Statim
2033 2686 2040 2699 ‚
2050 2673 2107 2701 quae
2117 2669 2172 2705 nou

1211 2710 1285 2738 estin
1296 2710 1410 2738 Palatin.
1422 2718 1487 2738 tert.
1505 2709 1614 2746 ejusque
1623 2708 1683 2735 loco
1702 2707 1813 2734 habetur
1821 2706 1848 2733 in
1859 2704 1965 2732 secund.
1983 2705 2104 2729 Terentiae
2113 2719 2122 2733 ,
2141 2707 2171 2727 in

251 2749 279 2765 2-
295 2744 411 2775 quuemc
428 2748 506 2771 minus
517 2749 619 2780 instituti
637 2750 682 2774 niet
695 2749 818 2784 pennen]
839 2747 921 2776 Abest
933 2747 990 2776 Pal.
1002 2746 1108 2776 secund.
1120 2757 1167 2782 me,
1212 2746 1533 2779 P.Gulielinii‚Plaurus.
1552 2752 1664 2781 occupat
1683 2751 1770 2771 tamen
1789 2751 1881 2769 omncs
1891 2739 1953 2775 edd.
1971 2737 2083 2765 Aldinas
2096 2755 2104 2768 ι
2121 2736 2172 2762 Vi·

212 2783 260 2801 nec
276 2779 430 2811 requiritur.

251 2819 276 2845 3.
294 2813 373 2851 (ᾖν-τελε
390 2816 572 2847 institutionibue
589 2818 705 2854 studim]
727 2819 821 2847 Dic‘tio
848 2819 1022 2847 ostrcmanon
1033 2819 1069 2847 est
1079 2818 1106 2848 iu
1118 2820 1169 2848 Pa-

214 2845 405 2889 latinii-cunti.
416 2852 482 2878 iiiide
493 2853 565 2879 vei-iit
585 2853 704 2890 suspicari
718 2875 726 2887 ,
745 2855 815 2891 posse
863 2856 928 2882 duas
939 2856 1040 2892 priores
1051 2856 1101 2883 effe
1112 2865 1170 2884 ma-

214 2891 262 2907 nus
273 2882 372 2908 ..lit-iit.
391 2887 446 2923 19η..-
460 2886 475 2912 si
487 2897 536 2913 iioii
548 2889 629 2916 adsuit
643 2910 650 2921 ,
669 2900 719 2917 non
733 2891 873 2918 desideres.
892 2891 968 2919 autss
981 2891 1101 2919 dicamus
1112 2892 1170 2918 heic

214 2916 287 2960 belle
297 2917 380 2943 lot-uin
393 2922 463 2958 iiiuni
475 2923 541 2948 tucri
553 2943 562 2955 ,
584 2932 646 2952 tunc
657 2926 779 2961 prose-&o
790 2927 849 2954 tolli
862 2935 986 2964 poterant
995 2926 1066 2955 infra
1077 2946 1086 2961 ‚
1095 2937 1144 2962 qua
1153 2927 1170 2954 ὰ

214 2957 299 2979 (ustae
310 2956 452 2986 acccpAJJrnt.

250 2996 282 3034 45-
295 2992 367 3022 091„
374 2990 396 3022 fi
404 3000 510 3021 mmmm
523 3011 529 3022 ‚
539 2993 604 3028 &eq
631 2997 693 3023 Non
705 2997 742 3024 ita
752 2998 861 3025 absurde
871 2998 926 3026 duo
936 2998 992 3026 mss'.
1005 2999 1170 3032 wouwcni,

213 3032 253 3067 ‘'.“
266 3035 298 3055 *¹5
314 3025 452 3064 'quomodo
463 3028 487 3051 S:
501 3028 623 3068 publicati
634 3031 665 3057 :ib
675 3033 746 3060 Aldu
757 3043 815 3061 avo.
832 3035 911 3062 restat
922 3043 1007 3062 tamen
1018 3035 1133 3062 alterum
1144 3036 1171 3062 'iii

216 3060 229 3086 B
240 3062 381 3091 leton-iiiii,
394 3062 418 3086 S<
441 3061 507 3087 lull.
519 3065 623 3090 iiolii‘is.

215 3099 357 3161 “aazia
362 3106 421 3159 1clrlnm
426 3098 507 3132 flamm
525 3099 570 3134 [μ]
594 3100 678 3129 l‘alat.
689 3101 794 3132 secund.
804 3105 892 3134 tenuit
909 3109 928 3133 ii
938 3126 948 3140 ‚
968 3116 1053 3144 neque
1064 3106 1171 3135 videtur

1212 2781 1373 2815 &corianaim
1388 2782 1601 2815 Lambinianam.
1611 2789 1671 2808 nam
1682 2779 1773 2812 Bruti,
1784 2787 1845 2806 narn
1855 2774 1978 2808 Sturmli,
1987 2773 2112 2806 aliorum,
2123 2776 2175 2800 cur

1215 2817 1349 2846 consulam
1362 2820 1372 2846 ?
1394 2818 1517 2846 traduces
1527 2817 1586 2844 sunt
1596 2816 1727 2854 priorum.
2071 2845 2077 2850 .

1249 2862 1279 2890 7.
1297 2857 1452 2890 ‘Papulas-ium
1469 2857 1570 2881 omnium
1588 2850 1799 2886 adolescentium]
1829 2847 1924 2876 Versus
1942 2844 2079 2886 supplendi
2097 2841 2172 2887 causa

1216 2891 1314 2927 repetit
1333 2890 1496 2918 Gulielmius
1507 2910 1516 2924 ,
1534 2889 1687 2924 popularium
1702 2888 1803 2916 omnium
1822 2902 1832 2917 ‚
1858 2886 1959 2910 omnium
1984 2882 2173 2916 adolescentum.

1216 2927 1334 2990 ¹⁶psf¹eb2
1342 2960 1574 2996 Dikimmortalibq
1587 2958 1734 2992 disputatum
1740 2953 1801 2990 fin]
1821 2953 1864 2981 sic
1875 2953 1944 2981 Pau.
1963 2952 2005 2980 sed
2017 2961 2069 2980 vox
2079 2951 2177 2987 ultimo

1216 3008 1269 3027 non
1281 2999 1438 3035 requiritur.
1457 2992 1620 3024 Gulielmius
1629 2992 1686 3027 ejus
1697 2991 1782 3018 vicem
1794 2989 1987 3031 nialebat‚fui.·.

1252 3043 1281 3069 9.
1299 3037 1358 3060 Cum
1374 3036 1404 3059 C.
1423 3033 1499 3059 Velleio
1515 3034 1626 3057 senatore
1642 3027 1825 3061 disputantem]
1847 3026 1959 3053 Palatin.
1970 3022 2075 3052 secund.
2094 3023 2119 3050 di
2145 3031 2179 3049 κ-

1217 3077 1307 3096 tantem
1323 3073 1444 3096 Senatum.
1469 3065 1559 3101 'arguit
1577 3063 1678 3090 lhilicet
1696 3062 1755 3090 talis
1776 3062 1871 3099 politio
1889 3061 2035 3088 tii-Srionein
2054 3063 2181 3099 Senatores

1220 3115 1272 3132 iioii
1292 3105 1342 3132 esse
1361 3102 1467 3136 Tullii,
1487 3099 1531 3130 sed
1548 3099 1651 3128 librarii
1669 3099 1801 3134 alicujus-5
1828 3098 1876 3128 nisi
1894 3097 1967 3128 foi-te
1987 3097 2039 3127 tale
2059 3097 2116 3124 viro
2134 3094 2177 3122 illi

1220 3149 1363 3179 agnomen·

2112 3175 2137 3195 ι.
2146 3167 2181 3193 Et
