2297 3389
708 100 834 172 Lrn.
871 123 932 172 V.
979 141 1048 173 ru
1093 123 1147 172 C.
1185 94 1482 176 vunnu.

2011 148 2104 200 323

143 208 208 240 haee
216 214 270 239 arx
279 227 288 242 ,
302 206 366 238 haec
373 212 425 236 ara
431 201 590 246 sociorum-0
602 198 664 244 qub
674 201 799 243 quidem
809 212 891 232 nunc
900 212 964 233 non
974 205 1014 233 ita
1021 213 1096 234 con·
1140 213 1210 235 runt
1219 225 1227 239 ‚
1239 204 1354 237 factum
1365 204 1423 236 effe
1432 204 1604 238 arbitrabor.
1628 207 1816 250 Qaprop'ter
1827 207 1847 241 si
1857 218 1948 251 quem
1961 209 2037 243 forte
2049 214 2098 244 in·
2123 223 2169 253 53

143 250 264 291 fugiunt
274 269 283 283 ,
296 258 328 279 ut
335 257 418 279 antea
426 249 460 277 in
469 247 526 276 suis
536 244 703 284 repetendis
712 244 800 274 rebus
809 244 953 274 solebant.
977 254 1041 274 non
1051 255 1097 275 ar-

141 301 268 334 gentum
280 311 289 324 ,
309 300 374 320 non
390 297 513 321 aurum,
534 296 597 316 non
613 285 743 318 vestem,
764 295 829 314 non
849 287 997 325 mancipia
1015 296 1098 325 repe-

143 342 229 364 tunt:
249 342 313 362 non
329 338 523 361 ornamenta,
546 338 612 368 quae
631 337 670 357 ex
689 326 829 360 urbibus,
849 325 984 366 fanisque
1003 336 1098 366 erepta

143 375 223 406 sunt.
241 381 380 403 metuunt
389 372 530 400 homines
544 370 687 409 imperiti,
698 378 737 398 ne
747 369 812 407 jam
822 369 885 398 haec
895 368 1021 408 populus
1032 370 1097 397 Ro-

142 425 250 447 manus
260 413 411 446 concedat,
421 413 523 451 &jam
535 409 598 440 fieri
608 411 692 440 velit.
709 411 840 440 Patimur
849 411 932 439 enim
940 411 952 449 j
956 418 1004 439 am
1015 410 1095 439 mul-

143 466 191 489 tos
206 477 215 490 ‚
236 456 269 486 &
287 454 426 487 filemus,
447 452 519 484 cum
539 452 715 485 videamus,
735 454 784 481 AD
803 460 927 481 PAUcos
942 460 1095 481 HOMINES

142 499 262 529 omneis
272 499 413 527 omnium
424 496 583 526 nationum
601 496 741 534 pecunias
759 491 934 533 pervenisse.
958 492 1040 533 quod
1058 502 1095 522 eo

139 541 235 579 magis
243 538 319 568 fei-re
330 548 415 578 aequo
423 538 527 567 animo
536 556 544 570 ,
566 545 651 576 atque
665 535 826 569 concedere
844 534 986 564 videmur
995 554 1004 567 ‚
1025 534 1096 575 quia

126 612 130 616 ,
141 590 218 610 nemo
230 578 524 618 istorumdtffimuibzt:
537 588 631 608 nemo
641 578 751 608 laborat
760 597 768 610 ‚
782 585 813 606 ut
822 576 943 607 obscura
953 576 1001 606 sua
1010 577 1095 615 cupi-

139 622 214 652 ditas
225 620 282 651 effe
292 621 436 651 videatur.
460 623 496 650 In
513 620 584 650 urbe
602 618 702 650 nostra
709 619 910 658 pulcherrima
922 638 930 650 ‚
950 626 1036 657 atque
1045 627 1094 646 or-

139 661 288 694 natissima
297 682 305 697 ‚
317 662 399 703 quod
409 661 524 702 signum
533 682 544 695 ‚
561 671 627 702 quae
638 661 735 691 tabula
743 659 822 699 pidia
832 659 874 689 est
884 679 892 692 ‚
909 669 974 699 quae
985 668 1049 688 non
1059 658 1094 688 ab

139 704 275 735 hostibus
293 704 382 734 vietis
395 713 493 744 capta,
512 712 596 744 atque
607 710 754 742 apportata
762 700 817 730 sit?
837 703 876 731 At
892 700 1017 730 istorum
1034 700 1095 729 vil-

139 747 176 777 1ae
186 766 195 780 ‚
216 747 367 777 sociorum
377 743 620 776 fidelissimorum
631 745 663 773 &
672 744 828 783 plurimis³
843 742 875 771 &
883 742 1094 782 pulcherrimis

139 788 242 828 spoliis
252 798 360 818 ornatae
371 807 378 821 ‚
398 786 569 826 refertaeque
585 786 662 815 sunt.
687 785 750 815 Ubi
767 785 906 823 pecunias
924 791 1091 813 exterarum

138 832 297 860 nationum
308 828 366 859 ess'e
375 829 570 861 arbitramini,
580 827 689 867 quibus
700 835 783 855 nunc
792 835 900 855 omnes
913 833 1009 866 egent,
1021 824 1092 854 cum

138 872 289 906 Athenas,
309 874 485 911 Pergamum
497 889 506 903 ‚
525 871 687 908 Cyzicum,
708 867 872 900 Miletum,
893 868 1022 900 Chium,
1042 869 1093 896 Sa-

140 922 246 946 mum,
267 921 360 943 totam
374 911 504 951 denique
515 909 629 944 Asiam,
651 909 813 949 Achajam,
833 911 997 941 Graeciam,
1016 909 1091 937 Sici-

138 955 211 985 liam
222 956 251 984 in
261 955 353 994 paucis
364 954 434 982 villu
447 952 565 991 inclusas
574 950 633 982 ess'e
643 951 788 981 videatis?
806 950 862 980 Sed
873 951 934 979 haec
944 970 952 981 .
965 959 998 979 ut
1007 948 1085 982 dico,

138 997 313 1033 omniajam
325 996 396 1025 socii
408 993 496 1024 vestri
515 997 524 1012 ¹
536 994 720 1034 relinquunt,
737 992 770 1022 &
780 992 951 1033 negligunt,
966 991 1088 1029 judices.

134 1039 187 1067 Ne
203 1037 322 1077 publice
341 1037 356 1067 :i
374 1036 487 1076 populo
496 1037 589 1065 Rom.
606 1035 802 1074 spoliarentur
812 1053 820 1067 ‚
833 1033 941 1063 officiis
952 1052 959 1066 ‚
973 1043 1004 1062 ac
1018 1031 1087 1065 fide,

135 1079 342 1119 providerunt.
365 1081 530 1108 Paucorum
539 1077 694 1116 cupiditati
704 1085 781 1108 tum,
792 1074 866 1104 curn
876 1073 1014 1104 obsistere
1024 1084 1088 1103 non

136 1129 272 1161 poterant
281 1140 289 1153 ‚
301 1129 401 1150 tamen
412 1117 543 1149 sufficere
553 1119 654 1158 aliquo
663 1117 757 1147 modo
767 1125 913 1156 poterant.
926 1125 1007 1146 nunc
1017 1114 1088 1146 vero

133 1163 198 1202 jam
215 1161 332 1192 ademta
349 1160 391 1191 est
399 1170 461 1190 non
472 1158 567 1190 modo
577 1158 727 1189 resistendi
738 1178 747 1191 ,
763 1157 871 1188 verum
882 1160 972 1188 etiam
984 1158 1088 1197 suppe-

138 1203 252 1235 ditandi
260 1203 390 1234 facultas.
413 1204 510 1242 itaque
522 1211 566 1231 res
581 1201 644 1231 suas
659 1201 824 1241 negligunt.
848 1201 988 1239 pecunias
1002 1219 1010 1233 ‚
1026 1208 1087 1239 quo

137 1247 265 1276 nomine
280 1244 430 1284 judicium
449 1244 508 1277 hoc
525 1242 687 1282 appellatur
705 1261 714 1276 ‚
740 1252 803 1272 non
821 1250 973 1281 repetunt:
995 1241 1087 1270 relin-

136 1296 252 1328 quunt,
274 1287 478 1326 &negligunt
501 1285 560 1315 hoc
579 1285 638 1321 jam
656 1291 758 1313 ornatu
773 1283 809 1313 ad
823 1292 878 1313 vos
897 1282 1087 1322 confugiunt.

135 1328 444 1368 adspicite2adspicite‚i
450 1325 912 1366 udices,squalorem‚sordeisque
922 1325 1086 1355 sociorum.

67 1364 117 1410 '49
137 1371 277 1401 Sthenius
286 1371 334 1399 hic
344 1370 559 1399 Thermitanus
567 1377 638 1397 cum
646 1367 703 1396 hoc
710 1366 820 1406 capillo
831 1375 918 1405 atquc
927 1365 1018 1398 veste,
1030 1366 1086 1395 do-

138 1422 191 1442 mo
200 1411 248 1442 sua
257 1420 318 1441 tota
325 1409 462 1450 expilata,
473 1412 664 1438 mentionem
674 1417 796 1437 tuorum
804 1406 955 1438 furtorum
968 1417 1032 1436 non
1043 1406 1085 1436 fa-

135 1456 177 1485 cit
187 1465 192 1482 :
199 1453 254 1492 sest
264 1453 352 1495 ipsum
360 1449 409 1480 abs
417 1458 445 1479 re
454 1451 563 1490 repetit.
575 1450 652 1479 nihil
663 1449 806 1489 amplius.
829 1457 927 1479 totum
940 1451 1023 1478 enim
1038 1458 1087 1478 tua

136 1495 264 1525 libidine
274 1513 283 1528 ‚
304 1494 336 1524 &
347 1493 451 1523 scelere
464 1502 502 1521 ex
521 1492 569 1522 sua
581 1493 688 1531 patria,
710 1493 764 1530 (in
774 1500 831 1531 qua
844 1491 951 1521 multis
967 1492 1085 1520 virtuti-

135 1537 192 1568 bus
202 1556 212 1570 ‚
229 1533 422 1566 &beneficiis
440 1533 543 1563 floruit
550 1543 685 1574 princeps
697 1534 706 1572 )
723 1531 876 1563 sustulisti.
899 1534 1005 1562 Dexio
1014 1533 1063 1561 liic
1073 1551 1082 1566 ,

158 1588 228 1608 uem
237 1578 357 1610 videtis,
368 1586 431 1606 non
444 1585 507 1616 quae
518 1576 638 1614 publice.
647 1574 785 1608 Tindari,
796 1584 862 1604 non
871 1583 935 1614 quae
944 1575 1083 1613 privatim

98 1648 102 1651 Δ
136 1589 192 1651 sibi
201 1618 349 1659 eripuisti,
364 1618 412 1648 sed
424 1620 548 1647 unicum
559 1617 649 1646 miser
656 1616 706 1646 abs
717 1615 846 1655 refilium
856 1618 1007 1655 optimum
1019 1636 1027 1648 ‚
1043 1624 1085 1645 at-

136 1671 195 1703 que
204 1659 486 1691 innocentissimum
496 1658 613 1699 flagitat.
628 1668 693 1688 non
704 1667 743 1688 ex
751 1657 855 1688 litibus
864 1656 1017 1688 aestimatis
1028 1659 1085 1687 tuis

136 1705 294 1743 pecuniam
303 1702 434 1732 domum
447 1712 452 1730 ι
472 1700 521 1731 sed
531 1711 568 1730 ex
578 1709 626 1730 tua
635 1700 800 1730 calamitate
809 1701 903 1729 cineri
913 1719 922 1733 ‚
941 1707 1028 1739 atque
1037 1698 1085 1728 os-

137 1743 215 1774 sibus
226 1743 282 1774 filii
291 1744 335 1774 sui
346 1744 483 1774 solatium
492 1742 557 1772 vult
565 1741 687 1782 aliquod
696 1751 851 1781 reportare.
863 1743 922 1771 Hic
931 1749 990 1771 tam
999 1750 1086 1782 gran—

130 1786 183 1817 dis
194 1795 264 1816 natu
275 1784 423 1816 Eubulida
432 1805 441 1819 ‚
453 1785 512 1815 hoc
521 1793 638 1814 tantum
648 1803 656 1817 ‚
668 1783 772 1813 exafita
780 1792 863 1813 aetate
874 1804 884 1816 .
896 1782 1004 1813 laboris
1015 1802 1024 1816 ‚
1035 1784 1086 1812 iti-

137 1828 277 1867 nerisque
295 1827 418 1866 suscepit
428 1846 436 1860 ‚
454 1836 517 1856 non
527 1834 560 1855 ut
568 1824 681 1865 aliquid
695 1828 711 1844 ²
720 1835 757 1855 ex
766 1825 827 1855 suis
837 1825 925 1855 bonis
933 1833 1086 1864 recupera-

136 1877 197 1903 ret;
217 1869 266 1899 sed
276 1877 307 1898 ut
316 1888 325 1902 ‚
337 1868 446 1908 quibus
455 1868 552 1897 oculis
560 1876 695 1897 cruentas
702 1868 833 1897 cervices
844 1865 900 1895 filii
908 1866 953 1896 sui
962 1867 1086 1899 viderat,

133 1910 244 1941 iisdem
254 1920 282 1940 te
291 1912 500 1939 condemnatum
509 1908 631 1939 videret.
651 1910 683 1938 Si
690 1918 742 1948 per
751 1910 786 1938 L.
796 1908 959 1937 Metellum
968 1908 1086 1937 licitum

133 1950 225 1985 effet,
232 1951 346 1991 judices
357 1971 365 1984 ,
376 1960 484 1981 matres
498 1951 622 1980 illorum
631 1969 640 1984 ,
658 1959 766 1979 uxores
776 1969 785 1983 ,
803 1949 973 1989 sororesque
983 1950 1088 1980 venie-

138 1993 221 2024 bant.
243 2002 369 2033 quarum
378 2002 436 2022 una
445 2011 455 2026 ,
474 1990 546 2023 cum
557 2001 611 2032 ego
621 1990 657 2020 ad
668 1991 838 2020 Heracliam
856 1990 950 2020 noCtu
967 1989 1087 2020 accede-

137 2044 203 2065 rem
213 2054 222 2068 ,
233 2044 303 2064 cum
314 2034 458 2064 omnibus
466 2035 611 2063 matronis
621 2033 645 2071 ej
651 2042 684 2061 us
693 2034 821 2062 civitatis
832 2051 840 2064 ‚
861 2032 893 2061 &
902 2041 973 2061 cum
983 2032 1088 2060 multis

137 2076 252 2107 facibus
262 2078 303 2105 mi
309 2077 339 2105 hi
348 2075 471 2105 obviam
479 2077 565 2104 venit
573 2094 581 2107 ‚
593 2074 673 2104 &ita
683 2093 691 2107 ,
703 2083 752 2103 me
762 2073 845 2103 suam
854 2073 977 2103 salutem
986 2073 1085 2112 appel—

134 2118 203 2148 lans
213 2138 222 2151 ,
244 2126 271 2147 te
287 2118 374 2147 suum
390 2114 562 2147 carnificem
578 2117 741 2145 nominans
751 2135 760 2148 ,
780 2114 836 2144 filii
848 2114 1087 2154 nomenimplo-

138 2169 206 2190 rans
217 2179 226 2191 ‚
239 2161 317 2188 mihi
326 2158 360 2188 ad
372 2158 460 2198 pedes
472 2158 578 2188 misera
589 2158 684 2192 iacuit,
696 2155 775 2197 quasi
784 2165 838 2198 ego
850 2165 977 2186 excitare
987 2154 1085 2185 filium

138 2202 203 2240 ejus
216 2201 252 2230 ab
266 2199 370 2230 inferis
380 2198 508 2239 poss'em.
529 2199 686 2228 Faciebant
696 2201 753 2228 hoc
762 2198 844 2227 idem
856 2200 888 2226 in
897 2200 1002 2227 ceteris
1010 2199 1086 2227 civi-

138 2242 248 2273 tatibus
257 2241 380 2283 grandes
398 2249 468 2271 natu
484 2248 604 2274 matres,
625 2240 740 2269 &item
749 2239 865 2280 parvuli
875 2237 954 2267 liberi
963 2239 1086 2268 misero-

137 2293 207 2314 rum
221 2294 226 2313 :
244 2292 374 2325 quorum
390 2291 587 2323 utrorumque
604 2290 672 2311 aetas
690 2281 822 2311 laborem
834 2300 844 2314 ‚
867 2279 1085 2311 &industriam

139 2335 251 2359 meam,
263 2324 355 2355 fidem
365 2324 398 2355 &
406 2323 643 2354 misericordiam
652 2322 779 2353 vestram
793 2321 970 2363 requirebat.
987 2324 1088 2362 Itaque

137 2367 174 2397 ad
185 2377 235 2397 me
245 2387 254 2401 ,
270 2366 405 2407 judices>
424 2375 527 2406 praeter
537 2374 646 2395 ceteras
662 2365 738 2394 lianc
755 2365 979 2405 querimoniam
989 2364 1089 2393 Sicilia

107 2430 110 2433 .
138 2412 152 2436 3
162 2408 276 2439 detulit.
300 2409 440 2448 lacrymis
449 2417 504 2448 ego
514 2407 549 2437 ad
558 2408 694 2440 hocmon
705 2406 800 2448 gloria
816 2404 957 2435 induRus
966 2403 1067 2436 accefl'i
1079 2416 1085 2434 z

139 2460 178 2481 sie
187 2450 256 2481 falsa
265 2450 417 2482 damnatio
428 2469 437 2482 ‚
449 2459 486 2478 ne
497 2458 609 2482 carcer,
622 2458 660 2478 ne
669 2458 788 2482 catenae,
799 2458 837 2477 ne
846 2447 966 2478 verbera
974 2467 984 2480 ‚
995 2457 1033 2477 ne
1043 2447 1087 2476 se-

138 2502 221 2523 cures
230 2511 238 2526 .
251 2502 289 2522 ne
298 2493 442 2522 cruciatus
453 2491 603 2520 sociorum
614 2509 622 2524 ‚
637 2500 675 2519 ne
685 2490 800 2531 sanguis
810 2490 1035 2522 innocentium,
1048 2499 1086 2518 ne

135 2534 269 2575 denique
276 2535 368 2563 etiam
377 2532 571 2573 exsanguium
580 2541 702 2571 corpora
711 2540 914 2565 mortuorum,
925 2540 962 2560 ne
972 2540 1085 2561 moeror

131 2585 294 2617 parentum
305 2594 314 2608 ,
324 2584 356 2604 ac
363 2576 614 2614 propinquorum,
626 2572 842 2614 magistratibus
857 2571 965 2602 nostris
974 2571 1087 2613 quaestui

139 2616 234 2658 poffet
243 2615 311 2646 ess'e.
331 2618 422 2646 Hunc
431 2626 485 2656 ego
495 2615 515 2644 fi
527 2624 643 2645 metum
653 2616 771 2648 Siciliae,
785 2614 979 2644 damnatione
989 2613 1085 2648 istius,

138 2668 191 2699 per
204 2657 331 2688 vestram
348 2655 441 2686 fidem
451 2658 484 2687 &
493 2658 676 2687 severitatem
694 2656 739 2697 dej
745 2666 829 2687 ecero
840 2675 848 2689 ,
865 2657 876 2694 j
881 2655 981 2686 udices
995 2666 1001 2684 z
1021 2655 1087 2686 satis

140 2698 243 2732 officio
253 2709 323 2730 meo
332 2718 341 2733 ‚
354 2698 420 2729 satis
427 2699 552 2729 illorum
562 2698 728 2731 voluntati,
744 2699 798 2740 qui
811 2697 828 2728 a
843 2707 892 2727 me
901 2698 959 2728 hoc
968 2699 1084 2737 petive-

1138 249 1255 276 veneris
1265 266 1274 281 ‚
1288 250 1341 288 qui
1354 249 1412 277 hoc
1422 249 1526 279 navale
1543 251 1663 280 crimen
1682 260 1809 282 conetur
1823 251 1985 283 deiendere
1995 273 2003 287 ‚
2023 255 2048 284 is
2059 257 2099 288 ita

1137 287 1294 335 defendat:
1314 290 1365 319 illa
1374 292 1553 321 communia
1562 310 1571 324 ‚
1584 301 1649 332 quae
1658 291 1692 322 ad
1706 294 1823 323 causam
1832 294 1910 324 nihil
1920 298 2070 334 pertinent
2083 319 2092 332 ,

1137 338 1342 376 praetermittat
1351 342 1360 365 3
1373 341 1423 360 me
1432 332 1666 376 culpamfortunae
1675 333 1819 375 affiguare,
1825 335 2023 366 calamitatem
2034 340 2091 368 cri-

1137 379 1216 399 mini
1226 370 1292 401 dare
1304 382 1309 400 ;
1332 382 1381 401 me
1392 372 1580 403 amissionem
1589 373 1681 404 ciaffis
1692 376 1838 415 objicere:
1860 380 1878 404 4
1888 376 1960 407 cum
1980 387 2092 410 MUer

1139 420 1216 440 vmr
1233 421 1355 442 Fon-res
1369 415 1400 443 in
1414 417 1592 449 communi,
1611 418 1786 458 incertoque
1798 419 1932 458 periculo
1950 419 2040 453 belli,
2061 420 2095 451 δε

1136 459 1210 482 terra
1220 471 1228 485 ‚
1242 454 1274 483 &
1283 456 1358 483 mari
1368 455 1441 494 saepe
1452 455 1645 487 offenderint.
1668 460 1793 489 Nullam
1807 460 1862 490 tibi
1873 460 1987 499 objicio
1997 461 2100 494 sortus

1138 502 1218 522 nam.
1241 495 1320 524 nihil
1338 494 1397 528 est,
1417 495 1500 536 quod
1510 507 1676 528 ceterorum
1691 509 1736 530 res
1748 501 1852 531 minsis
1867 503 2031 533 commode
2042 513 2095 544 gc—

1138 533 1192 564 stas
1201 534 1348 582 proferas:
1370 538 1447 581 nihil
1459 537 1501 567 est
1511 558 1518 571 ,
1530 539 1612 579 quod
1624 541 1791 572 multorum
1804 542 1952 585 naufragia
1962 543 2092 575 fortuna:

1137 576 1269 623 colligas.
1292 587 1348 617 ego
1358 587 1449 623 imvm
1462 579 1563 608 inaneu
1572 580 1657 611 fuisse
1667 582 1734 612 dico
1748 594 1753 612 :
1773 587 1900 625 remiges
1912 607 1920 619 ,
1932 587 2092 627 nautasque

1135 616 1272 663 dimissos
1285 628 1291 646 2
1311 618 1443 664 reliquos
1457 619 1595 660 stirpibus
1612 622 1719 653 vixisse
1741 625 1906 664 palmarum
1920 637 1925 656 ι
1945 622 2093 666 praefuiffe

1132 657 1211 688 elafii
1221 660 1325 699 populi
1335 662 1431 689 Rom.
1442 663 1577 691 Siculum
1589 683 1597 696 ‚
1612 665 1754 703 perpetuo
1767 667 1853 696 sociis
1863 687 1870 700 ‚
1888 677 1973 708 atque
1984 671 2088 699 amicis

1133 701 1347 740 Syracusanum
1361 711 1366 729 τ
1387 710 1416 731 te
1433 702 1488 731 illo
1503 712 1637 743 tempore
1651 707 1714 744 ipso
1725 726 1734 739 ,
1750 708 2005 750 superioribusque
2025 711 2091 740 die-

1133 741 1187 771 bus
1204 742 1348 773 omnibus
1369 745 1401 772 in
1421 743 1510 773 litore
1526 755 1599 774 cum
1619 747 1806 779 mulierculis
1825 750 1984 790 perpotasse
2001 751 2069 781 dico
2081 758 2094 781 ι’

1131 784 1237 813 harum
1249 794 1347 814 rerum
1359 786 1502 814 omnium
1513 785 1646 816 amstores
1656 807 1665 820 ‚
1678 788 1831 830 testeisque
1843 792 1985 830 produco.
2001 796 2088 824 Num

1132 825 1187 854 tibi
1197 826 1337 856 insultare
1355 827 1387 855 in
1403 827 1568 857 calamitate
1578 847 1586 861 ‚
1606 838 1682 858 num
1705 832 1900 862 intercludere
1915 834 2089 875 perfugium

1130 865 1260 897 fortuna:
1269 887 1277 901 ‚
1291 877 1365 897 num
1376 868 1457 897 casus
1468 868 1593 898 bellicos
1611 871 1785 910 exprobrare
1795 892 1803 906 ,
1821 883 1870 903 aut
1886 875 2015 913 objicere
2037 877 2087 906 v‘i-

1130 908 1202 938 deor
1212 911 1221 938 ?
1231 908 1344 939 tametsi
1354 910 1490 939 solenthi
1499 909 1653 941 fortunam
1665 910 1715 941 sibi
1729 912 1810 951 objici
1820 915 1912 948 nolle,
1926 917 2015 956 quise
2025 916 2091 946 form

1131 958 1209 980 tuna:
1221 951 1440 980 commiserunt
1450 971 1458 984 .
1475 953 1528 992 qui
1541 953 1574 981 in
1586 953 1649 991 ejus
1658 956 1797 992 periculis
1810 956 1873 986 sunt
1884 976 1892 990 ,
1904 966 1936 986 ac
1950 959 2088 988 varietate

1129 992 1244 1022 versati.
1256 991 1343 1022 istius
1351 992 1474 1032 quidem
1486 993 1660 1024 calamitatis
1671 1004 1727 1025 tuae
1738 994 1857 1027 fortuna
1866 1000 2009 1038 particeps
2022 1009 2085 1029 non

1128 1032 1195 1063 fuit.
1218 1034 1361 1063 homines
1371 1036 1455 1064 enirn
1467 1035 1495 1062 in
1504 1035 1619 1076 praliu,
1634 1039 1742 1066 nonin
1752 1041 1902 1070 conviviis
1912 1059 1921 1071 ,
1940 1039 2012 1069 belli
2024 1040 2088 1070 for-

1129 1084 1233 1105 tunam
1253 1084 1362 1105 tentare
1375 1095 1382 1108 ‚
1404 1076 1560 1114 periclitari
1580 1077 1685 1107 solent.
1711 1081 1743 1108 in
1754 1080 1804 1109 illa
1815 1089 1912 1110 autem
1924 1081 2088 1112 calamitate

1129 1127 1194 1146 non
1210 1119 1338 1147 Martem
1348 1115 1434 1147 fuiss‘e
1444 1127 1614 1146 communem
1624 1139 1631 1153 ‚
1653 1119 1701 1149 sed
1712 1123 1861 1151 Venerem
1873 1121 2028 1161 possumus
2039 1123 2088 1153 ἀν

1126 1168 1199 1188 ecre.
1223 1157 1315 1198 Qod
1325 1157 1345 1188 si
1353 1157 1508 1189 fortunam
1522 1159 1615 1199 objici
1628 1161 1682 1191 tibi
1693 1172 1756 1192 non
1766 1172 1900 1202 oportet,
1915 1174 1968 1193 cur
1978 1173 2010 1194 tu
2019 1163 2081 1193 for<

1126 1208 1205 1230 tunae
1215 1200 1338 1230 illorum
1348 1202 1560 1231 innocentium
1570 1204 1690 1232 veniam
1702 1223 1709 1237 ‚
1724 1213 1756 1233 ac
1766 1205 1867 1234 locum
1877 1215 1941 1234 non
1952 1205 2058 1235 dedisti
2069 1209 2081 1234 ἒ

1128 1246 1140 1268 5
1153 1244 1253 1272 Etiam
1264 1241 1340 1271 illud
1350 1242 1583 1282 praecidaslicet,
1599 1244 1682 1283 quod
1692 1245 1871 1285 supplicium
1888 1256 1972 1277 more
1987 1248 2085 1286 majo-

1126 1294 1194 1313 rum
1207 1284 1344 1314 sumseris
1355 1303 1364 1317 ‚
1385 1284 1537 1324 securique
1553 1284 1741 1324 percusseris,
1758 1286 1869 1317 idcirco
1886 1287 1901 1318 a
1919 1290 2012 1318 mein
2025 1291 2084 1319 cri-

1127 1335 1198 1355 men
1210 1345 1218 1359 ‚
1231 1325 1424 1356 &invidiam
1434 1328 1543 1356 vocari.
1567 1329 1641 1357 Non
1651 1329 1683 1357 in
1692 1328 1837 1368 supplicio
1847 1332 1963 1359 crimen
1974 1340 2078 1360 meum

1124 1369 1250 1397 vertitur
1260 1378 1266 1395 ·.
1276 1377 1341 1396 non
1352 1377 1406 1408 ego
1418 1367 1510 1396 securi
1521 1377 1597 1409 nego
1605 1379 1788 1410 quemquam
1797 1369 1879 1400 feriri
1887 1370 2002 1401 debere:
2012 1381 2079 1402 non

1125 1418 1179 1449 ego
1190 1416 1296 1437 metum
1307 1418 1339 1437 ex
1349 1419 1377 1437 re
1385 1409 1509 1437 militari
1519 1429 1528 1442 ‚
1547 1408 1561 1429 ⁶
1571 1420 1634 1439 non
1651 1412 1836 1442 severitatem
1853 1414 1973 1452 imperii
1986 1432 1994 1446 ,
2015 1423 2080 1443 non

1122 1460 1243 1489 poenam
1254 1448 1367 1490 flagitii,
1380 1450 1449 1479 rolli
1459 1450 1528 1480 dico
1539 1461 1686 1491 oportere.
1708 1452 1800 1484 fateor
1810 1464 1874 1484 non
1884 1453 1977 1484 modo
1989 1456 2021 1484 in
2033 1455 2047 1483 s
2044 1465 2080 1483 0—

1122 1501 1186 1522 cios
1197 1511 1205 1525 ‚
1219 1491 1269 1523 sed
1278 1494 1369 1521 etiam
1379 1493 1412 1521 in
1422 1493 1513 1521 civeis
1523 1512 1531 1526 ,
1548 1493 1716 1534 militesque
1727 1493 1844 1525 nostros
1854 1515 1862 1529 ‚
1883 1495 2011 1535 persaepe
2021 1494 2081 1525 esse

1123 1533 1233 1567 severe,
1243 1542 1276 1563 ac
1284 1534 1479 1563 vehementer
1489 1534 1687 1564 vindicatum.
1699 1539 1795 1576 Qre
1805 1537 1866 1567 haec
1876 1547 1996 1577 quoque
2004 1547 2079 1577 prae-

1123 1577 1266 1605 termittas
1277 1575 1351 1604 licet.
1366 1576 1429 1616 Ego
1440 1575 1558 1615 culpam
1568 1586 1633 1606 non
1644 1579 1676 1606 in
1687 1580 1849 1611 navarchis,
1864 1578 1912 1608 sed
1924 1581 1956 1608 in
1966 1588 1993 1608 te
2004 1578 2076 1609 fuis-

1123 1617 1152 1647 se
1161 1616 1337 1647 d'emonstro
1350 1627 1356 1645 2
1373 1619 1470 1656 pretio
1481 1618 1594 1647 milites
1604 1638 1612 1652 ,
1632 1621 1816 1661 remigesque
1826 1619 1966 1650 dimisisse
1975 1630 2073 1661 arguo

1124 1659 1180 1689 hoc
1191 1659 1329 1689 nav-archi
1346 1659 1454 1698 reliqui
1470 1658 1575 1689 dicunt
1586 1671 1592 1688 :
1611 1661 1672 1690 hoc
1683 1663 1871 1691 Netinorum
1885 1661 2024 1692 foederat-a
2034 1664 2078 1692 ci‹

1122 1702 1196 1731 vitas
1205 1700 1327 1740 publice
1337 1699 1411 1730 dicit
1420 1719 1428 1733 ‚
1443 1701 1499 1730 hoc
1512 1701 1702 1732 Herbitenses
1712 1722 1720 1736 ‚
1733 1703 1791 1733 hoc
1802 1703 2006 1736 Amestratini,
2018 1704 2075 1733 hoc

1125 1742 1279 1773 Ennenses
1289 1762 1298 1775 ‚
1318 1742 1376 1772 hoc
1384 1743 1583 1783 Agyrinenses
1593 1763 1602 1776 ‚
1622 1743 1810 1775 Tindaritani
1820 1764 1829 1778 ,
1849 1745 2011 1775 Locrenses
2020 1755 2077 1784 pu‹

1124 1784 1202 1814 blice
1212 1784 1316 1814 dicunt
1326 1794 1331 1813 :
1342 1792 1410 1814 tuus
1421 1785 1551 1824 denique
1563 1784 1643 1814 testis
1654 1805 1662 1818 ‚
1676 1795 1743 1816 tuus
1754 1788 1914 1826 imperator
1924 1807 1932 1820 ,
1943 1795 2012 1817 tuus
2022 1788 2080 1816 ho-

1124 1826 1187 1866 spes
1198 1826 1376 1856 Cleomenes
1394 1827 1453 1856 hoc
1468 1825 1560 1860 dicit,
1582 1827 1639 1856 sese
1656 1830 1688 1857 in
1705 1836 1812 1858 terram
1830 1826 1888 1858 effe
1911 1826 2056 1870 egressum
2068 1847 2079 1860 2.

1124 1870 1168 1897 uti
1176 1869 1317 1907 ,Pachyno
1327 1887 1336 1901 ‚
1355 1867 1371 1900 ὲ
1383 1866 1509 1907 terrestri
1519 1866 1656 1907 praesidio
1668 1888 1676 1901 .
1696 1869 1807 1899 milites
1819 1870 1973 1911 colligeret
1981 1889 1990 1903 ‚
2002 1879 2080 1910 quos

1123 1911 1157 1939 in
1171 1909 1298 1939 navibus
1308 1909 1475 1940 collocaret.
1497 1909 1579 1949 quod
1590 1910 1668 1939 certe
1678 1919 1741 1940 non
1751 1909 1863 1941 fecisset
1872 1930 1881 1945 ‚
1903 1909 1923 1939 si
1929 1911 2016 1950 suum
2026 1921 2081 1939 nu-

1125 1960 1232 1979 merum
1243 1960 1333 1980 naves
1343 1950 1494 1981 haberent.
1516 1961 1549 1980 ea
1560 1950 1602 1980 est
1611 1952 1694 1980 enim
1706 1954 1778 1982 ratio
1794 1951 2016 1985 instrucstamm2
2027 1962 2080 1982 or-

1124 2000 1320 2032 natarumque
1338 2001 1462 2022 navium
1473 2011 1481 2024 ,
1504 2001 1536 2021 ut
1545 2001 1609 2021 non
1620 1992 1714 2022 modo
1725 1993 1823 2032 plures
1831 1993 1839 2028 j
1861 1993 1910 2024 sed
1921 2004 1959 2023 ne
1971 1992 2078 2034 singuli

1123 2033 1247 2074 quidem
1262 2031 1370 2073 poffint
1380 2032 1524 2063 accedere.
1548 2035 1631 2063 Dico
1649 2043 1787 2074 praeterea
1795 2055 1804 2068 ,
1826 2036 1896 2065 illos
1910 2035 1987 2075 ipsos
2006 2035 2079 2064 reli-

1122 2084 1198 2115 quos
1208 2083 1308 2104 nautas
1317 2094 1325 2107 ‚
1340 2073 1419 2104 fame
1429 2093 1438 2108 ,
1459 2083 1545 2114 atque
1556 2076 1650 2116 inopia
1661 2085 1752 2104 rerum
1762 2079 1908 2107 omnium
1917 2075 2076 2107 confectos

1122 2114 1208 2145 iuiffe
1219 2136 1227 2149 ‚
1240 2125 1273 2146 ac
1280 2115 1421 2155 perditos.
1447 2115 1515 2146 dico
1526 2136 1535 2149 ‚
1557 2126 1607 2146 aut
1617 2119 1736 2147 omneis
1748 2128 1827 2148 exn-a
1836 2119 1954 2158 culpam
1964 2116 2051 2147 fuisse
2059 2137 2070 2149 ..

1120 2166 1170 2188 aut
1180 2177 1188 2191 ,
1201 2156 1222 2186 si
1232 2160 1284 2187 uni
1293 2157 1479 2187 attribuenda
1486 2158 1572 2197 culpa
1581 2156 1630 2191 sit,
1643 2161 1675 2188 in
1685 2169 1721 2188 eo
1732 2162 1899 2190 maximam
1908 2158 2006 2195 fuiss'e,
2021 2160 2076 2199 qui

1121 2202 1269 2239 optimam
1280 2209 1388 2228 navem
1398 2218 1406 2232 ‚
1418 2199 1565 2238 plurimos
1576 2207 1678 2230 nautas
1691 2201 1810 2231 haberet
1819 2221 1826 2235 ‚
1846 2202 2002 2232 summurn
2013 2202 2075 2230 im-

1123 2242 1239 2280 perium
1251 2240 1414 2270 obtineret:
1424 2249 1483 2273 aut,
1495 2238 1515 2269 fi
1525 2250 1632 2271 omnes
1643 2243 1675 2271 in
1684 2242 1770 2282 culpa
1779 2242 1901 2276 fuerint,
1913 2252 1976 2273 non
1985 2251 2077 2282 opor·

1122 2281 1208 2312 tuiss'e
1217 2282 1416 2312 Cleomenem
1425 2280 1567 2311 constitui
1578 2282 1770 2322 speFtatorem
1781 2285 1906 2315 illorum
1919 2286 2024 2314 mortis
2034 2292 2078 2314 at*

1121 2334 1178 2364 que
1188 2324 1342 2354 cruciatus.
1362 2323 1431 2353 dico
1441 2325 1530 2353 etiam
1541 2343 1549 2357 ‚
1562 2326 1594 2354 in
1604 2325 1658 2354 illo
1670 2326 1815 2365 supplicio
1824 2326 1972 2355 mercedem
1982 2326 2073 2365 lacry-·

1122 2375 1240 2395 marum
1251 2384 1260 2399 ‚
1271 2364 1443 2395 mercedem
1452 2365 1586 2395 vulneris
1597 2386 1604 2399 ,
1617 2375 1702 2407 atque
1712 2368 1804 2408 plagae
1816 2388 1824 2402 ‚
1845 2367 2014 2398 mercedem
2025 2366 2077 2396 fu-

1123 2409 1214 2441 neris,
1226 2416 1258 2437 ac
1267 2407 1422 2446 sepulturae
1433 2406 1574 2437 constitui
1585 2407 1667 2438 nefas
1677 2406 1774 2439 fuiss'e.
1792 2412 1975 2449 Qapropter
1985 2406 2006 2437 fi
2016 2411 2079 2438 mi-

1122 2450 1154 2478 hi
1167 2448 1344 2489 respondere
1354 2449 1438 2479 voles
1449 2467 1456 2481 ,
1473 2450 1534 2478 hazc
1544 2449 1636 2479 dicito
1648 2460 1653 2479 t
1673 2460 1823 2481 cLAssEM
1839 2460 1962 2481 INSTRU
1968 2458 2030 2480 οτΑ
2037 2459 2074 2483 M,

1122 2499 1207 2531 atque
1217 2499 1352 2521 ornatam
1363 2489 1589 2523 fuifl'e,nullum
1599 2501 1848 2532 propugnatorem
1860 2490 1993 2524 abfuisse,
2006 2491 2078 2521 nul-

1123 2533 1188 2562 lum
1198 2542 1326 2562 vacuum
1337 2530 1495 2561 transtrum
1513 2531 1600 2562 fuiss'e
1611 2553 1620 2565 ,
1640 2536 1746 2573 remigi
1765 2544 1829 2563 rem
1846 2532 2075 2563 frumentariam

1122 2572 1179 2604 effe
1189 2573 1401 2614 suppeditatam
1410 2593 1418 2606 ,
1431 2575 1552 2603 mentiri
1563 2576 1727 2604 navarchos
1737 2595 1745 2608 ,
1757 2577 1879 2605 mentiri
1893 2583 1937 2605 tot
1946 2595 1954 2609 ‚
1969 2575 2001 2604 &
2012 2584 2075 2605 tam

1120 2617 1232 2655 graveis
1242 2617 1392 2648 civitates,
1411 2617 1533 2644 mentiri
1543 2618 1632 2644 etiam
1644 2617 1777 2646 Siciliam
1788 2626 1899 2647 totam:
1918 2615 2075 2656 proditum

1121 2666 1149 2687 te
1160 2655 1217 2686 effe
1228 2656 1244 2687 a
1253 2657 1417 2686 Cleomene
1428 2676 1436 2690 ,
1456 2659 1510 2697 qui
1526 2656 1553 2686 se
1564 2656 1673 2687 dixerit
1685 2657 1778 2688 exiss'e
1794 2660 1825 2688 in
1836 2667 1939 2688 teriam
1951 2678 1959 2691 ,
1980 2667 2012 2688 ut
2021 2661 2076 2689 Pa-

1120 2700 1222 2738 chyno
1230 2698 1389 2729 deduceret
1399 2697 1527 2728 milites:
1552 2700 1684 2728 animum
1693 2700 1743 2730 illu
1752 2720 1760 2734 ‚
1781 2710 1831 2730 non
1842 2700 1932 2740 copim
1940 2698 2053 2739 desusffi
2064 2709 2079 2725 e

1990 2742 2082 2772 Cleo-

2102 1336 2143 1366 Ξῖ

175 2839 198 2857 1.
217 2832 358 2865 Relinquunt
367 2830 528 2864 &negligam
537 2831 659 2865 hocjam.]
671 2831 738 2857 Tres
750 2839 826 2857 voces
839 2850 848 2863 ,
858 2833 995 2865 relinquunt
1004 2831 1032 2860 ὼ
1041 2840 1083 2857 ne·
1111 2846 1113 2863 ,
1126 2830 1247 2857 Memmii
1269 2830 1448 2864 conjecturam
1468 2828 1583 2854 admilit.
1603 2828 1764 2855 Gulielmius
1775 2828 1812 2855 ita
1821 2827 1997 2863 distinguebat
2008 2827 2083 2863 lege-

131 2868 221 2900 grigunt
231 2866 353 2893 videntur
364 2867 482 2906 repetita:
491 2876 525 2893 ex
535 2866 610 2893 lincis
621 2866 839 2903 praecedentibus.
849 2871 921 2894 certi:
932 2867 949 2894 si
959 2867 1087 2901 abjician-
1110 2865 1113 2897 l
1130 2866 1226 2902 batque
1238 2877 1246 2897 5
1267 2868 1400 2900 requiri-bat
1412 2876 1416 2889 ;
1429 2872 1522 2898 totaque
1531 2865 1564 2889 ad
1573 2873 1617 2896 me,
1627 2866 1678 2895 ὼε.
1697 2865 1789 2890 detulit.
1807 2865 1912 2890 lacrimis
1923 2874 1956 2897 ego
1965 2866 2008 2889 huc
2020 2884 2028 2895 ,
2038 2873 2084 2890 non
2110 2861 2113 2865 ’
2141 2863 2149 2867 “’

137 2909 183 2928 tur
194 2921 202 2935 ‚
213 2902 277 2929 nibil
287 2901 403 2929 defuerit
413 2901 546 2929 sententia:
557 2922 566 2936 ‚
585 2912 642 2939 qua:
653 2913 704 2930 non
713 2912 806 2940 parum
817 2903 978 2939 rigidaretur
990 2922 999 2935 ‚
1015 2903 1033 2929 si
1044 2911 1086 2930 re-

139 2945 275 2975 peteretur
287 2957 296 2970 ,
307 2939 346 2964 hoc
356 2957 364 2970 ‚
375 2940 468 2972 hocjam
477 2939 530 2969 &aa

176 2982 204 3000 2.
219 2975 310 3008 Exfiu's
320 2975 382 3000 bonis
392 2975 565 3009 recuperantis]
577 2975 659 3001 Vetus
671 2975 754 3002 editio
764 2985 792 3001 ex
801 2976 871 3009 hujus
881 2976 943 3002 hamis
952 2982 1088 3008 exurparet.

1125 2905 1200 2935 gloria
1209 2904 1319 2928 induam
1329 2901 1470 2935 acccffi,std
1478 2909 1529 2931 φτ.
1540 2901 1567 2926 ὃ(
1580 2909 1641 2928 vero
1651 2901 1744 2935 Cujac.
1755 2910 1807 2928 uon
1818 2900 1895 2927 habet
1905 2899 1973 2927 illud
1983 2902 2063 2926 adl-oc
2073 2919 2083 2932 ,

1131 2938 1172 2966 scd
1184 2939 1238 2973 ejus
1251 2938 1308 2963 loco
1318 2940 1373 2963 lmr.

1166 2982 1195 3007 4.
1214 2977 1271 2999 Cum
1282 2976 1348 2998 multi
1357 2972 1512 3005 virifortes]
1529 2972 1690 3000 Gulielmius
1702 2981 1735 2999 cx
1747 2971 1891 3007 Cujaciano
1902 2971 2083 3009 reponendum

140 3008 208 3035 Pali.
219 3017 366 3042 exuperaret.
386 3010 541 3044 Cujacianus
554 3030 562 3042 ‚
573 3012 653 3045 defuis
663 3014 725 3037 bonis
734 3019 898 3044 recuperaret:
909 3011 979 3047 quod
990 3012 1090 3048 recepit
1110 3030 1112 3049 Ι
1131 3010 1239 3048 putabat
1253 3029 1259 3040 ‚
1271 3011 1355 3034 multa.
1377 3019 1426 3035 uon
1438 3008 1630 3044 prohibuerim.

143 3044 299 3071 Lambinus.
318 3053 421 3081 recepta
431 3046 512 3072 lefflio
523 3046 601 3073 haket
612 3066 620 3079 ‚
630 3056 659 3073 ex
668 3049 738 3081 hnjm
747 3048 809 3073 bunis
819 3048 952 3080 uficrpam.

183 3087 208 3115 3.
227 3083 326 3107 Dctulit:
337 3083 439 3107 lacrimis
448 3091 482 3114 ego
491 3083 524 3108 ad
531 3085 570 3108 hoc
581 3101 589 3114 ,
599 3084 724 3116 nongloria
732 3084 844 3108 induam
852 3085 932 3116 arr-:effi
938 3094 946 3108 :
962 3083 1086 3117 nesalsa]

143 3115 325 3157 Inierpunlftio
335 3116 418 3156 solum
429 3119 444 3143 a
455 3127 496 3144 me
507 3118 553 3144 est.
564 3127 622 3145 uam
632 3118 757 3152 illudfid,
767 3118 838 3154 quod
850 3118 939 3145 visitur
949 3119 975 3145 iu
988 3126 1091 3153 recepta

139 3151 254 3180 :cv->tione
264 3151 331 3182 abest
348 3151 418 3182 libro
428 3153 532 3188 cujacii
543 3164 549 3184 ;
571 3163 619 3184 nec
628 3154 706 3184 aliter
719 3154 805 3185 voluit
814 3156 923 3185 Brutus.
942 3153 1089 3187 Lambiaw

1170 3056 1196 3081 5.
1216 3048 1297 3071 Etiam
1305 3045 1479 3077 illudpraecidar
1487 3045 1566 3079 licen]
1582 3046 1624 3072 Est
1636 3046 1651 3071 a
1662 3044 1807 3079 Cujaciano
1819 3065 1827 3078 ‚
1838 3044 1964 3071 vetustius
1974 3041 2084 3079 impres-

1111 3070 1114 3117 Ι
1134 3083 1163 3115 si,
1172 3083 1293 3114 predicar,
1304 3080 1438 3115 quomodo
1450 3082 1477 3106 Sc
1488 3080 1554 3107 Pali.
1566 3082 1696 3108 recentius
1704 3082 1825 3114 pt‘aedit't's.
1845 3082 1944 3116 inepte.

1128 3154 1150 3190 s
1169 3118 1276 3159 63‘2Qm
1289 3120 1440 3150 Jevernasum
1458 3118 1575 3154 imperial]
1597 3119 1738 3154 Pei-peram
1758 3116 1938 3149 Lambiniauae
1957 3115 2089 3145 ostentant

1142 3160 1291 3182 &turudum-

1617 3188 1690 3218 ες».
2021 3172 2093 3213 1.th
