2360 3400
664 62 1100 116 Conso

157 151 310 194 burit2qui
321 147 440 190 seipsos
449 146 585 190 diligere,
597 149 872 188 convenienterque
883 156 994 178 naturae
1004 148 1112 178 volent

156 195 270 235 vivere)
279 201 447 233 numquam
456 191 647 224 committet,
660 200 691 222 ut
700 210 709 225 ‚
720 200 786 231 quae
793 191 899 220 ceteris
909 190 1036 221 exitiosa
1046 188 1110 219 sore

155 235 316 268 crediderit
325 253 334 268 ,
345 244 378 264 ea
388 235 448 274 ipse
459 233 654 273 persequatur.
673 242 769 274 neque
779 234 862 262 enim
872 233 905 262 in
916 231 997 272 spem
1009 234 1112 262 venire

155 278 286 319 poterit,
298 285 348 306 aut
360 277 545 317 ignoraturos
558 272 616 304 esse
626 276 710 304 Deos
720 293 728 308 ,
741 284 807 314 quae
816 273 877 314 ipse
887 283 950 314 agat
960 293 969 307 ,
982 272 1054 304 cum
1065 273 1111 302 di—

154 328 261 351 vinam
273 327 407 348 naturam
419 316 499 346 nihil
508 318 654 356 praeterire
664 316 808 347 credibile
818 315 851 345 fit
860 335 869 347 ‚
888 325 936 345 aut
948 316 997 345 illa
1007 314 1115 355 proba-

155 369 237 391 turos
249 379 257 394 ,
267 362 283 390 a
293 359 403 401 quibus
413 368 478 388 non
488 357 583 388 modo
592 358 656 392 dii,
678 358 727 388 sed
738 359 828 388 etiam
841 357 901 387 sani
912 358 1054 387 homines
1062 356 1113 386 ab·

156 403 307 433 horreant.
330 401 402 442 quid
415 402 499 430 enim
511 402 623 439 turpius
636 399 785 430 libidine?
801 399 874 440 quid
891 401 1001 429 taetrius
1020 399 1113 428 avari-

155 445 217 474 tia?
235 443 307 484 quid
317 441 518 473 detestabilius
528 441 700 472 crudelitate
714 444 724 470 Ρ
739 451 805 481 quat
815 443 955 481 quamvis
967 442 999 470 in
1009 440 1092 469 homi
1100 457 1114 463 -

155 485 247 515 nibus
256 484 417 526 aliquando
426 482 583 517 exsistant,
604 491 706 513 tamen
724 483 759 513 ab
778 483 916 513 hominis
934 491 1034 512 natura
1053 490 1113 511 tam

154 528 253 558 aliena
274 527 362 560 sunt,
383 525 474 567 quam
491 526 659 555 humanum
679 525 756 555 illud
773 526 828 554 erit
840 543 849 559 ,
869 523 890 554 fi
908 526 1013 554 omnia
1027 524 1116 553 nobis

155 569 250 602 bona,
261 570 424 608 omniaque
434 566 599 597 commoda
609 576 794 606 expetamus.
816 576 903 607 atque
914 568 945 596 in
957 567 1014 596 hoc
1026 574 1113 596 com-

155 610 323 651 primendae
344 610 410 640 sunt
427 608 603 648 cupiditates
615 628 625 642 ,
643 609 754 649 quibus
772 610 918 638 trahimur
935 607 1062 648 persaepe
1081 605 1116 636 ad

155 662 188 683 ea
200 672 209 686 ,
226 662 292 693 qua:
311 653 414 681 virtuti
425 650 622 680 adversantur.
644 650 726 690 quod
737 649 883 680 facillime
894 648 1044 690 perficiet,
1064 649 1118 689 qui

156 702 218 724 tam
235 691 354 734 gloriofi
365 691 507 722 facinoris
518 694 635 721 exitum
646 693 744 722 secum
760 692 822 732 ipse
836 690 948 722 ass'idue
963 690 1116 730 cogitabit.

155 743 292 774 tantaque
305 732 347 764 est
357 734 446 769 hujus
457 735 647 774 cogitationis
658 733 784 764 suavitas
794 753 803 767 ,
819 743 852 763 ut
864 753 872 766 ‚
884 731 966 774 quod
977 733 1117 765 libenter,

152 776 344 815 alacriterque
357 777 473 815 agimus
485 795 493 807 ‚
517 777 607 805 etiam
627 774 688 804 sine
706 774 805 805 labore
818 784 999 816 peragamus.
1023 774 1114 814 idque

153 819 186 848 in
199 816 407 858 praestantibus
418 835 426 849 ,
448 816 600 856 laudisque
614 817 822 856 appetentibus
837 816 1016 846 hominibus
1028 814 1116 846 facile

154 861 298 890 cernitur.
321 867 451 898 quorum
469 866 548 888 tanta
563 856 620 887 effe
635 859 708 888 solet
722 859 769 888 vel
783 860 815 888 in
830 857 981 888 obeundis
991 858 1113 898 praeli'is,

153 901 202 932 vel
213 903 246 931 in
256 899 378 942 agendis
388 897 479 930 caufis
490 919 498 932 ,
510 899 557 929 vel
568 901 600 929 in
610 900 859 930 contentionibus
868 909 921 940 pro
931 900 1047 940 republ.
1058 900 1075 930 s
1073 898 1117 929 us-

155 943 305 982 cipiendis
324 941 457 972 alacritas
469 961 478 974 ‚
500 949 635 981 tantaque
649 943 744 972 virtus
755 961 764 976 ,
787 951 818 972 ut
831 942 913 982 quod
929 944 960 971 in
975 943 1012 971 iis
1029 941 1117 971 rebus

153 985 299 1025 periculi,
317 992 366 1013 aut
379 982 491 1012 laboris
504 981 564 1016 est,
587 992 635 1013 aut
649 993 713 1014 non
728 984 874 1018 sentiant,
893 993 943 1014 aut
953 993 1007 1023 pro
1018 983 1118 1013 nihilo

153 1026 274 1058 ducant.
299 1034 444 1065 magnum
465 1026 549 1054 enim
567 1023 610 1055 est
628 1025 838 1056 contendentis
852 1045 861 1058 ‚
883 1025 915 1055 δε
933 1026 969 1055 ad
988 1025 1117 1066 gloriam

154 1068 320 1099 anhelantis
331 1068 426 1097 animi
437 1065 610 1096 fomentum
623 1086 631 1100 ‚
654 1076 798 1108 magnum
810 1068 949 1097 solatium
959 1086 967 1101 ,
989 1067 1054 1107 spes
1066 1065 1114 1096 fu-

157 1119 229 1140 turae
241 1130 250 1143 ‚
267 1119 299 1139 ac
315 1110 492 1148 propinquae
511 1106 569 1138 five
587 1109 742 1142 utilitatis,
764 1108 823 1139 five
837 1110 952 1148 gloriae.
975 1117 1073 1149 neque
1087 1107 1118 1138 id

156 1152 256 1182 solum
270 1153 302 1180 in
318 1152 455 1190 magnis,
475 1149 524 1180 sed
537 1170 546 1182 ‚
569 1159 658 1180 etiarn
672 1153 703 1180 in
715 1151 882 1181 levioribus
895 1150 1065 1184 laboribus,
1086 1159 1118 1180 ac

156 1191 273 1223 studiis.
305 1202 380 1232 quos
399 1193 483 1221 enim
502 1191 602 1222 cursus
616 1212 624 1225 ,
646 1202 721 1233 quos
741 1194 862 1223 venatio
883 1191 1010 1222 delcetat
1027 1211 1036 1226 ,
1067 1201 1119 1221 eos

156 1235 295 1275 quamvis
306 1235 342 1264 de
352 1236 400 1264 via
408 1232 509 1266 fessos,
520 1243 552 1263 ac
563 1234 647 1273 paene
657 1236 814 1264 exanimes
824 1233 935 1268 videas,
947 1242 1116 1275 numquam

157 1285 259 1306 tamen
271 1279 374 1307 minus
386 1275 492 1305 alacres
504 1295 513 1308 ‚
533 1276 694 1317 minusque
708 1277 874 1306 concitatos
886 1276 1116 1306 animadvertas.

153 1318 222 1359 Jam
235 1338 244 1350 ,
266 1319 420 1347 honorum
432 1317 578 1357 cupiditas
588 1337 596 1350 ,
616 1318 690 1358 quid
704 1327 767 1348 non
781 1320 814 1347 in
828 1317 928 1348 nostra
940 1319 1059 1348 civitate
1075 1318 1118 1347 la-

159 1361 240 1389 boris
251 1380 260 1393 ,
271 1358 345 1399 quid
357 1369 420 1389 non
432 1358 646 1389 sollicitudinis
657 1379 665 1393 ‚
678 1361 852 1400 negotiique
862 1357 971 1389 faceffit
986 1362 996 1388 ?
1008 1368 1119 1400 quotus

157 1409 258 1432 tamen
271 1401 393 1441 quisque
404 1399 446 1430 est
457 1419 465 1434 ,
475 1402 526 1441 qui
539 1400 566 1430 se
577 1402 623 1431 vel
634 1401 735 1431 labore
745 1401 941 1442 defatigatum
953 1421 961 1434 ,
973 1403 1021 1431 vel
1031 1411 1120 1441 pren-

156 1443 280 1475 sationis
297 1441 454 1475 molestia,
473 1451 602 1481 curaque
619 1441 796 1473 confestum
813 1443 916 1473 audeat
933 1443 1050 1473 dicere?
1069 1441 1119 1475 fic,

157 1495 291 1526 quorum
302 1484 407 1514 oculos
417 1484 537 1512 virtutis
547 1483 686 1522 splendor
696 1486 872 1523 occupavit,
883 1484 1047 1524 gloriaeque
1057 1483 1120 1513 stu-

161 1528 249 1557 dium
267 1526 387 1555 animos
405 1523 569 1557 delenivit,
590 1525 612 1553 ii
631 1533 686 1553 nec
705 1524 838 1554 laborem
858 1525 1008 1558 sentiunt,
1028 1525 1078 1558 ὃς,
1099 1523 1120 1553 si

161 1575 261 1598 tantus
271 1565 314 1596 est
325 1585 334 1600 ,
356 1575 389 1595 ut
405 1565 566 1606 aliquando
583 1574 740 1605 erumpat,
759 1576 795 1596 eo
806 1574 907 1596 tamen
918 1575 982 1595 non
993 1575 1121 1606 magno-

158 1618 228 1650 pere
248 1616 419 1638 moventur.
445 1609 500 1637 toti
520 1609 604 1637 enim
623 1608 656 1638 iri
674 1617 711 1637 eo
731 1608 817 1641 sunt,
838 1616 871 1637 ut
883 1606 1120 1647 prosintpatriae,

161 1650 428 1689 immortalemque
439 1647 492 1678 sibi
502 1650 640 1678 nominis
652 1652 833 1679 memoriam
844 1658 1030 1688 comparent.
1048 1658 1120 1679 nam

162 1691 183 1722 si
195 1693 261 1732 quis
270 1690 481 1731 negligendam
491 1689 589 1723 ducat,
600 1699 787 1731 omnemque
798 1691 936 1720 hominis
945 1689 1121 1720 felicitatem

161 1734 244 1764 reete
258 1732 406 1763 fastorum
425 1732 609 1761 conscientia
627 1734 727 1761 metiri
748 1733 822 1761 velit
833 1751 842 1765 ‚
862 1733 886 1762 is
902 1732 981 1762 certe
997 1731 1120 1761 divinos

161 1776 293 1805 honores
306 1794 315 1807 ‚
335 1784 386 1814 qui
401 1773 486 1803 claris
499 1774 571 1802 viris
586 1773 676 1803 tribui
690 1773 910 1804 consueverunt
921 1793 931 1806 ,
954 1783 1121 1813 numquam

163 1817 305 1857 negliget.
328 1817 440 1845 etenim
461 1815 497 1845 de
514 1816 583 1844 Diis
602 1813 687 1854 ipfis,
707 1817 760 1855 qui
778 1815 899 1845 eosdem
918 1813 971 1845 sibi
990 1816 1122 1844 honores

161 1859 348 1891 asciverunt,
370 1855 493 1896 pessime
510 1855 651 1895 judicass'e
669 1857 828 1887 videretur.
854 1865 931 1887 tanta
949 1865 1050 1887 autem
1068 1867 1121 1886 eo-

163 1909 232 1932 rum
244 1920 252 1934 ‚
271 1901 324 1940 qui
341 1898 520 1937 hujusmodi
538 1899 756 1929 consuetudine
772 1897 911 1929 deleaati
929 1898 1015 1932 sunt,
1037 1899 1068 1929 &
1080 1898 1122 1928 sa-

163 1944 287 1983 pientia,
301 1941 333 1970 &
343 1942 464 1981 aequitas
474 1940 652 1981 agnoscitur,
666 1950 696 1970 ut
707 1941 834 1971 dubitari
845 1950 908 1970 non
919 1939 1005 1980 poffit
1013 1960 1022 1974 ,
1032 1943 1120 1981 quin,

164 1983 218 2025 ipfi
227 1983 309 2024 quod
321 1979 462 2024 egerunt,
483 1982 498 2012 a
508 1990 586 2012 certa
596 1991 708 2012 ratione
719 1982 927 2022 proficiscatur.
951 1983 1052 2023 quales
1063 1992 1122 2012 nu—

164 2036 278 2057 merare
288 2024 522 2055 Lacedaemonas
530 2022 699 2064 possumuS,
711 2022 936 2058 clariffimos,&
945 2023 1123 2054 fortissimos

165 2070 267 2101 viros,
287 2068 339 2107 qui
353 2068 434 2096 cives
449 2065 515 2096 suos
527 2085 535 2099 ‚
554 2075 686 2096 mortem
704 2076 756 2106 pro
770 2068 860 2106 patria
873 2066 1030 2099 obeuntes,
1041 2065 1123 2096 divi-
1145 2072 1147 2092 ῑ

168 2112 217 2140 nis
228 2108 395 2139 honoribus
405 2105 520 2138 afficere
531 2107 675 2138 solebant.

167 2153 207 2182 nc
217 2149 545 2190 doGirinaefflmnisque
556 2150 704 2189 sapientia:
715 2159 848 2189 parentes
861 2151 1002 2180 Athenae?
1017 2159 1122 2180 nonne

167 2192 303 2225 Codrum
315 2201 414 2234 regem
426 2191 514 2221 suum
527 2210 535 2225 ,
554 2191 594 2221 ob
604 2193 744 2231 pietatem
757 2195 789 2221 in
800 2193 922 2231 patriam
934 2211 943 2225 ,
959 2193 1122 2232 meritaque

166 2235 228 2268 illa,
239 2234 349 2276 quibus
358 2233 510 2266 excelluit,
524 2242 633 2274 magno
644 2234 790 2264 consensu
801 2243 833 2263 in
844 2236 927 2263 Deos
937 2233 1123 2264 retulerunt?

167 2280 266 2318 Atque
277 2276 354 2306 haud
367 2275 427 2306 scio
437 2285 474 2306 an
485 2273 563 2305 red-Ite
576 2275 718 2306 senserint
728 2277 785 2305 viri
795 2274 960 2306 dostiffimi
972 2295 981 2308 ,
992 2284 1122 2316 quorum

168 2329 202 2350 ea
219 2319 278 2349 fuit
292 2319 398 2357 opinio
410 2337 418 2351 ,
440 2319 521 2347 viros
531 2317 623 2347 claros
632 2336 640 2350 ,
662 2317 694 2347 δε
705 2316 797 2347 fortes
808 2319 915 2348 iccirco
926 2317 1053 2347 deorum
1064 2319 1125 2347 im-

169 2361 345 2391 mortalium
357 2361 473 2389 honore
483 2359 679 2392 consecratos,
689 2369 720 2389 ut
732 2360 902 2389 incitaretur
912 2361 1006 2389 virtus
1016 2359 1124 2392 acrius,

169 2403 204 2434 δε
213 2410 387 2433 acuerentur
406 2400 617 2431 vehementius
628 2401 662 2431 ad
673 2402 812 2431 obeunda
822 2401 952 2441 pericula
964 2403 1015 2442 qui
1025 2403 1125 2441 patriae

167 2454 271 2476 amore
283 2463 291 2478 ‚
312 2442 469 2483 studioque
482 2443 666 2473 tenebantur:
690 2453 756 2473 vera
773 2445 856 2472 enim
877 2444 994 2473 virtutis
1012 2452 1124 2473 merces

166 2487 262 2526 gloria
271 2484 313 2515 est
325 2496 330 2514 :
342 2494 397 2515 nec
408 2484 570 2525 quidquam
583 2483 623 2515 est
633 2485 712 2514 aliud
725 2504 732 2517 ,
746 2495 805 2523 quo
816 2486 910 2525 magis
918 2484 953 2515 ad
966 2483 1056 2518 τεᾶς,
1070 2485 1124 2514 ho—

169 2527 311 2567 nesteque
324 2527 473 2567 agendum
487 2525 648 2566 praestantis
660 2536 754 2556 animi
765 2528 907 2556 homines
916 2527 1122 2556 incendantur.

168 2568 249 2609 quod
260 2570 376 2608 optime
385 2577 526 2608 agnovit,
548 2577 579 2598 ac
588 2567 754 2598 diutiss'ime
765 2568 888 2598 retinuit
898 2587 906 2601 ,
922 2570 1064 2599 omnium
1077 2568 1126 2597 lit-

169 2619 295 2640 terarum
308 2609 439 2649 praeclara
448 2609 546 2639 custos
557 2629 565 2642 ,
580 2609 612 2639 δε
622 2610 708 2639 altrix
720 2611 851 2640 Graecia:
873 2620 938 2650 quae
951 2610 1062 2640 multos
1074 2611 1126 2640 ha·

170 2652 220 2682 bet
229 2653 347 2681 virtutis
356 2653 444 2690 gratia
453 2650 548 2680 faEtos
558 2661 596 2680 ex
605 2652 782 2681 hominibus
792 2654 874 2682 Deos
885 2671 894 2684 ,
906 2661 1036 2692 quorum
1047 2652 1123 2681 alios

171 2693 301 2724 fatentur
312 2702 419 2722 novos:
432 2693 506 2722 alios
517 2694 620 2722 multis
630 2695 691 2731 jam
704 2693 810 2723 seculis
821 2702 951 2733 receptos
961 2695 993 2722 in
1003 2693 1121 2727 caelum,

169 2734 411 2774 consecratosque
423 2734 628 2767 contendunt,
650 2738 740 2774 quam
759 2736 848 2765 multi
859 2744 957 2765 autern
977 2734 1032 2765 sint
1043 2754 1051 2768 ‚
1072 2736 1125 2775 qui

168 2777 336 2808 reconditas
346 2785 452 2805 eorum
465 2776 628 2806 scrutantur
640 2776 760 2810 litteras,
772 2775 853 2806 noffe
862 2775 979 2806 fortafl'e
990 2775 1122 2816 poss'unt.

170 2821 279 2860 Neque
290 2816 360 2848 vero
370 2818 454 2847 haeca
466 2828 515 2848 me
524 2818 592 2848 ideo
603 2817 753 2858 copiosius
763 2819 948 2858 disputantur
959 2838 967 2851 ,
979 2818 1060 2858 quod
1071 2827 1124 2848 eos

170 2869 283 2891 temere
295 2881 305 2894 ,
318 2869 413 2900 neque
425 2859 489 2889 satis
499 2859 677 2890 considerate
690 2869 749 2890 tam
763 2861 874 2890 multos
884 2860 1068 2890 consecratos
1077 2860 1124 2890 es-

168 2903 199 2933 se
209 2901 288 2933 credi
299 2902 392 2932 velim
404 2911 409 2930 ;
434 2901 504 2931 cum
515 2911 566 2931 eos
577 2901 636 2941 ipse
646 2911 766 2942 quoque
778 2911 917 2935 venerer,
937 2902 1124 2942 deorumque

170 2944 240 2974 loco
257 2943 412 2974 habendos
425 2953 545 2983 putem:
566 2943 615 2973 sed
629 2945 728 2983 potius
740 2963 748 2976 ,
768 2944 840 2974 cum
859 2953 902 2973 tot
919 2942 997 2983 apud
1015 2953 1124 2973 omnes

168 2994 253 3028 paene
271 2994 375 3027 gentes
390 2986 613 3015 immortalitate
627 3005 634 3017 ,
653 2985 823 3025 divinisque
840 2985 1007 3015 honoribus
1025 2982 1124 3015 affeffi

168 3030 351 3068 reperiantur
360 3047 368 3060 ‚
381 3036 411 3057 ut
419 3036 561 3057 exacuam
573 3028 724 3057 bonorum
739 3036 851 3057 mentes
862 3028 896 3057 ad
907 3037 939 3057 ea
949 3036 1125 3066 promeren-

171 3069 208 3100 da
217 3089 227 3104 ‚
248 3079 314 3111 quae
333 3069 514 3111 sapientium
530 3069 648 3110 judicio
666 3069 814 3101 ducuntur
832 3067 1020 3110 ampliffima.
1045 3068 1123 3100 nihil

688 2108 770 2149 Qid
780 2108 934 2140 veroniae,
946 2110 1049 2138 omnis
1058 2108 1122 2148 pla-
1145 2114 1147 2131 l

1168 82 1199 114 L
1270 83 1301 113 A
1372 80 1404 112 Τ
1475 83 1493 112 1
1563 84 1608 113 0.
1996 86 2113 136 1303

1162 147 1247 177 enim
1257 144 1453 186 praestantius,
1460 154 1511 176 aut
1519 145 1634 178 beatius
1642 146 1772 178 accidere
1782 148 1903 179 homini
1912 147 2018 189 potest,
2028 149 2120 190 quam

1164 198 1202 219 eo
1215 189 1284 218 loco
1297 188 1421 221 donari,
1433 189 1467 218 in
1481 198 1571 228 quem
1584 198 1617 219 ut
1625 189 1816 221 ascenderent
1825 191 1918 222 Urbis
1928 189 2036 222 nostrae
2044 201 2121 222 con·

1161 230 1271 260 ditores
1280 249 1288 264 ,
1312 230 1433 259 nullum
1452 231 1620 269 periculum
1636 250 1644 265 ,
1669 233 1789 263 nullum
1809 233 1943 263 laborem
1963 252 1974 267 ‚
1998 233 2121 264 nullum

1162 272 1292 312 denique
1302 279 1452 302 certamen
1462 273 1724 311 praetermiserunt.
1747 284 1778 305 ac
1788 293 1796 308 ,
1807 273 1827 304 si
1837 276 1958 315 privatae
1969 275 2121 309 utilitatis,

1165 314 1197 343 &
1206 313 1365 344 commodi
1377 314 1511 344 habenda
1521 316 1593 344 ratio
1601 314 1644 345 est
1652 334 1660 349 ,
1675 316 1791 346 nullam
1801 317 1888 347 aliam
1899 325 2036 357 expetere
2046 336 2056 351 ‚
2069 325 2120 347 aut

1163 364 1263 395 optare
1273 356 1318 384 vir
1328 355 1439 393 sapiens
1452 375 1460 389 ,
1482 356 1515 386 &
1525 355 1658 386 eruditus
1671 376 1680 390 ,
1700 367 1802 397 praeter
1812 359 1886 388 hanc
1897 369 1987 389 unam
2000 378 2009 393 ,
2020 357 2120 390 debet.

1162 397 1291 436 Templa
1302 397 1371 426 vero
1383 397 1500 436 publice
1511 407 1580 428 vota
1589 417 1596 431 ,
1611 399 1643 428 &
1655 398 1802 430 dedicata:
1813 409 1958 441 quantum
1971 402 2003 431 in
2013 401 2122 442 vulgus

1164 438 1316 479 dignitatis
1325 457 1332 471 ‚
1345 448 1490 479 quantum
1504 440 1610 469 habent
1619 441 1721 481 gloriae
1732 445 1742 470 ?
1753 441 1823 472 cum
1834 452 1942 472 ornnes
1951 462 1959 476 ,
1971 445 2024 483 qui
2034 444 2121 472 Deos

1165 481 1254 514 illos,
1273 480 1383 520 quibus
1394 481 1504 520 templa
1514 491 1683 516 voventur,
1702 484 1819 523 publice
1829 484 1934 514 colunt
1947 504 1956 517 ,
1973 485 2122 515 faterico-

1140 529 1141 532 ’
1162 530 1267 563 gantur
1277 541 1285 554 ,
1298 521 1331 551 δε
1341 520 1427 552 fuisse
1438 525 1579 553 homines
1589 542 1597 557 ‚
1615 524 1647 554 δε
1657 524 1691 554 ad
1704 528 1788 555 Deos
1800 545 1808 558 ‚
1828 526 2008 567 divinosque
2020 528 2122 556 hono-

1165 573 1230 597 res,
1252 573 1311 594 una
1328 565 1437 594 virtute
1455 564 1564 599 fretos,
1584 559 1756 597 ascendisse.
1789 570 1855 598 Nec
1875 568 2048 598 mirandum
2066 566 2122 601 est,

1165 608 1250 635 Deos
1260 606 1330 635 iilos
1340 606 1458 645 publice
1468 606 1528 637 coli
1542 627 1549 640 ‚
1569 617 1734 648 eorumque
1745 608 1867 640 delubra
1879 629 1888 643 ‚
1907 610 1939 640 &
1950 611 2058 649 templa
2069 619 2123 640 au-

1162 646 1245 688 guste
1257 666 1266 680 ,
1288 646 1443 687 san&eque
1455 651 1614 682 exornari,
1633 652 1684 690 qui
1699 651 1745 680 vel
1760 651 1889 690 patribus
1901 654 1962 681 nati
1973 651 2120 684 suntdiis,

1165 689 1213 719 vel
1224 688 1379 718 matribus.
1405 699 1474 719 nam
1487 709 1495 723 ‚
1515 691 1772 730 quemadmodum
1783 702 1892 723 eorum
1904 693 2002 723 cultus
2013 693 2046 723 δε
2058 693 2124 723 san—

1165 729 1230 760 &us
1241 749 1249 763 ,
1262 730 1295 760 &
1309 731 1464 771 religiosus
1473 730 1515 761 est
1528 752 1536 765 ,
1550 735 1745 774 maximeque
1755 736 1874 774 pietati,
1896 743 1982 775 atque
1993 735 2123 774 :equitati

1165 772 1397 803 consentaneus:
1421 771 1457 802 sic
1468 773 1675 804 admirationis
1687 794 1695 808 ,
1714 785 1763 805 aut
1773 775 1972 807 dubitationis
1983 777 2061 806 nihil
2071 777 2125 806 ha-

1166 813 1226 844 bet.
1250 823 1330 844 totus
1342 816 1425 844 enim
1437 824 1475 844 ex
1486 823 1588 846 natura
1599 819 1710 846 oritur:
1732 818 1834 856 utjure
1844 819 1907 858 ipso
1921 827 2031 849 naturae
2043 838 2052 852 ,
2070 818 2125 858 qui

1166 859 1235 886 Deo
1253 856 1328 886 satus
1340 875 1349 889 ,
1374 857 1420 886 vel
1441 859 1506 887 Dea
1523 857 1638 891 editus,
1660 860 1887 900 procreatusque
1906 859 1956 893 sit,
1977 860 2049 890 deus
2066 858 2127 890 ess'e

1162 897 1276 928 debeat.
1300 907 1328 927 at
1342 897 1413 928 vero
1424 917 1432 932 ‚
1452 900 1504 939 qui
1515 900 1641 930 homine
1655 910 1735 940 parre
1746 920 1755 934 ‚
1777 902 1824 931 vel
1837 903 1956 932 mortali
1966 911 2061 931 matre
2073 911 2127 931 na-

1166 949 1212 970 tus
1223 938 1265 969 est
1275 958 1283 972 ‚
1303 941 1383 970 hunc
1396 938 1454 970 ess'e
1465 943 1567 971 Deum
1579 961 1587 974 ‚
1608 941 1641 971 ὃ(
1652 952 1796 983 magnum
1809 943 1952 984 quiddam
1963 943 2058 973 videri
2067 952 2126 983 po-

1166 980 1220 1012 test
1230 1001 1238 1015 ,
1253 981 1450 1012 &dubitandi
1463 981 1647 1013 occasionem
1661 1003 1669 1018 ,
1685 994 1739 1014 nec
1749 983 1866 1015 fortass'e
1876 987 2028 1025 ineptam,
2044 984 2127 1015 mul-

1167 1025 1203 1053 tis
1214 1021 1316 1053 afferre
1329 1023 1412 1053 solet.
1436 1034 1500 1054 non
1513 1027 1595 1055 enim
1608 1045 1617 1058 ,
1628 1024 1648 1054 fi
1658 1028 1790 1056 eximius
1800 1027 1904 1056 talium
1916 1036 2052 1057 virorum
2063 1029 2126 1057 vir-

1166 1067 1221 1095 tuti
1232 1065 1377 1095 tribuatur
1388 1066 1485 1096 honos
1496 1087 1503 1099 ,
1517 1069 1593 1107 quin
1604 1067 1708 1107 idjure
1720 1066 1841 1103 frangant
1851 1068 1998 1102 dubitare,
2012 1078 2062 1098 aut
2071 1077 2127 1098 ne-

1141 1110 1143 1131 ;
1164 1117 1231 1148 gare
1250 1107 1406 1147 quisquam
1421 1107 1535 1147 potest:
1557 1108 1604 1138 sed
1618 1128 1626 1142 ,
1644 1108 1726 1149 quod
1739 1119 1851 1140 tantam
1863 1112 1981 1140 virtutis
1991 1108 2049 1140 ess'e
2059 1112 2125 1140 vim

1166 1149 1297 1179 velimus
1308 1168 1316 1182 ,
1329 1157 1359 1178 ut
1371 1150 1417 1179 vel
1428 1158 1531 1180 natura
1540 1151 1600 1190 ipsa
1611 1151 1674 1189 ejus
1686 1153 1774 1181 unius
1785 1161 1841 1191 ope
1851 1153 2030 1182 immutetur
2041 1171 2050 1185 ,
2068 1153 2128 1182 hoc

1164 1190 1242 1221 illud
1254 1189 1295 1220 est
1307 1210 1316 1224 ,
1336 1190 1372 1220 de
1384 1201 1445 1231 quo
1458 1201 1588 1232 quaerere
1606 1190 1758 1222 dostiores
1768 1195 1825 1223 viri
1836 1203 1898 1223 non
1912 1195 2068 1223 immerito
2079 1193 2129 1224 so-

1170 1233 1257 1263 leant.
1280 1233 1392 1273 quibus
1403 1235 1443 1263 ita
1453 1234 1626 1273 responsum
1637 1233 1679 1264 est
1690 1254 1698 1268 ‚
1713 1244 1777 1265 non
1788 1236 1944 1266 immutari
1955 1236 2064 1265 virtute
2074 1244 2128 1265 na·

1169 1284 1264 1304 turam
1279 1285 1285 1304 2
1298 1284 1353 1304 nec
1363 1277 1446 1305 enim
1458 1275 1489 1305 id
1501 1295 1508 1309 ,
1523 1274 1582 1305 fine
1592 1277 1699 1315 prioris
1706 1285 1818 1308 naturae
1827 1279 2032 1318 corruptione,
2044 1275 2129 1317 posse

1169 1318 1289 1346 evenire
1304 1327 1309 1345 :
1328 1316 1376 1346 sed
1388 1337 1398 1349 ,
1419 1316 1522 1347 eadem
1536 1319 1641 1347 inillis
1652 1327 1791 1348 manente
1801 1328 1901 1349 natura
1912 1339 1921 1353 ‚
1932 1319 2051 1349 evolare
2061 1320 2129 1349 ani-

1167 1367 1254 1388 mum
1267 1357 1303 1388 ad
1322 1358 1409 1391 deos,
1435 1359 1467 1389 &
1479 1361 1509 1388 in
1520 1369 1624 1389 eorum
1636 1359 1761 1390 adscribi
1771 1361 1937 1391 concilium
1951 1380 1959 1394 ,
1980 1360 2052 1390 cum
2066 1362 2128 1391 im·-

1167 1401 1303 1430 mortalis
1323 1399 1356 1429 sit
1375 1419 1384 1434 ,
1408 1400 1441 1430 &
1461 1401 1696 1432 immortalitatis
1713 1402 1824 1432 divinae
1840 1405 1994 1442 particeps.
2017 1411 2127 1442 corpus

1166 1451 1265 1472 autem
1278 1461 1288 1476 ,
1308 1441 1407 1481 suapte
1417 1451 1519 1472 natura
1530 1444 1654 1473 mortale
1664 1463 1672 1476 ,
1693 1453 1813 1474 manere
1827 1446 1860 1474 in
1874 1454 1947 1474 terra
1957 1462 1966 1477 ,
1985 1444 2130 1484 quodque

1167 1492 1321 1513 terrenum
1332 1483 1374 1513 est
1387 1502 1396 1516 ,
1410 1484 1496 1514 nullo
1507 1483 1594 1524 pa6lo
1605 1485 1686 1515 suam
1697 1486 1820 1515 exsuere
1831 1484 1914 1526 pofl'e
1925 1494 2059 1515 naturam
2072 1504 2081 1518 ,
2093 1493 2128 1515 ut

1166 1525 1294 1554 alienam
1310 1525 1424 1554 induat.
1446 1528 1584 1565 quamvis
1595 1528 1678 1555 enim
1690 1527 1752 1556 haec
1762 1527 1823 1566 ipsa
1833 1526 1957 1567 quaestio
1968 1526 2130 1565 perobscu-

1166 1575 1197 1595 ra
1211 1566 1308 1595 videi-i
1326 1566 1416 1596 soleat
1428 1586 1437 1599 ,
1461 1576 1517 1596 nec
1527 1570 1659 1596 omnino
1669 1569 1816 1606 proclives
1827 1587 1836 1601 ,
1857 1577 1905 1597 aut
1914 1567 2016 1598 faciles
2026 1567 2131 1599 habeat

1167 1607 1331 1646 explicatus
1349 1617 1355 1636 :
1383 1616 1484 1638 tamen
1503 1627 1512 1642 ‚
1536 1607 1591 1638 nisi
1613 1608 1838 1639 austoritatibus
1859 1619 1960 1639 contra
1979 1611 2131 1640 rationem

1166 1658 1313 1689 pugnetur
1325 1668 1334 1682 ,
1346 1659 1409 1679 non
1422 1650 1619 1680 incommode
1631 1670 1641 1684 ,
1652 1653 1763 1690 opinor
1771 1670 1780 1685 ‚
1791 1652 1806 1682 a
1817 1651 1906 1681 nobis
1916 1649 2045 1691 exposita
2054 1660 2129 1681 cen-

1168 1691 1224 1720 seri
1243 1689 1350 1730 potest.
1396 1693 1433 1721 Et
1452 1694 1596 1732 quoniam
1609 1711 1618 1726 ,
1637 1702 1702 1732 quat
1723 1696 1755 1722 in
1774 1693 1831 1724 hoc
1843 1702 1950 1734 genere
1967 1694 2130 1732 praecipua,

1167 1734 1351 1772 cognitoque
1370 1731 1459 1772 digna
1478 1733 1546 1763 sunt
1555 1753 1564 1767 ‚
1582 1734 1788 1774 persequimur
1808 1736 1912 1765 omnia
1931 1754 1940 1768 ,
1964 1734 2131 1773 (volumus

1165 1773 1290 1813 quidem
1301 1775 1400 1812 certe)
1417 1775 1657 1813 praetereundum
1673 1785 1736 1805 non
1750 1775 1792 1805 est
1805 1777 1935 1816 ‚·quales
1946 1796 1955 1810 ‚
1976 1785 2131 1817 quamque

1150 1814 1272 1844 'multae
1291 1816 1414 1844 virtutes
1433 1815 1670 1846 erudiendorum
1685 1818 1849 1848 'nominum
1869 1820 1976 1859 gratia,
1999 1817 2055 1848 sint
2071 1819 2130 1848 ho-

1167 1865 1241 1885 nore
1268 1855 1396 1886 deorum
1418 1858 1640 1888 immortalium
1662 1860 1846 1890 consecratae.
1887 1861 1971 1899 cujus
1992 1870 2032 1889 rei
2055 1858 2130 1890 finis

1169 1897 1231 1931 est,
1252 1898 1370 1937 publica
1390 1900 1519 1929 utilitas:
1541 1909 1591 1933 ut,
1609 1910 1671 1941 quo
1685 1902 1800 1931 honore
1810 1903 1936 1932 virtutes
1948 1902 2022 1941 ipsas
2038 1902 2131 1932 deco-

1170 1948 1242 1970 ratas
1262 1940 1403 1973 videant,
1423 1941 1553 1971 eundem
1575 1942 1603 1971 se
1619 1943 1833 1973 consecuturos
1842 1942 1900 1974 ess'e
1911 1945 2054 1973 homines
2063 1944 2130 1983 spe-

1169 1990 1253 2015 rent,
1275 1980 1295 2010 fi
1316 1982 1424 2012 iisdem
1442 1983 1600 2014 virtutibus
1615 1985 1772 2015 excellant.
1796 1988 1903 2026 quoin
1921 1995 2027 2025 genere
2046 1985 2130 2015 mul-

1169 2033 1233 2054 tum
1255 2024 1327 2053 boni
1349 2023 1390 2054 est
1408 2025 1439 2054 in
1460 2027 1645 2056 imitatione.
1669 2026 1798 2057 libenter
1811 2037 1894 2057 enim
1913 2038 1946 2058 ea
1960 2029 2128 2060 imitantur,

1168 2066 1428 2105 &perlequuntur
1439 2067 1528 2097 multi
1540 2087 1548 2099 ,
1572 2077 1610 2097 ex
1629 2068 1739 2107 quibus
1758 2069 1834 2099 alios
1853 2069 1904 2099 illa
1917 2069 2019 2100 eadem
2034 2089 2043 2102 ‚
2062 2078 2130 2110 quae

1169 2106 1221 2147 ipsi
1241 2116 1402 2146 appetunt,
1423 2109 1599 2139 consecutos
1617 2110 1731 2139 vident.
1755 2120 1840 2151 atque
1851 2120 1889 2140 ex
1902 2120 1939 2140 eo
1952 2110 2130 2151 plerumque

1168 2149 1296 2182 accidit,
1321 2158 1353 2180 ut
1372 2151 1476 2180 multis
1494 2152 1526 2180 in
1545 2152 1633 2181 rebus
1646 2171 1654 2184 ‚
1679 2161 1749 2192 quas
1768 2162 1852 2182 antea
1870 2163 1909 2184 ne
1927 2154 2128 2193 cogitaverant

1168 2190 1292 2231 quidem
1321 2211 1329 2225 ,
1358 2191 1430 2222 curn
1459 2192 1493 2222 ad
1523 2193 1672 2223 clarorum
1700 2196 1836 2224 virorum
1864 2196 2069 2224 imitationem
2099 2194 2130 2224 se

1167 2233 1369 2266 contulerint,
1391 2234 1559 2264 multorum
1580 2237 1676 2276 vigeat
1695 2235 1848 2266 industria.
1872 2246 1939 2277 quae
1957 2235 2028 2266 cum
2043 2236 2129 2276 paul-

1170 2276 1200 2304 lo
1221 2276 1354 2305 manavit
1371 2275 1459 2305 latius
1471 2295 1479 2310 ,
1499 2286 1626 2316 quantos
1639 2276 1803 2318 progress'us
1815 2298 1824 2311 ,
1844 2287 2011 2318 quantaque
2025 2278 2129 2318 acqui-

1146 2351 1147 2355 *
1171 2324 1211 2346 rat
1224 2317 1406 2347 incrementa
1414 2338 1424 2350 ,
1435 2319 1513 2347 nihil
1524 2317 1638 2348 necesse
1648 2319 1773 2349 arbitror
1782 2329 2032 2350 commemorare.
2052 2329 2130 2350 con-

1170 2357 1222 2388 stat
1241 2360 1326 2389 enim
1344 2361 1422 2389 inter
1440 2369 1567 2393 omnes,
1590 2370 1656 2400 quae
1673 2362 1809 2400 praeclara
1826 2362 1995 2395 ducuntur,
2016 2371 2049 2391 ea
2066 2360 2129 2391 fere

1169 2402 1274 2430 omnia
1291 2400 1307 2430 a
1328 2401 1468 2431 tenuibus
1479 2403 1574 2431 initiis
1584 2401 1713 2432 sumsiffe
1726 2403 1901 2433 exordium.
1925 2403 2006 2445 quod
2017 2403 2130 2443 paulla-

1167 2444 1223 2472 tim
1237 2462 1246 2475 ,
1258 2444 1429 2473 imitatione
1439 2443 1649 2484 progrediente
1657 2443 1869 2475 confirmatum
1882 2465 1890 2478 ,
1906 2455 1944 2475 ita
1953 2445 2130 2477 increbruit,

1167 2493 1199 2514 ut
1210 2494 1248 2513 ne
1258 2486 1359 2525 augeri
1377 2486 1500 2525 quidem
1514 2505 1522 2519 ,
1541 2495 1589 2516 aut
1602 2489 1767 2527 exaggerari
1785 2490 1878 2528 magis
1890 2485 1993 2526 posset.
2014 2486 2097 2528 quod
2107 2485 2128 2515 si

1169 2526 1229 2555 ulla
1239 2527 1270 2555 in
1282 2536 1311 2555 re
1324 2535 1443 2568 gratum
1452 2527 1541 2557 nobis
1556 2547 1564 2560 ‚
1577 2537 1663 2567 atque
1672 2537 1808 2568 optatum
1819 2527 1876 2558 eil'e
1886 2529 1975 2559 debet
1984 2547 1993 2562 ,
2004 2528 2127 2559 certem

1166 2567 1417 2607 complestendis,
1428 2569 1689 2610 provehendisque
1698 2571 1858 2600 virtutibus
1869 2581 1932 2601 non
1941 2571 2043 2604 video,
2053 2569 2127 2611 qutd

1170 2607 1228 2638 ess'e
1244 2608 1331 2648 poffit
1349 2613 1486 2649 optatius.
1519 2609 1665 2650 siquidem
1687 2621 1724 2641 ex
1743 2612 1790 2641 his
1809 2612 1986 2642 informatio
2004 2612 2127 2652 pendet,

1169 2649 1364 2691 educatioque
1375 2661 1442 2681 vita:
1455 2662 1461 2680 :
1472 2662 1537 2691 quae
1545 2652 1616 2682 cum
1630 2652 1709 2682 refte
1720 2652 1885 2684 instituitur
1895 2674 1903 2687 ,
1913 2664 2000 2694 atque
2010 2654 2128 2684 excoli-

1171 2701 1217 2722 tur
1226 2712 1235 2725 ,
1249 2693 1426 2723 incredibile
1435 2693 1518 2723 dictu
1530 2693 1591 2727 est,
1611 2704 1738 2735 quantos
1748 2715 1756 2727 ,
1767 2705 1917 2736 quamque
1929 2694 2128 2735 uberesjusti-

1170 2735 1216 2764 tiae
1229 2754 1241 2768 ,
1252 2737 1426 2775 integritatis
1435 2754 1444 2768 ‚
1459 2738 1622 2776 omnisque
1632 2735 1816 2776 :impliffimae
1827 2738 1922 2768 laudis
1930 2736 2044 2769 frutetis
2055 2735 2128 2766 affe-

1169 2785 1222 2806 rat.
1246 2776 1300 2806 Sed
1313 2796 1323 2809 ,
1346 2777 1417 2806 cum
1435 2786 1560 2807 virtutes
1581 2779 1683 2808 multae
1704 2779 1813 2808 merito
1823 2781 1977 2812 colantur,
1999 2777 2082 2819 quod
2094 2778 2129 2809 &1

1167 2818 1236 2857 ipsae
1246 2818 1328 2848 cultu
1342 2819 1440 2858 dignae
1452 2817 1506 2848 sirit
1518 2840 1525 2853 ,
1549 2819 1582 2849 ὃς
1598 2821 1700 2849 multae
1711 2821 1747 2850 ab
1758 2822 1796 2850 iis
1806 2820 1840 2851 ad
1853 2821 2024 2851 universum
2033 2829 2131 2861 genus

1168 2860 1333 2889 hominum
1342 2861 1481 2890 utilitates
1490 2864 1683 2900 proveniant:
1695 2862 1768 2902 quid
1780 2861 1811 2892 sit
1821 2882 1828 2896 ‚
1841 2873 1891 2893 cur
1901 2862 1998 2892 bestiae
2007 2871 2129 2903 quoque

1167 2901 1236 2941 ipsae
1245 2901 1281 2930 ab
1292 2904 1440 2942 AEgypti'is
1459 2901 1554 2932 ferme
1574 2905 1866 2935 omnesconl'ecratae
1877 2902 1948 2938 sint,
1974 2905 2045 2934 scire
2058 2905 2129 2935 sane

1169 2943 1274 2973 velim.
1299 2942 1331 2973 sit
1342 2944 1429 2983 piscis
1440 2946 1472 2973 in
1485 2945 1580 2978 cultu,
1596 2955 1627 2975 ac
1638 2947 1775 2976 Deorum
1786 2949 1931 2986 opinione
1940 2945 2016 2986 apud
2026 2949 2130 2985 Syros,

1170 2985 1312 3014 homines
1321 2995 1375 3015 nec
1389 2994 1468 3015 tanta
1478 2987 1591 3027 ingenii
1603 2988 1663 3016 acie
1672 2987 1810 3027 praeditos
1821 3008 1829 3021 ,
1850 2998 1906 3018 nec
1915 2990 2003 3018 tantis
2014 2986 2129 3017 doetri-

1170 3036 1277 3056 iiarum
1295 3025 1437 3066 praesidiis
1460 3027 1620 3058 instructos
1635 3049 1644 3062 ,
1663 3038 1696 3059 ut
1713 3031 1777 3060 haec
1797 3031 1915 3070 inepta,
1943 3029 2131 3069 ridiculaque

1170 3066 1230 3100 ess'e
1241 3088 1250 3104 ‚
1261 3067 1370 3110 poffint
1380 3069 1546 3110 agnoscere.
1571 3072 1705 3112 AEgyptii
1715 3071 1786 3103 vero
1796 3092 1805 3109 ‚
1817 3071 1962 3108 omnibus
1972 3070 2132 3142 affluentis

2030 3121 2080 3143 eru
2118 3126 2131 3132 ·
