2379 3400
264 130 383 190 1078
665 122 735 168 Μ
815 118 1180 164 TULLII

1261 114 1804 161 thssnonts

196 219 239 244 10
255 210 339 241 Cadit
356 210 447 248 igitur
467 208 498 236 in
516 204 647 235 eundem
668 203 701 233 Sc
719 201 872 234 misereri,
894 199 927 230 &
951 198 1101 229 invidere.
1131 207 1204 228 nam
1252 196 1345 230 τεξὶὲ.
1357 197 1405 227 vel
1424 194 1523 226 libido
1533 194 1595 226 dici
1605 195 1844 237 potest:quaeest
1855 197 2055 229 immoderata
2065 193 2212 238 appetitio

211 1896 247 1922 11

255 261 305 293 qua
327 252 399 279 defer
421 247 499 277 rebus
515 247 636 284 alicujus
658 243 796 284 adversis,
822 247 832 262 ¹
852 241 1056 281 iiiemaltcujus
1068 240 1208 280 etiamse-

253 292 349 321 cundis
363 290 451 329 [οισι.-
471 298 503 318 ut
523 285 745 326 Theophrastus
763 287 920 315 interitum
942 283 1100 323 deplorans
1118 283 1210 313 Calli-

256 333 389 365 sthenis,
410 330 518 362 sodalis
535 329 599 362 sui,
623 328 711 358 rebus
732 326 896 358 Alexandri
916 325 1062 365 prosperis
1082 326 1210 366 angitur:

256 377 356 416 itaque
376 373 451 402 dicit
470 369 684 401 Callisthenem
702 367 840 399 incidifl'e
858 370 892 398 in
913 369 1074 398 hominem
1093 366 1213 397 summa

254 417 390 456 porentia
401 435 409 447 ,
430 414 609 453 summaque
618 411 738 442 fortuna
750 431 759 445 ,
778 411 826 441 sed
838 412 973 451 ignarum
984 429 993 443 ‚
1015 408 1215 451 quemadmo—

257 457 331 488 dum
344 457 430 486 rebus
440 454 576 486 secundis
587 456 630 484 uti
640 455 827 484 conveniret.
851 454 943 494 Atqui
953 451 1213 493 quemadmodum

257 497 481 530 misericordia,
502 496 646 537 aegritudo
663 495 706 526 est
725 505 763 525 ex
783 495 902 525 alterius
925 492 1144 524 rebusadverfis
1157 504 1163 522 ι
1178 491 1216 523 fic

258 540 447 573 invidentia,
466 538 613 580 aegritudo
632 537 675 568 est
696 547 735 568 ex
753 537 875 567 alterius
892 537 980 566 rebus
998 535 1135 567 secundis
1156 545 1162 564 τ
1183 536 1215 564 in

259 592 350 623 quem
371 584 462 623 igitur
478 581 555 611 cadit
578 581 729 613 misereri,
752 582 785 609 in
805 578 937 610 eundern
957 580 1047 609 etiam
1068 576 1215 608 invidere.

259 634 325 654 non
343 625 421 654 cadit
439 632 539 652 autem
557 622 736 652 inviderein
748 621 910 661 sapientem
926 631 931 650 z
952 630 1021 662 ergo
1032 630 1070 650 ne
1084 619 1219 649 misereri

257 665 394 708 quidem.
417 669 432 684 2
447 664 529 705 quod
545 662 565 694 si
582 665 640 694 hoc
660 664 736 705 aegre
752 663 829 694 ferre
847 663 958 703 sapiens
970 663 1097 695 soleret,
1128 660 1218 691 mise-

258 710 316 739 reri
326 710 416 738 etiam
427 707 546 737 soleret.
568 705 651 737 abest
659 716 728 748 ergo
746 705 762 736 a
779 705 907 746 sapiente
917 703 1071 746 aegritudo.
1098 706 1171 734 Haec
1183 701 1220 732 fic

260 750 405 781 dicuntur
414 749 429 779 a
439 750 566 782 Stoicis,
578 748 859 787 concludunturque
868 746 1047 778 contortius.
1070 746 1120 776 sed
1132 744 1220 776 latius

256 792 415 832 aliquanto
432 790 560 821 dicenda
578 790 646 820 sunt
664 810 673 824 ,
705 790 738 820 &
755 788 892 820 diffusius
913 800 917 818 :
941 789 1098 819 sententiis
1119 796 1221 818 tamen

261 832 408 864 utendum
421 841 527 862 eorum
538 831 725 872 potiffimum
742 851 751 865 ,
762 833 815 872 qui
826 830 961 861 maxime
975 830 1066 865 forti,
1079 830 1122 864 δε,
1140 839 1172 859 ut
1182 830 1223 859 ita

263 876 359 905 dicam
373 894 381 908 ‚
404 875 485 904 virili
497 882 621 904 utuntur
630 876 745 904 ratione
756 893 765 907 ‚
784 883 870 914 atque
879 873 1035 904 sententia.
1059 882 1128 903 narn
1143 873 1225 902 Peri-

261 918 381 957 patetici
393 936 401 950 ‚
420 916 581 946 familiares
595 916 689 946 nostri
700 935 709 949 ‚
729 915 838 956 quibus
849 915 926 945 nihil
938 913 980 944 est
990 914 1110 945 uberius
1124 934 1133 948 ‚
1145 913 1224 943 nihil

261 958 427 992 eruditius,
448 958 527 988 nihil
548 959 667 998 gravius
680 977 689 992 ,
709 960 722 984 3
733 957 954 987 mediocritates
964 956 1013 987 vel
1024 956 1224 997 perturbatio-

262 1011 340 1031 num
359 1020 367 1034 ,
398 1000 446 1030 vel
475 1000 654 1031 morborum
675 1001 772 1030 animi
792 1019 800 1032 ,
821 999 899 1028 mibi
917 1009 981 1029 non
1003 999 1070 1028 sane
1086 997 1222 1038 probant.

263 1053 342 1072 omne
352 1044 436 1072 enim
447 1042 557 1071 malam
567 1061 574 1075 ,
588 1041 677 1071 etiam
684 1041 828 1074 mediocre,
839 1051 974 1082 magnum
985 1039 1030 1077 est.
1056 1050 1112 1070 nos
1122 1048 1222 1070 autem

262 1084 295 1115 id
311 1086 428 1126 agimus
440 1103 448 1118 ‚
471 1093 503 1114 ut
521 1083 551 1113 id
572 1085 603 1113 in
624 1083 754 1123 sapiente
765 1083 888 1113 nullum
902 1081 936 1113 sit
946 1084 1087 1113 omnino.
1112 1091 1182 1112 nam
1194 1090 1224 1110 ut

263 1136 370 1166 corpus
382 1146 391 1160 ,
414 1127 504 1156 etiam
525 1124 545 1154 si
564 1124 758 1156 mediocriter
777 1135 888 1165 aegrum
901 1124 958 1159 est,
984 1125 1088 1155 sanum
1099 1133 1163 1154 non
1173 1122 1224 1153 est:

264 1172 282 1195 4
293 1167 330 1198 sic
340 1178 374 1197 in
384 1170 491 1198 animo
501 1166 554 1198 ista
565 1167 759 1197 mediocritas
771 1188 779 1201 ,
797 1175 875 1197 caret
886 1166 1019 1197 sanitate.
1042 1167 1141 1206 itaque
1150 1174 1227 1205 prae—

265 1210 341 1240 clare
361 1209 478 1242 nostri,
499 1218 532 1239 ut
553 1209 609 1240 alia
620 1209 734 1242 multa,
761 1207 934 1239 molestiam
947 1228 956 1242 ,
975 1206 1225 1240 sollicitudinem,

258 1262 408 1293 vangorem
433 1272 442 1285 ‚
475 1260 597 1292 propter
629 1249 863 1281 fimilitudinem
883 1260 1047 1290 corporum
1065 1258 1225 1290 aegrorum.

266 1293 476 1335 aegritudinem
507 1295 752 1323 nominaverunt.
797 1293 856 1322 hoc
881 1291 1105 1332 propemodum
1136 1290 1229 1321 verbo

268 1336 364 1366 Graeci
387 1345 515 1366 omnem
535 1337 631 1365 animi
651 1334 906 1375 perturbationem
917 1334 1074 1375 appellant.
1099 1336 1112 1360 ς
1123 1341 1230 1363 vocant

266 1379 350 1407 enim
362 1378 449 1410 mas&
460 1397 468 1411 ‚
482 1377 512 1407 id
525 1376 568 1407 est
579 1397 588 1410 ‚
602 1377 743 1407 morbum
753 1396 763 1410 ‚
774 1377 948 1417 quicunque
958 1374 1000 1406 est
1011 1384 1112 1406 motus
1122 1376 1153 1405 in
1164 1376 1229 1405 ani-

268 1429 323 1449 mo
334 1419 489 1449 turbidus?
509 1428 567 1448 nos
587 1417 699 1449 melius
713 1421 813 1459 :aegris
826 1420 908 1448 enim
921 1417 1099 1458 corporibus
1112 1416 1231 1447 fimilli-

268 1471 318 1491 tna
335 1460 378 1491 est
394 1463 493 1491 animi
510 1461 667 1501 aegritudo.
689 1459 705 1481 ⁶
725 1470 754 1492 at
773 1469 838 1491 non
854 1458 962 1490 fimilis
976 1461 1179 1502 aegrotationis
1187 1457 1230 1489 est

266 1502 364 1533 libido
376 1522 384 1536 ,
407 1512 471 1533 non
490 1502 690 1533 immoderata
706 1503 826 1536 laetitia,
849 1511 916 1544 quae
930 1501 974 1532 est
983 1502 1122 1541 voluptas
1132 1502 1230 1530 animi

264 1545 343 1574 elata
356 1563 364 1578 ,
390 1544 423 1574 &
434 1543 573 1585 gestiens.
597 1544 658 1584 ipse
669 1545 758 1575 etiam
771 1553 868 1574 metus
882 1553 947 1574 non
958 1542 1000 1574 est
1010 1542 1110 1573 morbi
1121 1542 1226 1573 admo-

262 1585 344 1616 ‘dum
365 1583 471 1615 fimilis
490 1605 499 1619 ‚
520 1595 702 1626 quamquam
721 1585 891 1627 aegritudini
914 1584 957 1615 est
976 1583 1128 1615 finitimus
1149 1603 1158 1617 ‚
1178 1582 1227 1613 sed

269 1627 409 1667 proprie,
435 1636 468 1657 ut
487 1628 640 1668 aegrotatio
654 1628 686 1657 in
697 1637 821 1667 corpore
833 1647 842 1661 ‚
862 1625 900 1657 sic
909 1625 1054 1668 aegritudo
1065 1628 1097 1656 in
1111 1627 1227 1657 animo,

269 1678 387 1699 nomen
398 1669 485 1699 habet
496 1678 560 1698 non
573 1667 741 1706 seiunGtum
750 1670 766 1700 a
776 1668 890 1699 dolore.
914 1668 1027 1698 doloris
1038 1669 1129 1710 igitur
1139 1668 1230 1706 hujus

271 1712 356 1752 origo
368 1710 457 1740 nobis
466 1710 642 1750 explicanda
651 1710 693 1741 est
707 1731 715 1744 ,
728 1710 759 1741 id
769 1709 827 1744 est,
841 1711 926 1741 causa
934 1708 1067 1740 efficiens
1077 1709 1228 1751 aegritudi-

270 1762 342 1782 nem
364 1754 395 1781 in
413 1753 537 1784 animo,
560 1760 700 1792 tanquam
711 1753 980 1794 aegr0tationemin
991 1761 1123 1791 corpore.
1146 1760 1228 1783 nam,

271 1803 304 1824 uc
322 1794 441 1827 medici,
461 1794 545 1832 causti
566 1793 655 1823 morbi
679 1794 813 1827 inventa,
834 1793 1009 1822 curationem
1026 1792 1231 1830 effeinventam

267 1843 373 1877 purant
382 1846 392 1861 .·
405 1834 442 1864 sic
453 1844 508 1864 nos
519 1855 527 1869 ,
546 1835 629 1865 causa
639 1835 825 1876 aegritudinis
836 1843 947 1875 reperta
960 1855 968 1868 ‚
981 1834 1125 1864 medendi
1135 1833 1233 1864 facul-

271 1886 359 1908 tatem
379 1879 574 1917 reperiemus.
607 1876 658 1907 Est
678 1879 768 1917 igitur
786 1876 870 1907 causa
890 1877 995 1907 omnis
1014 1878 1047 1905 in
1069 1878 1230 1916 opinione,

268 1929 324 1950 nec
333 1918 405 1948 vero
415 1918 601 1959 aegritudinis
611 1917 722 1952 solum,
734 1918 783 1949 sed
793 1920 883 1949 etiam
892 1919 1074 1959 reliquarum
1086 1919 1229 1947 omnium

267 1961 529 2002 perturbationum
544 1971 550 1989 :
571 1970 636 2001 quae
648 1961 717 1991 sunt
723 1970 832 2001 genere
843 1969 983 2001 quattuor
994 1980 1002 1994 ,
1021 1960 1152 2001 partibus
1163 1959 1231 2000 plu-

270 2013 327 2033 res.
351 2013 422 2033 nam
443 1998 517 2033 cum
537 2004 640 2032 omnis
658 2002 841 2042 perturbatio
861 2000 894 2032 fit
907 2004 1117 2032 animimotus
1127 2003 1176 2032 vel
1186 2010 1231 2031 ra-

268 2047 364 2075 tionis
380 2054 504 2085 expers,
529 2046 577 2074 vel
596 2046 744 2074 rationem
769 2045 925 2084 aspernans
937 2064 945 2078 ‚
966 2045 1015 2075 vel
1033 2046 1143 2074 rationi
1165 2053 1231 2074 non

273 2086 423 2117 obediens
434 2106 443 2120 ‚
464 2087 547 2127 isque
557 2095 661 2116 motus
679 2096 728 2117 aut
738 2086 835 2120 boni,
855 2095 904 2117 aut
917 2087 989 2117 mali
1001 2088 1148 2126 opinione
1158 2087 1232 2116 cite-

270 2138 336 2160 tur:
354 2127 493 2158 bifariam
513 2137 653 2169 quattuor
661 2128 897 2169 perturbationes
905 2129 1056 2169 aequaliter
1067 2127 1231 2159 distributae

270 2172 348 2200 sunt.
371 2180 442 2200 narn
455 2170 520 2200 duae
530 2171 597 2200 sunt
607 2180 645 2200 ex
655 2172 803 2210 opinione
815 2171 905 2200 boni:
919 2180 1047 2211 quarum
1057 2170 1158 2203 altera,
1175 2179 1230 2199 vo·

270 2213 365 2252 luptas
375 2212 504 2253 gestiens
515 2231 524 2245 ,
536 2212 566 2242 id
577 2211 629 2246 est,
643 2221 745 2252 praeter
756 2212 885 2243 modum
898 2213 971 2242 elata
979 2212 1092 2246 laetitia,
1107 2213 1232 2252 opinio-

272 2264 311 2285 ne
332 2255 485 2295 praesentis
499 2256 601 2295 magni
609 2255 735 2295 alicujus
745 2254 840 2285 boni:
857 2259 871 2283 7
881 2254 974 2285 altera
982 2253 1128 2294 cupiditas
1138 2273 1147 2289 ,
1165 2263 1232 2294 quae

1255 240 1370 280 opinati
1384 239 1486 280 magni
1497 237 1572 268 boni
1584 256 1592 270 ,
1606 233 1620 257 ⁸
1631 239 1740 268 rationi
1750 248 1815 269 non
1824 239 2044 281 obtemperans.
2069 249 2139 280 ergo
2147 239 2210 271 haee

1255 282 1316 312 duo
1336 290 1441 323 genera
1453 300 1461 314 ‚
1481 279 1618 319 voluptas
1628 277 1756 321 gestiens
1767 299 1777 313 ,
1795 280 1829 310 &
1838 280 1935 312 libido
1948 301 1958 316 ‚
1977 281 2128 312 bonorum
2143 282 2215 321 opi-

1257 324 1351 354 nione
1362 322 1519 353 turbantur
1528 340 1537 355 ,
1559 330 1592 351 ut
1602 321 1665 352 duo
1675 321 1789 361 reliqua
1800 340 1809 355 ²
1820 331 1918 353 metus
1927 323 1960 354 &
1968 323 2113 366 aegritudo
2128 343 2136 357 ‚
2149 331 2222 353 ma·

1257 367 1368 396 lorum.
1391 374 1461 395 nam
1482 364 1515 394 &
1532 372 1632 394 metus
1643 383 1652 398 ‚
1672 364 1779 403 opinio
1799 366 1900 405 magni
1920 366 1991 396 mali
2002 364 2218 406 impendentis:

1259 408 1291 439 &
1311 406 1455 450 aegritudo
1468 426 1477 440 ,
1498 404 1542 436 est
1550 407 1657 446 opinio
1668 406 1770 445 magni
1784 405 1857 435 mali
1865 406 2016 445 praesentis
2027 417 2035 437 ε
2047 407 2080 438 &
2112 407 2218 440 uidem

1258 459 1361 481 recens
1372 450 1478 490 opinio
1489 448 1555 478 talis
1567 449 1651 482 mali,
1663 449 1739 478 utin
1750 456 1786 477 eo
1795 446 1912 477 reaum
1923 447 2057 479 videatur
2066 460 2081 478 e
2109 459 2125 479 e
2135 450 2218 489 angi:

1260 492 1291 522 id
1304 501 1405 523 autem
1416 489 1458 521 est
1469 510 1477 524 ‚
1489 499 1523 520 ut
1533 491 1571 524 is,
1581 500 1632 531 qui
1646 489 1756 522 doleat,
1767 498 1905 529 oportere
1915 491 2054 528 opinetur
2064 491 2092 521 se
2103 491 2217 521 dolere.

1263 535 1310 564 his
1319 542 1420 564 autern
1431 531 1711 573 perturbationibus
1721 551 1729 565 ‚
1750 535 1765 558 9
1779 541 1850 573 quas
1860 531 1888 560 in
1899 531 1966 560 vira
1974 531 2221 569 hominumstnlti-

1261 577 1304 606 ria
1316 575 1399 618 quasi
1406 574 1545 616 quasdam
1550 573 1649 614 furias
1660 574 1797 602 immittit
1808 593 1817 607 ‚
1839 580 1927 614 atque
1936 573 2041 602 incitat
2054 575 2220 607 somnibus

1261 620 1376 648 viribus
1385 638 1394 651 ,
1411 626 1499 658 atque
1522 617 1634 656 opibus
1642 615 1870 657 repugnandum
1881 614 1941 649 est,
1966 613 1986 644 fi
1996 615 2139 646 volumus
2148 617 2221 649 hoc.

1261 659 1344 701 quod
1362 659 1466 690 datum
1482 657 1525 689 est
1544 659 1614 688 vitae
1634 676 1643 691 ‚
1663 657 1826 698 tranquille
1836 677 1845 691 ,
1862 656 2037 698 placideque
2059 657 2224 687 traducere.

1265 705 1295 721 ¹0
1304 701 1352 732 sed
1361 711 1456 732 cetera
1464 699 1546 731 alias:
1557 710 1640 730 nunc
1699 699 1864 729 titudinem
1878 697 1897 728 fi
1908 697 2078 739 poffumus,
2089 698 2222 740 depella-

1263 754 1341 774 mus.
1364 743 1395 774 id
1415 745 1499 773 enim
1519 740 1554 772 sit
1575 751 1670 782 propo
1684 751 1761 772 itum
1775 752 1781 771 ε
1799 740 2045 782 quandoquidem
2059 750 2124 771 eam
2136 749 2166 770 tu
2176 741 2226 770 vi-

1262 786 1325 817 deri
1336 785 1391 816 tibi
1402 786 1434 815 in
1445 786 1608 825 sapientem
1618 783 1720 815 cadere
1731 783 1847 814 dixisti.
1871 783 1952 823 quod
1964 793 2019 824 ego
2031 783 2117 813 nullo
2128 781 2224 812 modo

1264 827 1419 859 existimo.
1443 836 1524 858 taetra
1538 827 1622 857 enim
1633 836 1678 856 res
1688 825 1730 856 est
1740 845 1748 859 ‚
1771 825 1879 856 misera
1889 845 1898 858 ,
1921 824 2102 855 detestabilis
2113 844 2123 858 ,
2135 824 2225 854 omni

1263 872 1472 902 contentione,
1488 869 1576 902 velis,
1588 878 1620 899 ut
1636 870 1675 898 ita
1685 867 1796 901 dicam,
1810 867 1963 908 remisque
1974 866 2125 908 fugienda.
2144 868 2226 907 Qa-

1265 913 1302 943 lis
1315 914 1400 943 enim
1413 911 1467 942 tibi
1481 915 1505 930 ¹¹
1519 911 1569 940 ille
1579 911 1698 941 videtur
1708 909 1828 938 Tantalo
1835 916 1989 950 prognatus
2003 928 2011 942 ,
2027 908 2121 949 Pelope
2129 915 2225 941 natus,

1265 955 1318 995 qui
1335 953 1476 996 quondam
1500 949 1517 982 iz
1528 953 1617 992 socero
1636 955 1772 981 Oenomao
1796 961 1856 992 rege
1874 954 1902 970 ¹2
1913 949 2134 992 Hippodamiam
2142 956 2226 989 raptu

1265 995 1364 1026 nao'hu
1382 997 1488 1037 nuptiis
1501 998 1510 1024 ἓ
1532 996 1621 1036 jovis
1642 993 1694 1024 iste
1713 992 1836 1034 quidem
1857 1002 2019 1034 pronepos.
2043 1001 2144 1023 tamne
2154 1000 2226 1034 ergo

1264 1038 1410 1079 abje&u5‚
1421 1045 1542 1077 tamque
1553 1035 1662 1067 frastus
1674 1038 1683 1061 ἒ

1361 1084 1490 1125 Ἇζρίίῑε(
1503 1084 1602 1123 inquit
1614 1084 1623 1122 )
1634 1079 1746 1120 hospites
1757 1084 1785 1108 ¹3
1796 1080 1833 1109 ad
1841 1090 1884 1110 me
1892 1080 1968 1110 adire
1978 1080 2041 1112 ilico
2051 1079 2131 1118 istit-5

1364 1129 1411 1155 Ne
1419 1125 1544 1165 contagio
1556 1134 1616 1152 mea
1627 1122 1703 1153 bonis
1713 1143 1722 1157 ‚
1746 1121 1882 1151 umbrave
1891 1121 1959 1163 obstr
1968 1133 1980 1150 .-

1366 1169 1462 1197 Tanta
1472 1166 1626 1206 vio-sceleris
1637 1166 1666 1195 in
1677 1172 1783 1207 corpore
1795 1165 1883 1194 haret.

1269 1229 1320 1257 Tu
1333 1235 1362 1257 te
1375 1245 1383 1260 ‚
1403 1223 1533 1265 Thyesta
1545 1244 1553 1258 ‚
1574 1223 1729 1255 damnabis
1740 1244 1748 1256 ‚
1770 1222 1947 1263 orbabisque
1957 1222 2023 1252 luce
2034 1229 2152 1262 propter
2161 1223 2228 1254 vim

1270 1269 1388 1299 sceleris
1404 1268 1494 1297 alieni
1517 1270 1528 1295 ἓ
1549 1266 1624 1307 quid
1646 1269 1656 1296 ἓ
1687 1266 1776 1296 illurn
1802 1263 1903 1295 filium
1921 1265 2000 1296 Solis
2019 1273 2123 1295 nonne
2139 1265 2230 1305 patris

1271 1309 1360 1351 ipsius
1369 1310 1436 1340 luce
1448 1308 1609 1350 indignum
1619 1310 1723 1348 putas?

1368 1355 1507 1398 Refugere
1517 1356 1609 1386 oculi:
1620 1365 1715 1399 corpus
1723 1356 1813 1385 macie
1822 1353 1954 1385 extabuit
1964 1366 1976 1383 .-

1367 1403 1508 1441 Lacrymae
1513 1397 1635 1441 peredere
1643 1400 1755 1428 humore
1764 1399 2001 1439 exsanguisgenm
2008 1407 2021 1425 .·

1366 1442 1387 1472 S
1391 1450 1435 1470 itu
1446 1441 1548 1471 nidoris
1557 1440 1642 1470 barba
1647 1441 1746 1481 paedore
1757 1441 1878 1474 horrida,

1366 1486 1475 1524 ‹Atqne
1485 1483 1596 1522 intonsa
1606 1483 1728 1522 infufiat
1739 1481 1837 1523 pestus
1848 1481 1947 1512 illuvie
1953 1479 2097 1521 flabrum.

1273 1543 1348 1572 Haec
1361 1541 1437 1571 mala
1448 1560 1457 1574 ,
1479 1539 1498 1570 ὃ
1509 1538 1675 1570 stultiffime
1687 1540 1774 1570 AE'e'ta
1784 1559 1792 1573 ‚
1813 1539 1874 1580 ipse
1886 1540 1942 1570 tibi
1951 1538 2101 1569 addidisti.
2126 1539 2157 1565 ¹4
2166 1547 2233 1571 non

1275 1586 1391 1613 inerant
1412 1585 1445 1612 in
1468 1583 1532 1616 his,
1552 1581 1683 1622 quaetibi
1694 1582 1777 1611 casus
1787 1583 1952 1615 invexerat,
1967 1580 2133 1621 &quidem
2146 1582 2234 1610 inve-

1272 1632 1364 1655 terato
1376 1625 1457 1654 malo
1469 1627 1573 1654 '5cum
1585 1633 1687 1654 tumor
1699 1625 1796 1653 animi
1806 1621 1967 1654 resedifl‘et.
1983 1622 2025 1653 est
2036 1632 2135 1653 autem
2148 1624 2234 1663 aegri-

1276 1667 1349 1697 tudo
1363 1687 1371 1700 ‚
1394 1675 1426 1696 ut
1445 1665 1581 1698 docebo,
1604 1667 1634 1695 in
1651 1667 1798 1705 opinione
1816 1666 1889 1695 mali
1903 1667 2040 1695 recentis.
2065 1663 2113 1694 sed
2124 1672 2234 1694 moeres

1276 1708 1418 1739 videlicet
1427 1709 1511 1747 regni
1521 1705 1666 1737 defiderio
1678 1726 1686 1740 ,
1697 1716 1761 1736 non
1771 1705 1852 1736 filiae.
1876 1706 1960 1736 illam
1971 1708 2054 1736 enim
2065 1705 2167 1735 oderas
2179 1726 2187 1739 ,
2200 1705 2235 1736 δε

1272 1752 1338 1790 jure
1357 1748 1485 1778 fortass'e.
1511 1758 1602 1788 regno
1624 1758 1688 1778 non
1707 1758 1794 1788 aequo
1811 1750 1917 1778 animo
1931 1748 2056 1778 carebas.
2077 1745 2115 1783 est
2132 1755 2236 1778 autem

1250 1828 1252 1833 Ι
1277 1791 1418 1832 impudens
1440 1788 1533 1819 latim
1553 1798 1666 1819 moerore
1678 1790 1708 1830 se
1727 1789 1894 1828 conficientis
1915 1810 1924 1824 ‚
1942 1787 2016 1830 quod
2032 1789 2166 1830 imperare
2182 1798 2236 1820 non

1276 1834 1362 1862 liceat
1379 1831 1484 1861 liberis.
1507 1831 1671 1872 Dionysius
1690 1832 1814 1873 quidem
1834 1841 1995 1872 tyrannus,
2016 1829 2163 1871 Syracusis
2180 1840 2237 1861 ex-

1277 1876 1378 1916 pulsus
1389 1895 1398 1908 ,
1419 1875 1558 1905 Corinthi
1572 1883 1680 1914 pueros
1690 1874 1824 1904 docebat.
1849 1875 1940 1914 usque
1951 1872 1990 1903 eb
2001 1874 2130 1913 imperio
2138 1881 2238 1902 carere

1278 1927 1342 1947 non
1361 1925 1484 1957 poterat.
1508 1917 1678 1956 Tarquinio
1697 1915 1852 1957 veroquid
1864 1914 2089 1956 impudentius,
2109 1913 2240 1955 quibel-

1276 1960 1342 1990 lum
1363 1967 1554 2000 gereretcum
1566 1959 1604 1988 iis
1615 1979 1624 1992 ‚
1646 1958 1771 1999 quiejus
1785 1967 1849 1988 non
1857 1958 1986 1988 tulerant
1995 1955 2183 1997 superbiam?
2200 1956 2239 1989 is,

1275 2001 1350 2033 cum
1365 2000 1480 2031 restitui
1501 2002 1534 2031 in
1555 2010 1681 2041 regnum
1704 2009 1760 2030 nec
1776 2001 1954 2039 Vejentium
1967 2019 1976 2033 ‚
1993 2009 2048 2029 nec
2060 2000 2239 2029 Latinorum

1276 2045 1367 2075 armis
1375 2041 1517 2084 potuisset
1525 2064 1535 2077 ‚
1556 2045 1666 2073 Cumas
1675 2042 1704 2072 se
1713 2040 1873 2073 contuliffe
1883 2041 2005 2076 dicitur,
2017 2043 2110 2082 inque
2121 2050 2153 2070 ea
2165 2039 2239 2069 urbe

1279 2086 1364 2116 senio
1379 2105 1387 2119 ‚
1411 2086 1444 2116 &
1462 2084 1637 2125 aegritudine
1656 2082 1712 2114 effe
1722 2083 1888 2115 confee‘tus.
1913 2086 2024 2114 Hoetu
2036 2085 2124 2125 igitur
2137 2082 2240 2112 censes

1279 2128 1405 2167 sapienti
1425 2127 1556 2157 accidere
1567 2124 1648 2166 poss'e
1660 2145 1668 2160 ‚
1689 2134 1721 2156 ut
1730 2125 1904 2167 aegritudine
1915 2127 2121 2166 opprimatur,
2143 2123 2174 2154 id
2186 2121 2240 2158 est,

1280 2170 1424 2199 miseria?
1447 2178 1518 2198 nam
1537 2167 1608 2199 cum
1629 2170 1732 2197 omnis
1743 2167 1944 2208 perturbatio,
1964 2165 2150 2199 miseriaest‚
2174 2174 2241 2196 tum

1277 2209 1451 2242 carnificina
1463 2210 1505 2240 est
1515 2230 1525 2244 ‚
1537 2209 1682 2251 aegritudo
1692 2230 1701 2244 ,
1713 2209 1801 2239 babet
1809 2208 1946 2239 ardorem
1958 2208 2055 2239 libido
2064 2228 2073 2242 ‚
2086 2208 2241 2238 levitatem

1279 2253 1380 2284 laetitia
1393 2251 1521 2294 gestiens
1533 2272 1542 2287 ,
1566 2252 1772 2283 humilitatem
1782 2258 1882 2282 metus
1894 2261 1899 2281 :
1911 2250 1960 2282 sed
1969 2249 2113 2292 aegritudo
2127 2249 2242 2288 majora

2159 2299 2244 2331 quae·

312 2382 322 2399 ι
331 2392 337 2399 .
356 2373 418 2399 Idem
427 2374 532 2407 alicujus
540 2371 813 2405 etiamsecundissolet.]
836 2372 938 2407 Recepi
949 2370 1064 2398 Vfflorii
1077 2371 1219 2398 leffionem
1226 2390 1233 2402 ,

272 2407 352 2436 etiam
364 2411 379 2436 ii
394 2409 451 2436 Pal.
463 2417 527 2436 tert.
540 2408 708 2434 redhibitam.
731 2408 811 2443 vulgo
822 2409 890 2433 dolet.
914 2408 930 2433 ii
942 2408 992 2433 mei
1006 2408 1121 2441 resjuris
1132 2408 1195 2434 esset
1205 2412 1234 2435 τὸ

266 2446 331 2471 adem
341 2455 448 2481 quoque
458 2455 490 2472 ex
503 2445 580 2472 Fabr.
591 2444 751 2470 anaor-itate
763 2443 900 2475 tollerem,
910 2444 937 2469 &
950 2453 983 2469 ex
996 2453 1036 2479 pr.
1048 2444 1104 2469 Pal.
1117 2443 1150 2469 sic
1159 2443 1233 2478 dige-

274 2490 379 2508 rerem:
401 2491 458 2507 nam
476 2484 518 2516 qni
527 2481 583 2507 dolet
593 2482 662 2507 rebus
680 2482 782 2514 alicujus
799 2481 905 2515 advcrfis
917 2499 926 2512 ,
945 2482 1015 2505 etiam
1035 2480 1136 2512 alicujus
1147 2480 1235 2513 ficun-

275 2518 312 2544 aa
325 2518 393 2551 filet.

309 2562 338 2579 ι.
358 2553 499 2587 Qodfihoc
509 2554 633 2586 agreferre
644 2553 743 2586 sapiens
755 2551 865 2585 fideret]
886 2551 957 2578 Pali.
969 2558 1032 2577 tert.
1044 2558 1134 2587 quart.
1145 2552 1241 2586 quodsi

272 2590 419 2622 hec-sapiens
431 2590 517 2622 referre
528 2590 622 2623 fhleret.
645 2589 734 2625 quint.
745 2589 806 2622 quod
817 2590 890 2622 fihaec
901 2589 967 2621 ftrre
979 2588 1079 2621 saptens
1086 2588 1132 2621 fhl.

314 2633 340 2659 3.
361 2626 540 2651 Mediocritates
556 2626 600 2650 vel
612 2625 852 2658 perturbationum]
876 2625 1034 2655 Μεσὸτητως.
1064 2625 1105 2650 Ita
1123 2631 1238 2659 quatuor

282 2660 352 2687 Pan.
363 2661 463 2697 priores
475 2681 484 2693 ,
496 2661 559 2687 Fab.
570 2660 636 2687 edit.
647 2661 762 2687 metui-ii
774 2671 780 2687 ι
805 2661 886 2696 vulgo
899 2680 906 2692 ,
927 2661 1116 2685 mediocritatem.

312 2704 339 2728 4.
359 2701 396 2722 Sic
413 2700 439 2723 in
458 2700 534 2723 animo
551 2699 597 2730 esta
615 2697 762 2723 mediocritas
779 2704 844 2722 caret
857 2697 993 2731 sanitate]
1013 2697 1118 2722 Veteris
1138 2694 1237 2721 codicis

278 2731 330 2756 hate
340 2732 421 2759 leitio
431 2733 478 2764 est,
489 2742 566 2768 quam
580 2742 685 2769 quoque
697 2732 791 2759 Lamb.
801 2732 910 2759 ascivit:
933 2733 1021 2768 estque
1032 2732 1058 2759 in
1070 2731 1138 2758 Pau.
1150 2739 1238 2767 quart.

279 2768 366 2807 quint.
379 2769 457 2795 Fabr.
467 2769 539 2796 Pitb.
551 2769 631 2804 vulgo
644 2780 650 2796 :
666 2770 712 2803 sic.
726 2771 783 2804 fiin
792 2772 868 2795 animo
878 2771 913 2795 ei?
928 2770 972 2802 issa
991 2769 1137 2795 mediocritas
1149 2787 1157 2800 ,
1177 2775 1242 2794 taret

277 2806 394 2838 Janitate.

321 2847 345 2870 5.
365 2843 448 2865 Vocant
458 2843 518 2866 enim
527 2842 613 2873 5509&
624 2860 633 2873 ‚
642 2842 669 2866 id
676 2843 711 2867 ef}
721 2861 728 2871 ‚
739 2843 841 2867 morbum
853 2859 860 2871 ,
871 2843 1004 2876 quicunque
1014 2842 1049 2868 ef!
1057 2840 1158 2875 momen]
1180 2840 1240 2866 Pal.

283 2880 372 2908 quart.
383 2878 494 2905 moi-hum,
506 2878 591 2910 quibm
601 2881 738 2912 quicumque
748 2880 782 2902 ef?
792 2884 876 2903 motus.

317 2909 345 2934 6.
365 2914 413 2936 <At
422 2921 464 2935 non
468 2913 550 2944 fimilis
560 2914 710 2945 aegrotntionis
725 2915 760 2938 εἴτ’
768 2913 864 2947 libido]
887 2913 956 2939 Mire
967 2912 1072 2940 variant
1082 2913 1109 2939 iu
1122 2912 1241 2938 hocloco

282 2945 362 2971 nostri
374 2944 452 2971 codd.
463 2946 568 2973 secund.
587 2950 693 2982 aegritudo
703 2958 731 2974 ac
742 2959 786 2974 uon
797 2950 880 2982 similis
889 2952 1007 2981 egrotatio.
1028 2956 1092 2975 tert.
1104 2956 1192 2984 quart.
1213 2955 1241 2974 at

281 2990 327 3006 non
338 2982 426 3012 similes
444 2985 601 3013 egrotationis.
622 2987 660 3017 Est
678 2985 746 3010 libido
755 2985 917 3011 immoderata.
937 2985 1025 3021 quint.
1045 2988 1093 3013 §At
1104 2986 1240 3019 nonfimiles

282 3019 396 3050 egrotatio
406 3018 445 3047 cst.
464 3018 531 3042 libido
541 3022 600 3043 enim
608 3021 771 3052 immoderata,
782 3021 832 3051 &c.

319 3061 346 3092 7.
366 3054 465 3079 :Altera
475 3054 592 3092 cupiditas
603 3065 650 3086 2711ae
660 3058 718 3081 νεέῐὲ
727 3061 768 3081 vel
775 3057 869 3090 libido]
891 3057 934 3083 Sic
943 3056 1028 3083 edidit
1038 3056 1175 3083 Vieiorius
1186 3067 1192 3084 :
1207 3056 1243 3083 fic

281 3096 399 3124 qumque
412 3088 466 3114 1³²¹·
479 3089 565 3114 vatic·
580 3089 660 3123 Vulgi)
674 3098 681 3119 3
704 3093 793 3123 altera,
803 3095 846 3117 vel
854 3094 971 3126 cupiditas
981 3093 1040 3118 rem
1049 3093 1176 3119 vellibido.

307 3124 346 3164 ⁴8.
365 3127 513 3164 gationfnon
530 3126 698 3157 obtemperans.
717 3128 790 3161 erga]
813 3129 991 3164 Locupletant
1003 3129 1169 3155 liunclocum
1181 3138 1240 3154 cum

280 3159 404 3188 ViCtorio
415 3169 532 3196 quinque
542 3160 611 3189 Pall-
632 3161 681 3188 hoc
692 3162 788 3189 inodo:
813 3165 971 3198 obtemperans
982 3184 990 3198 ‚
1011 3175 1060 3201 qua
1067 3167 1112 3191 vel
1126 3165 1245 3198 cupidita

1285 2372 1355 2403 reHe,
1365 2373 1408 2396 vel
1415 2372 1484 2397 libido
1496 2372 1544 2397 dici
1557 2373 1638 2404 potest.
1660 2373 1730 2402 Ergo.

1318 2415 1335 2441 9
1342 2426 1348 2433 .
1368 2408 1435 2439 Qu
1445 2410 1471 2433 1'n
1480 2410 1536 2432 vita
1546 2408 1661 2432 hominum
1674 2406 1783 2437 stultitia
1791 2405 1860 2438 quasi
1867 2403 1980 2438 quasdam
1992 2403 2077 2435 fin-Iar
2086 2404 2245 2428 immittitur-

1279 2443 1350 2477 que]
1374 2442 1510 2469 vietoi-ius
1521 2442 1574 2468 haec
1584 2442 1616 2468 fic
1626 2441 1710 2468 edidit
1721 2442 1736 2466 τὶ
1748 2441 1805 2467 mss.
1823 2438 1956 2476 plerisque
1965 2439 2140 2465 constabilita.
2162 2440 2245 2465 Lam-

1281 2479 1358 2504 binus
1369 2485 1399 2505 ut
1407 2478 1508 2513 aliquid
1519 2478 1642 2509 innovet,
1655 2477 1759 2514 reponit
1768 2479 1794 2502 in
1805 2480 1902 2502 vitam:
1916 2483 2008 2502 contra
2018 2475 2111 2502 libros.
2123 2474 2165 2502 sed
2177 2475 2243 2502 hanc

1282 2513 1391 2577 carsilflem
1402 2514 1490 2551 bigam
1501 2523 1596 2541 vocum
1607 2514 1665 2541 Pal.
1684 2513 1771 2550 quint.
1790 2522 1842 2540 non
1857 2511 1975 2548 agnoscit
1988 2531 1996 2545 ,
2017 2521 2064 2538 uec
2079 2511 2184 2538 videtur
2195 2518 2243 2538 ne-

1282 2560 1311 2577 ce
1334 2559 1398 2577 aria.

1322 2596 1364 2612 ιο.
1383 2587 1427 2612 Sed
1436 2594 1513 2613 cetera
1522 2585 1614 2621 alian]
1636 2585 1786 2622 Vulgo,sed
1795 2592 1883 2610 ceteras
1897 2583 1973 2611 alitis.
1996 2583 2045 2611 hoc
2057 2603 2065 2616 ,
2083 2583 2118 2610 fic
2125 2581 2243 2619 produnt

1285 2623 1390 2650 Vi&or.
1403 2624 1519 2659 quinque
1532 2623 1599 2648 1²:111.
1611 2622 1673 2649 Fab.
1689 2622 1762 2648 Pith.
1774 2621 1861 2648 Vat1c.

1324 2668 1363 2685 ιι.
1384 2662 1421 2685 Ille
1431 2660 1636 2686 vtdnurt'antalo
1653 2657 1808 2693 prognatus]
1830 2656 1902 2684 I’ith.
1914 2655 1974 2683 cod.
1984 2662 2103 2690 pronatus·
2113 2673 2122 2686 ,
2140 2660 2171 2680 ut
2180 2663 2246 2689 pro-

1285 2705 1316 2723 ne
1337 2704 1376 2721 os.

1319 2705 1367 2758 f1'7..
1378 2731 1556 2764 Hippodamiam
1567 2737 1638 2764 rapm
1647 2732 1734 2757 nasius
1743 2730 1858 2764 nuptiis]
1870 2729 1958 2764 Vulgo
1968 2728 2043 2760 raptis
2051 2727 2138 2752 naft‘m
2147 2726 2245 2759 nuptiis.

1285 2768 1363 2795 nimis
1375 2767 1462 2804 asperi:
1475 2779 1480 2794 :
1505 2768 1620 2794 nostruin
1633 2775 1721 2793 autem
1736 2765 1841 2802 ingeffit
1852 2765 1936 2792 l'alat.
1948 2765 2034 2800 quint.
2047 2762 2118 2788 Pith.

1326 2812 1368 2840 ¹3·
1391 2804 1432 2830 Ad
1440 2813 1472 2829 mc
1483 2805 1549 2830 adire
1557 2805 1609 2830 ilico
1619 2804 1693 2838 istic]
1714 2803 1758 2829 Sic
1769 2801 1903 2828 ViCtorius
1912 2801 1940 2826 8<
1950 2799 2044 2835 partim
2058 2797 2125 2824 Pan.
2136 2806 2193 2824 nam
2206 2796 2248 2824 so-

1288 2839 1328 2866 lus
1339 2839 1427 2876 quint.
1437 2842 1496 2874 ista:
1515 2841 1542 2866 in
1563 2847 1651 2866 cetera
1665 2839 1816 2866 consonans.
1841 2835 2003 2863 Gulielmius
2022 2843 2055 2860 ex
2070 2833 2246 2868 coiijeeiuriu

1285 2878 1422 2910 ilicofistite.
1441 2875 1586 2912 amplee'iar
1596 2885 1646 2911 ego
1655 2873 1852 2902 distinetionem
1873 2880 1957 2898 rneatn
1977 2871 2004 2896 &
2018 2869 2160 2897 leetioucm
2173 2869 2246 2898 Pith.

1289 2912 1398 2939 codicis.

1462 2950 1549 2980 Nolite,
1560 2947 1660 2984 inquit,
1670 2947 1767 2980 hospites
1778 2943 1813 2970 ad
1819 2951 1853 2969 me
1862 2943 1940 2975 adire,
1950 2944 2001 2969 iiico
2010 2943 2076 2976 istic,-

1466 2988 1501 3010 Ne
1512 2988 1624 3016 contagio,
1637 2984 1687 3013 &c'⁸

1312 3027 1369 3053 «4.
1392 3023 1443 3046 Non
1453 3022 1582 3046 inerantm
1591 3018 1652 3051 his.]
1675 3014 1788 3042 Vidiorii
1799 3013 1896 3041 editam
1910 3014 1941 3041 sic
1953 3013 2095 3041 leffiionem
2107 3012 2250 3041 sustentant

1287 3058 1403 3093 quinque
1418 3056 1483 3082 l’all.
1495 3055 1575 3081 Faibr.
1588 3053 1658 3079 Pith.
1677 3052 1772 3086 vulgo,
1783 3061 1827 3076 non
1836 3058 1908 3076 erant
1918 3054 1943 3076 in
1953 3052 1992 3077 iis.

1327 3101 1370 3125 ις,
1390 3095 1447 3118 Cum
1457 3097 1531 3116 tumor
1542 3091 1616 3115 animi
1626 3087 1763 3121 refieiiffi’t]
1787 3086 1943 3113 Leistionem
1957 3086 2030 3113 tenui
2042 3085 2167 3118 Vitstorii,
2180 3085 2248 3112 Pali.

1287 3137 1326 3164 pr.
1338 3128 1388 3155 sec.
1399 3133 1487 3165 quart.
1497 3125 1584 3162 quinti
1597 3144 1605 3157 ‚
1623 3132 1656 3152 ut
1666 3124 1693 3151 ὅ(
1705 3123 1769 3152 Fab.
1781 3124 1853 3152 Pith.
1863 3124 1941 3152 misssi
1953 3123 2061 3160 vulgati
2073 3142 2080 3155 ,
2100 3125 2179 3149 animo
2189 3121 2251 3155 rese-

1287 3165 1311 3190 di
1330 3165 1363 3191 bt.
2022 3174 2026 3177 -

1304 3166 1329 3198 st
2115 3202 2127 3220 1
2134 3213 2139 3220 .
2149 3194 2252 3219 Crucia-

2249 880 2291 908 12.

2262 2077 2308 2122 13'
