2337 3400
196 966 237 1000 19

204 2415 254 2452 ‘20

232 132 329 195 498
639 119 1140 170 BLTunnrr

238 220 266 242 at
289 219 324 240 ue
334 207 452 239 omneis
462 213 508 237 res
526 205 598 235 anni
618 200 775 243 superioris
793 197 960 230 labefafihrri
976 196 992 228 a
1006 194 1194 237 praetoribus,

244 254 276 283 in
304 251 391 281 rmari
401 250 416 278 a
426 248 535 280 senatu,
547 254 633 286 atque
647 242 836 284 principibus
843 241 974 272 civitatis
984 238 1134 279 putabant,
1144 238 1200 267 tri-

246 294 362 324 bunum
374 289 547 330 popularem
557 287 573 317 a
592 286 620 317 se
631 286 760 316 alienare
771 283 915 314 nolebant
924 302 933 316 ‚
953 281 1060 321 suaque
1069 278 1123 309 sibi
1139 287 1202 321 pro-

247 336 325 373 piora
327 331 461 377 pericula
473 328 530 360 esse
544 327 636 370 quam
646 336 731 359 mea,
752 324 965 367 loquebantur.
988 321 1045 353 Sed
1055 330 1155 351 tamen
1170 320 1203 350 &

251 373 364 405 Crassus
374 372 390 402 ὲ
403 371 575 402 consulibus
595 378 694 400 meam
702 367 819 399 causam
839 370 848 387 ¹
862 363 1078 404 suscipiendam
1087 360 1144 393 ess'e
1157 361 1205 392 di-

252 416 354 448 cebat,
374 414 407 444 &
423 422 529 443 eorum
549 411 639 442 fidem
658 409 820 450 Pompejus
836 406 1015 447 implorabat
1026 417 1035 440 ς
1062 414 1158 445 neque
1178 404 1205 434 se

253 458 404 498 privatum
427 453 547 495 publice
576 453 712 492 suscepta:
738 451 829 482 causae.
847 448 1023 480 defuturum
1041 445 1098 477 ess'e
1125 446 1205 476 dice-

253 500 319 532 bat,
338 507 431 538 quem
452 498 552 527 virum
566 494 731 526 studiosum
747 494 829 526 mei,
849 488 1073 531 cupidiffimurn
1091 487 1204 528 reipub.

251 538 473 572 conservandae,
482 538 568 568 domi
578 546 653 566 meae
664 537 735 566 certi
746 535 887 565 homines
896 537 909 553 ²
921 531 955 563 ad
965 541 1031 562 eam
1042 540 1106 561 rem
1119 539 1206 559 com-

250 579 338 623 positi
348 588 535 611 monuerunt
545 600 553 613 ,
573 588 606 609 ut
615 576 686 608 ess'et
694 577 819 608 cautior:
844 575 965 616 ejusque
975 576 1044 603 vitae
1054 574 1068 603 a
1079 582 1128 601 me
1138 569 1208 601 insi-

253 624 317 654 dias
333 622 408 663 apud
427 631 477 652 me
495 621 584 652 domi
600 618 705 660 positas
724 617 782 648 esse
800 617 957 648 dixerunt:
979 624 1066 655 atque
1089 615 1164 644 hanc
1178 614 1205 642 ei

251 665 454 704 suspicionem
463 663 514 693 alii
531 663 637 693 litteris
646 660 803 692 mittendis
813 680 822 693 ‚
833 660 884 690 alii
895 658 1012 688 nuntiis
1022 676 1030 690 ,
1042 656 1093 686 alii
1102 655 1205 685 coram

252 705 306 747 ipsi
316 707 533 739 excitaverunt,
544 713 577 734 ut
585 704 648 736 ille,
663 702 736 733 cum
745 701 761 732 a
771 711 821 731 rne
831 700 908 731 certe
924 699 1002 729 nihil
1012 701 1131 728 timeret
1142 716 1149 730 ,
1168 697 1204 726 ab

252 748 315 779 illis
326 767 334 782 ‚
345 757 383 777 ne
391 747 464 788 quid
477 756 549 777 meo
560 747 690 776 nomine
699 744 879 774 molirentur
891 762 899 774 ‚
914 740 964 771 sibi
975 739 1141 770 cavendum
1152 748 1206 778 pu-

254 798 337 821 taret.
360 790 425 829 Ipse
443 797 542 819 autem
554 787 664 820 Caesar,
683 795 774 826 quem
793 783 931 814 maxime
949 783 1091 812 homines
1112 782 1207 821 ignari

254 833 407 865 veritam,
428 831 506 861 mihi
524 828 582 860 effe
592 831 698 858 iratum
708 826 868 868 putabant,
891 833 949 855 erat
957 823 993 854 ad
1011 832 1129 863 portas,
1149 829 1207 851 erat

255 883 326 904 cum
337 874 468 912 imperio
481 883 487 901 ;
509 873 609 902 cratin
619 870 704 900 Italia
714 869 777 908 ejus
786 868 935 898 exercitus
944 885 952 898 ,
975 867 1067 905 inque
1076 874 1113 894 eo
1123 872 1208 893 excr-

253 917 315 947 citu
334 913 424 955 ipsius
445 913 557 944 tribuni
570 912 650 952 pleb.
676 911 796 940 inimici
814 910 875 938 mei
890 907 1010 937 fratrem
1030 906 1208 946 praefecerat.

257 959 329 988 Haec
337 966 392 997 ego
400 954 470 986 cum
481 958 618 985 viderem
628 953 737 992 (neque
744 952 829 981 enim
847 958 928 980 erant
938 948 1062 988 occulta)
1067 946 1208 986 striarum,

258 998 320 1029 fine
328 1008 390 1039 quo
404 1000 506 1028 civitas
525 995 596 1026 stare
605 1004 670 1024 non
680 992 796 1034 posset,
817 993 948 1022 omnino
965 990 1001 1020 de
1017 991 1136 1020 civitate
1153 986 1210 1018 ess‘e

255 1041 422 1072 sublatum:
445 1038 599 1070 consules,
619 1038 670 1077 qui
688 1035 802 1075 publici
811 1031 928 1064 confilii
951 1032 1040 1062 duces
1055 1029 1112 1060 effe
1123 1029 1214 1060 debe-

257 1091 323 1113 rent
335 1101 342 1115 ,
361 1078 513 1122 perfeciss'e
522 1099 530 1113 ‚
546 1087 579 1108 ut
588 1088 639 1118 per
648 1079 727 1117 ipsos
738 1076 894 1116 publicum
906 1072 1066 1105 consilium
1076 1071 1212 1102 funditus

258 1124 429 1155 tolleretur:
453 1131 524 1154 eos.
543 1117 775 1161 quiplurimum
785 1116 922 1158 poffem,
946 1117 1059 1156 opponi
1069 1113 1215 1144 omnibus

257 1164 459 1196 concionibus
477 1160 574 1196 fal‘b,
593 1160 642 1192 sed
657 1159 858 1191 formidolose
880 1168 999 1191 tamen,
1027 1154 1162 1186 auctores
1180 1153 1215 1184 ad

257 1208 422 1248 perniciem
442 1214 560 1234 meam:
583 1204 748 1233 conciones
766 1201 866 1232 haberi
876 1199 1012 1241 quotidie
1031 1206 1134 1227 contra
1153 1206 1214 1227 me,

259 1257 368 1279 vocem
381 1256 494 1288 prome
505 1265 515 1280 ,
536 1256 569 1276 ac
578 1255 633 1285 pro
649 1244 753 1284 repub.
764 1244 923 1273 neminem
943 1243 1061 1270 mittere
1075 1250 1081 1268 :
1107 1241 1222 1267 intenta

259 1289 339 1331 figna
351 1291 507 1329 legionum
519 1287 683 1318 existimari
693 1284 859 1316 cervicibus
870 1304 877 1317 ‚
889 1293 921 1313 ac
935 1282 1025 1312 bonis
1037 1279 1151 1313 vestris,
1163 1278 1219 1309 fal-

261 1331 317 1365 εὸ,
338 1331 386 1362 sed
400 1331 495 1370 putari
513 1338 616 1360 tamen
631 1338 637 1357 t
660 1327 887 1367 conjuratorum
907 1326 1008 1364 copias
1027 1331 1142 1352 veteres
1162 1325 1174 1348 3
1186 1321 1218 1351 &

259 1372 383 1404 effusam
405 1373 488 1402 illam
500 1391 508 1405 ‚
527 1381 561 1401 ac
583 1371 747 1410 superatam
766 1368 902 1398 Catilinae
921 1375 1048 1396 manum
1069 1365 1220 1403 importu-

260 1419 342 1449 nam,
353 1424 423 1444 novo
432 1413 511 1446 duce,
524 1413 558 1443 &
572 1412 716 1452 insperata
726 1409 968 1440 commutatione
987 1415 1090 1436 rerum
1100 1403 1157 1435 ess'e
1174 1414 1221 1434 re—

261 1465 419 1487 novatam:
444 1456 506 1485 haec
514 1464 586 1485 cum
596 1453 732 1483 viderem
743 1471 752 1485 ,
769 1450 843 1492 quid
852 1459 968 1492 agerem
978 1469 987 1482 ,
997 1447 1113 1488 judices
1125 1449 1136 1476 ?
1158 1447 1219 1477 scio

259 1500 346 1529 enim
357 1518 365 1532 ,
377 1507 444 1528 tum
455 1507 520 1526 non
528 1496 607 1526 mihi
622 1493 755 1525 vestrum
767 1492 901 1523 studium
912 1511 921 1524 ‚
942 1491 991 1521 sed
1004 1499 1110 1519 meum
1126 1489 1219 1529 prope

262 1539 361 1571 vestro
371 1537 505 1570 defuiffe.
524 1536 740 1568 contenderem
751 1543 854 1565 contra
864 1533 1019 1564 tribunum
1033 1531 1112 1571 pleb.
1123 1532 1220 1571 priva—

262 1590 310 1612 tus
323 1584 431 1612 armis?
453 1578 592 1612 viciss'ent
600 1577 757 1618 improbos
768 1577 853 1610 boni,
864 1574 955 1605 fortes
965 1575 1103 1603 inerteis:
1127 1575 1220 1601 inter-

262 1623 360 1655 fefilus
368 1621 440 1653 ess'et
450 1624 474 1652 is
483 1641 492 1656 ‚
512 1623 565 1662 qui
584 1622 638 1650 hac
650 1629 707 1649 una
718 1618 868 1648 medicina
886 1616 947 1647 sola
958 1618 1058 1656 potuit
1077 1614 1092 1644 a
1102 1613 1219 1653 reipub.

261 1664 343 1707 peste
356 1664 476 1704 depelli.
500 1662 608 1704 4Qid
630 1660 760 1691 deinde?
782 1659 855 1700 quid
869 1658 1063 1698 reliquiarum
1083 1655 1219 1685 restaret?

262 1706 337 1749 quid
350 1706 501 1746 denique?
523 1714 585 1735 erat
593 1702 721 1733 dubium
732 1722 741 1735 ‚
756 1704 831 1742 quin
840 1701 892 1731 ille
904 1700 1020 1739 sanguis
1034 1698 1220 1730 tribunitius,

261 1748 351 1780 nullo
360 1748 522 1788 praesertim
534 1746 657 1786 publico
667 1742 793 1774 consilio
811 1741 949 1783 profusus
961 1761 970 1774 ‚
990 1740 1127 1770 consules
1143 1740 1223 1769 ulto-

262 1800 319 1823 res,
333 1790 365 1820 &
376 1788 547 1820 defensores
558 1785 628 1817 esset
637 1785 806 1816 habiturus?
816 1783 889 1815 curn
899 1782 1023 1825 quidem
1033 1784 1067 1811 in
1075 1783 1224 1811 concione

264 1830 405 1864 dixisset,
425 1838 475 1860 aut
485 1830 563 1859 mihi
574 1827 666 1859 semel
675 1826 863 1867 pereundum
877 1846 885 1859 ‚
909 1834 959 1855 aut
972 1824 1018 1854 bis
1031 1821 1088 1853 effe
1098 1825 1224 1853 vincen-

265 1874 352 1905 dum.
405 1872 456 1902 uid
465 1880 525 1902 erat
535 1871 582 1901 bis
593 1872 711 1900 vincere
726 1870 737 1896 ?
758 1868 792 1898 Id
802 1865 941 1908 profeEto
950 1886 959 1900 ‚
970 1875 1003 1896 ut
1014 1885 1022 1899 ,
1035 1875 1107 1895 cum
1120 1874 1226 1895 amen-

264 1914 378 1948 tiffimo
392 1914 514 1945 tribuno
533 1912 613 1953 pleb.
631 1910 703 1942 curn
717 1908 908 1941 decertass'em
920 1928 930 1943 ,
948 1918 1019 1939 cum
1038 1906 1225 1940 consulibus,

265 1957 429 1998 ceterisque
446 1956 513 1995 ejus
531 1953 680 1984 ultoribus
695 1951 887 1982 dimicarem.
912 1953 978 1990 Ego
996 1947 1070 1980 verb
1081 1968 1089 1981 ‚
1109 1946 1130 1978 fi
1148 1950 1226 1978 milii

266 2001 320 2030 uni
332 1997 520 2039 pereundum
530 1994 648 2029 fuisset,
668 2003 700 2024 ac
710 2004 775 2024 non
791 1994 962 2033 accipienda
971 1992 1055 2032 plaga
1067 1994 1080 2017 5
1093 1991 1170 2020 mihi
1186 1991 1227 2020 sa-

267 2040 390 2074 nabilis,
406 2040 468 2069 illis
479 2037 649 2070 mortifera,
683 2037 715 2066 ui
726 2044 792 2066 eam
803 2032 1031 2075 imposuissent:
1050 2032 1138 2073 ftmel
1142 2032 1229 2072 perire

268 2091 382 2116 tamen,
393 2081 511 2122 judices
521 2101 530 2114 ,
549 2080 642 2110 malui
670 2087 719 2108 em
731 2097 740 2111 ‚
755 2076 845 2119 quam
857 2077 903 2107 bis
913 2077 1043 2105 vincere.
1067 2077 1136 2105 Erat
1145 2076 1228 2104 enim

268 2125 319 2155 illa
329 2125 419 2154 altera
426 2122 577 2163 ejusmodi
586 2121 756 2153 contentio,
768 2128 800 2149 ut
809 2128 906 2159 neque
914 2116 988 2148 vieti
999 2136 1008 2151 ,
1024 2126 1121 2157 neque
1130 2115 1231 2146 visto-

268 2175 314 2196 τος
333 2165 468 2206 rempub.
490 2173 590 2194 tenere
602 2160 767 2203 poss'emus.
793 2160 874 2202 Qid
885 2180 894 2193 ‚
915 2158 978 2189 fiin
995 2161 1092 2199 prima
1103 2166 1231 2189 conten-

267 2209 405 2241 tione‚vi
416 2207 572 2236 tribunitia
583 2203 683 2235 vidtus
693 2223 702 2236 ‚
715 2204 748 2232 in
758 2201 828 2232 foro
837 2222 846 2236 ,
858 2211 930 2232 curn
941 2202 1047 2231 multis
1056 2200 1147 2230 bonis
1161 2201 1233 2231 viris

272 2246 496 2280 concidiffem?
517 2250 658 2277 Senatum
670 2244 811 2276 consules
821 2264 830 2278 ‚
841 2243 930 2274 credo
943 2262 952 2277 ,
965 2241 1128 2277 νος-«ιίῖἒηῑ,
1139 2252 1232 2283 quem

271 2299 371 2321 totum
383 2289 421 2320 de
437 2291 556 2319 civitate
566 2288 714 2318 delerant:
738 2285 773 2316 ad
783 2295 864 2316 arma
879 2293 1021 2316 vocarent
1033 2304 1043 2319 ,
1062 2286 1116 2325 qui
1131 2294 1170 2314 ne
1179 2294 1233 2314 ve-

272 2330 344 2363 stitu
363 2330 488 2372 quidem
513 2329 637 2360 defendi
658 2327 674 2349 ⁶
690 2327 910 2366 rempublicam
935 2324 1050 2355 fiss’ent:
1073 2328 1090 2355 a
1109 2325 1233 2356 tribuno

271 2374 351 2416 pleb.
361 2371 429 2414 post
437 2374 595 2402 interitum
608 2379 714 2400 meum
725 2366 901 2397 diffidiss'ent
910 2386 920 2399 ‚
930 2368 982 2406 qui
992 2366 1118 2395 eandem
1129 2367 1234 2395 horam

275 2425 351 2446 meae
359 2414 450 2455 pestis
460 2434 469 2447 ,
481 2413 514 2444 &
525 2413 648 2443 suorum
657 2410 859 2452 praemiorum
870 2406 927 2438 ess'e
937 2405 1108 2437 voluissent.
1127 2409 1233 2436 Unum

273 2455 358 2488 enim
370 2457 448 2487 mihi
458 2454 580 2485 restabat
594 2454 672 2484 illud
684 2473 693 2486 ,
709 2450 792 2494 quod
804 2448 926 2480 forfitan
936 2458 1001 2479 non
1011 2458 1105 2478 nemo
1115 2450 1162 2478 vir
1172 2447 1235 2478 for-

276 2501 335 2533 tis,
357 2498 390 2529 &
409 2499 482 2529 acris
499 2496 616 2529 animi,
636 2502 797 2536 magnique
807 2492 935 2522 dixerit:
957 2489 1108 2521 restitisses
1122 2510 1130 2524 ‚
1149 2500 1236 2530 repu-

275 2539 389 2582 gnasses
402 2559 411 2573 ,
429 2547 560 2569 mortem
572 2546 707 2578 pugnans
726 2532 892 2574 oppetisi'es.
916 2535 963 2563 De
974 2542 1035 2574 quo
1047 2541 1073 2562 te
1086 2553 1096 2566 ‚
1118 2541 1163 2565 te.
1187 2535 1235 2561 in-

276 2592 378 2623 quam,
390 2587 404 2610 7
415 2582 515 2621 patria,
528 2579 629 2612 testor,
644 2579 676 2610 &
685 2588 739 2608 vos
749 2585 869 2617 penates
879 2595 888 2609 .
901 2576 1047 2615 patriique
1056 2574 1111 2607 dii,
1125 2584 1174 2603 me
1186 2585 1235 2604 ve-

275 2624 397 2654 strarum
410 2623 525 2654 sedium
537 2642 546 2656 ‚
557 2621 801 2666 templorumque
809 2618 892 2648 causa
902 2636 911 2651 ,
922 2626 972 2646 me
981 2625 1101 2657 propter
1112 2616 1236 2647 salutem

276 2675 417 2697 meorum
426 2667 541 2696 civium
553 2684 562 2698 ‚
583 2673 648 2705 quae
671 2663 750 2693 mihi
768 2660 886 2700 semper
903 2658 963 2689 fuit
976 2668 1039 2688 mea
1051 2658 1141 2688 carior
1155 2659 1233 2695 vita,

288 2810 291 2815 f
315 2801 338 2819 1.
359 2794 533 2834 suscipiendam
554 2793 594 2827 effe
609 2794 727 2829 diceban]
749 2794 823 2821 Ciim
841 2790 913 2820 idem
927 2791 1036 2819 verbum
1047 2791 1134 2819 statim
1147 2789 1235 2819 rursus

275 2826 410 2864 sequatur,
422 2830 524 2861 malim,
534 2831 643 2855 ducebat.

313 2873 342 2890 2.
360 2865 472 2892 <Ardeam
482 2876 529 2891 rem
544 2866 677 2900 campestri]
698 2865 755 2891 1³:21.
767 2874 849 2892 nonus
861 2865 889 2892 ὃ(
901 2866 928 2891 S.
940 2864 1056 2891 ViRoris
1064 2866 1140 2898 pqfiri.

315 2901 495 2970 3.fEs1=ffasam
504 2904 568 2928 illam
579 2921 587 2934 ,
596 2903 663 2937 ἀι]
685 2902 846 2928 Gulielmius
858 2900 983 2938 syllabam
992 2901 1082 2928 aufert
1094 2919 1102 2934 ‚
1122 2899 1235 2927 retinet-

282 2944 333 2964 flue
362 2946 377 2961 u
390 2946 437 2962 am.

320 2979 347 3004 4.
366 2973 432 3005 Qid
448 2974 546 3012 dein-de?
572 2975 630 3007 quid
647 2975 802 3008 reliquiarum
821 2973 963 3008 restcirer?]
985 2973 1027 3000 sic
1045 2971 1152 3008 quidem
1172 2971 1236 2998 editi

282 3017 388 3050 orn-nes.-
405 3008 557 3050 sedyscripri,
568 3011 618 3047 quia
629 3012 714 3044 reliqui
724 3012 831 3042 restaret,
841 3017 898 3042 aut,
909 3011 968 3044 quid
975 3012 1060 3043 reliqui
1069 3010 1126 3041 rest.
1136 3008 1238 3034 §.Viet

283 3054 336 3079 quis
347 3047 437 3078 relequa
447 3054 481 3069 ere
493 3046 581 3077 staret.
601 3045 762 3072 Gulielmius
778 3046 899 3073 tentabat
910 3057 916 3073 ς
939 3047 991 3081 quio·
1000 3046 1220 3080 reliquapraestarct
1231 3048 1241 3070 ?

281 3088 321 3106 cue
332 3080 427 3113 denique
437 3089 500 3112 erar,
510 3090 562 3110 (ςκε-

302 3151 306 3156 ,
321 3124 347 3156 53
366 3116 618 3156 Mhisanabffis,jms
628 3118 747 3149 mortifera
760 3136 767 3149 ,
777 3121 819 3152 qui
827 3127 878 3144 eam
886 3118 1065 3152 Impoficiffint.]
1081 3117 1124 3143 Est
1135 3116 1150 3143 a
1162 3116 1244 3142 Lam-

282 3150 340 3179 bini
361 3152 530 3188 comestura:
554 3152 596 3179 sed
615 3153 739 3189 proxime
759 3161 847 3182 tamen
866 3153 924 3182 mss‘.
938 3163 1052 3192 quorum
1071 3153 1129 3182 Pal.
1139 3161 1243 3184 nouuss

1220 116 1762 168 Crcssnorrrs

1245 198 1486 234 dimicationem,
1496 201 1667 243 caedemque
1676 201 1795 243 fugisse.
1817 200 1942 234 Etenim
1953 220 1962 235 ,
1978 199 1999 231 fi
2009 201 2086 232 mihi
2098 201 2131 232 in
2140 202 2196 232 ali-

1247 251 1392 288 qua-nave
1401 251 1472 271 cum
1485 245 1562 273 meis
1570 246 1674 274 amicis
1684 246 1833 286 naviganti
1844 264 1853 278 ,
1868 245 1926 274 hoc
1935 263 1944 277 ,
1961 242 2078 283 judices
2090 263 2099 276 ,
2119 244 2197 273 acci-

1248 282 1334 313 disset
1343 303 1351 316 ,
1371 291 1404 313 ut
1413 284 1504 329 multi
1514 294 1551 314 ex
1562 285 1666 315 multis
1676 286 1751 316 locis
1760 286 1914 326 praedones
1922 283 2056 316 claffibus
2069 295 2134 315 eam
2144 294 2198 315 na-

1249 335 1318 355 vem
1330 325 1356 355 se
1366 323 1554 373 oppressuros
1564 328 1773 358 minitarentur
1782 348 1790 361 ,
1811 326 1865 358 nisi
1876 338 1924 358 me
1935 337 2031 357 unum
2044 324 2097 356 sibi
2110 326 2197 356 dedi-

1250 365 1358 417 dissent
1374 377 1379 396 τ
1403 366 1424 396 s1
1433 367 1463 398 id
1473 367 1609 398 νεᾶοτεε
1618 378 1776 410 negarent,
1794 379 1826 400 ac
1836 378 1956 400 mecum
1969 367 2055 398 simul
2066 369 2199 402 interire,

1249 419 1339 455 quarn
1354 418 1403 438 me
1413 408 1527 439 tradere
1537 409 1672 440 hostibus
1683 411 1809 441 mallent
1820 422 1826 440 ;
1846 409 1980 451 jecissem
1991 420 2033 439 me
2043 409 2095 450 ips}
2102 407 2197 451 potitis

1248 461 1280 480 in
1290 449 1477 497 profundum
1492 470 1500 484 ‚
1522 460 1674 482 utceteros
1692 453 1897 483 conservarem
1910 472 1918 486 ,
1939 452 2029 494 quam
2048 452 2119 481 illos
2137 451 2200 480 mei

1248 502 1305 540 tam
1317 492 1441 532 cupidos
1452 502 1516 523 non
1524 492 1619 523 mode>
1628 494 1664 524 ad
1671 502 1781 524 certam
1792 504 1923 524 mortem
1934 514 1942 529 ,
1955 494 2046 524 sedin
2057 501 2203 534 magnum

1250 542 1317 564 vita:
1329 534 1492 564 discrimen
1506 534 1693 565 adducerem.
1717 534 1797 565 Cum
1816 535 1888 566 vero
1905 538 1939 565 in
1951 536 2024 565 'nanc
2033 534 2204 574 reipublicae

1252 585 1358 606 navem
1369 596 1377 609 .
1394 578 1503 616 ereptis
1521 576 1633 607 senatui
1654 576 1861 617 gubernaculis
1872 597 1880 610 ‚
1902 576 2073 607 fluitantem
2091 577 2124 605 in
2142 575 2203 606 alto

1252 617 1475 663 tempestatibus
1490 617 1677 648 seditionum
1698 627 1731 648 ac
1749 618 1963 649 discordiarum
1978 637 1987 651 ‚
2014 626 2133 647 armatae
2157 624 2204 647 tot

1253 658 1353 708 clxasses
1363 679 1371 693 ‚
1388 658 1441 689 nisi
1451 669 1505 701 ego
1514 670 1591 689 unus
1604 659 1721 690 deditus
1730 659 1835 694 ess'ern,
1845 660 2005 690 incursurae
2014 659 2205 689 viderentur:

1253 711 1324 732 cum
1335 701 1521 741 proscriptio,
1532 701 1636 735 caedes,
1648 701 1776 741 direptio
1786 702 2031 732 denuntiarentur
2042 711 2048 730 :
2071 699 2144 731 cum
2154 699 2206 730 alii

1256 753 1305 773 me
1316 743 1482 783 suspicione
1493 744 1615 783 periculi
1625 743 1669 773 sui
1679 753 1744 773 non
1755 743 2012 777 defenderent‚alii
2023 752 2121 773 vetere
2131 740 2205 771 odio

1255 785 1408 815 bonorum
1419 785 1629 819 incitarentur,
1645 785 1696 815 alii
1705 786 1895 819 inviderent,
1909 786 1960 816 alii
1969 783 2082 815 obstare
2091 782 2206 813 sibime

1253 827 1480 860 arbitrarentur,
1499 827 1551 856 alii
1561 827 1664 857 ulcisci
1676 826 1813 857 dolorem
1834 827 1921 857 suum
1930 827 2061 867 aliquem
2079 825 2206 859 vellent,

1255 868 1306 915 alii
1323 878 1388 897 rem
1408 869 1500 914 ipsam
1518 869 1688 908 publicam,
1715 878 1801 909 atque
1819 869 1899 899 hunc
1918 869 2070 899 bonorum
2087 866 2207 900 statum,

1256 919 1415 950 otiumque
1423 908 1553 940 odiisent
1563 931 1571 944 ‚
1583 911 1616 940 &
1626 911 1665 940 ob
1675 911 1758 940 hasce
1767 911 1865 941 causas
1874 931 1882 944 ,
1895 919 1938 941 tot
1949 930 1957 944 ,
1973 918 2092 950 tamque
2102 909 2209 941 varias,

1258 961 1308 981 me
1326 961 1423 981 unum
1443 951 1649 992 deposcerent:
1671 957 1854 993 depugnarem
1873 951 1974 992 potius
1988 961 2058 981 cum
2077 951 2210 983 summu.

1258 1003 1322 1022 non
1333 993 1430 1023 dicam
1443 995 1539 1023 exitio
1548 1013 1555 1027 ,
1570 994 1618 1024 sed
1627 994 1760 1034 periculo
1768 995 1846 1024 certe
1857 993 1955 1024 vestro
1965 1013 1973 1027 ‚
1985 993 2212 1031 liberorumque

1256 1033 1435 1081 vestrorum,
1445 1035 1536 1076 quam
1547 1045 1611 1065 non
1622 1036 1663 1069 id,
1674 1035 1756 1076 quod
1766 1036 1911 1066 omnibus
1922 1034 2213 1075 impendebat‚unus

1258 1085 1311 1115 pro
1323 1076 1467 1106 omnibus
1478 1077 1656 1116 susciperem
1667 1097 1675 1111 ,
1688 1087 1720 1107 ac
1731 1078 1881 1109 subirem?
1903 1076 1985 1108 ViEii
1995 1075 2087 1106 essent
2097 1077 2214 1115 impro-

1260 1168 1354 1198 remp.
1376 1158 1573 1190 conservarat.
1597 1158 1639 1189 sin
1649 1158 1722 1189 visti
1737 1159 1829 1190 ess'ent
1839 1161 1912 1190 boni
1926 1171 1930 1188 :
1949 1159 2021 1200 quid
2037 1156 2215 1198 superesset?

1261 1210 1325 1230 non
1335 1200 1369 1230 ad
1379 1200 1478 1230 servos
1493 1200 1601 1230 videtis
1610 1211 1675 1230 rem
1693 1210 1850 1232 venturam
1868 1199 1978 1231 fuiss‘e?
2001 1204 2050 1231 An
2059 1201 2138 1229 mihi
2146 1197 2214 1239 ipfi.

1262 1252 1294 1271 ut
1307 1241 1437 1289 ¹quidam
1457 1250 1562 1281 putant
1576 1262 1584 1275 ,
1617 1241 1676 1272 fuit
1693 1253 1775 1273 mors
1792 1254 1878 1284 aequo
1897 1245 2003 1273 animo
2022 1241 2188 1282 oppetenda
2203 1243 2215 1270 Ξ

1261 1284 1356 1331 quid?
1378 1292 1444 1330 tum
1455 1293 1627 1313 mortemne
1643 1283 1818 1326 fugiebam?
1841 1295 1878 1315 an
1891 1294 1948 1315 erat
1966 1293 2012 1314 res
2026 1285 2106 1317 ulla,
2123 1291 2216 1323 quam

1262 1326 1340 1373 inihi
1358 1334 1454 1365 magis
1472 1326 1633 1365 optandam
1651 1329 1807 1366 putarem?
1829 1336 1879 1357 aut
1899 1336 1955 1367 ego
1970 1326 2034 1356 illas
2053 1334 2098 1355 res
2112 1333 2216 1357 tantus,

1259 1378 1302 1414 in*
1311 1375 1391 1397 tanta
1412 1367 1624 1406 improborum
1645 1368 1842 1398 multitudine
1868 1367 1941 1398 cum
1969 1367 2107 1409 gerebam
2118 1386 2127 1400 ‚
2148 1375 2215 1397 non

1262 1410 1340 1439 mihi
1351 1418 1433 1438 mors
1442 1429 1449 1442 ‚
1461 1419 1524 1438 non
1535 1408 1674 1439 exsilium
1684 1410 1724 1440 ob
1735 1416 1840 1440 oculos
1849 1411 2057 1440 versabantur?
2079 1418 2143 1438 non
2152 1408 2216 1438 haec

1260 1451 1390 1499 denique
1402 1450 1417 1480 a
1427 1461 1476 1480 me
1487 1460 1552 1481 tum
1565 1471 1572 1484 ‚
1593 1461 1732 1492 tanquam
1743 1452 1800 1482 fari
1811 1473 1820 1486 ,
1831 1447 1845 1471 ⁸
1856 1454 1888 1481 in
1898 1452 1960 1491 ipsa
1968 1462 1997 1481 re
2008 1450 2135 1492 gerenda
2144 1459 2222 1480 con-

1262 1492 1460 1540 cinebantur?
1481 1503 1519 1522 an
1537 1502 1596 1523 erat
1609 1495 1687 1523 mihi
1706 1495 1738 1523 in
1754 1503 1839 1524 tanto
1858 1494 1940 1524 luctu
1961 1502 2101 1523 meorum
2114 1512 2122 1525 ‚
2142 1499 2221 1522 tanta

1262 1533 1468 1574 disjunffione
1480 1554 1489 1568 ,
1509 1543 1588 1565 tanta
1597 1536 1752 1565 acerbitate
1766 1556 1774 1569 ‚
1795 1545 1875 1566 tanta
1886 1536 2064 1576 spoliatione
2074 1535 2220 1564 omnium

1264 1586 1377 1609 rerum,
1388 1585 1460 1616 quas
1472 1578 1550 1606 mihi
1558 1585 1608 1607 aut
1618 1586 1729 1611 natura,
1740 1588 1790 1607 aut
1801 1578 1923 1608 fortuna
1930 1577 2051 1607 dederat
2059 1595 2068 1610 ,
2079 1585 2141 1606 vita
2149 1575 2223 1604 reti-

1266 1618 1381 1648 nenda?
1410 1627 1468 1648 tam
1481 1627 1560 1647 eram
1571 1618 1673 1648 rudis?
1692 1628 1751 1648 tam
1764 1622 1881 1661 ignarus
1899 1624 2021 1650 rerum?
2042 1627 2104 1647 tam
2115 1624 2222 1656 expers

1266 1659 1393 1707 confilii,
1405 1669 1453 1689 aut
1463 1661 1600 1700 ingenii?
1619 1661 1697 1689 nihil
1707 1662 1857 1690 audieram
1869 1663 1880 1690 ?
1893 1661 1970 1690 nihil
1978 1658 2112 1689 videram
2123 1656 2223 1687 ?nihil

1265 1702 1327 1742 ipse
1338 1701 1466 1743 legendo
1478 1721 1486 1734 ,
1505 1702 1724 1742 quaerendoque
1736 1705 1958 1744 cognoveram?
1977 1700 2145 1731 nesciebam
2167 1708 2223 1728 vt-

1265 1753 1320 1773 ·rAE
1346 1753 1482 1788 naevum
1502 1753 1574 1772 esse.
1602 1753 1740 1773 consum
1751 1764 1759 1778 ‚
1791 1753 1930 1774 onomat:
1951 1744 2225 1772 semma-anuum!

1264 1785 1337 1816 cum
1348 1784 1418 1814 eflet
1482 1785 1572 1814 nibus
1582 1783 1705 1815 definita
1713 1795 1796 1816 mors
1806 1805 1815 1820 ‚
1827 1784 1993 1825 optandum
2010 1781 2067 1813 effe
2079 1803 2087 1816 ,
2107 1791 2140 1812 ut
2149 1783 2222 1815 vita,

1266 1837 1332 1868 quae
1341 1836 1413 1856 nece
1438 1828 1499 1855 itati
1510 1826 1674 1860 deberetur,
1686 1829 1784 1866 patriae
1795 1827 1897 1867 potius
1906 1827 2023 1859 donata,
2035 1824 2126 1866 quam
2134 1823 2227 1854 reser-

1267 1878 1333 1899 vata
1342 1878 1454 1898 naturae
1466 1867 1615 1897 videretur
1627 1871 1638 1896 ?
1653 1869 1832 1903 nesciebam,
1843 1871 1922 1899 inter
1930 1865 2158 1908 sapientissimos
2166 1865 2226 1895 ho-

1270 1912 1369 1941 mines
1388 1911 1464 1940 hanc
1473 1912 1704 1939 contentionem
1722 1909 1808 1941 fuisse
1819 1931 1828 1945 ‚
1849 1919 1880 1941 ut
1890 1911 1941 1941 alii
1964 1909 2098 1940 dicerent
2107 1909 2228 1938 animos

1269 1953 1447 1998 hominum,
1459 1951 1617 1992 sensusque
1629 1960 1726 1982 morte
1735 1952 1879 1994 restingui
1891 1973 1900 1986 ‚
1912 1953 1963 1982 alii
1974 1960 2073 1982 autem
2084 1958 2149 1983 tum
2162 1958 2230 1979 ma-

1270 1996 1358 2024 xime
1375 1996 1504 2023 menteis
1524 1994 1702 2033 sapientium
1715 2014 1725 2028 ,
1743 2005 1776 2025 ac
1798 1994 1926 2024 fortium
1945 1996 2079 2025 virorum
2092 2012 2101 2026 ‚
2120 1990 2193 2022 cum
2211 1989 2230 2021 ὲ

1270 2045 1392 2076 corpore
1405 2033 1599 2069 exceffiffent,
1609 2038 1624 2062 9
1630 2036 1733 2075 sentire
1743 2056 1751 2070 ‚
1761 2047 1796 2066 etc
1804 2037 1920 2077 vigere?
1943 2044 2073 2077 quorum
2088 2033 2229 2066 alterum,

1269 2077 1451 2119 fugiendum
1470 2087 1535 2107 non
1546 2076 1622 2110 effe,
1642 2087 1736 2108 carere
1750 2079 1850 2109 sensu:
1876 2078 2003 2108 alterum
2022 2077 2113 2106 etiam
2125 2083 2230 2115 optan-

1271 2120 1358 2154 dum,
1374 2120 1500 2150 meliore
1511 2117 1567 2148 effe
1578 2119 1671 2149 sensu.
1695 2119 1844 2161 denique,
1864 2118 1936 2151 cum
1949 2119 2055 2150 omnia
2064 2118 2178 2157 semper
2194 2115 2230 2146 ad

1274 2162 1451 2207 dignitatem
1462 2159 1626 2191 retuliffem
1637 2179 1645 2194 ,
1665 2171 1720 2192 nec
1730 2160 1791 2192 fine
1801 2172 1832 2192 ea
1841 2161 2006 2203 quidquam
2026 2156 2232 2199 expetendum

1274 2203 1333 2234 esse
1345 2204 1468 2233 homini
1486 2204 1518 2233 in
1527 2204 1588 2233 vita
1601 2202 1745 2243 putaffem
1764 2212 1895 2234 mortem
1906 2223 1915 2237 ‚
1939 2212 2028 2243 quam
2038 2202 2129 2230 etiam
2139 2200 2233 2240 virgi-

1275 2255 1329 2276 nes
1341 2246 1482 2278 Athenis,
1493 2246 1580 2286 regis,
1591 2247 1711 2285 opinor,
1724 2246 1882 2277 Erechthei
1892 2243 1961 2274 filiae
1974 2263 1983 2276 ‚
1994 2251 2048 2282 pro
2057 2242 2149 2282 patria
2157 2250 2233 2271 con-

1275 2286 1402 2318 temsisse
1413 2287 1565 2320 dicuntur,
1577 2296 1633 2326 ego
1643 2287 1691 2315 vir
1699 2286 1854 2326 confidatis,
1865 2286 1953 2316 tantis
1966 2284 2053 2314 rebus
2062 2282 2151 2324 gestis
2159 2302 2168 2317 ‚
2193 2284 2233 2312 ti-

1276 2331 1408 2358 merem?
1417 2328 1579 2367 praesertim
1588 2327 1660 2356 cum
1670 2328 1734 2366 ejus
1743 2326 1835 2357 efferri
1847 2328 1987 2360 civitatis,
1999 2335 2037 2357 ex
2047 2335 2106 2366 qua
2113 2326 2234 2364 (ζΝα-

1275 2370 1340 2399 cius
1350 2369 1431 2399 solus
1443 2370 1476 2397 in
1494 2367 1584 2398 castra
1593 2368 1726 2398 Porsenae
1737 2367 1863 2398 veniss‘et
1872 2389 1881 2402 ‚
1901 2378 2032 2408 eumque
2052 2365 2233 2399 interficere,

1276 2408 1424 2457 propolim
1435 2408 1489 2440 sibi
1499 2418 1598 2439 morte
1610 2429 1618 2442 2
1637 2419 1762 2440 conatus
1773 2409 1864 2440 ess'et?
1885 2420 1923 2440 ex
1932 2420 1990 2450 qua
2008 2412 2038 2439 P.
2051 2409 2164 2438 Decius
2174 2409 2235 2447 pri-

1278 2461 1366 2499 mum
1376 2459 1456 2491 pater
1467 2471 1476 2485 ‚
1495 2450 1685 2491 postaliquot
1702 2462 1798 2482 annos
1815 2454 1906 2492 patria
1922 2460 2031 2481 virtute
2041 2449 2180 2490 praeditus
2199 2447 2236 2479 fi·
2267 2470 2272 2476 .

1278 2493 1335 2523 lius
1347 2513 1356 2526 ,
1377 2494 1429 2540 sc,
1451 2503 1483 2523 ac
1493 2495 1586 2523 vitam
1597 2493 1677 2523 suam
1688 2514 1696 2528 ‚
1718 2493 1861 2524 instruffila
1873 2496 1935 2524 acie
1947 2513 1955 2527 ,
1967 2503 2020 2534 pro
2030 2492 2120 2523 salute
2149 2491 2237 2531 opuli

1281 2537 1374 2582 Rom.
1388 2534 1573 2575 viEtoriaque
1593 2534 1758 2566 devovisset
1770 2540 1781 2566 ἓ
1804 2546 1842 2566 ex
1860 2546 1916 2577 qua
1938 2501 2174 2565 innumerabiles
2184 2533 2237 2564 alii

1277 2586 1385 2617 partim
1413 2576 1610 2617 adipiscendae
1630 2577 1725 2608 laudis
1745 2598 1754 2611 ,
1785 2580 1892 2618 partim
1918 2576 2038 2607 vitanda
2056 2575 2238 2615 turpitudini&

1278 2619 1373 2651 causa,
1389 2629 1519 2648 mortem
1531 2620 1565 2648 in
1574 2621 1664 2649 variis
1677 2619 1775 2652 bellis,
1786 2618 1960 2660 aequiffimis
1969 2619 2092 2651 animis,
2104 2617 2236 2657 oppetis-

1280 2654 1343 2691 sent
1362 2663 1373 2690 ?
1401 2663 1435 2691 in
1450 2671 1509 2702 qua
1528 2662 1648 2692 civitate
1667 2662 1729 2703 ipse
1746 2660 1955 2692 meminifl'em
1975 2680 1984 2694 ‚
2012 2668 2125 2701 patrem
2146 2658 2237 2729 hrissjffis

2088 2701 2162 2730 M.c
2226 2717 2236 2733 ³

1278 2793 1334 2817 mihi
1336 2791 1455 2825 sanabilis
1464 2793 1498 2817 illi
1507 2794 1628 2821 mortifera
1638 2801 1687 2826 qua
1697 2800 1747 2816 eum
1762 2792 1878 2824 posuiffet.
1895 2792 1911 2816 S
1918 2811 1923 2815 .
1933 2789 2005 2815 νίξὶ.
2023 2790 2082 2814 mihi
2098 2789 2240 2822 insanabil'oe

1277 2830 1320 2855 i‘lt's
1331 2830 1453 2861 munifi-ra
1465 2837 1514 2861 qux
1523 2830 1665 2860 imposuiffer.
1683 2827 1767 2853 editio
1778 2828 1862 2862 prima
1876 2846 1883 2857 ,
1894 2828 1951 2851 mihi
1958 2825 2098 2858 insanabifu*
2106 2826 2148 2850 illa
2156 2828 2240 2851 morli-

1272 2867 1330 2899 [ενα
1340 2873 1388 2898 qua
1397 2867 1417 2889 ei
1426 2864 1571 2897 impqsiuffitt.
1594 2864 1700 2899 vulgata
1709 2883 1718 2896 ‚
1729 2865 1786 2889 mihi
1795 2862 1934 2897 insanabilis
1947 2880 1955 2893 ,
1966 2862 1998 2887 illi
2007 2862 2131 2895 murtIfera
2139 2880 2148 2893 ,
2165 2869 2240 2896 qum-

1280 2902 1369 2933 reipub.
1380 2900 1537 2933 imposusffi’m.

1316 2936 1344 2962 6.
1363 2933 1618 2970 Rcmp.szffent,3‚&c.
1629 2933 1787 2968 diſjidiffim]
1806 2935 1847 2960 lta
1857 2932 1922 2959 editi
1933 2933 1947 2959 ἐι
1957 2931 2122 2963 νίἑὶοτὶο,8τ
2134 2931 2240 2969 respon·

1281 2973 1347 2999 dent
1362 2972 1419 2998 mls.
1431 2972 1522 2998 nostri.
1536 2978 1640 3007 recepta
1651 2970 1732 2996 leetio
1744 2968 2020 3004 remp.smiffcm,?r,&c.
2031 2969 2178 3002 drffedffnt.

1285 3045 1308 3072 E
1318 3017 1346 3071 7¹.
1355 3012 1446 3070 ‘Psnria
1455 3009 1549 3043 testem]
1562 3008 1648 3043 Vulgo
1660 3009 1762 3041 obtestor,
1774 3005 1816 3033 fied
1827 3013 1920 3032 contra
1930 3005 1998 3032 l‘all.
2009 3006 2036 3031 S.
2048 3004 2120 3032 Visst.
2131 3003 2238 3032 Gembl.

1310 3054 1320 3070 r
1337 3054 1367 3071 ur
1390 3064 1396 3070 .

1321 3081 1347 3107 8.
1367 3083 1395 3107 In
1404 3080 1454 3114 ipsit
1465 3090 1488 3105 re
1501 3079 1603 3114 gerenda
1622 3077 1827 3111 concinebantur]
1850 3077 1917 3104 Edd.
1933 3077 2026 3113 primae
2043 3077 2240 3104 concumbentium

1285 3116 1342 3143 mss.
1355 3116 1412 3143 fere
1424 3117 1582 3142 cavebantnr.
1603 3115 1765 3141 Gulielmius
1776 3114 1853 3149 fingit
1864 3114 1957 3147 Confido
1968 3114 2124 3140 canebantur.

1319 3161 1349 3189 9.
1368 3155 1460 3180 sentire
1469 3161 1498 3179 ac
1506 3151 1610 3187 vigam]
1631 3151 1793 3180 Gulielmius
1803 3150 1950 3179 inclinabat
1958 3150 2049 3186 legere
2057 3156 2150 3183 «vegete.

2165 3191 2191 3211 ι,

2207 3183 2244 3211 12

2167 0 2337 47 „³¹

1259 1118 1303 1147 bi.
1327 1119 1367 1147 At
1376 1119 1456 1147 cives
1469 1127 1475 1146 2
1498 1127 1526 1147 at
1533 1119 1569 1148 ab
1581 1128 1616 1148 eo
1626 1121 1740 1158 privato
1751 1139 1759 1152 ,
1772 1119 1894 1160 quisine
1903 1122 1993 1149 armis
2002 1120 2092 1148 etiam
2105 1115 2213 1147 consul
2231 1124 2274 1151 21
