2337 3400
191 99 287 160 984
594 87 1097 138 M.TtrLL11

191 188 257 219 quae
269 176 423 217 vigilantes
433 170 586 202 videmus.
600 172 609 187 ¹
624 166 795 198 Plurimum
810 164 938 196 interest.
951 164 999 195 sed
1010 163 1040 194 id
1053 164 1149 193 omit—

194 229 302 250 tamus.
327 215 401 246 illud
413 215 496 243 enim
508 213 638 242 dicimus
650 230 659 241 ‚
672 218 734 238 non
745 207 872 237 candem
884 205 941 236 effe
957 208 1020 235 vim
1030 225 1038 240 ‚
1052 215 1151 245 neque

195 262 392 299 integritatem
403 254 600 283 dormientium
611 270 619 284 ,
634 251 666 280 &
676 249 868 290 vigilantium
878 268 887 282 ‚
899 258 954 279 nec
964 257 1080 280 mente,
1097 257 1152 277 nec

195 302 289 332 sensu.
314 301 362 328 Ne
373 294 505 325 vino.'enti
517 293 641 334 quidem
654 301 720 332 quae
732 290 845 321 faciunt
854 310 864 325 ,
884 289 988 319 eadem
1005 288 1154 329 approba-

194 351 276 372 tione
295 339 408 369 ficiunt
417 357 425 370 ,
446 344 503 375 qua
519 333 606 374 fhbrii'
619 345 629 360 .·
653 333 812 366 dubitant,
833 330 962 362 haesitant
979 351 987 365 ‚
1010 339 1152 361 revocant

195 383 222 412 sc
235 381 384 411 interdum
397 398 405 411 ,
420 378 514 416 iisque
524 396 531 410 ‚
543 386 606 417 quae
619 375 760 405 videntur
771 380 780 408 ,'
792 372 979 404 imbecillius
987 371 1154 403 assentiun-

197 433 262 454 tur:
282 421 411 461 cumque
422 418 650 448 edormivei·unt
663 436 671 450 ‚
691 417 743 445 illa
757 416 816 445 visa
832 415 923 456 quam
938 415 1014 445 levia
1026 414 1150 447 fuerint,

1160 84 1707 132 Cret-:nonis

1188 161 1402 194 Democritum
1412 172 1510 196 vocas,
1521 164 1571 193 cui
1582 174 1646 197 non
1654 164 1795 198 afl'entior
1806 163 1981 207 :potiusque
1990 163 2139 201 refellam,

1189 213 1311 244 propter
1330 204 1362 234 id
1373 224 1381 237 ‚
1400 203 1481 245 quod
1496 204 1629 236 dilucide
1640 206 1764 238 docetur
1774 209 1790 238 a
1799 209 1991 249 politioribus
2001 207 2139 248 physicis,

1188 246 1371 287 singularum
1382 256 1474 275 rerum
1486 245 1613 286 singulas
1627 250 1809 289 proprietates
1821 248 1887 280 esse.
1909 249 1955 280 fac
1965 252 2048 279 enim
2062 251 2141 280 anti-

1190 298 1267 329 quos
1276 289 1346 318 illos
1355 288 1509 321 Servilios,
1519 288 1683 328 quigemini
1692 289 1823 325 fuerunt,
1834 301 1893 322 tam
1905 291 2039 325 simileis,
2048 291 2139 332 quam

1190 332 1329 360 dicuntur
1341 340 1346 358 :
1359 339 1433 359 num
1445 329 1545 359 censes
1556 332 1645 360 etiam
1657 331 1777 362 eosdem
1788 332 1893 363 fuisse?
1908 343 1970 363 non
1980 333 2143 375 cognosce-

1192 371 1390 410 banturforis:
1404 370 1525 401 atdomi.
1548 380 1612 401 non
1622 371 1659 401 ab
1669 371 1780 402 alienu:
1799 383 1828 404 at
1846 374 1935 414 afim.
1960 378 2007 405 An
2022 376 2145 405 nonvi-

1191 414 1298 443 demus
1311 433 1319 447 ‚
1339 414 1398 442 hoc
1408 412 1461 442 usu
1476 417 1578 442 venire
1590 432 1599 446 ‚
1618 422 1649 442 ut
1665 423 1742 454 quos
1757 424 1922 455 numquam
1937 416 2118 455 putassemus
2129 415 2146 447 a

198 465 386 504 intelligunt.
409 459 490 501 quod
503 460 584 489 idem
596 460 745 499 contingit
756 458 859 497 insanis
871 469 879 491 ·,
893 460 906 477 2
917 465 948 486 ut
960 457 992 486 ὅ(
1003 458 1155 497 incipien-
1194 456 1284 485 nobis
1295 455 1458 485 internosci
1469 451 1550 494 poffe
1559 473 1568 487 ‚
1584 464 1653 488 ρος,
1666 455 1858 494 consuetudine
1867 457 1995 488 adhibita
2006 479 2014 492 ,
2028 468 2088 488 tam
2100 457 2146 489 fa-

197 516 240 536 tes
254 505 369 536 furere,
394 503 540 534 sentiant,
562 501 595 530 δε
609 500 708 530 dicant
726 500 840 540 aliquid
852 519 860 532 ‚
881 498 963 539 quod
974 508 1037 528 non
1048 497 1080 528 fit
1092 518 1101 531 ‚
1122 496 1153 527 id

195 547 292 577 videri
305 545 373 576 sibi:
395 544 427 574 &
437 563 445 577 ,
457 539 529 572 cum
540 543 727 575 relaxentur,
745 541 888 575 sentiant,
899 550 984 581 atque
994 540 1045 570 illa
1053 540 1154 570 dicant

197 589 374 619 Alcmeonis
396 596 402 615 :

331 670 388 699 ίῖίι.

183 722 187 724 ·
222 716 261 743 At
274 714 357 743 enim
376 720 447 740 1psn
461 719 597 740 sAPiENs
611 708 734 739 sustinet
745 709 773 739 se
784 709 816 738 in
830 706 931 738 furore
942 727 950 741 ,
964 717 1002 737 ne
1011 706 1153 747 approbet

198 755 267 786 frisa
285 764 338 794 pro
358 754 449 783 veris.
473 755 510 782 Et
525 752 596 781 alias
611 751 735 792 quidem
749 751 841 790 saepe,
863 748 883 779 si
901 759 950 779 aut
973 752 1004 779 in
1024 747 1153 779 sensibus

199 796 289 836 ipsius
299 795 341 825 est
353 796 451 835 aliqua
459 792 536 823 forte
547 803 673 835 gravitas
683 813 691 826 ,
709 802 757 822 aut
769 791 885 821 tarditas
896 811 905 824 .
921 801 969 821 aut
981 791 1152 820 obscuriora

200 840 269 868 sunt
286 847 352 878 quae
368 837 508 866 videntur
519 855 528 869 ‚
553 835 626 865 auta
639 833 845 874 perspiciendo
856 835 1000 873 temporis
1010 832 1151 862 brevitate

200 881 381 910 excluditur.
404 886 586 918 quamquam
602 886 699 906 totum
717 877 775 906 hoc
786 895 793 908 ‚
816 875 978 914 sapientem
990 873 1151 913 aliquando

201 918 344 952 sustihcre
353 918 547 950 assensionem
562 939 569 950 ,
589 927 692 948 contra
712 927 766 947 vos
783 915 835 946 estv
859 915 879 945 fi
893 919 976 946 enirn
998 918 1074 945 inter
1091 914 1152 945 visa

199 963 278 993 nihil
290 960 451 992 interesset:
473 969 521 990 aut
533 961 638 1001 semper
650 958 823 992 sustineret,
842 967 892 988 aut
905 967 1071 998 numquam.
1095 956 1151 987 Sed

1192 497 1250 527 cile
1261 496 1530 540 internosceremus
1543 516 1551 529 ,
1564 497 1658 526 utine
1668 506 1835 527 mmmmm
1846 499 1968 538 quidem
1979 499 2089 530 similes
2099 500 2145 531 es-

1192 539 1220 569 se
1232 538 1402 569 viderentur
1415 540 1425 566 ?
1447 540 1506 568 Hic
1517 556 1526 570 2
1550 547 1662 579 pugnes
1675 539 1744 568 licet
1755 559 1764 572 ‚
1784 549 1849 569 non
1864 541 2048 581 repugnabo:
2069 543 2145 582 quin

1173 573 1176 631 1
1192 581 1283 610 etiam
1298 579 1462 610 concedam
1474 599 1482 612 ‚
1504 579 1593 609 illum
1605 580 1703 619 ipsum
1715 580 1876 620 sapientem
1889 601 1898 614 ,
1919 583 1955 610 de
1967 592 2028 622 quo
2040 585 2145 613 omnis

238 630 292 661 Sed
314 629 385 657 milii
403 627 571 668 neutiquam
597 635 640 655 cor
661 624 795 665 confi-nsit
821 635 885 654 cum
903 623 1044 653 oculorum
1059 623 1153 663 adspe-
1174 656 1175 660 Ἰ

1195 623 1244 651 liic
1256 622 1354 652 sermo
1365 620 1406 651 est
1419 642 1427 655 ,
1448 620 1520 650 cum
1531 623 1559 650 ei
1573 631 1619 651 res
1633 620 1743 652 similes
1754 632 1927 655 occurrant,
1943 632 2013 663 quas
2022 633 2084 654 non
2094 626 2145 655 ha-

1174 678 1175 681 =
1191 664 1257 693 beat
1271 663 1422 693 denotatas
1434 683 1442 696 ,
1463 671 1652 708 retenturum
1666 661 1830 697 assensum,
1854 673 1910 695 nec
1928 674 2069 705 umquam
2089 666 2145 696 ulli

1174 706 1254 735 *viso
1275 704 1455 735 ass'cnsurum
1467 724 1475 737 ,
1488 702 1551 734 'nisi
1568 704 1650 745 quod
1669 705 1724 734 tale
1743 705 1850 739 fuerit,
1868 706 1954 746 quale
1967 705 2073 736 falsum
2085 705 2144 736 effe

1191 757 1255 777 non
1266 745 1361 787 poffit.
1383 747 1440 777 Sed
1458 746 1493 776 ad
1506 756 1615 776 ceteras
1633 756 1678 776 res
1695 746 1941 787 habetquandam
1954 757 2044 778 artem
2056 767 2065 782 ‚
2084 758 2142 788 qua

1192 799 1258 819 vera
1269 800 1283 818 a
1293 787 1370 818 falsis
1379 786 1466 829 poffit
1475 787 1655 829 distinguere
1666 799 1671 817 :
1684 788 1717 818 &
1725 789 1761 818 ad
1772 788 1982 819 similitudines
1994 788 2060 820 istas
2073 790 2144 820 usus

1173 862 1175 869 Α
1191 830 1377 861 adhibendus
1389 829 1438 860 est.
1463 839 1494 859 ut
1505 839 1599 860 mater
1607 832 1747 870 geminos
1764 831 1935 860 internoscit
1945 831 2143 862 consuetudi-

1173 891 1175 913 1
1190 882 1227 902 ne
1237 873 1395 903 oculorum
1409 882 1413 900 ε
1428 870 1465 901 sic
1475 881 1506 902 tu
1518 871 1910 912 internoscemfiafficeveru.
1933 873 2064 903 Videsne
2075 892 2083 906 ,
2106 881 2141 903 ut

1173 943 1175 951 ,
1191 916 1222 944 in
1234 915 1396 954 proverbio
1404 912 1436 944 slt
1445 923 1562 942 ovorum
1572 913 1841 953 t'nterftfimjlitudo
1853 918 1864 942 ἕ
1879 924 1977 944 tamen
1992 915 2050 944 hoc
2057 924 2142 945 acce-

1189 957 1290 995 pimus
1303 977 1310 989 ,
1324 956 1395 985 Deli
1406 953 1492 985 fuiss'e
1502 955 1686 994 complureis
1699 953 1726 994 (⁶
1737 955 1823 985 salvis
1836 957 1920 986 rebus
1931 957 2004 1004 illis)
2019 959 2068 997 qui
2079 956 2144 997 gal-

200 1002 238 1035 e'x
252 1006 308 1034 boc
322 1013 428 1044 genere
445 1011 509 1032 toro
524 1003 648 1041 perspici
658 1001 755 1040 potest
765 1000 868 1030 levitas
878 1000 1021 1029 orationis
1032 1008 1150 1030 eorum,
1173 1014 1176 1041 i
1192 1000 1267 1028 linas
1277 998 1352 1028 alere
1362 997 1523 1037 permultas
1533 996 1660 1036 quaestus
1670 997 1752 1027 causa
1763 997 1900 1027 solerent.
1921 999 2034 1027 hicum
2044 1007 2140 1028 ovum

200 1049 252 1088 qui
263 1048 368 1076 omnia
377 1047 502 1084 cupiunt
513 1042 710 1074 confundere.
721 1043 892 1083 Qaerimus
903 1042 1065 1081 gravitatis,
1078 1050 1153 1070 con·
1174 1067 1175 1080 χ
1191 1039 1390 1079 inspexerant,
1403 1048 1468 1078 quae
1479 1038 1508 1068 id
1518 1039 1626 1078 gallina
1635 1036 1800 1078 peperisset,
1813 1038 1910 1068 dicere
1921 1039 2066 1069 solebant.
2086 1049 2142 1069 ne-

200 1089 312 1118 stantiae
324 1108 332 1121 ,
350 1086 497 1116 firmitatis
508 1105 516 1118 ‚
527 1086 676 1124 sapientiae
689 1083 834 1119 iudicium
850 1095 854 1111 ;
876 1092 992 1117 utimur
1002 1082 1151 1121 exemplis
1175 1103 1176 1113 i
1192 1091 1250 1120 que
1260 1081 1292 1111 id
1303 1080 1345 1110 cst
1353 1089 1457 1110 contra
1468 1089 1537 1109 nos.
1559 1088 1629 1108 nam
1642 1080 1729 1109 nobis
1740 1080 1805 1110 satis
1815 1079 1867 1113 est,
1879 1090 1935 1110 ova
1946 1082 1995 1111 illa
2004 1083 2141 1111 interno-

200 1130 438 1161 somniantium‚
458 1126 640 1157 furiosorum
655 1146 663 1159 ,
686 1125 884 1155 ebriosorum.
907 1129 919 1151 3
932 1124 1006 1153 illud
1024 1124 1154 1153 attendi·
1175 1125 1176 1131 ¹
1194 1123 1281 1152 scere.
1304 1122 1403 1151 7nihil
1423 1122 1507 1150 enim
1529 1123 1623 1160 magis
1639 1119 1770 1150 assentiri
1788 1122 1884 1161 potest
1903 1124 1959 1152 hoc
1972 1123 2047 1152 illud
2062 1121 2141 1156 effe,

201 1181 270 1202 mus
290 1174 322 1200 in
343 1172 400 1200 hoc
419 1170 506 1198 omni
526 1178 634 1210 genere
645 1187 653 1200 ‚
672 1168 762 1208 quiim
775 1165 1152 1205 inconstantcrloquamur.

198 1223 264 1243 non
281 1214 365 1242 enim
386 1209 588 1251 proferremus
606 1211 680 1240 vino
691 1229 699 1243 ,
719 1218 766 1239 aut
788 1209 896 1238 somno
916 1206 1082 1247 oppressos,
1106 1214 1155 1236 aut

199 1263 303 1285 mente
315 1262 415 1293 captos
426 1272 434 1285 ‚
453 1261 512 1282 tam
525 1251 650 1282 absurde
662 1271 670 1284 ,
689 1255 706 1277 4
717 1260 748 1280 ut
762 1250 833 1280 cum
848 1250 1015 1279 diceremus
1035 1247 1156 1285 interesse

198 1298 271 1326 inter
282 1295 469 1336 vigilantium
480 1295 542 1334 visa
553 1313 561 1327 ,
581 1293 613 1322 δε
626 1293 793 1323 sobriorum
805 1311 813 1325 ‚
834 1292 866 1321 &
877 1291 1016 1321 sanorum
1027 1311 1035 1324 ‚
1058 1291 1091 1320 ὃς
1101 1300 1153 1319 eo-

200 1349 269 1368 rum
288 1348 341 1378 qui
354 1335 448 1366 essent
460 1336 545 1365 aliter
557 1334 674 1365 affeciti:
696 1343 761 1364 tum
773 1334 850 1363 nihil
862 1330 1009 1363 interesse.
1034 1335 1082 1362 Ne
1094 1333 1152 1361 hoc

198 1380 321 1421 quidem
331 1387 457 1408 cernunt
468 1397 476 1410 ‚
488 1378 594 1407 omnia
605 1377 633 1406 se
643 1375 762 1406 reddere
774 1377 884 1405 incerta
891 1374 973 1414 quod
984 1375 1101 1404 nolunt.
1120 1383 1153 1403 ea

199 1426 269 1452 dico
281 1423 390 1451 incerta
399 1439 407 1452 ,
428 1429 493 1460 quae
504 1420 584 1449 ἄδηλκ
595 1420 703 1448 Graeci.
726 1420 756 1448 Si
769 1426 851 1446 enim
863 1426 907 1446 res
920 1416 947 1446 se
961 1419 1000 1447 ita
1015 1416 1149 1448 habeant,

201 1473 235 1494 tit
245 1462 322 1493 nihil
333 1459 456 1495 intersit,
467 1459 570 1490 utrum
582 1462 619 1490 ita
628 1462 677 1489 cui
688 1459 822 1489 videatur
830 1478 839 1491 ,
851 1467 883 1488 ut
893 1458 1009 1492 insano,
1020 1469 1056 1488 an
1068 1459 1150 1488 sano:

199 1507 250 1535 cui
264 1502 349 1544 poffit
362 1503 551 1542 exploratum
569 1500 628 1532 ess'e
642 1501 678 1531 de
692 1501 739 1531 sua
749 1500 890 1530 sanitate?
907 1501 988 1539 quod
998 1501 1075 1531 velle
1084 1497 1151 1529 effi·

200 1556 285 1578 cere,
308 1555 371 1574 non
390 1543 553 1575 mediocris
571 1543 685 1572 insania
703 1541 754 1572 est.
777 1541 997 1572 Similitudines
1012 1542 1082 1571 vero
1100 1550 1151 1570 aut

199 1589 394 1630 geminorum
407 1605 414 1618 ‚
433 1594 482 1615 aut
492 1583 643 1625 signorum
655 1585 774 1614 annulis
784 1581 994 1622 impressorum
1007 1604 1015 1617 2
1028 1583 1152 1623 puerili—

205 1639 249 1659 ter
267 1638 323 1658 con
330 1626 485 1658 sedantur.
508 1627 574 1665 quis
594 1628 676 1655 enim
696 1623 833 1655 nostrum
847 1624 1048 1665 similitudines
1066 1633 1151 1665 negat

203 1668 260 1701 este
274 1690 282 1703 ,
298 1669 369 1699 cum
381 1678 421 1698 ea:
432 1668 569 1708 plurimis
579 1669 611 1696 in
621 1667 708 1697 rebus
718 1669 892 1706 appareant?
910 1667 961 1697 sed
974 1688 981 1701 ‚
1004 1666 1022 1696 si
1035 1667 1100 1697 satis
1109 1665 1151 1696 est

202 1712 239 1742 ad
252 1710 416 1741 tollendam
428 1711 634 1750 cognitionem
645 1728 653 1742 ,
675 1707 782 1738 similia
795 1706 852 1737 effe
867 1710 961 1739 multa
972 1709 1151 1738 multorum:

204 1764 256 1784 cur
266 1763 302 1783 co
311 1761 375 1782 non
384 1750 454 1781 estis
463 1752 619 1784 contenti,
635 1751 796 1790 praesertim
804 1751 1038 1780 concedentibus
1048 1750 1153 1779 nobis?

204 1796 237 1825 &
248 1805 300 1824 cur
314 1793 343 1823 id
358 1791 459 1833 potius
468 1792 649 1822 contenditis
660 1812 668 1825 ,
691 1791 772 1832 quod
784 1801 882 1820 rerum
894 1801 996 1822 natura
1006 1801 1068 1821 non
1078 1793 1153 1831 pati-

202 1847 246 1868 tui
259 1857 267 1870 ,
280 1845 311 1866 ut
322 1844 385 1864 non
400 1834 449 1864 suo
460 1836 587 1873 quicque
599 1843 705 1874 genere
717 1831 749 1862 fit
758 1833 813 1862 tale
824 1852 832 1865 ‚
843 1834 929 1873 quale
940 1833 981 1863 est
991 1836 1001 1862 ?
1011 1843 1067 1863 nec
1077 1832 1110 1862 fit
1119 1833 1153 1862 in
1173 1827 1175 1860 Ξ

203 1878 320 1908 duobus
329 1885 379 1908 aut
388 1876 523 1916 pluribus
533 1876 614 1905 nulla
623 1885 654 1904 re
665 1873 804 1904 differens
816 1875 875 1904 ulla
884 1876 1088 1904 communitas
1099 1877 1109 1903 ?
1120 1882 1152 1903 ut

204 1919 258 1950 sibi
277 1918 332 1948 sint
350 1918 381 1948 &
401 1927 457 1947 ova
471 1926 601 1946 ovorum
613 1936 622 1949 ‚
643 1917 754 1956 &apes
763 1917 864 1955 apium
876 1914 1048 1946 fimillimae.
1071 1915 1153 1957 Qid

202 1970 317 2003 pugnas
333 1961 445 2001 igitur?
467 1968 518 1988 aut
534 1958 607 1999 quid
626 1956 679 1988 tibi
699 1967 745 1987 vis
765 1959 795 1987 in
809 1960 962 1998 geminis?
978 1958 1153 1990 conceditur

205 2007 288 2033 enim
307 2001 430 2031 simileis
440 1999 512 2030 effe:
533 2010 594 2041 quo
604 2008 763 2030 contentus
773 1998 830 2029 esse
841 2009 987 2039 porueras.
1011 2009 1042 2030 tu
1053 2009 1153 2030 autern

206 2046 252 2075 vis
263 2043 382 2074 eosdem
394 2042 483 2082 plane
492 2041 549 2071 effe
559 2061 568 2074 ‚
588 2052 652 2071 non
666 2040 797 2071 (imileis.
821 2043 902 2081 quod
915 2041 978 2072 fieri
988 2042 1074 2072 nullo
1085 2051 1154 2071 mo-

207 2087 248 2116 do
257 2084 363 2126 potest.
388 2086 470 2114 Dein
479 2083 618 2124 confugis
627 2083 660 2113 ad
672 2082 806 2123 physicos
824 2094 875 2114 eos
885 2104 893 2117 ‚
911 2086 963 2125 qui
974 2084 1109 2113 maxime
1121 2085 1153 2113 in

207 2126 557 2157 Academiairridentur:
576 2126 708 2165 aquibus
724 2135 762 2155 ne
775 2134 806 2154 tu
814 2126 939 2167 quidem
952 2127 1013 2165 jam
1025 2135 1052 2155 te
1065 2124 1155 2155 absti-

207 2170 294 2199 nebis
307 2179 312 2197 :
328 2168 360 2198 δε
371 2170 411 2197 ais
424 2169 638 2197 Democritum
650 2167 746 2197 dicere
756 2186 764 2200 ‚
785 2166 1006 2197 innumerabilem
1016 2166 1063 2205 effe
1072 2177 1157 2196 mun-
1176 2162 1178 2167 '

204 2210 270 2245 dos,
292 2209 324 2240 &
338 2209 462 2250 quidem
479 2207 515 2238 sic
528 2208 670 2249 quosdam
687 2211 762 2238 inter
777 2208 804 2239 se
823 2219 886 2239 non
905 2209 1005 2240 solum
1022 2209 1156 2242 fimileis,

208 2252 257 2283 sed
274 2251 407 2292 undique
420 2249 550 2290 perfide
562 2270 570 2283 ‚
595 2251 626 2280 Sc
639 2250 772 2280 absolute
792 2251 829 2281 ita
844 2245 925 2292 par‘es
937 2271 945 2285 ,
965 2261 997 2281 ut
1014 2260 1093 2280 inter
1105 2260 1158 2280 eos

208 2294 289 2324 nibil
309 2293 426 2333 prorsus
444 2290 555 2322 intersit
572 2312 581 2326 ,
603 2295 615 2318 5
629 2292 660 2322 &
680 2302 730 2322 eos
748 2293 871 2333 quidem
891 2292 1158 2323 innumerabileis:

209 2337 344 2376 itemque
356 2335 507 2364 homines.
529 2333 637 2363 deinde
649 2332 776 2373 postulas
788 2355 796 2368 ‚
815 2344 865 2368 ut,
888 2334 907 2364 si
922 2335 1055 2364 mundus
1074 2336 1111 2363 ita
1125 2331 1159 2363 sit

209 2387 261 2418 par
271 2378 354 2406 alteri
366 2376 484 2406 mundo
494 2395 502 2407 ‚
515 2384 546 2404 ut
557 2377 693 2405 intereos
704 2385 740 2404 ne
752 2378 919 2406 minimum
931 2376 1053 2416 quidem
1067 2378 1159 2405 inter-

208 2417 243 2449 sit
254 2439 262 2452 ,
282 2417 459 2448 concedatur
469 2417 522 2447 tibi
536 2436 545 2450 ,
568 2426 599 2446 ut
613 2419 643 2446 in
659 2417 715 2446 hoc
728 2427 847 2458 quoque
862 2417 963 2447 nostro
975 2417 1093 2447 mundo
1103 2417 1158 2446 ali-

212 2460 286 2501 quid
308 2460 396 2490 alicui
412 2468 462 2499 par
483 2456 535 2491 fit,
562 2468 593 2488 ut
612 2459 687 2488 nibil
707 2455 842 2492 differat,
864 2459 939 2488 nihil
961 2457 1082 2488 intersit.
1106 2467 1158 2487 cur

208 2504 292 2532 enim
305 2522 313 2536 ,
333 2503 451 2541 inquies
461 2520 469 2533 ,
481 2499 551 2530 cum
564 2510 601 2530 ex
611 2500 671 2529 illis
682 2501 848 2530 individuis
862 2520 870 2533 ,
888 2500 968 2530 unde
979 2501 1084 2529 omnia
1094 2501 1157 2528 Dc-

209 2545 354 2573 mocritus
363 2544 445 2584 gigni
455 2540 598 2575 affirmat,
611 2543 642 2571 in
656 2543 777 2582 reliquis
789 2541 911 2577 mundis
921 2561 929 2576 ‚
949 2542 1025 2571 &in
1037 2543 1081 2570 his
1091 2543 1157 2581 qui-

208 2585 278 2615 dein
299 2584 571 2614 innumerabilibus
584 2604 592 2618 ‚
620 2584 856 2614 innumerabiles

213 2636 275 2656 non
288 2625 382 2656 modb
392 2623 500 2665 poffint
510 2623 578 2659 effe,
591 2625 639 2655 scd
651 2627 741 2655 etiam
752 2625 808 2656 sint
819 2646 827 2659 ,
839 2628 870 2655 in
882 2627 940 2655 hoc
949 2634 1032 2655 tanto
1041 2623 1158 2653 mundo

159 2674 196 2707 13
216 2669 336 2698 Catulus
353 2668 424 2698 alter
442 2677 506 2697 non
524 2666 610 2707 poffit
627 2665 728 2698 effici?
769 2668 909 2698 Primiim
923 2666 1047 2708 quidem
1061 2665 1158 2696 mead

256 2800 277 2817 i.
297 2796 404 2818 'Plurmm
412 2793 531 2826 interest]
552 2795 594 2819 Ita
605 2800 671 2819 vett.
690 2792 750 2819 cdd.
763 2802 821 2820 nani
833 2793 947 2820 Vi-storii
957 2793 984 2818 δε
996 2792 1062 2819 Ald'i
1073 2793 1165 2828 Nepo-

216 2827 369 2858 tis.primum
378 2832 486 2861 interest:
500 2838 588 2866 lneque
598 2829 676 2855 :iliter
688 2829 755 2854 Pau.

255 2871 282 2887 2.
303 2864 363 2893 Ut&
376 2865 621 2899 ‹Jitipicntesfiirerej
643 2865 685 2890 Sic
696 2864 763 2891 Pau.
773 2872 800 2891 at
811 2864 877 2891 liber
886 2865 914 2892 S.
924 2864 1041 2891 Viistoi-is
1053 2883 1061 2897 ,
1074 2865 1167 2898 furore.

219 2897 287 2923 unde
297 2898 397 2924 divinat
408 2901 581 2932 Gulielmius,
591 2908 617 2926 ut
626 2901 655 2932 ὼ
663 2903 883 2934 incipientesurore.

259 2942 291 2972 31
302 2935 535 2973 Iunci-attendimus]
557 2938 576 2962 V
580 2937 662 2971 ulgati
683 2937 845 2962 attendamur.
865 2935 908 2964 sed
917 2935 1032 2963 alterum
1042 2935 1170 2971 produxit

219 2969 252 2995 P.
264 2970 408 2998 νιέἰσπυε,
419 2971 554 3005 exstatque
566 2973 590 2998 iu
603 2973 697 2999 nostris
708 2971 791 2998 tribus
806 2972 864 2998 mss.

216 3046 245 3065 m
254 3004 389 3065 amilium
401 3006 552 3040 diceremus]
574 3008 615 3034 1⁷.st
628 3008 676 3034 hoc
686 3010 700 3033 a
713 3007 835 3035 Vissorio
845 3009 873 3034 &
884 3008 952 3035 Pau.
963 3016 1021 3035 nam
1031 3007 1171 3045 publicati,

257 3084 284 3108 5.
295 3078 327 3101 Et
336 3083 372 3100 eus
380 3076 471 3109 quadem
478 3078 692 3111 innumerabilii5.]
706 3079 772 3105 l’all.
782 3080 811 3110 ὠ·
820 3089 842 3105 eo
850 3080 950 3114 quidem.
961 3078 1045 3106 codex
1057 3080 1084 3106 S.
1095 3079 1168 3106 via.

216 3121 239 3140 eo
248 3119 334 3147 quoquc
343 3121 434 3143 tonum.
455 3110 506 3138 (iiic
519 3112 559 3142 εἴγ’.
580 3112 647 3139 uiide
663 3113 730 3141 facit
736 3115 909 3148 Gulielmius,
918 3117 957 3142 eho
966 3125 1053 3151 quoque
1062 3119 1170 3142 innume·

874 2586 911 2622 Q.
930 2585 1043 2613 Lutatii
1063 2582 1160 2612 Catuli
1179 2591 1180 2614 1

1194 1164 1285 1204 quarn
1296 1162 1317 1192 si
1330 1165 1405 1192 inter
1415 1163 1465 1192 illa
1475 1164 1606 1192 omnino
1617 1162 1694 1191 nihil
1705 1161 1861 1193 interess'et.
1885 1163 1979 1193 habeo
1997 1166 2079 1194 enim
2095 1174 2142 1193 re-

1174 1200 1176 1234 ,ἷ
1192 1205 1294 1246 gulam
1307 1225 1315 1237 ,
1340 1213 1372 1234 ut
1384 1203 1452 1234 talia
1464 1204 1525 1234 visa
1539 1213 1604 1234 vera
1615 1223 1624 1237 ‚
1644 1203 1779 1242 judicem
1794 1225 1801 1236 ‚
1821 1205 1918 1244 qualia
1928 1204 1998 1235 falsa
2007 1204 2065 1234 effe
2078 1215 2142 1236 non

1173 1274 1176 1301 1
1192 1245 1326 1286 possunt.
1349 1246 1384 1276 ab
1395 1247 1449 1276 hac
1459 1246 1536 1275 mihi
1548 1255 1610 1275 non
1621 1246 1688 1275 licet
1699 1246 1887 1286 transverfiaem
1896 1265 1904 1279 ‚
1917 1255 1948 1276 ut
1958 1247 2051 1285 ajunt,
2063 1246 2141 1287 digi-

1193 1296 1256 1317 tum
1265 1287 1414 1318 discedere
1427 1307 1436 1320 ,
1448 1297 1486 1317 ne
1496 1286 1682 1318 confundam
1692 1292 1805 1317 omnia.
1831 1297 1912 1317 vieni
1928 1290 2023 1321 enim,
2036 1288 2068 1318 &
2077 1287 2141 1319 t'alsi

1193 1340 1257 1360 non
1279 1328 1373 1359 modo
1391 1330 1545 1370 cognitio,
1567 1329 1615 1359 sed
1629 1329 1662 1358 δε
1677 1338 1778 1359 natura
1788 1330 1910 1359 tolletur
1921 1349 1929 1363 ,
1951 1328 1971 1359 si
1985 1330 2061 1359 nihil
2074 1331 2143 1363 erit.

1189 1372 1271 1412 quod
1281 1370 1394 1401 intersit
1406 1381 1412 1400 :
1429 1373 1560 1401 utetiam
1571 1371 1648 1400 illud
1657 1371 1816 1401 absurdum
1829 1370 1861 1400 fit
1871 1391 1880 1405 ,
1894 1371 1974 1411 quod
1983 1371 2138 1402 interdurn

1189 1414 1291 1444 soletis
1301 1413 1398 1444 dicere
1409 1433 1418 1446 ,
1433 1411 1504 1443 cum
1517 1413 1577 1442 visa
1587 1415 1617 1442 in
1628 1415 1748 1442 animos
1757 1415 1970 1452 imprimantur
1982 1433 1990 1446 ‚
2010 1422 2074 1443 non
2084 1422 2139 1443 vos

1188 1455 1220 1486 id
1231 1455 1329 1485 dicere
1342 1475 1351 1489 ‚
1371 1462 1445 1483 anter
1459 1455 1531 1495 ipsas
1544 1453 1722 1494 impreffiones
1743 1454 1817 1483 nihil
1843 1454 1980 1492 insci-effi,
2001 1455 2049 1484 sed
2061 1463 2138 1485 inter

1171 1516 1173 1519 .
1187 1498 1301 1536 species
1311 1517 1319 1530 ‚
1334 1496 1366 1526 δε
1376 1496 1517 1537 quasdam
1526 1495 1638 1526 formas
1649 1505 1765 1525 eorum.
1788 1495 1875 1537 Qasi
1888 1495 1959 1526 vero
1970 1506 2032 1526 non
2044 1496 2139 1536 specie

1189 1538 1444 1577 visajudicentur:
1462 1547 1527 1578 quae
1538 1536 1628 1568 fidem
1640 1538 1754 1567 nullam
1765 1538 1935 1570 habebunt,
1952 1538 2060 1568 sublata
2072 1539 2135 1567 veri

1192 1581 1222 1610 &
1232 1579 1295 1610 salsi
1306 1588 1387 1610 nota.
1410 1579 1489 1609 Illud
1500 1578 1570 1609 vero
1592 1579 1803 1619 perabsurdum
1816 1599 1824 1613 ‚
1838 1579 1918 1620 quod
1931 1579 2029 1609 dicitis
2039 1578 2139 1620 proba—

1172 1647 1173 1651 ,
1191 1621 1263 1651 bilia
1273 1622 1407 1663 vossequi'
1415 1641 1423 1654 ‚
1441 1619 1460 1650 si
1470 1631 1500 1650 re
1510 1621 1594 1651 nulla
1603 1621 1822 1660 impediamini.
1845 1621 1982 1651 Primum
1992 1631 2043 1662 qui
2052 1630 2139 1660 pote-

1191 1664 1241 1695 stis
1260 1674 1325 1693 non
1338 1662 1477 1702 impediri
1490 1683 1498 1695 ,
1518 1662 1590 1692 cum
1603 1663 1619 1692 a
1633 1664 1709 1692 veris
1723 1661 1793 1692 falsa
1806 1672 1869 1692 non
1879 1661 2009 1692 distent?
2029 1662 2140 1692 deinde

1191 1706 1273 1747 quod
1289 1705 1437 1744 judicium
1455 1703 1497 1734 est
1513 1706 1594 1737 veri,
1613 1704 1685 1734 curn
1704 1703 1737 1733 sit
1751 1713 1917 1734 commune
1930 1702 2012 1734 falsi?
2037 1707 2082 1734 Ex
2093 1705 2140 1734 his

1192 1748 1242 1777 illa
1253 1744 1413 1776 necessario
1425 1754 1491 1775 nata
1500 1744 1542 1775 est
1556 1747 1634 1776 ἐποκῆ
1647 1764 1654 1776 ,
1667 1745 1696 1774 id
1710 1744 1753 1775 est
1761 1744 1932 1775 assensionis
1942 1748 2069 1775 retentio
2082 1756 2088 1775 ;
2106 1748 2139 1775 in

1173 1782 1174 1821 1
1191 1799 1248 1830 qua
1257 1789 1367 1817 melius
1379 1786 1433 1817 sibi
1441 1785 1576 1816 constitit
1586 1784 1725 1816 Arcesilas
1735 1807 1744 1820 ,
1765 1785 1785 1816 si
1796 1797 1862 1817 vera
1873 1787 1940 1817 sunt
1949 1797 2014 1827 quae
2023 1787 2059 1817 de
2070 1789 2140 1817 Car-

1193 1829 1286 1860 neade
1304 1829 1447 1859 nonnulli
1463 1826 1644 1858 existimant.
1675 1826 1695 1857 fi
1711 1830 1794 1858 enim
1812 1830 1924 1868 percipi
1936 1829 2013 1858 nihil
2027 1827 2145 1869 potest,⁴

1193 1871 1275 1913 quod
1286 1872 1401 1911 utrique
1412 1870 1510 1901 visum
1520 1868 1570 1899 est:
1581 1869 1732 1900 tollendus
1741 1868 1870 1900 assensus
1880 1869 1931 1900 est.
1947 1879 2032 1908 (χι-μυ
2047 1879 2140 1900 nNiM

1194 1924 1248 1943 its-i·
1264 1922 1338 1943 TAM
1352 1920 1479 1943 FUTILE
1489 1931 1498 1946 ,
1515 1912 1605 1953 quam
1616 1911 1780 1953 quidquam
1790 1912 1949 1952 approbare
1959 1922 2024 1942 non
2033 1913 2140 1953 cogni-

1193 1958 1281 1986 tum?
1304 1954 1483 1985 Carneadem
1494 1962 1595 1984 autem
1607 1956 1696 1984 etiam
1708 1955 1770 1984 heri
1779 1954 1974 1984 audiebamus
1985 1974 1994 1988 ,
2014 1954 2141 1984 solitum

1192 1996 1251 2028 effe
1261 1997 1358 2027 delabi
1368 1996 1520 2026 interdurn
1531 2015 1540 2029 ‚
1553 2004 1585 2026 ut
1596 1996 1705 2026 diceret
1714 2015 1723 2029 ‚
1735 1998 1927 2036 opinaturum
1937 2016 1946 2030 ‚
1957 1996 1989 2026 id
2000 1994 2042 2026 est
2052 2015 2060 2029 ‚
2072 2004 2142 2036 pec-

1175 2070 1176 2074 ,
1191 2048 1327 2071 caturum
1340 2037 1398 2068 effe
1408 2038 1580 2078 sapientem.
1602 2037 1682 2067 Mihi
1696 2036 1785 2077 porro
1804 2047 1868 2068 non
1885 2047 1946 2068 tam
1957 2047 2073 2068 certum
2087 2035 2147 2074 ests

1194 2081 1253 2113 esse
1265 2080 1380 2122 aliquid
1392 2100 1401 2113 ,
1420 2080 1503 2120 quod
1523 2079 1739 2119 comprehendi
1759 2078 1864 2120 poffit,
1883 2079 1920 2110 de
1937 2089 1998 2120 quo
2013 2080 2073 2118 jam
2094 2080 2143 2108 ni-

1195 2123 1297 2154 mium
1307 2124 1396 2152 etiarn
1409 2122 1460 2152 diu
1469 2121 1587 2161 disputo
1597 2141 1605 2154 ‚
1624 2121 1714 2161 quam
1725 2122 1879 2162 fhpientem
1889 2121 2076 2162 nihilopinari
2087 2139 2097 2153 ,
2112 2119 2143 2150 id

1195 2165 1237 2196 est
1246 2185 1254 2199 ,
1266 2173 1432 2204 numquam
1444 2161 1573 2193 assentiri
1583 2165 1625 2192 rei
1637 2164 1683 2192 vel
1694 2162 1772 2193 fali‘ae
1783 2183 1791 2196 ‚
1801 2163 1850 2194 vel
1862 2166 2031 2204 incognitae.
2044 2161 2145 2192 Restat

1177 2203 1178 2225 1
1195 2207 1271 2238 illud
1283 2226 1292 2240 ,
1311 2206 1393 2247 quod
1404 2205 1507 2235 dicunt
1518 2224 1526 2238 ,
1548 2205 1610 2235 veri
1626 2206 1802 2235 inveniendi
1819 2205 1903 2235 causa
1920 2214 2022 2235 contra
2039 2205 2146 2234 omnia

1195 2249 1256 2280 dici
1275 2256 1431 2288 oportere,
1453 2247 1550 2286 &pro
1559 2247 1714 2277 omnibus.
1736 2247 1818 2276 Volo
1827 2249 1919 2286 igitur
1932 2246 2050 2279 videre,
2070 2243 2144 2285 quid

1178 2321 1179 2325 ,
1195 2291 1378 2321 invenerint.
1403 2291 1478 2319 Non
1492 2289 1621 2318 solemus
1632 2308 1641 2322 ,
1664 2290 1763 2329 inquit
1774 2309 1782 2321 ‚
1803 2287 1969 2318 ostendere.
1992 2289 2065 2328 Qae
2079 2287 2146 2317 sunt

1178 2329 1179 2342 ¹
1197 2332 1317 2364 tandem
1329 2330 1383 2361 ista
1394 2330 1552 2370 mysteria?
1572 2338 1622 2360 aut
1638 2340 1689 2360 cur
1708 2329 1804 2358 celatis
1814 2349 1822 2363 ‚
1843 2328 1926 2370 quast
1937 2336 2015 2368 turpe
2023 2327 2147 2369 aliquid,

1178 2377 1179 2381 ’
1198 2375 1374 2405 sententiam
1387 2372 1512 2402 vestram
1525 2372 1534 2397 ?
1555 2374 1597 2400 Ut
1608 2390 1616 2404 ‚
1627 2373 1680 2412 qui
1691 2371 1831 2404 audient,
1846 2380 1944 2411 inquit
1956 2391 1964 2404 ,
1977 2372 2084 2399 ratione
2092 2379 2149 2410 po-

1178 2396 1179 2428 1
1199 2415 1260 2446 tius
1271 2434 1279 2448 ‚
1299 2415 1388 2455 quam
1399 2412 1572 2442 austorirate
1581 2412 1734 2442 ducantur.
1758 2412 1840 2450 Quid
1851 2411 1870 2441 si
1881 2421 2040 2453 utrumque
2050 2415 2060 2441 ?
2070 2420 2148 2442 num

1198 2459 1281 2497 pejus
1291 2455 1353 2486 est?
1365 2450 1379 2474 ⁸
1389 2464 1483 2484 unum
1495 2464 1596 2484 tamen
1607 2454 1682 2484 illud
1693 2463 1756 2483 non
1765 2456 1881 2487 celant,
1893 2454 1969 2483 nihil
1981 2452 2039 2484 esse
2049 2473 2058 2487 ,
2068 2451 2150 2494 quod

1178 2528 1180 2539 Ι
1198 2499 1308 2539 percipi
1319 2495 1413 2537 poffit.
1433 2505 1470 2526 an
1480 2497 1514 2525 in
1524 2506 1560 2525 eo
1573 2495 1730 2526 andstoritas
1739 2496 1818 2525 nibil
1828 2494 1911 2525 obest
1922 2496 1931 2522 ?
1942 2495 2152 2536 mihiquidem

1179 2541 1180 2565 ἒ
1199 2540 1317 2570 videtur
1332 2538 1380 2568 vel
1398 2536 1577 2578 plurimum.
1600 2540 1666 2578 quis
1675 2537 1822 2567 enimista
1833 2547 1891 2567 tarn
1902 2546 1997 2577 aperte
2011 2556 2020 2570 ,
2039 2535 2151 2577 perspi-

1179 2570 1180 2586 ¹
1200 2591 1314 2622 cneque
1327 2580 1359 2610 &
1368 2580 1500 2620 perversa
1513 2599 1521 2612 ,
1542 2579 1575 2609 &
1588 2578 1657 2609 falsa
1667 2579 1781 2609 secutus
1790 2577 1861 2609 effet
1872 2598 1880 2612 ‚
1901 2577 1955 2608 nisi
1965 2587 2046 2609 tanta
2056 2580 2087 2607 in
2096 2580 2154 2607 Ar-

1179 2623 1180 2628 ’
1200 2622 1284 2653 cesila
1293 2642 1302 2656 ,
1323 2623 1423 2652 multo
1433 2623 1522 2651 etiarn
1533 2622 1630 2657 major
1641 2624 1672 2650 in
1684 2620 1834 2651 Carneade
1846 2621 1878 2651 &
1887 2624 1971 2660 copia
1982 2627 2079 2650 rerum
2091 2637 2100 2652 ‚
2119 2617 2154 2648 &

1202 2664 1323 2695 dicendi
1343 2665 1389 2695 vis
1408 2661 1526 2694 fuiffet?
1570 2665 1644 2693 Haec
1663 2664 1817 2694 Antonius
1833 2661 1894 2693 fere
1914 2663 1946 2692 &
1963 2659 2153 2692 Alexandriae

2080 2710 2159 2738 turn,

1203 2790 1316 2815 rabileis!
1335 2790 1365 2815 P.
1377 2790 1514 2816 Manutius
1525 2798 1602 2816 voces
1612 2787 1671 2816 istas
1681 2798 1772 2816 omnes
1783 2788 1861 2814 babet
1869 2787 2042 2819 adulterinas,
2053 2787 2161 2824 expres-

1206 2826 1288 2861 sitque
1299 2835 1334 2857 eo,
1353 2835 1405 2852 non
1416 2834 1461 2852 eos.

1242 2868 1271 2894 6.
1290 2869 1371 2894 Sal-ivis
1382 2870 1451 2894 rebus
1460 2868 1531 2902 illim]
1555 2867 1698 2904 Exemplar
1709 2868 1738 2893 S.
1749 2864 1877 2898 Victoris,
1887 2867 1922 2892 illi
1929 2877 1938 2898 ,-
1948 2875 1996 2902 pro
2005 2868 2063 2900 illic,
2074 2867 2161 2904 iuquit

1206 2904 1369 2932 Gulielmius
1383 2913 1391 2935 3
1411 2904 1457 2931 nifi
1469 2905 1498 2931 sit
1507 2906 1556 2932 1111.
1966 2933 1969 2936 Δ

1245 2966 1273 2992 7.
1293 2958 1361 2982 Nihil
1372 2958 1432 2982 enim
1441 2956 1512 2989 magis
1530 2955 1637 2988 affineiri
1649 2954 1749 2987 potem]
1771 2953 1864 2980 Nostri
1884 2953 1949 2981 niliil
1969 2954 2065 2982 habent
2083 2956 2160 2992 quale

1209 2993 1313 3020 invexit
1323 2991 1406 3018 editio
1424 3000 1548 3027 proterva
1558 2990 1679 3016 Lambini
1695 2999 1704 3019 ;
1725 2989 1808 3016 solum
1830 2989 1962 3016 mitrii->in
1980 3000 2021 3027 pr.
2039 2993 2160 3026 affiatire,

1209 3028 1282 3065 quod
1291 3029 1320 3054 8:
1328 3029 1357 3054 in
1367 3027 1416 3054 sec.
1427 3026 1469 3053 sed
1481 3027 1540 3052 loco
1549 3030 1578 3053 τὶ
1585 3027 1669 3059 poten,
1680 3025 1757 3052 babet
1761 3033 1806 3058 per
1814 3027 1863 3052 hoc.

1245 3079 1272 3105 8.
1295 3082 1369 3104 Unum
1377 3085 1455 3103 tamen
1463 3077 1522 3106 illud
1531 3086 1575 3101 non
1593 3075 1696 3110 telana]
1717 3076 1760 3102 Sic
1770 3077 1796 3101 &
1810 3076 1878 3104 Pau.
1896 3085 1923 3105 at
1933 3077 2019 3106 codex
2030 3080 2057 3106 S.
2069 3078 2165 3106 Vifto-

1211 3114 1258 3147 ris,
1269 3116 1380 3141 celamm.
1401 3112 1473 3139 sorte
1484 3113 1588 3139 celamur
1597 3112 1685 3148 inquit
1695 3113 1869 3141 Gulielmius.

2091 3150 2174 3178 [διὰ

2180 2672 2220 2705 ¹9
