2295 3400
177 88 273 139 266
606 83 1104 134 M.Ttri.1.11

174 170 350 214 intelligetis
360 168 454 204 enim,
466 166 517 199 illa
526 174 671 208 tempora,
683 175 736 207 per
744 175 821 208 quae,
833 163 904 196 cum
914 164 1008 195 essent
1021 164 1051 194 in
1061 163 1135 206 pari-

175 215 247 247 culo,
260 215 356 254 pretio
367 213 425 243 sese
434 211 625 242 redemerunt
634 228 642 242 ‚
654 219 724 239 curn
736 208 883 238 societatis
893 207 1001 238 tabulis
1010 216 1076 236 non
1087 207 1135 237 so-

174 256 240 286 lum
250 254 425 286 consulibus
434 274 442 287 ‚
461 261 567 282 verum
578 252 668 281 etiam
679 247 832 280 mensibus
841 269 850 283 ,
864 250 1038 279 convenire.
1062 247 1134 278 cum

175 298 240 328 haec
257 296 391 327 maxime
409 294 658 335 cognosceremus
669 312 677 326 ‚
697 292 730 322 &
746 292 810 331 jam
827 293 860 321 in
871 290 1012 321 manibus
1022 289 1135 320 tabulas

173 339 353 369 haberemus
366 349 371 366 2
398 335 518 377 repente
538 333 720 375 adspicimus
738 333 840 363 lituras
856 331 1027 372 ejusmodi,
1056 329 1136 372 quasi

198 380 312 411 uaedam
327 379 444 408 vulnera
456 375 622 407 tabellarum
635 377 772 406 recentia.
796 376 903 405 Statim
910 374 1079 414 suspicione
1088 372 1136 404 of·

172 391 261 455 gensi,
272 421 307 452 ad
319 431 352 451 ea
360 420 420 460 ipsa
430 420 558 449 nomina
568 418 674 448 oculos
686 438 695 450 ‚
710 418 909 457 animumque
918 415 1134 446 transtulimus.

176 466 268 494 Erant
283 472 407 502 acceptae
425 461 559 501 pecuniae
569 459 586 490 a
605 464 614 479 ¹
628 462 661 490 C.
671 459 813 489 Verrutio
823 461 855 488 C.
870 460 903 488 F.
915 455 953 488 fic
964 466 1066 488 tamen
1078 477 1086 491 ‚
1102 464 1136 488 ut

175 505 268 545 usque
285 504 322 534 ad
343 504 469 534 alterum
481 522 490 537 ,
500 503 529 532 R
540 523 549 538 ,
561 502 665 532 litterae
673 499 844 531 constarent
852 501 990 542 integrae:
1014 499 1135 539 reliqu-ae.

175 556 286 583 omnes
295 543 538 576 efl'entinlitura.
559 544 689 574 alterum
700 562 708 575 ,
730 543 854 584 tertium
865 560 874 575 ,
894 550 1033 583 quartum
1045 561 1053 574 ‚
1068 550 1136 581 per-

177 588 273 618 multa
292 596 375 617 erant
388 590 402 606 ²
413 584 638 626 ejusdemmodi
653 585 790 614 nomina.
821 582 901 614 Cfirn
911 582 1068 613 manifesta
1077 592 1133 615 res,

174 639 241 660 tum
260 628 405 670 flagitiosa
420 627 601 661 tabularum,
619 635 705 668 atque
722 624 846 666 infignis
865 624 1009 666 turpitudo
1019 633 1136 655 tenere-

175 681 237 701 tur:
248 681 378 712 quaerere
388 672 558 710 incepimus
567 669 603 700 de
615 667 936 708 Carpinatio,quisnam
945 665 1017 696 effet
1027 667 1051 695 is
1061 669 1136 695 Ver-

175 715 271 743 rutius
280 733 288 747 ‚
303 713 427 754 quicum
439 720 525 742 tantae
533 712 668 752 pecuniae
678 711 828 740 rationem
836 708 964 739 haberet.
989 711 1001 735 3
1015 709 1135 737 Haerere

175 756 272 785 homo
282 774 290 787 ‚
301 754 440 788 aversari,
451 754 564 784 rubere.
595 751 687 793 Qspd
701 752 758 791 lege
771 751 950 790 excipiuntur
964 749 1070 780 tabulae
1080 759 1136 788 pu-

174 796 374 829 blicanorum,
386 806 446 838 quo
457 797 561 826 minus
570 797 705 825 Romam
716 793 923 832 deportentur:
943 800 976 820 ut
987 801 1031 820 res
1042 790 1136 831 quam

176 837 313 868 maxime
323 838 444 871 clara,ac
455 836 554 868 testata
564 834 622 866 esse
631 833 735 875 posset,
748 837 781 864 in
792 834 799 871 j
804 843 839 863 us
848 833 884 863 ad
894 832 1054 862 Metellum
1066 834 1136 862 Car-

174 881 326 919 pinarium
337 889 414 909 voco
426 890 432 908 2
455 878 626 919 tabulasque
637 877 783 907 societatis
791 879 808 901 4
816 876 847 904 in
857 873 961 904 forum
970 872 1085 903 defero.
1101 872 1136 903 fit

177 923 332 952 maximus
350 921 510 951 concursus
529 920 694 950 hominum
706 928 713 946 2
740 919 773 948 &
794 915 876 957 quod
895 924 956 946 erat
973 916 1136 954 Carpinatii

177 973 249 993 nota
266 972 338 993 cum
353 962 410 993 isto
418 971 540 1003 praetore
552 962 690 993 societas,
707 969 740 989 ac
750 958 910 988 foeneratio
920 977 928 991 ,
951 956 1072 987 summe
1082 966 1136 986 ex—

116 1007 133 1039 „7
142 1008 158 1040 7
178 1004 348 1046 spe&abant
356 1014 464 1035 omnes
475 1024 482 1037 ‚
493 1002 638 1044 quidnam
649 1003 682 1030 in
691 1001 800 1030 tabulis
809 1001 1021 1030 contineretur.
1051 1000 1133 1029 Rem

178 1046 212 1078 ad
224 1046 384 1077 Metellum
394 1045 497 1076 defero
507 1065 516 1078 ,
537 1054 586 1074 me
595 1043 708 1074 tabulas
715 1039 892 1082 perspexisse
908 1041 1077 1071 sociorum:
1101 1042 1135 1070 in

178 1090 225 1119 his
243 1088 352 1118 rabulis
368 1097 508 1128 magnam
518 1088 667 1116 rationem
677 1087 711 1114 C.
721 1085 852 1113 Vei-rutii
861 1081 1021 1122 permultis
1030 1084 1135 1112 nomi-

177 1131 233 1161 bus
245 1128 302 1159 effe
313 1149 321 1163 ,
341 1139 449 1170 meque
460 1129 517 1158 hoc
526 1127 687 1168 perspicere
702 1129 765 1155 5ex
773 1125 934 1155 consulum
944 1144 953 1158 ‚
969 1122 1135 1153 mensium-

177 1182 234 1212 que
246 1173 371 1205 ratione,
382 1172 461 1200 hunc
471 1170 646 1199 Verrutium
657 1177 753 1208 neque
762 1175 829 1197 ante
837 1166 1001 1196 adventum
1018 1169 1050 1196 C.
1062 1169 1136 1195 Ver-

177 1216 217 1244 ris
227 1234 235 1246 ⁷
264 1222 362 1252 neque
371 1211 436 1252 post
444 1209 643 1241 deceffionem
654 1209 820 1249 quidquam
830 1217 900 1237 cum
913 1209 1080 1246 Carpinatio
1091 1217 1136 1237 ra-

178 1257 269 1285 tionis
280 1253 422 1284 habuisse.
444 1252 565 1293 postulo
576 1271 584 1285 ‚
604 1252 681 1281 mihi
691 1250 865 1290 respondeat
874 1269 882 1282 ‚
893 1251 945 1290 qui
955 1247 987 1279 fit
996 1248 1050 1279 iste
1060 1252 1137 1279 Ver-

177 1306 271 1326 tutius
283 1307 288 1325 :
307 1304 452 1326 mercator
462 1292 525 1326 ⁶,an
536 1295 703 1334 negotiator
713 1313 721 1325 ,
740 1302 777 1322 an
785 1300 896 1324 arator,
917 1301 954 1321 an
963 1292 1117 1330 pecuarius
1130 1301 1137 1320 1

179 1348 211 1368 in
221 1338 320 1369 Sicilia
329 1336 372 1370 fit,
384 1347 421 1367 an
429 1338 492 1376 jam
502 1333 665 1367 deccfferit.
688 1334 821 1364 Clamare
831 1343 939 1363 omnes
950 1343 988 1362 ex
999 1342 1133 1362 conven-

178 1389 221 1413 tu,
234 1380 368 1408 neminem
381 1388 520 1419 umquam
530 1383 543 1406 7
557 1388 590 1406 ex
603 1376 706 1406 Sicilia
711 1374 799 1415 fmffe
813 1375 996 1404 Verrutinm..
1006 1377 1073 1415 Ego
1084 1376 1134 1404 in·-

180 1421 263 1455 stare,
274 1430 306 1451 ut
317 1421 394 1450 mihi
403 1419 594 1460 responderet
604 1439 613 1453 ,
629 1413 643 1437 3
654 1419 722 1459 quis
731 1416 817 1450 esset,
832 1416 885 1446 ubi
894 1414 966 1446 effer
974 1436 983 1449 ,
998 1416 1077 1446 unde
1088 1416 1133 1446 es-

178 1463 232 1493 set:
252 1473 305 1492 cur
315 1462 416 1493 servus
426 1462 571 1492 societatis
582 1481 589 1495 ‚
598 1461 651 1501 qui
663 1459 772 1490 tabulas
782 1457 946 1489 confecerit
954 1478 963 1491 ,
975 1458 1090 1498 semper
1100 1459 1133 1487 in

178 1505 308 1535 Verrutii
318 1505 446 1534 nomine
455 1523 463 1537 ,
475 1512 556 1534 certo
567 1512 605 1533 ex
614 1503 683 1532 loco
694 1520 703 1534 ,
713 1500 855 1540 mendosus
869 1498 942 1537 efflet.
966 1502 1062 1540 Atque
1071 1500 1134 1529 haec

174 1544 361 1586 postulabam
372 1565 382 1579 ,
402 1555 465 1575 non
481 1543 543 1586 quo
558 1544 647 1574 illurn
662 1544 730 1584 cogi
739 1550 873 1582 putarem
884 1549 1037 1581 oportere,
1061 1550 1093 1571 ut
1102 1551 1136 1571 ea

178 1589 258 1618 mihi
265 1587 454 1627 responderet
465 1588 594 1617 invitus:
604 1584 653 1615 sed
663 1590 696 1614 ut
705 1583 850 1614 omnibus
857 1582 942 1613 istius
951 1581 1038 1616 furta,
1050 1583 1133 1612 illius

175 1628 324 1671 flagitium
337 1648 345 1662 ,
365 1629 517 1669 utriusque
527 1627 647 1657 audacia
654 1626 805 1666 perspicua
814 1623 870 1654 effe
880 1622 982 1664 poss'et.
1006 1628 1021 1651 9
1030 1627 1134 1665 Itaque

172 1672 264 1702 illum
273 1671 390 1710 inJ'uriae
398 1679 480 1700 metu
492 1690 500 1702 ‚
516 1669 753 1707 conscientiaque
763 1669 872 1707 peccati
882 1675 1003 1696 mutum
1015 1686 1024 1700 ‚
1046 1674 1133 1706 atque

175 1714 429 1745 exanimatum,ac
444 1711 498 1740 vix
511 1712 618 1740 vivum
629 1709 768 1750 relinquo:
774 1708 884 1739 tabulas
894 1710 927 1737 in
935 1706 1004 1737 foro
1014 1708 1133 1738 summa

175 1755 341 1784 hominum
351 1752 520 1794 frequentia
527 1751 663 1782 exscribo
675 1761 682 1779 t
704 1750 883 1780 adhibentur
892 1751 924 1779 in
932 1748 1130 1779 exscribendo

175 1796 213 1826 de
221 1804 374 1826 conventu
383 1796 440 1824 viri
451 1796 600 1833 primarii:
621 1793 725 1822 litterae
737 1812 744 1825 ,
767 1793 921 1831 lituraeque
939 1801 1048 1821 omnes
1066 1789 1130 1820 affi-

175 1837 296 1869 mulatae
306 1857 315 1871 2
325 1834 464 1877 expreffae
475 1856 484 1871 ‚
495 1835 532 1866 de
541 1834 650 1866 tabulis
658 1836 691 1864 in
700 1834 793 1864 libros
802 1831 1026 1864 transferuntur.
1058 1834 1131 1863 Haec

1185 84 1717 133 <Memmius

1181 165 1288 195 omnia
1300 165 1417 195 summa
1428 173 1496 195 cura
1507 184 1515 198 ‚
1528 164 1561 195 &
1572 163 1728 205 diligentia
1735 161 1886 206 recognita
1896 184 1904 200 ‚
1922 163 1956 196 &
1964 163 2069 199 conata
2077 186 2086 202 ‚
2106 165 2145 200 δε

1181 205 1217 237 ab
1227 206 1405 236 hominibus
1413 203 1629 237 honestissimis
1641 204 1786 246 obsignata
1798 207 1875 236 sunt.
1907 208 1937 238 Si
1957 210 2140 248 Carpinatius

1182 257 1248 279 tum
1261 249 1338 278 mihi
1345 247 1523 294 respondere
1533 249 1650 278 noluit:
1670 247 1815 288 responde
1833 249 1910 278 mihi
1929 258 2011 280 nunc
2025 258 2057 279 tu
2066 253 2144 281 Ver·-

1179 300 1237 324 res,
1248 300 1339 331 quem
1351 288 1408 319 efle
1418 291 1499 320 hunc
1509 298 1598 320 tuum
1607 289 1691 330 paene
1701 289 1847 330 gentilem
1857 292 2032 321 Verrutium
2045 301 2145 331 putes.

1183 331 1245 362 fieri
1255 342 1319 362 non
1328 330 1437 372 potest,
1449 340 1492 365 ut,
1501 341 1593 372 quem
1603 331 1704 365 video,
1716 340 1743 361 te
1754 333 1923 371 praetore,in
1932 333 2034 363 Sicilia
2041 332 2142 368 fuiffe,

1183 373 1316 414 &quem
1333 384 1372 404 ex
1386 374 1566 421 ipsit-ratione
1579 373 1720 413 intelligo
1738 372 1920 412 locupletem
1939 372 2047 408 fuisse,
2069 384 2142 406 eum
2160 387 2162 389 ·

1180 418 1257 446 tuin
1268 425 1317 446 tua
1324 425 1479 455 provincia
1487 424 1552 444 non
1562 416 1711 455 cognoris.
1738 416 1767 433 ¹0
1778 417 1875 455 Atque
1885 414 1958 446 adeo
1970 425 2009 445 ne
2025 417 2083 446 hoc
2092 424 2144 448 aut

1183 457 1314 498 longius,
1326 465 1375 487 aut
1385 456 1541 486 obscurius
1551 454 1608 485 effe
1617 454 1712 496 possit,
1724 456 1875 495 procedite
1885 458 1918 487 in
1928 456 2078 491 medium,
2088 468 2142 489 ex-

1156 494 1158 503 '
1180 500 1286 539 plicate
1297 498 1542 538 descriptionem,
1554 499 1779 538 imaginemque
1790 497 1973 528 tabularum:
1991 508 2142 530 utomnes

1182 540 1322 570 mortales
1340 539 1426 569 istius
1443 540 1571 570 avaritiae
1589 549 1654 569 non
1665 539 1729 579 jam
1743 538 1865 580 vestigia
1877 559 1885 572 ,
1906 539 1955 570 sed
1966 541 2026 580 ipsa
2035 539 2142 570 cubilia

1184 586 1208 601 ¹¹
1219 581 1322 612 videre
1332 579 1449 621 possint.
1481 580 1597 610 Videtis
1608 582 1782 610 Vei-rutium
1793 583 1804 609 ?
1823 580 1932 611 videtis
1939 584 2051 621 primas
2061 582 2142 613 litte-

1179 633 1223 653 ras
1234 625 1380 663 integras?
1400 622 1509 653 videtis
1526 631 1692 652 extremam
1711 631 1824 662 partem
1842 624 1979 653 nominis
1988 643 1997 657 ,
2015 624 2142 655 caudam

1181 665 1267 695 illam
1278 667 1388 698 Verris,
1401 673 1552 705 tamquam
1563 665 1596 694 in
1607 664 1681 697 luto,
1694 664 1859 694 demersam
1870 662 1927 694 esse
1937 666 1970 694 in
1981 665 2084 696 litura?
2094 669 2143 697 Sic

1182 706 1294 737 habent
1303 707 1332 737 se
1344 705 1625 745 tabulae,judices‚ut
1635 705 1752 735 videtis.
1772 705 1853 746 Qid
1864 705 2039 746 exspthatis
2049 713 2059 739 ἓ
2069 707 2143 748 quid

1181 751 1314 789 quaeritis
1323 748 1471 787 amplius?
1490 757 1521 777 ru
1534 748 1592 787 ipse
1602 750 1708 777 Verres
1718 747 1792 788 quid
1801 747 1881 778 sedes
1892 753 1902 778 ,²
1914 747 1987 788 quid
1999 751 2124 779 moraris
2133 754 2146 780 Ξ

1182 799 1253 820 nam
1264 799 1313 820 aut
1321 789 1461 819 exhibeas
1470 789 1558 819 nobis
1570 787 1873 822 Verrutium,neceffe
1884 788 1942 819 est:
1956 794 1983 809 ¹2
1993 798 2044 820 aut
2057 798 2084 820 te
2094 790 2144 828 ff

1183 831 1346 860 Verrusium
1362 830 1478 861 fateare.
1510 830 1683 861 Laudamur
1691 838 1821 861 oratores
1832 839 1944 861 veteres
1955 850 1964 865 ‚
1986 830 2073 862 Craffi
2083 832 2142 866 illi.

1182 872 1216 903 &
1226 874 1373 906 Antonii,
1391 871 1474 913 quod
1485 873 1614 902 crimina
1622 872 1735 902 diluere
1746 872 1878 902 dilucide
1890 893 1898 905 ‚
1921 871 2005 914 quod
2021 875 2143 913 copiose

1182 924 1282 944 rerum
1290 915 1388 945 causas
1398 913 1557 944 defendere
1568 914 1707 944 solerent.
1731 916 1879 944 nimirum
1890 915 1937 944 illi
1955 925 2019 945 non
2033 916 2141 956 ingenio

1183 955 1283 986 solum
1304 957 1350 986 his
1365 957 1515 996 patronis,
1536 955 1708 996 sedforrmza
1716 957 1804 986 etiam
1816 955 2023 996 praestiterunt.
2046 967 2143 987 NEMO

1181 1000 1264 1028 enim
1275 1006 1345 1028 tunc
1355 999 1394 1028 ita
1402 997 1556 1037 peccabat,
1579 1006 1611 1027 ut
1621 996 1786 1027 defensioni
1796 998 1898 1027 locum
1910 1008 1973 1028 non
1989 999 2144 1039 relinque-

1179 1047 1223 1069 ret
1236 1050 1241 1069 :
1261 1050 1355 1070 nemo
1365 1041 1405 1069 ita
1419 1039 1539 1069 vivebat
1548 1059 1557 1072 ‚
1578 1047 1610 1068 ut
1620 1039 1703 1069 nulla
1711 1040 1774 1078 ejus
1786 1040 1855 1069 vitae
1864 1049 1927 1079 pars
1942 1040 2067 1070 summae
2077 1049 2145 1070 tur-

1178 1080 1327 1121 pitudinis
1336 1079 1407 1111 esset
1416 1090 1520 1120 expers
1531 1091 1536 1109 z
1556 1090 1648 1110 nemo
1660 1082 1699 1110 ita
1708 1082 1741 1110 in
1753 1085 1761 1099 ¹
1771 1084 1782 1108 3
1795 1080 1956 1111 manifesto
1965 1091 2087 1121 peccatu
2097 1091 2144 1112 te«

1182 1123 1322 1156 nebatur,
1335 1131 1367 1153 ut
1377 1144 1385 1156 ‚
1397 1122 1469 1152 cum
1480 1122 1641 1162 impudens
1651 1120 1790 1152 fuifletin
1798 1121 1888 1156 saffo,
1904 1131 1969 1152 tum
1980 1123 2141 1163 impuden-

1181 1166 1240 1195 tior
1249 1164 1409 1197 viderecur,
1415 1164 1444 1204 si
1451 1171 1570 1204 negaret.
1583 1165 1676 1193 Nunc
1685 1162 1757 1193 vero
1767 1163 1840 1204 quid
1850 1163 1935 1195 faciat
1946 1164 2120 1196 Hortensius
2129 1172 2143 1198 ἓ

1179 1208 1348 1237 avaritiaene
1359 1207 1487 1236 crimina
1495 1205 1669 1246 frugalitatis
1681 1204 1818 1235 laudibus
1828 1205 2018 1245 deprecetur?
2035 1209 2075 1237 At
2084 1208 2141 1238 ho-

1182 1249 1301 1278 minem
1313 1245 1571 1289 flagitiofisfimum
1583 1266 1592 1279 ,
1602 1245 1877 1276 libidinosissimum
1888 1267 1896 1280 ‚
1909 1246 2142 1288 nequiffimum-

1180 1300 1239 1330 que
1248 1288 1391 1320 defendit.
1417 1292 1446 1315 ¹4
1455 1291 1504 1318 An
1515 1288 1552 1318 ab
1562 1289 1616 1318 hac
1626 1289 1690 1326 ejus
1701 1287 1840 1322 infamia,
1854 1292 1986 1330 nequitia
1996 1310 2004 1323 ,
2026 1289 2143 1321 vestros

1179 1333 1300 1361 animos
1317 1333 1350 1361 in
1367 1330 1456 1361 aliam
1474 1339 1587 1370 partem
1598 1350 1607 1363 ,
1624 1328 1810 1360 fortitudinis
1832 1333 2143 1367 commemoratione,

1180 1373 1320 1405 traducat>
1330 1375 1371 1403 At
1379 1373 1476 1402 homo
1486 1373 1780 1412 inertiorngnavior,
1787 1375 1816 1399 ¹5
1824 1374 1918 1412 magis
1928 1374 1975 1403 vir
1983 1375 2061 1404 inter
2068 1383 2146 1404 mu«

1179 1415 1282 1448 lieres,
1302 1416 1422 1454 impura
1439 1415 1517 1444 inter
1533 1415 1616 1443 viros
1635 1413 1945 1457 mulierculamoferri
1954 1424 2020 1445 non
2029 1415 2140 1455 potest.

1182 1459 1223 1486 At
1236 1466 1321 1485 mores
1333 1455 1478 1486 commodi.
1511 1457 1587 1495 Qis
1596 1455 1823 1485 contumacior?
1839 1457 1906 1496 quis
1920 1457 2118 1487 inhumanior
2127 1459 2141 1487 ἓ

1179 1500 1247 1539 quis
1258 1498 1429 1538 superbior?
1441 1500 1481 1527 At
1489 1496 1613 1537 haecfine
1621 1496 1787 1538 cujusquam
1795 1498 1867 1526 malo
1873 1519 1879 1526 .
1900 1500 1974 1539 Qis
1985 1498 2117 1529 acerbior
2125 1501 2147 1530 ,θ’

1179 1542 1246 1580 quis
1256 1538 1440 1570 insidiosior?
1458 1540 1527 1580 quis
1539 1538 1689 1569 crudelior
1697 1548 1841 1579 umquam
1850 1537 1927 1572 fuit?
1946 1542 1984 1569 In
2003 1540 2063 1570 hoc
2081 1541 2140 1570 ho-

1179 1583 1264 1611 mine
1273 1601 1282 1616 ,
1299 1590 1387 1622 atque
1403 1582 1437 1611 in
1451 1582 1481 1620 ‘ej
1487 1579 1606 1611 usmodi
1620 1580 1704 1610 causa
1713 1580 1785 1621 quid
1796 1578 1925 1611 facerent
1933 1591 2040 1611 omnes
2048 1580 2140 1613 Craffi

1179 1623 1212 1653 Sc
1222 1625 1372 1654 Antonii?
1391 1625 1540 1656 Tantum,
1549 1624 1671 1662 opinor,
1684 1620 1836 1655 Hortensi,
1849 1620 1877 1641 ¹⁶
1889 1622 1923 1653 ad
1933 1617 2009 1653 hanc
2019 1623 2137 1654 causam

1178 1675 1243 1695 non
1253 1664 1426 1695 accederent
1435 1685 1443 1698 ,
1458 1674 1496 1694 ne
1510 1664 1539 1693 in
1552 1664 1670 1693 alterius
1682 1663 1856 1703 impudentia
1863 1664 1913 1702 fici
1923 1665 2031 1705 pudoris
2043 1663 2142 1701 existi-

1177 1707 1330 1736 mationem
1342 1707 1517 1734 amitterent.
1540 1705 1628 1736 liberi
1646 1706 1730 1734 enim
1747 1705 1782 1735 ad
1792 1706 1909 1739 causas,
1926 1706 2078 1746 solutique
2087 1717 2141 1737 ve-

1178 1748 1300 1778 niebant
1313 1758 1319 1776 t
1340 1757 1438 1793 neque
1447 1746 1695 1779 committebant,
1709 1755 1741 1776 ut
1751 1766 1760 1780 ,
1772 1744 1793 1776 fi
1802 1747 1992 1785 impudentes
2007 1752 2034 1776 ¹7
2045 1750 2077 1777 in
2086 1748 2146 1780 de,-

1177 1789 1331 1821 fendendo
1349 1788 1407 1819 esse
1420 1787 1584 1819 noluiflent
1594 1807 1603 1822 ,
1624 1789 1731 1829 ingrati
1751 1789 1784 1818 in
1803 1786 1966 1819 desei-endo
1985 1788 2140 1821 existima-

1881 1875 1922 1917 A
1942 1874 1984 1919 c
2004 1875 2045 1920 c
2067 1874 2142 1920 u.

212 2024 222 2040 l
231 2034 237 2040 .
256 2017 284 2040 C.
295 2014 400 2041 Verrurio
408 2016 437 2039 C.
448 2012 493 2046 E]
514 2010 652 2037 Revocavi
663 2012 692 2037 C.
703 2013 731 2036 F.
751 2008 1013 2036 auCtoritateNann.
1025 2007 1132 2035 Metell.
1181 2009 1325 2040 explicetur‚·
1344 2015 1401 2042 quae
1412 2013 1487 2033 eruta
1497 2017 1512 2033 a
1523 2006 1627 2033 Fabi-ic.
1638 2007 1666 2032 ὃς
1677 2006 1783 2034 Metell.
1795 2006 1853 2033 mss‘.

173 2051 203 2077 δί
213 2050 291 2076 Fabr.
303 2050 376 2076 libris
387 2057 463 2076 antea
473 2048 593 2074 deerant.
612 2054 707 2074 notant
716 2053 804 2073 autem
816 2052 880 2081 puto
889 2046 1036 2079 Cajifilium.

208 2095 238 2112 2.
255 2086 423 2119 Ejusdemmodi
429 2085 551 2118 nomina]
565 2082 609 2109 Est
619 2084 634 2109 a
646 2082 723 2108 Fabr.
735 2083 762 2108 &
774 2083 844 2108 Met.
856 2081 974 2116 vulgata,
984 2081 1101 2115 q'ufinodi.

210 2130 224 2158 3
232 2142 238 2148 .
257 2126 348 2147 Haerere
356 2123 428 2152 homo,
438 2121 546 2153 versari,
557 2119 667 2152 rubere]
686 2117 889 2144 Emendavimus
902 2118 989 2143 locum
1001 2128 1015 2143 c
1026 2115 1132 2142 Metell.

171 2157 338 2185 deti-aitioue
349 2157 456 2183 litterae.
476 2155 542 2181 editi
554 2155 623 2180 enim
635 2154 755 2187 aversari.
776 2153 844 2179 Pali.
855 2153 990 2186 adversm-i.

208 2202 237 2226 4.
257 2195 368 2226 lusorum
378 2191 477 2226 clastra]
489 2191 583 2217 Verius
595 2189 681 2216 forsan
693 2190 784 2215 Narin.
796 2189 824 2214 δε
834 2188 930 2214 Metel.
941 2188 1024 2219 deferr.
1035 2194 1064 2213 ut
1075 2187 1134 2213 fue-

171 2230 227 2256 rint
238 2228 333 2256 tabulae
343 2237 420 2264 penes
431 2227 613 2263 Carpinatium
627 2245 634 2257 ‚
655 2235 706 2251 non
717 2232 807 2251 autem
818 2224 987 2251 Ciceronem.
1010 2233 1073 2249 mox
1091 2233 1132 2250 re-

171 2264 270 2301 scripsi,
280 2265 395 2299 quidnam
404 2267 429 2289 in
438 2264 538 2295 tabulis,
548 2261 599 2288 fide
611 2261 716 2287 Metell.
727 2261 753 2285 δι
766 2259 844 2286 Fabr.

211 2310 239 2335 5.
258 2304 298 2326 Ex
307 2300 429 2333 Consulum
438 2298 613 2333 menfiumque]
626 2296 708 2322 Liber
719 2295 825 2322 Metell.
837 2295 982 2329 mensumque
991 2302 1021 2321 ut
1031 2294 1116 2330 supra.

210 2337 239 2363 6.
259 2340 313 2364 <An
331 2335 483 2369 negotiatura]
505 2334 548 2361 Est
558 2334 586 2360 ὅ(
596 2332 664 2360 istud
675 2334 690 2359 a
701 2331 809 2359 Metell.
819 2332 848 2357 ὅ(
859 2330 962 2358 Fabi-ic.
973 2338 1050 2358 antea
1059 2331 1134 2357 libris

175 2372 270 2401 nostris
281 2371 383 2398 aberat.

210 2417 238 2443 7.
264 2411 303 2434 Ex
312 2405 492 2440 siciliafitiffi’]
506 2404 611 2431 Metell.
623 2407 648 2430 in
660 2423 667 2436 ‚
680 2403 750 2440 quod
761 2412 801 2430 :im
821 2403 872 2429 lius
883 2401 983 2464 aucium
994 2402 1040 2429 est.

211 2443 239 2471 8.
258 2444 316 2476 Qis
325 2443 376 2474 effet
389 2462 396 2473 ,
415 2443 455 2467 ubi
464 2442 516 2474 effer
527 2460 535 2472 ,
554 2440 614 2466 unde
623 2441 699 2474 affin]
711 2440 754 2466 Sic
763 2439 803 2466 col
818 2446 894 2466 ocant
904 2439 934 2465 iit
944 2448 985 2465 em
996 2437 1053 2465 mss.
1064 2438 1134 2464 Met.

176 2487 302 2517 ptmterea
312 2478 399 2505 ablata
410 2477 530 2504 litterula
542 2476 639 2512 scripsit
650 2478 701 2510 qui.

211 2524 241 2550 9.
261 2518 343 2548 ltaque
351 2516 415 2540 illum
424 2515 508 2548 injure
519 2532 527 2544 ,
537 2520 597 2537 meru
607 2514 789 2546 confi-ientiaque
795 2512 886 2544 peccati
897 2530 904 2543 ‚
914 2510 981 2544 dnn]
994 2509 1074 2536 Haud
1085 2509 1136 2536 ali-

175 2557 218 2585 rget
228 2550 388 2577 Metellanus
400 2558 408 2580 ;
420 2550 448 2575 8<
460 2549 527 2575 sicin
540 2548 608 2574 Pall.
628 2547 746 2584 vulgata,
759 2550 851 2582 injuriae
861 2554 921 2572 mem
930 2546 981 2576 dyc.

218 2595 260 2613 10.
279 2591 373 2619 QAtque.
379 2586 431 2610 adro
441 2594 469 2610 ne
478 2586 518 2610 hnc
527 2591 568 2610 ant
579 2586 678 2616 longius,
688 2584 755 2618 ὅγε]
768 2585 809 2609 Ita
819 2582 897 2610 Fabi.
910 2591 957 2609 nec
966 2580 1054 2608 abibat
1065 2582 1133 2608 Met.

179 2623 259 2660 quam
271 2622 341 2658 quod
353 2622 372 2647 is
385 2641 393 2652 ‚
404 2621 484 2647 adone.
503 2620 575 2656 prius
586 2619 652 2646 editi
663 2630 668 2647 :
685 2624 764 2654 Atque
774 2620 827 2645 adeo
837 2621 875 2644 hoc
884 2628 912 2644 ne
920 2620 1018 2651 longim-

217 2667 228 2686 ι
237 2666 259 2685 1.
277 2658 359 2686 Videre
362 2659 443 2692 pqffint
455 2676 464 2691 ,
480 2658 539 2684 liber
547 2657 700 2692 explicarin]
724 2655 863 2685 Hactenus
872 2653 1002 2682 caruimus
1013 2652 1068 2681 illis
1078 2653 1136 2679 liber

1192 2060 1195 2061 ν
1220 2052 1261 2069 12.
1281 2047 1345 2071 edm
1364 2050 1386 2067 re
1403 2044 1441 2076 esse
1460 2046 1594 2069 Vari-urium
1605 2044 1729 2077 fateare]
1752 2042 1892 2069 Metellae
1902 2046 2036 2070 Verrutium
2046 2046 2142 2079 farere«

1181 2088 1245 2105 mox
1257 2079 1334 2105 Fabr.
1346 2079 1373 2104 &
1385 2079 1491 2104 Metell.
1501 2078 1612 2105 auf-iore
1621 2077 1821 2114 scripsisblerent,
1831 2079 1999 2114 profilebant.

2161 584 2204 627 78³

1220 2123 1261 2149 ¹3·
1281 2114 1553 2149 tssssanfissopeccatu]
1573 2114 1618 2155 Est
1636 2114 1753 2141 &Gellio
1763 2114 1809 2150 qui
1819 2113 1969 2141 consulatur
1987 2114 2058 2142 libro
2068 2125 2146 2144 xiii.
2187 2137 2198 2141 Α.

1181 2150 1267 2176 Νοέὶ.
1278 2151 1365 2176 Attic.
1376 2159 1432 2184 cap.
1447 2157 1489 2184 19.

1222 2193 1261 2219 14.
1281 2189 1334 2213 <Aa
1343 2187 1374 2211 ab
1381 2187 1427 2211 hac
1435 2186 1484 2219 {jus
1493 2186 1596 2218 infamia
1606 2203 1615 2216 ‚
1632 2188 1739 2219 nequitia
1748 2185 1815 2219 &ej
1835 2185 1932 2213 Forsan
1945 2186 2086 2217 legendum
2098 2190 2141 2214 in-

1175 2223 1240 2255 fami
1248 2225 1356 2256 nequitia
1367 2241 1375 2253 ‚
1385 2220 1542 2247 adnotatum
1552 2221 1712 2248 Gulielmio.
1732 2222 1902 2249 Hotomanus
1913 2217 2015 2250 edidit:
2035 2225 2143 2257 infamia-

1182 2259 1290 2291 nequitia
1301 2276 1308 2288 ‚
1321 2264 1412 2283 conti-a
1422 2264 1523 2283 ceteros
1537 2256 1630 2283 libros.

1220 2302 1229 2319 ι
1238 2302 1251 2326 5
1258 2313 1263 2319 .
1282 2294 1378 2326 effigias
1386 2295 1430 2318 vir
1437 2295 1501 2318 inter
1510 2294 1630 2325 mulieres,
1639 2295 1734 2325 impura
1742 2296 1804 2319 inter
1814 2296 1882 2319 viros
1891 2295 2031 2320 muliercula
2035 2296 2145 2328 proftrri

1181 2329 1331 2362 nonpoteft']
1352 2327 1432 2364 Qd
1443 2328 1596 2355 exhibemus
1608 2329 1693 2355 exstat
1704 2329 1730 2355 iii
1742 2328 1810 2354 Pan.
1822 2329 1850 2354 δε
1861 2330 1930 2355 Met.
1950 2339 2009 2356 nam
2020 2330 2138 2366 alioquin

1182 2373 1233 2390 uon
1244 2363 1397 2399 displicebat
1407 2363 1477 2399 quod
1490 2372 1621 2400 repererat
1632 2365 1658 2390 iii
1669 2363 1714 2390 suo
1724 2364 1846 2390 Nannius
1858 2384 1865 2396 ,
1883 2365 1955 2398 magii·
1963 2369 2007 2391 vir
2015 2369 2077 2392 inter
2086 2375 2141 2392 mu-

1180 2402 1249 2425 lieres
1261 2419 1269 2432 ,
1279 2398 1351 2433 qmim
1360 2403 1423 2425 infer
1431 2402 1498 2425 viros
1509 2402 1655 2426 muliercula.
1674 2400 1752 2426 habet
1762 2399 1846 2426 editio
1856 2401 1976 2437 princeps
1989 2421 1997 2433 ,
2016 2403 2088 2436 magis
2096 2405 2143 2428 vir

1180 2439 1243 2461 inter
1252 2437 1309 2461 mul.
1320 2434 1391 2469 qusim
1400 2439 1494 2467 impura
1515 2437 1689 2468 Manutianae,
1701 2436 1772 2469 magia
1781 2439 1824 2462 vt'r
1833 2440 1896 2462 imur
1903 2440 1961 2463 mul.
1972 2447 2083 2473 nequam,
2092 2441 2140 2464 im-

1178 2479 1254 2505 pura>
1275 2471 1440 2503 Vicum-iana,
1453 2473 1559 2498 mulieres
1570 2481 1671 2506 nequam
1681 2471 1752 2506 qusint
1761 2475 1866 2504 impura.

1223 2507 1264 2533 15.
1284 2508 1338 2534 <Ad
1353 2509 1413 2532 hanc
1423 2508 1517 2540 causam
1526 2518 1570 2534 non
1580 2508 1739 2543 accedi—rent]
1761 2507 1844 2535 Valde
1853 2509 1939 2545 placet
1949 2508 2030 2536 lestio
2040 2510 2142 2536 Metel*-

1185 2543 1237 2569 lani
1250 2561 1258 2574 ‚
1269 2543 1302 2568 ad
1311 2544 1406 2575 catillum
1417 2563 1423 2574 ,
1437 2543 1523 2577 effero
1534 2544 1690 2580 pronomine
1699 2546 1770 2570 hanc.

1223 2587 1263 2613 ¹7·
1282 2582 1312 2604 ln
1321 2579 1457 2612 defendendo
1466 2580 1610 2615 noluiſsent]
1622 2581 1663 2606 Ita
1673 2579 1741 2607 Pali.
1752 2580 1789 2606 ita
1800 2580 1905 2606 Metell.
1917 2580 1953 2607 ita
1964 2579 2025 2607 edd.
2035 2590 2140 2613 omnes,

1183 2622 1277 2655 prietes
1288 2615 1403 2640 maxime
1415 2616 1559 2642 neotericas
1571 2635 1579 2648 ,
1591 2615 1792 2642 Lambinianam
1803 2623 1878 2652 puto,
1889 2617 1918 2642 δε
1929 2617 2066 2644 Brutinarn
2078 2627 2085 2646 :
2102 2626 2144 2644 επ

1183 2660 1254 2679 enim
1264 2652 1385 2686 valuiſsent
1395 2671 1400 2676 .
1410 2651 1511 2689 inepte.
1531 2653 1557 2679 δι
1569 2652 1603 2680 stc
1613 2660 1700 2682 tamen
1710 2652 1852 2681 inveniunt
1862 2653 1992 2681 traduces.

2056 2958 2142 2985 mem
