2316 3395
165 1626 210 1668 63

237 147 328 195 104
659 127 729 176 M.
809 123 1165 172 Tuaen

230 213 398 254 pai-unrNe
409 210 512 242 multa:
522 209 644 241 nullum
654 216 746 252 gemis
757 204 800 236 est
808 206 944 244 joci‚quo
954 210 1067 232 nonex
1074 199 1184 231 eodem

233 256 331 285 severa
340 255 373 285 &
381 255 478 295 gravia
484 253 623 284 [ιιι-11311111
629 261 648 281 1·-
662 254 758 289 Atque
776 249 833 277 hoc
845 248 935 276 etiam
943 242 1187 274 animadverten-

232 296 307 326 dum
319 315 327 330 ,
346 306 410 326 non
421 293 479 326 effe
489 297 594 324 onmia
604 293 726 323 rtdiculi
738 310 745 323 ‚
765 289 864 319 faceta.
899 286 981 326 Qid
994 288 1078 315 enirn
1089 284 1186 325 potest

231 336 291 368 else
301 348 361 369 tam
373 337 533 368 ridiculum
545 357 552 368 ,
566 344 654 375 quam
665 333 777 362 Sannio
788 329 830 360 est
841 329 915 360 ?Sed
927 337 977 358 ore
985 347 994 361 ‚
1005 328 1102 360 vultu,
1113 329 1185 356 imi·-

232 380 329 410 tandis
349 379 483 409 moribus
494 398 502 411 ‚
522 387 615 408 voce,
636 375 766 414 denique
776 381 901 411 coi-pore
911 370 1022 400 ridetur
1032 369 1106 409 ipso.
1131 368 1185 401 sal,-

232 421 299 451 sum
308 423 387 451 hunc
397 419 515 460 pulsum
525 418 620 448 dicere
632 435 640 449 ³
652 423 739 455 atque
749 416 800 447 ita,
813 423 877 443 non
888 420 919 442 ut
927 410 1077 451 ejusmodi
1086 418 1185 440 orato-

233 473 296 492 rem
307 461 366 492 ess‘e
376 463 480 492 velim,
492 460 540 492 scd
554 469 584 488 ut
593 467 737 487 mimum.
761 459 858 498 Qare
868 457 1003 495 primum
1012 462 1106 495 genus
1117 452 1186 485 hoc,

231 504 313 544 quod
330 505 424 534 risum
434 503 482 531 vel
492 499 629 531 maxime
638 507 760 531 movet,
782 507 845 527 non
855 495 897 526 est
907 493 1044 525 nostrum
1056 514 1063 527 ,
1083 503 1186 523 moro-

231 547 298 576 sum
309 565 317 578 ,
338 543 571 584 superstitiosum
582 561 590 574 ,
610 540 803 580 suspiciosum
815 558 824 572 ‚
842 538 1008 580 gloriosum
1020 557 1027 569 ,
1050 536 1185 566 stultum.

231 597 340 617 naturae
360 585 493 616 ridentur
510 584 578 624 ipsa:
590 603 598 615 .
612 592 681 624 quas
690 581 828 622 personas
837 582 943 622 agitare
955 580 1084 609 solemus
1095 598 1103 610 ,
1123 586 1185 605 non

230 629 249 660 s
247 628 385 658 ustinere.
418 628 554 657 Alterum
564 634 658 667 genus
667 623 710 654 est
722 625 890 653 imitatione
899 620 1067 652 admodum
1077 618 1188 648 ridicu-

230 671 295 699 lum
307 689 316 703 ,
335 669 384 700 sed
396 668 484 699 nobis
495 669 613 698 tantum
624 666 694 697 licet
704 665 809 695 furtim
822 684 830 698 ‚
842 663 862 693 si
871 662 993 705 quando
1004 683 1011 695 ,
1025 662 1058 691 δε
1069 658 1186 690 cursim.

231 712 368 741 Alterum
380 709 512 740 minime
522 708 565 740 est
573 707 705 739 liberale.
737 708 876 737 Tertium
888 726 896 738 ‚
918 706 979 734 oris
998 703 1168 742 depravatio
1179 721 1187 734 ‚

232 763 296 783 non
308 753 396 794 digna
405 752 505 782 nobis.
536 753 684 789 Qartum
696 769 705 782 ,
726 749 898 778 obscaenitas
909 766 917 779 ‚
938 755 1001 775 non
1014 742 1114 774 solum
1124 752 1189 772 non

231 794 298 824 foro
309 796 397 834 digna
407 813 415 827 ‚
429 793 478 824 sed
488 793 543 823 vix
552 792 681 822 convivio
692 791 865 820 liberorum.
886 786 1035 817 Doctae-‘tis
1044 787 1135 826 igitur
1145 793 1190 814 tot

230 837 318 867 rebus
329 846 367 866 ex
379 837 436 866 hoc
446 836 576 865 oratorio
589 835 656 864 loco
667 853 674 866 ‚
696 831 807 862 facetiae
818 831 939 870 reliquae
950 829 1016 858 sunt
1027 847 1036 861 ,
1057 836 1122 867 quae
1141 835 1190 856 au:

232 880 264 908 in
276 888 325 912 re,
345 887 377 908 ut
388 876 455 907 ante=
466 875 553 907 divisi
566 897 574 909 ‚
594 874 694 916 posita:
710 873 850 904 videntur
865 870 939 904 eise,
965 880 1014 900 aut
1033 871 1067 899 in
1084 868 1187 897 verbo.

232 922 314 950 Nam
325 919 405 960 quod
417 939 424 952 ‚
437 916 786 960 quibuscuniquevei·bis
796 914 906 944 dixeris
920 933 927 944 ,
947 911 1077 941 facetum
1088 918 1190 940 tamen

230 961 293 995 est,
315 972 344 991 re
361 970 533 991 continetur
547 970 551 988 :
570 958 652 1000 quod
663 959 784 988 mutatis
796 955 893 985 verbis
905 954 996 984 salem
1006 954 1137 984 amittit,
1158 953 1190 981 in

230 1004 330 1034 verbis
348 1003 438 1033 habet
455 1001 588 1042 leporem
603 1009 739 1030 omnem.
772 997 921 1039 Ambigua
932 1015 940 1029 ‚
962 995 1072 1025 suntin
1082 995 1189 1034 primis

231 1054 316 1076 acuta
326 1065 334 1078 ‚
347 1054 433 1085 atque
445 1047 476 1073 in
486 1043 579 1073 verbo
587 1040 678 1082 posita
686 1058 697 1075 ,-
712 1040 779 1071 11011
791 1043 823 1069 111
833 1049 864 1068 re
877 1049 882 1067 z
904 1037 953 1068 sed
963 1043 1027 1067 non
1038 1037 1190 1076 saepema-

231 1097 328 1128 gnum
339 1087 432 1116 risum
444 1093 570 1116 movent
580 1105 588 1117 ⁷
601 1085 696 1125 magis>
705 1091 737 1113 ut
748 1081 838 1114 belle,
857 1080 889 1110 &
901 1079 1026 1110 litterate
1037 1078 1118 1108 dieta
1126 1077 1189 1106 lau-

232 1130 357 1159 dantur:
370 1130 445 1158 111111
457 1128 546 1157 11111111
557 1127 676 1156 Titium
686 1145 694 1159 ‚
705 1122 841 1166 quicum
852 1119 984 1152 studiose
994 1120 1054 1161 pila
1064 1119 1188 1151 luderet,

232 1170 360 1201 &idem
371 1169 449 1211 signa
459 1170 533 1199 sacra
549 1166 644 1198 noan
660 1165 794 1206 frangere
813 1171 963 1205 putaretur
974 1183 981 1195 ,
1004 1161 1189 1203 gregalesque

227 1222 304 1242 eum
314 1214 346 1241 in
355 1221 496 1251 campum
508 1220 571 1240 non
580 1207 696 1239 venisse
710 1209 896 1249 requirerent
908 1226 916 1238 ,
935 1204 1087 1234 excusavit
1096 1203 1191 1242 Vespa

233 1256 394 1284 Terentius
407 1273 415 1285 ,
436 1251 518 1293 quod
535 1261 608 1281 eum
627 1250 774 1279 brachtum
783 1246 894 1288 fi-egiffe
911 1247 1030 1277 diceret.
1063 1247 1105 1275 Ut
1114 1243 1190 1273 illud

231 1295 386 1328 Africani,
399 1294 479 1336 quod
490 1293 533 1324 est
541 1293 618 1332 apud
627 1293 793 1323 Lucilium.
817 1289 922 1331 Qid?
936 1288 1053 1321 Decius,
1066 1290 1075 1305 ¹
1088 1287 1191 1330 Nucra-

232 1336 293 1366 lam
302 1347 338 1365 an
349 1337 489 1376 confixum
500 1336 638 1374 visfacere
646 1337 660 1363 ἲ
681 1334 787 1374 inquit.
811 1335 855 1362 Ut
866 1340 934 1361 tuus
946 1331 1071 1361 amicus,
1083 1326 1189 1360 Crasse,

228 1381 364 1410 Granius
375 1399 384 1412 ‚
395 1389 447 1407 non
457 1377 659 1417 cffifi-xtanris.
688 1379 725 1406 Et
735 1395 743 1409 ‚
755 1373 776 1404 si
786 1374 918 1415 quaeritis
930 1392 938 1405 ‚
950 1373 974 1401 is
984 1391 992 1405 ‚
1003 1373 1054 1412 qui
1065 1370 1192 1410 appella—

233 1430 283 1452 tur
300 1420 386 1450 dicax
395 1440 404 1453 ‚
424 1421 483 1449 hoc
501 1428 608 1460 genere
618 1417 753 1447 maxime
764 1416 883 1446 excellit
895 1424 900 1443 :
921 1413 969 1444 sed
979 1414 1054 1443 risus
1065 1420 1191 1441 movent

229 1463 289 1493 alia
298 1464 437 1502 majores.
464 1460 652 1500 Ambiguum
664 1469 715 1500 per
725 1458 855 1498 seipsum
863 1455 1004 1496 probatur
1014 1454 1043 1484 id
1054 1453 1189 1495 quidem,

232 1513 267 1534 ut
277 1503 345 1534 ante
357 1503 440 1536 dixi,
462 1503 511 1532 vel
530 1502 676 1532 maxime.
701 1498 848 1541 ingeniosi
868 1499 952 1528 enim
970 1496 1106 1528 videtur,
1125 1497 1190 1526 vim

232 1546 319 1577 verbi
336 1547 368 1575 in
386 1544 467 1574 aliud
477 1564 486 1578 ‚
509 1553 595 1584 atque
605 1544 694 1574 ceteri
704 1543 849 1581 accipiant
858 1561 866 1573 ,
891 1536 980 1579 poffe.
991 1537 1114 1567 ducere:
1140 1536 1189 1567 sed

232 1588 466 1619 admirationem
477 1588 571 1627 magis
580 1605 589 1618 ‚
608 1584 699 1626 quarn
710 1584 803 1613 risum
815 1589 919 1612 movet
928 1600 936 1614 ‚
956 1578 1011 1609 nisi
1031 1578 1052 1608 [1
1070 1578 1189 1619 quando

235 1630 344 1660 incidit
354 1631 387 1658 in
396 1627 476 1659 aliud
487 1637 580 1669 genus
590 1626 720 1657 ridiculi.
730 1627 805 1667 Qae
815 1632 921 1665 genera
930 1630 1096 1661 percurram
1104 1622 1191 1660 equi-

236 1672 307 1702 dem
321 1682 326 1699 :
347 1670 395 1701 sed
406 1671 484 1701 scitis
494 1668 553 1699 efl‘e
562 1666 753 1699 notiffimum
763 1666 881 1696 ridiculi
890 1673 983 1706 genus
993 1682 1001 1696 ‚
1022 1660 1095 1692 cum
1108 1660 1188 1691 aliud

233 1711 437 1753 caspestamus,
456 1711 538 1742 aliud
556 1710 674 1740 dicitur.
706 1708 755 1738 1110
764 1704 984 1745 nobismetipsis
996 1703 1098 1734 noster
1110 1713 1192 1733 error

228 1757 328 1787 ¹risum
347 1762 460 1784 movet.
483 1751 565 1795 quod
575 1750 596 1781 si
605 1751 775 1781 admixtum
786 1749 828 1780 est
838 1751 929 1779 etiam
939 1745 1115 1786 ambiguum
1128 1765 1137 1778 ,
1157 1744 1192 1774 fit

234 1798 341 1829 salsus:
360 1794 478 1836 utapud
488 1795 632 1824 Naevium
643 1813 652 1827 ‚
671 1792 791 1822 videtur
803 1789 861 1821 effe
872 1789 1039 1821 misericors
1055 1787 1108 1817 ille
1117 1806 1126 1822 ‚
1138 1788 1190 1827 qui

229 1839 400 1881 judicatum
410 1838 479 1867 duci
488 1835 571 1865 videt
581 1856 590 1868 ,
602 1833 810 1876 percunfitatur
819 1835 857 1863 ita
867 1852 875 1866 ‚

331 1880 448 1920 Qanti
461 1876 612 1907 addicitis?
628 1877 702 1905 mille
718 1873 876 1904 nummt'cm.

235 1925 266 1954 Si
277 1920 431 1953 addidisset
439 1918 654 1951 tantummodo
664 1937 674 1952 ,
694 1920 793 1946 Ducas
810 1917 893 1946 licet:
913 1913 985 1944 effet
1003 1912 1078 1944 illud
1095 1922 1191 1954 genus

236 1965 354 1996 ridiculi
364 1971 468 2003 praeter
477 1960 733 2000 exspastationem
746 1969 751 1988 ε
763 1957 812 1989 sed
822 1960 891 1999 quia
901 1955 1032 1989 addidit,

330 2004 418 2034 Nihil
431 2003 500 2033 addo
511 2023 519 2035 ,
537 2003 621 2031 ducas
637 2002 716 2030 licet:

235 2047 337 2079 addito
345 2046 490 2087 ambiguo
499 2065 508 2078 ,
525 2045 617 2074 altero
625 2053 732 2086 genere
742 2041 860 2072 ridiculi
871 2061 879 2075 ‚
900 2039 959 2072 fuit
968 2059 976 2073 ,
994 2048 1027 2069 ut
1036 2039 1114 2068 1111111
1124 2039 1191 2079 qui-

236 2090 308 2121 dem
316 2089 446 2122 videtur,
456 2084 632 2117 salfiffimus.
657 2087 726 2114 Hoc
736 2093 801 2114 tum
813 2079 1193 2115 estvenustiffimum,cum

237 2134 270 2161 in
279 2132 468 2161 altercatione
477 2129 613 2168 arripitur
621 2127 658 2156 ab
666 2126 832 2156 adversario
840 2124 967 2154 verbum
979 2143 988 2157 ‚
1001 2123 1034 2152 &
1043 2132 1082 2152 ex
1091 2132 1128 2151 eo
1139 2142 1148 2155 ‚
1159 2131 1193 2151 ut

236 2173 253 2203 a
264 2173 370 2203 Catulo
380 2174 412 2202 in
421 2170 594 2209 Philippum
605 2189 614 2203 ‚
635 2171 668 2198 in
678 2177 748 2198 eum
758 2167 856 2206 ipsum
867 2165 981 2205 aliquid
992 2185 1000 2198 ,
1020 2166 1072 2204 qui
1082 2161 1192 2193 1300111-

236 2217 282 2245 vit
292 2235 301 2248 ‚
314 2213 469 2255 infligitur.
487 2211 542 2242 Sed
553 2209 625 2241 curn
635 2210 718 2250 plura
733 2207 790 2238 sint
799 2207 932 2248 ambigui
941 2215 1048 2247 genera
1059 2224 1067 2238 ‚
1079 2204 1116 2234 de
1125 2206 1191 2245 qui-

235 2257 292 2287 bus
302 2256 346 2286 est
355 2254 493 2285 doctrina
506 2252 642 2293 quaedam
653 2251 808 2283 subtilior,
826 2248 975 2278 attendere
984 2267 993 2280 ‚
1013 2246 1045 2277 &
1055 2247 1192 2285 aucupari

236 2299 325 2328 verba
335 2297 502 2337 oportebit:
523 2297 555 2324 in
566 2305 626 2335 quo
636 2315 643 2327 ‚
664 2302 698 2323 ut
713 2302 745 2322 ea
755 2312 764 2326 ‚
784 2300 850 2332 quae
860 2288 916 2319 sint
925 2288 1097 2329 frigidiora,
1116 2289 1193 2317 vite-

236 2350 316 2374 mus,
328 2340 453 2378 (etenim
463 2336 630 2368 cavendum
640 2334 683 2365 est
691 2354 698 2368 ‚
711 2344 748 2364 ne
758 2330 923 2364 arcessitum
934 2330 1051 2362 dictum
1062 2329 1191 2369 putetur)

236 2381 383 2422 permulta
392 2390 493 2412 tamen
502 2377 586 2408 acute
598 2377 743 2408 dicemus.
766 2376 903 2405 Alterum
922 2382 1016 2413 genus
1031 2371 1091 2404 est,
1111 2370 1192 2412 quod
1212 2394 1213 2399 ,

235 2424 325 2454 habet
340 2431 459 2463 parvam
467 2420 553 2451 vei-'oi
564 2421 830 2450 immutationem,
849 2417 930 2456 quod
951 2417 983 2443 in
1001 2414 1097 2443 littera
1113 2410 1193 2451 posi-

238 2479 302 2499 tum
315 2488 323 2502 ,
344 2468 439 2498 Graeci
455 2473 565 2496 vocant
584 2460 808 2502 vagor-opificia.»
821 2480 829 2494 ,
851 2469 883 2489 ut
892 2457 1069 2488 Nobiliorem
1080 2477 1088 2490 ‚
1102 2455 1192 2485 mobi—

234 2512 330 2540 liorem
340 2512 412 2540 Cato
425 2517 491 2538 :aut
503 2528 510 2540 ‚
523 2505 645 2536 utidem
655 2504 727 2536 cum
734 2503 854 2535 cuidam
865 2498 1001 2532 dixisset,
1023 2501 1130 2529 Eamus
1147 2498 1193 2526 de-
1212 2529 1214 2537 .

238 2550 419 2582 ambulatum
428 2561 439 2577 .·
458 2549 550 2580 &ille
560 2569 568 2581 ‚
583 2548 668 2589 Qid
675 2546 808 2588 opusfus't
818 2544 850 2572 de
860 2541 969 2573 ,vlmmii
980 2541 1044 2570 verb
1053 2561 1061 2574 ,
1073 2542 1190 2580 inquit,

237 2593 324 2635 Qid
337 2601 401 2633 opus
411 2592 477 2630 fuit
495 2594 542 2620 te?
559 2599 608 2620 aut
617 2590 751 2628 ejusdem
763 2584 913 2626 responsio
923 2584 974 2613 1113
983 2603 992 2617 ,
1015 2583 1047 2613 δι’
1058 2590 1091 2611 tu
1098 2582 1133 2614 (5-
1140 2581 1192 2609 ad-

235 2635 330 2674 versm
339 2654 347 2668 ,
366 2634 400 2666 ὠ-
410 2632 524 2672 aversus
539 2632 696 2673 impudicus
707 2640 741 2659 es.
765 2632 864 2659 Etiam
875 2626 1078 2665 interpretatio
1088 2625 1192 2653 nomi-

236 2680 284 2708 nis
296 2677 517 2707 habetacumen
529 2693 537 2707 ‚
549 2673 620 2703 cum
629 2672 663 2702 ad
675 2671 839 2702 ridiculum
850 2675 1003 2699 convertas
1016 2686 1025 2699 ‚
1043 2665 1191 2707 quamob-

237 2720 352 2750 remita
369 2719 438 2758 quis
448 2724 571 2746 vocetur
582 2727 590 2748 3
611 2724 643 2744 ut
661 2723 716 2755 ego
736 2721 849 2753 nuper,
872 2709 1060 2740 Nummium
1078 2706 1191 2737 diviso-

233 2771 313 2794 rem,
326 2768 357 2789 ut
368 2757 608 2797 Neoptolemum
620 2756 654 2786 ad
665 2752 940 2791 T1·ojam‚ficillum
953 2753 984 2780 in
995 2759 1101 2788 campo
1111 2750 1191 2777 Mar-

171 2798 194 2832 6
199 2809 222 2841 4
232 2805 281 2834 tio
292 2810 407 2832 nomen
416 2797 574 2830 invenifl'e.
590 2801 687 2838 Atque
696 2797 759 2827 haec
769 2796 874 2826 omnia
883 2793 975 2823 verbo
984 2793 1188 2823 continentur.

275 2951 299 2970 ¹.
318 2942 437 2968 Meeielam
448 2959 456 2971 ,
468 2948 500 2965 an
510 2941 623 2972 confixum
632 2938 756 2970 oe'nsacere
766 2935 791 2969 3]
812 2934 1026 2970 Explicatjanus
1038 2928 1185 2957 Parrhasius

231 2979 260 3006 ‘in
272 2977 393 3014 Qiaesitis
402 2985 448 3012 per
458 2975 604 3011 epistolam,
615 2982 726 3000 numero
735 2970 961 3007 quinquagenum.
1163 3001 1168 3006 ι

270 3023 299 3041 2.
319 3017 371 3039 Non
379 3014 422 3038 tibi
430 3010 611 3043 molestm,&c.]
623 3009 762 3034 Turnebus
772 3007 857 3033 censet
868 3007 904 3032 ita
915 3001 1185 3036 rescribciidunnscri-

233 3051 271 3089 pti
282 3050 353 3076 0111111
363 3048 479 3084 alioquin
491 3057 546 3072 num
557 3065 565 3076 ‚
576 3044 646 3081 quod
658 3045 743 3069 minus
753 3043 886 3069 convenit.
928 3077 932 3081 -
1164 3074 1169 3078 Ι

272 3095 298 3122 3.
325 3085 379 3113 011
394 3092 416 3109 te
430 3084 486 3108 bene
503 3089 559 3107 ant<
574 3084 646 3106 lucem
661 3080 786 3113 commen]
806 3077 967 3118 §.iulielniius
986 3074 1094 3116 putabat
1112 3074 1186 3101 resti—

235 3121 365 3150 tuendum
377 3139 386 3154 ,
402 3120 436 3147 ad
451 3125 473 3146 te
488 3121 542 3146 lime
552 3126 627 3145 ,mane
643 3116 740 3151 vcmfflt
749 3128 757 3150 ,-
776 3123 849 3149 eujus
865 3113 992 3150 gloss’eiua
1010 3112 1114 3145 luerit,
1131 3118 1186 3138 amc

231 3161 315 3187 men.

1244 120 1771 167 Cicanon'rs

1230 203 1312 241 Saepe
1321 201 1413 232 etiam
1421 201 1522 232 versus
1530 199 1625 231 facete
1636 200 1840 240 interponitur
1849 219 1858 233 ‚
1871 196 1920 230 vel
1931 207 1964 230 ut
1973 197 2016 230 est
2024 219 2033 234 ‚
2044 198 2093 230 vel
2102 199 2186 240 paul>

1226 243 1327 273 iulum
1336 244 1517 274 immutatus
1527 263 1537 276 ‚
1550 252 1600 273 aut
1609 242 1705 283 aliqua
1713 251 1778 282 pars
1788 243 1888 272 versus
1900 262 1909 275 ‚
1920 251 1954 272 ut
1963 244 2069 272 Statius
2078 245 2188 273 Scauro

1228 285 1423 315 stomachanti
1436 296 1440 313 z
1460 295 1498 315 ex
1510 295 1570 326 quo
1579 284 1647 315 sunt
1656 284 1798 314 nonnulli
1812 304 1820 317 ,
1833 286 1885 325 qui
1896 293 1978 314 tuam
1988 284 2087 325 legem
2097 283 2132 314 de
2143 285 2188 314 ci,

1226 329 1315 357 vitate
1325 347 1332 360 ,
1345 335 1462 360 natam,
1474 325 1586 360 Crassb,
1598 326 1713 356 dicant:

1247 369 1298 401 St,
1316 377 1403 397 tacere
1412 388 1419 401 ‚
1454 369 1503 397 md
1511 370 1558 397 lioc
1569 368 1713 396 enimam?
1730 365 1832 408 quibus
1841 376 1887 396 nec
1896 375 2002 400 mater,
2013 376 2060 396 nec
2072 372 2164 407 parer,

1248 412 1342 439 Tanta
1358 410 1522 448 conflantia
1537 408 1591 445 esi-'5
1604 413 1614 438 ?
1630 409 1739 448 cufi-rte
1757 407 1838 444 istam
1851 409 1925 438 enim
1936 407 2106 449 ficperbiam.

1229 454 1308 482 Nam
1321 455 1352 481 in
1363 452 1461 481 Coelio
1472 452 1539 481 lane
1550 453 1640 481 ctiam
1648 451 1683 480 311
1693 451 1810 480 0311[3111
1821 451 1895 480 111110
1905 450 1964 480 fuit
1979 459 2066 480 tuum
2084 448 2161 478 illud
2173 468 2185 482 ,

1229 494 1345 523 Antoni
1356 513 1365 526 ,
1384 493 1456 523 cum
1468 493 1519 522 ille
1528 492 1544 522 a
1555 493 1582 522 [0
1591 494 1751 532 pecuniam
1763 490 1929 531 profeeram
1939 491 2050 521 diceret
2059 489 2139 521 testis
2149 491 2184 523 δε

1228 535 1348 565 haberet
1358 533 1456 564 filium
1467 534 1672 563 delicatiorem
1683 544 1689 562 2
1699 533 1824 563 abeunte
1834 534 1895 571 jam
1905 533 1971 566 illo,

1290 576 1399 606 Sentm'
1414 577 1507 616 finem
1516 575 1571 612 >effe
1588 572 1709 603 tastum·
1718 575 1839 614 triginta
1853 574 1953 603 minu?

1228 620 1265 648 In
1283 619 1342 648 hoc
1358 628 1453 660 genus
1472 619 1679 657 conjiciuntur
1695 616 1867 656 proverbia:
1888 615 2005 645 utillud
2014 616 2182 656 Scipionis,

1228 658 1300 689 cum
1310 660 1427 690 Asellus
1437 661 1557 690 omneis
1570 661 1738 698 provincias
1749 656 1895 697 stipendia
1904 666 2071 687 merentem
2081 657 2110 687 se
2118 667 2187 697 per„

1227 699 1333 743 agrafi‘e
1342 702 1526 742 gloriaretur,
1537 704 1626 741 =Agas
1634 700 1781 739 Asellum,
1794 699 1826 729 &
1835 707 1938 729 cetera.
1961 701 2057 740 Qare
2067 709 2099 729 ea
2108 709 2186 740 quo-

1227 753 1286 784 que
1297 763 1306 776 ,
1325 745 1471 783 quoniam
1483 745 1605 773 mutatis
1614 743 1713 772 verbis
1723 751 1787 770 non
1796 739 1916 780 poss'unt
1925 743 2051 770 retinere
2059 743 2187 771 eandem

1230 784 1415 814 venustatem
1427 805 1435 818 ‚
1454 794 1519 814 non
1531 787 1562 814 in
1572 794 1601 814 re
1612 804 1620 817 ‚
1641 784 1734 813 sedin
1743 783 1842 814 yerbis
1857 780 1948 822 posita
1957 782 2110 812 ducantur.
2133 782 2186 813 Est

1230 829 1321 856 etiam
1332 828 1364 856 in
1375 826 1468 856 verbo
1477 824 1608 866 positum
1618 835 1682 855 non
1692 825 1839 855 insulsum
1849 833 1943 864 genus
1952 844 1961 857 ,
1981 833 2020 853 ex
2036 833 2072 853 eo
2084 843 2092 856 ,
2113 823 2189 854 cum

1231 867 1266 897 ad
1284 868 1411 897 verbum
1421 888 1428 901 ,
1451 878 1515 897 non
1530 867 1565 897 ad
1576 867 1754 896 sententiam
1772 876 1838 896 rem
1848 868 1978 905 accipere
1989 865 2106 895 videare
2119 876 2124 894 :
2147 875 2187 896 ex

1231 919 1292 950 quo
1303 919 1364 939 uno
1373 919 1479 951 genere
1491 918 1570 939 totus
1581 908 1625 938 cst
1634 911 1733 938 Tutor
1741 928 1750 941 ,
1768 910 1883 937 mimus
1893 916 1977 937 vetus
1986 927 1994 939 ‚
2016 905 2130 946 oppid«)
2145 908 2184 937 ri-

1231 951 1358 981 diculus.
1376 950 1432 981 Sed
1441 951 1514 981 abeo
1525 951 1655 981 3111111115
1665 970 1674 984 2
1683 958 1800 980 tantum
1809 959 1903 990 genus
1911 949 2002 986 liujus
2008 949 2130 979 ridiculi
2137 950 2189 980 in-

1232 992 1304 1033 signi
1315 994 1422 1034 aliqua,
1439 993 1471 1023 8<
1479 1001 1549 1023 nota
1558 1003 1588 1022 re
1596 993 1692 1022 notari
1699 993 1782 1022 volo.
1799 991 1850 1022 Est
1857 1000 1957 1021 autem
1967 1000 2005 1020 ex
2015 991 2072 1020 hoc
2080 999 2187 1031 genere

1230 1035 1306 1064 illud
1317 1055 1324 1068 ‚
1335 1034 1415 1076 quod
1426 1043 1456 1064 tu
1467 1054 1474 1068 ,
1488 1032 1582 1064 Crasse
1592 1054 1600 1068 ‚
1611 1043 1704 1073 nuper
1719 1036 1767 1067 01.
1785 1035 1838 1073 qui
1848 1042 1876 1063 te
1884 1031 2008 1074 rogasset
2016 1052 2025 1063 1
2037 1035 2051 1051 ²
2060 1042 2122 1062 non
2131 1032 2188 1062 tibi

1233 1076 1377 1106 molestus
1396 1075 1468 1106 effer
1481 1076 1597 1106 futurus
1607 1096 1615 1109 ‚
1636 1075 1656 1105 si
1670 1079 1682 1102 3
1692 1075 1727 1105 ad
1736 1084 1763 1105 te
1772 1075 1847 1105 bene
1856 1084 1924 1104 ante
1934 1076 2032 1104 lucem
2044 1072 2187 1104 veniflet:
2233 1076 2240 1087 ”

1232 1120 1275 1147 Tu
1287 1117 1514 1159 ve1·o,inquisti‚
1525 1116 1650 1153 molestus
1661 1127 1713 1146 non
1727 1118 1792 1146 eru:
1802 1114 1916 1154 Juhebu
1924 1116 2015 1155 igitur
2029 1123 2066 1147 te.
2078 1117 2188 1156 inquit.

1229 1160 1363 1199 flasi-itari
1376 1164 1386 1188 ?
1404 1161 1436 1190 ὃς
1447 1170 1478 1189 tu
1487 1180 1495 1193 ‚
1508 1162 1584 1188 Certe
1595 1169 1709 1198 negaras
1724 1166 1751 1186 re
1765 1156 1907 1193 molestum
1915 1159 2062 1196 futurum.
2078 1159 2125 1186 Ex
2135 1166 2188 1186 eo-

1232 1202 1303 1231 dem
1315 1203 1372 1231 1100
1387 1211 1471 1231 vetus
1486 1201 1563 1230 illud
1578 1200 1638 1232 cst,
1656 1199 1737 1240 quod
1751 1199 2084 1240 ajuntMaiuginensem
2097 1198 2188 1229 ilium

1233 1246 1278 1273 M.
1289 1245 1463 1283 Scipionem
1474 1263 1483 1276 ‚
1498 1241 1568 1272 cum
1580 1252 1617 1272 ex
1628 1244 1760 1271 centuria
1770 1241 1818 1270 sua
1827 1249 2010 1270 renuntiaret
2020 1240 2189 1271 Acidinum

1231 1287 1301 1315 Cos.
1321 1295 1476 1325 praecoque
1495 1282 1632 1317 dixisset,
1656 1284 1716 1311 Dic
1723 1282 1801 1311 deL.
1813 1281 1946 1312 Manlio:
1966 1282 2064 1311 Virum
2073 1281 2187 1315 bonum.

1231 1328 1330 1368 inquit
1339 1346 1347 1360 ‚
1368 1327 1563 1367 egregiumque
1573 1335 1665 1354 civem
1675 1323 1723 1361 effe
1731 1323 1859 1352 arbitror.
1882 1323 2023 1354 Ridicule
2041 1326 2132 1354 etiam
2150 1324 2190 1353 il-

1232 1370 1284 1398 lud
1295 1371 1330 1398 L.
1342 1371 1460 1398 Porcius
1472 1366 1576 1398 Nasica
1584 1367 1698 1397 censori
1708 1368 1816 1395 Catoni
1825 1385 1834 1399 ,
1845 1364 1917 1395 cum
1927 1366 1980 1395 ille
1990 1385 1999 1399 ‚
2011 1367 2058 1395 Ex
2066 1366 2114 1394 rui
2122 1366 2190 1395 am'-

1232 1412 1272 1439 mi
1283 1411 1427 1440 sententia
1437 1418 1468 1440 tu
1478 1419 1605 1439 uxorem
1616 1408 1704 1437 habes
1717 1411 1728 1437 ?
1750 1409 1826 1437 Non
1834 1407 1952 1437 hercule
1963 1427 1972 1441 ,
1992 1409 2091 1447 inquit
2101 1428 2110 1440 ,
2123 1412 2140 1434 4
2148 1416 2189 1437 ex

1233 1454 1295 1482 mei
1312 1454 1409 1482 animi
1426 1452 1582 1481 sententia.
1610 1452 1682 1479 Haec
1691 1458 1740 1479 aut
1748 1448 1856 1489 frigida
1865 1449 1934 1479 sunt
1943 1469 1952 1483 ‚
1971 1458 2021 1479 aut
2030 1458 2098 1479 tum
2107 1449 2186 1484 salsa,

1232 1498 1304 1523 cum
1314 1493 1393 1523 aliud
1404 1492 1446 1525 est
1456 1492 1670 1533 exsped'tatum.
1693 1499 1796 1520 natura
1806 1493 1890 1521 enim
1900 1500 1958 1521 nos
1976 1490 2021 1529 (ut
2029 1490 2097 1521 ante
2108 1490 2187 1531 dixi)

1231 1535 1331 1565 noster
1348 1534 1474 1565 delectat
1492 1544 1573 1564 error
1584 1544 1590 1563 ;
1610 1543 1648 1563 ex
1657 1543 1718 1574 quo
1726 1531 1799 1562 cum
1808 1531 1888 1572 quasi
1897 1531 2011 1572 decepti
2021 1532 2123 1562 sumus
2132 1542 2187 1562 ex-

1233 1577 1412 1617 spefitarione
1424 1597 1432 1611 ,
1443 1576 1584 1606 ridemus.
1628 1577 1665 1605 In
1674 1574 1772 1605 verbis
1780 1576 1870 1604 etiam
1880 1575 1931 1604 illa
1940 1574 2008 1604 sunt
2017 1584 2082 1615 quae
2091 1583 2140 1604 aut
2148 1583 2188 1604 ex

1230 1621 1388 1649 immutata
1406 1620 1540 1648 oratione
1560 1617 1726 1650 ducuntur,
1749 1624 1800 1646 aut
1815 1626 1854 1646 ex
1873 1617 1963 1646 unius
1973 1618 2057 1646 verbi
2067 1615 2187 1646 transsa-

1230 1663 1314 1691 tione
1325 1680 1333 1694 ‚
1355 1669 1404 1690 aut
1413 1671 1451 1690 ex
1461 1657 1628 1689 inversione
1637 1659 1810 1689 verborum.
1840 1660 1888 1688 Ex
1899 1659 2112 1688 immutatione
2124 1677 2133 1691 ‚
2154 1667 2187 1688 ut
2204 1659 2254 1703 65

1232 1703 1310 1732 olim
1320 1702 1418 1732 Rusca
1428 1701 1499 1732 cum
1511 1702 1609 1742 legem
1629 1700 1717 1730 ferret
1732 1699 1871 1730 annalem
1881 1719 1889 1733 ‚
1913 1698 2056 1730 diss'uasor
2064 1702 2108 1729 M.
2120 1703 2188 1730 Ser,-

1232 1745 1323 1774 vilius
1335 1764 1343 1778 ‚
1364 1744 1503 1772 Dicmihi
1513 1763 1522 1776 ‚
1542 1745 1661 1783 inquit,
1680 1744 1725 1772 M.
1737 1743 1859 1772 Pinnari
1871 1761 1880 1775 ‚
1899 1750 1976 1771 num
1987 1761 1995 1775 ‚
2015 1740 2036 1771 si
2046 1750 2149 1771 contra
2158 1749 2188 1771 te

1232 1786 1340 1816 dixero
1353 1806 1361 1819 ,
1375 1786 1452 1814 mihi
1464 1784 1541 1815 male
1553 1785 1687 1815 dicturus
1697 1794 1739 1818 05,
1749 1791 1782 1813 111
1791 1784 1895 1813 0010115
1904 1782 2000 1813 fecisti
2013 1782 2190 1823 ?Utsemen·

1233 1822 1417 1866 temfecer15'‚
1438 1834 1592 1860 numeres,
1609 1828 1720 1867 inquit.
1745 1828 1792 1856 Ex
1802 1823 1991 1855 transsatione
2000 1833 2100 1855 autem
2113 1845 2122 1858 ‚
2143 1833 2189 1859 ut,

1230 1868 1304 1900 cum
1315 1871 1415 1909 Scipio
1425 1869 1476 1898 ille
1488 1870 1585 1907 major
1595 1868 1759 1898 Corinthiis
1776 1866 1900 1897 statuam
1918 1867 2131 1906 pollicentibus
2151 1875 2190 1897 eo

1233 1912 1302 1941 loco
1316 1932 1324 1944 ‚
1338 1912 1390 1941 ubi
1401 1911 1529 1940 aliorum
1539 1907 1632 1939 essent
1642 1912 1854 1949 imperatorum
1864 1928 1873 1941 ,
1889 1908 2031 1937 turmaleu
2040 1908 2119 1939 dixit
2127 1907 2189 1939 dis-

1232 1954 1351 1994 plicere.
1374 1956 1568 1982 Invertuntur
1575 1960 1675 1982 autem
1685 1951 1774 1981 verba
1783 1970 1792 1984 ,
1808 1959 1843 1980 ut
1852 1949 1966 1980 Crassus
1976 1950 2052 1990 apud
2063 1952 2108 1979 M.
2119 1953 2189 1980 Per-

1234 2005 1368 2035 pernam,
1377 1993 1522 2034 judicem,
1533 2003 1586 2034 pro
1597 1994 1753 2023 Aculeone
1763 1990 1835 2023 cum
1845 1991 1953 2023 diceret
1961 2012 1969 2026 ‚
1982 1992 2078 2022 adem
2085 2000 2189 2023 contra

1235 2037 1426 2067 Aculeonem
1435 2037 1609 2066 Gratidiano
1619 2039 1632 2062 5
1642 2037 1678 2065 L.
1691 2035 1818 2064 Helvius
1828 2035 1933 2064 Lamia
1943 2053 1952 2067 ‚
1972 2033 2117 2063 deformis
2127 2053 2136 2066 ‚
2156 2041 2191 2064 ut

1234 2077 1329 2109 nostis
1341 2098 1349 2112 ‚
1369 2080 1422 2118 qui
1436 2076 1508 2108 cum
1518 2078 1718 2117 interpellaret
1725 2075 1846 2106 odiose:
1867 2075 2038 2103 Audiamus
2050 2095 2058 2108 ‚
2077 2076 2188 2115 inquit,

1232 2120 1396 2160 pulcellum
1406 2128 1532 2159 puerum
1544 2138 1553 2152 ,
1565 2117 1688 2149 Crass‘us.
1713 2115 1793 2146 Cum
1802 2115 1873 2146 esset
1881 2116 2003 2146 arrisum
2014 2136 2023 2150 ‚
2034 2119 2099 2145 Nou
2105 2115 2190 2157 potui

1235 2162 1324 2194 mihi,
1336 2163 1436 2201 inquit
1447 2154 1700 2193 Lamia‚'formam
1710 2158 1770 2198 ipse
1781 2156 1894 2199 fingere
1905 2168 1910 2186 z
1922 2160 2081 2199 ingenium
2091 2159 2187 2198 potui.

1235 2206 1320 2233 Tum
1330 2203 1390 2235 hic,
1401 2202 1571 2230 „Audiamus
1582 2221 1590 2235 ‚
1600 2202 1699 2241 inquit
1709 2220 1717 2233 ‚
1730 2199 1883 2229 disertum.
1906 2202 2005 2230 multo
2016 2202 2106 2230 etiam
2117 2200 2190 2230 atri-

1234 2245 1300 2275 sum
1313 2244 1355 2274 est
1363 2245 1585 2275 vehementius.
1607 2245 1682 2273 Sunt
1692 2244 1781 2272 etiam
1791 2242 1842 2271 illa
1849 2240 1972 2271 venusta
1982 2253 1992 2276 3
2008 2250 2040 2271 ut
2050 2244 2081 2272 in
2092 2243 2188 2283 gravi-

1234 2286 1288 2317 bus
1299 2287 1464 2318 sententiis,
1476 2283 1556 2315 sicin
1567 2283 1689 2314 facetiis.
1712 2285 1789 2314 Dixi
1798 2285 1882 2313 enim
1891 2282 2020 2317 dudum,
2031 2285 2187 2314 materiam

1233 2329 1321 2359 aliam
1332 2326 1390 2357 ess'e
1398 2328 1458 2367 joci
1470 2346 1478 2359 ,
1490 2326 1578 2358 aliam
1589 2326 1748 2356 severitatis
1761 2336 1766 2353 2
1786 2327 1921 2367 gravium
1931 2334 2030 2355 autem
2041 2345 2050 2359 ‚
2061 2325 2094 2355 &
2102 2326 2190 2364 joco-

1233 2380 1301 2400 rum
1322 2379 1413 2399 unam
1429 2367 1488 2398 effe
1506 2370 1664 2398 rationem.
1695 2369 1809 2396 Ornant
1818 2369 1907 2407 igitur
1917 2368 2068 2407 imprimis
2078 2367 2189 2397 oratio,-

1233 2421 1304 2442 nem
1323 2411 1411 2440 verba
1429 2410 1518 2440 relata
1533 2409 1678 2440 contrarie
1696 2419 1701 2437 :
1721 2409 1802 2448 quod
1813 2411 1895 2439 idem
1902 2418 1998 2449 genus
2007 2409 2080 2449 saepe
2091 2407 2134 2439 est
2144 2417 2191 2438 et.-

1233 2455 1293 2483 iam
1303 2452 1432 2482 facetum
1445 2472 1453 2485 ‚
1466 2461 1498 2481 ut
1507 2454 1566 2481 Ser.
1578 2452 1628 2480 ille
1640 2450 1733 2481 Galba
1743 2470 1751 2484 ‚
1768 2448 1838 2481 cum
1846 2450 1963 2490 judices
1972 2452 2008 2480 L.
2017 2450 2187 2484 Scribonio,

1235 2494 1358 2525 tribuno
1376 2493 1472 2534 plebis
1488 2492 1576 2523 ferret
1593 2492 1765 2522 familiareis
1785 2492 1851 2522 suos
1871 2512 1879 2526 ‚
1904 2493 1937 2523 &
1955 2490 2076 2522 dixisset
2093 2491 2185 2524 Libo,

1234 2536 1356 2576 Qando
1376 2535 1496 2566 tandem
1508 2555 1515 2569 ‚
1536 2535 1628 2564 Galba
1638 2555 1647 2568 ,
1669 2534 1704 2564 dc
1715 2535 1848 2564 triclinio
1859 2543 1911 2564 tuo
1921 2534 2038 2564 exibis?
2061 2536 2082 2563 C
2082 2531 2131 2562 am
2142 2542 2187 2566 tu,

1233 2580 1333 2619 inquit
1341 2597 1349 2610 ‚
1369 2577 1405 2607 de
1416 2577 1556 2606 cubiculo
1565 2577 1673 2606 alieno.
1706 2579 1732 2605 A
1743 2586 1802 2616 quo
1811 2586 1917 2616 genere
1927 2586 1966 2605 ne
1976 2575 2052 2606 illud
2061 2575 2186 2616 quidem

1234 2621 1402 2660 plurimum
1421 2617 1525 2652 distat,
1546 2618 1626 2659 quod
1647 2618 1770 2648 Glaucia
1786 2618 1933 2651 Metello,
1957 2618 2059 2646 Villam
2076 2620 2108 2647 in
2128 2619 2185 2647 '1¹1-
2203 2618 2253 2653 66

1235 2663 1318 2692 burte
1328 2660 1418 2690 habes
1428 2680 1436 2694 ‚
1448 2669 1561 2691 cortem
1574 2670 1605 2689 in
1613 2660 1733 2700 palatio.
1777 2662 1821 2689 Ac
1831 2659 1992 2689 verborum
2002 2658 2124 2700 quidem
2133 2669 2186 2698 ge-

1234 2713 1302 2733 nera
1312 2712 1376 2743 quae
1386 2700 1479 2732 ess'ent
1489 2701 1580 2732 faceta
1590 2721 1599 2735 ‚
1613 2699 1721 2732 dixiss‘e
1731 2710 1781 2730 me
1790 2710 1863 2740 puto
1876 2712 1882 2730 :
1904 2710 2003 2730 rerum
2013 2701 2097 2740 plura
2105 2700 2184 2734 sunt,

1235 2754 1325 2785 eaque
1344 2746 1437 2784 magis
1457 2744 1501 2781 (ut
1520 2744 1585 2773 dixi
1602 2743 1681 2782 ante)
1699 2742 1832 2773 ridentur
1843 2762 1852 2776 ‚
1874 2744 1907 2772 in
1916 2742 2025 2782 quibus
2035 2741 2078 2772 est
2087 2751 2186 2772 narra-

1236 2788 1294 2816 11οι
1309 2796 1353 2817 res
1363 2786 1432 2817 sane
1441 2784 1585 2816 difficilis.
1608 2784 1814 2825 Exprimenda
1822 2785 1907 2814 enim
1915 2785 1994 2818 sunt,
2006 2783 2038 2815 &
2047 2782 2188 2824 ponenda

2118 2833 2189 2856 ante
2236 2853 2240 2858 ,

1267 2936 1295 2961 4.
1315 2931 1355 2954 Ex
1365 2931 1408 2952 mci
1426 2930 1500 2953 animi
1511 2925 1655 2960 sententia]
1676 2925 1754 2952 Haud
1768 2925 1836 2952 secus
1848 2925 1915 2951 1³:111.
1925 2925 2061 2954 sentem&
2072 2924 2186 2950 Memin.

1233 2963 1300 2990 liber
1318 2964 1466 2991 chartaceus
1480 2983 1487 2995 ,
1507 2964 1533 2988 8<
1543 2963 1666 2998 primitus
1677 2962 1738 2988 cusi.
1759 2961 1826 2986 111310
1836 2955 1991 2996 posteriores
2004 2980 2011 2992 ‚
2030 2970 2058 2985 ex
2067 2963 2141 2985 animi
2150 2962 2188 2985 mi

1225 3001 1355 3034 fintentia.
1375 2999 1504 3025 Videatur
1523 2999 1571 3024 loci
1592 2998 1666 3032 hujus
1684 2997 1828 3034 explicatio
1845 2996 1912 3032 apud
1931 2996 2048 3032 Liplium
2067 2995 2184 3022 nostrum

1233 3035 1278 3062 lib.
1293 3045 1315 3062 ι.
1327 3035 1428 3061 Variar.
1442 3034 1507 3060 leet.
1518 3043 1572 3070 cap,
1583 3034 1711 3070 principe.
2170 3041 2180 3046 r

1269 3081 1295 3105 5.
1314 3073 1346 3097 L.
1356 3073 1456 3097 Helvim
1464 3073 1552 3096 Lamia
1564 3089 1571 3101 ,
1589 3070 1656 3103 dm]
1677 3069 1784 3105 Pighius
1795 3068 1842 3095 lib.
1854 3077 1925 3094 xiii.
1937 3067 2035 3094 Annal.
2045 3068 2185 3093 Romano-

1232 3116 1290 3133 rum
1303 3107 1393 3133 mallet
1402 3108 1516 3139 (λείως,-
1535 3115 1619 3140 neque
1629 3105 1736 3134 enimin
1747 3107 1833 3133 Helvia
1844 3123 1853 3138 ,
1871 3103 1950 3132 sedin
1960 3106 2044 3133 afilia
2052 3110 2131 3141 gente
2143 3111 2185 3130 rc·-

1231 3143 1310 3180 periri
1322 3142 1450 3173 samium:
1461 3142 1627 3173 Lauiiariuu.
2142 3176 2158 3199 S
2175 3174 2190 3200 b

2108 3181 2133 3202 ι.
2159 3183 2173 3200 u
