2316 3395
174 1777 217 1810 53

248 142 337 187 126
663 138 1158 201 M.Tui„1„11

238 228 286 253 ἀπ
297 242 304 255 ,
319 222 422 253 sentit:
441 221 489 252 sed
499 223 595 263 po'e'tae
606 231 669 251 non
681 219 808 261 ignoscit
817 238 825 251 ‚
838 217 927 246 nobis
938 215 1096 246 concedit:
1115 214 1201 246 tacite

242 272 347 294 tamen
357 275 466 295 omnes
476 275 540 294 non
550 261 607 293 effe
617 262 691 292 illud
700 282 707 294 ,
727 259 808 301 quod
819 259 955 289 diximus
968 279 975 291 ,
997 266 1099 298 aptum
1109 278 1118 292 ,
1140 267 1206 298 per-

243 304 422 348 §cetumque
443 314 578 336 cernunt.
611 307 711 343 Itaque
721 302 768 331 illi
778 310 891 331 veteres
903 320 911 333 ‚
931 299 1003 330 sicut
1013 299 1102 330 hodie
1113 302 1202 330 etiam

243 349 412 379 nonnullos
422 348 560 378 videmus
571 366 578 380 ,
599 344 669 375 cum
683 346 843 374 circuitum
857 363 864 376 ‚
887 343 920 372 &
929 340 1008 384 quasi
1017 342 1123 372 orbem
1134 351 1202 372 ver-

242 389 352 420 borum
371 390 517 420 conficere
536 397 600 418 non
619 384 736 426 possent
755 386 764 424 (
776 395 845 416 nam
859 384 887 414 id
897 384 1022 425 quidem
1040 394 1135 424 nuper
1151 383 1199 414 vel

240 430 323 472 posse
335 452 343 465 ‚
363 433 412 462 vcl
422 432 527 462 audere
536 429 702 468 coepimus)
716 437 799 458 terna
806 447 814 461 ,
837 435 887 456 aut
896 427 967 456 bina
977 446 986 459 ‚
996 435 1046 457 aut
1055 425 1198 456 nonnulli

239 471 351 513 singula
361 476 451 504 etiam
470 472 558 502 verba
576 470 713 500 dicebant
730 480 735 498 τ
752 471 804 509 qui
815 469 908 499 inilla
917 467 1043 498 infantia
1053 468 1177 498 naturali
1189 487 1197 501 ‚

240 515 315 545 illud
326 536 333 548 ‚
354 515 433 556 quod
444 524 526 544 aures
536 514 702 543 hominum
713 510 885 551 flagitabant
894 531 902 544 ,
925 510 1064 540 tenebant
1077 519 1177 540 tamen
1189 529 1197 541 ‚

241 566 273 586 ut
284 558 316 586 ὃς
326 558 377 586 illa
386 555 478 586 ess'ent
487 557 565 596 paria
576 574 584 589 ‚
596 564 662 596 quae
673 554 807 584 dicerent
818 574 825 585 ,
844 553 876 583 δε
887 552 1049 593 aequalibus
1060 552 1157 581 interf
1152 553 1198 591 pi-

240 599 406 628 rationibus
417 606 579 628 uterentur.
603 597 736 636 Exposui
746 594 818 628 fere,
830 604 863 624 ut
871 596 957 635 potui
966 615 974 627 ‚
986 604 1050 635 quae
1062 593 1197 623 maxime

238 639 273 669 ad
285 649 425 670 ornatum
434 641 581 670 orationis
591 640 737 679 pertinere
747 637 912 667 arbitrabar.
922 637 987 666 dixi
997 638 1081 665 enim
1093 636 1128 665 de
1140 633 1197 664 sin-

236 682 378 721 gulorum
397 681 483 712 laude
492 681 653 711 verborum
663 700 671 713 ‚
693 679 758 710 dixi
776 678 813 708 de
832 678 1051 717 conjunStione
1069 687 1175 707 eorum
1187 696 1195 708 ²

236 724 302 752 dixi
313 723 349 753 de
360 734 489 753 numero
501 743 509 757 ‚
520 733 607 763 atque
616 721 726 752 forma.
757 721 813 751 Sed
825 719 845 750 si
855 721 990 750 habitum
1000 721 1144 749 orationis
1155 728 1198 748 et-

237 766 298 794 iam
309 786 316 798 ‚
336 766 369 795 &
379 764 458 807 quasi
475 765 589 795 colorem
598 765 728 805 aliquem
740 764 889 803 requiritis
900 783 907 794 ,
925 761 966 791 est
978 762 1010 790 ὃς
1020 762 1108 800 plena
1116 771 1197 801 quae-

237 806 307 836 dam
317 827 324 841 ,
342 808 389 838 sed
400 817 500 839 tamen
511 816 584 837 teres
598 817 603 835 :
623 806 656 836 δε
667 807 765 835 tenuis
775 825 783 838 ,
800 814 863 833 non
873 803 933 833 sine
944 806 1043 833 nervis
1055 824 1063 836 ‚
1083 813 1115 832 ac
1126 804 1198 832 viri-

240 848 294 878 bus
307 860 312 878 :
324 849 358 879 ὃς
367 860 410 882 ea,
424 860 489 890 quae
500 850 644 889 particeps
655 847 806 886 utriusque
815 848 931 886 generis
939 845 1067 886 quadam
1079 844 1198 874 medio-
1217 853 1219 861 ⁴

238 893 339 920 crit-ate
357 891 501 922 laudatur.
535 892 591 920 His
609 889 702 920 tribus
721 887 823 929 figuris
834 886 958 916 insidere
968 886 1091 927 quidam
1103 896 1198 916 venu—
1218 887 1219 892 ¹

241 931 318 962 statis
336 943 400 963 non
417 932 488 963 fuco
508 932 621 964 illitus,
644 930 690 960 sed
702 930 844 971 sanguine
856 928 982 959 diffusus
1000 929 1089 958 debet
1105 929 1197 958 color.
1218 963 1219 966 Ἴ

240 977 325 1004 Turn
337 974 466 1016 denique
477 974 567 1004 nobis
578 975 626 1003 liic
635 981 733 1001 orator
742 973 782 1002 ita
791 970 1028 1001 conformandus
1038 970 1080 1000 est
1092 971 1124 1000 &
1133 980 1199 1000 ver-

240 1017 286 1045 bis
297 1036 305 1049 ‚
319 1017 352 1047 &
362 1018 515 1047 sententiis
526 1036 534 1048 ,
555 1025 587 1044 ut
598 1035 605 1048 ‚
617 1012 878 1055 quemadmodum
889 1015 941 1053 qui
951 1021 1076 1042 Utuntur
1084 1015 1175 1042 armis
1187 1033 1194 1045 ‚
1217 1021 1219 1027 ’

238 1067 289 1087 aut
297 1058 426 1097 palaestra
437 1080 445 1092 ‚
462 1068 525 1088 non
535 1056 635 1087 solum
647 1055 700 1085 sibi
710 1055 825 1085 vitandi
837 1075 844 1089 ‚
854 1065 903 1085 aut
912 1055 1040 1085 feriendi
1049 1056 1197 1084 rationem

239 1099 298 1130 csse
309 1100 477 1130 habendam
486 1107 601 1140 putant,
611 1097 659 1128 sed
668 1099 770 1131 etiam,
780 1106 812 1127 ut
821 1107 891 1126 cum
902 1095 1044 1132 venustate
1053 1106 1198 1126 movean-

240 1151 302 1171 tur:
329 1146 338 1162 ¹
351 1141 389 1172 fic
398 1142 496 1172 verbis
507 1140 630 1182 quidem
640 1139 674 1169 ad
685 1148 782 1179 aptam
793 1137 1046 1179 compositionem
1059 1159 1066 1171 ,
1082 1139 1114 1168 ὃς
1124 1148 1198 1168 con-

239 1183 408 1214 decentiam
422 1205 429 1217 ,
451 1184 603 1213 sententiis
613 1180 686 1211 vero
696 1181 730 1211 ad
739 1183 912 1222 gravitatem
924 1182 1069 1210 orationis
1083 1189 1197 1213 utatur,

240 1230 255 1244 2
269 1235 299 1255 ut
308 1227 330 1255 ii
342 1246 350 1259 ,
371 1227 423 1266 qui
434 1227 466 1255 in
476 1234 630 1254 armorum
642 1222 818 1253 trastatione
827 1223 987 1253 versantur.
1020 1225 1200 1252 Formantur

239 1276 341 1297 :tutem
352 1268 385 1297 Sc
394 1267 493 1300 verba,
506 1266 700 1296 &sententiae
709 1264 796 1305 paene
805 1263 1052 1297 innumerabiles,
1065 1263 1145 1304 quod
1158 1264 1199 1293 sa-

240 1318 278 1338 tis
288 1309 349 1338 scio
360 1319 470 1339 notum
481 1306 537 1338 effe
548 1308 635 1338 vobis
647 1318 652 1336 :
675 1307 723 1337 sed
741 1309 819 1337 inter
837 1305 1114 1336 conformationem
1134 1315 1201 1335 vei*—

239 1351 362 1385 borum,
374 1351 406 1381 &
417 1351 631 1380 sententiarum
641 1350 700 1379 hoc
710 1347 841 1381 interest,
855 1347 958 1389 ³qubd
970 1348 1131 1378 verborum
1143 1348 1200 1377 tol—

240 1393 320 1426 litur,
334 1391 354 1422 sl
362 1392 451 1423 verba
460 1403 490 1422 m
496 1394 583 1422 utaris
595 1402 600 1420 z
612 1392 826 1422 sententiarum
837 1390 1199 1430 permanet2qi11btiscum—

242 1444 300 1476 que
317 1435 415 1465 verbis
431 1436 474 1464 uti
490 1434 575 1464 velis.
608 1433 698 1474 Qud
708 1432 832 1473 quidem
841 1442 896 1461 vos
906 1430 955 1462 etsi
968 1431 1063 1461 facitis
1075 1452 1083 1465 ‚
1099 1440 1200 1461 tamen

240 1476 450 1506 admonendos
459 1484 544 1516 puto,
559 1485 597 1505 ne
609 1474 682 1516 quid
693 1473 751 1504 esse
761 1473 843 1503 aliud
854 1475 976 1503 oratoris
986 1475 1106 1513 putetis,
1118 1473 1199 1514 quod

240 1518 365 1559 quidem
376 1517 410 1548 fit
418 1519 570 1559 egregium
582 1537 590 1551 ,
601 1527 687 1557 atque
698 1515 835 1546 mirabile
845 1535 853 1549 ‚
865 1514 920 1545 nisi
930 1517 962 1545 in
972 1514 1093 1555 singulis
1103 1515 1201 1545 verbis

240 1560 294 1590 iila
303 1562 357 1590 tria
368 1570 468 1590 tenere
480 1580 487 1593 ,
501 1569 534 1589 ut
543 1558 685 1589 transsatis
698 1567 816 1587 utamur
824 1556 994 1598 frequenter
1002 1577 1010 1590 ,
1031 1556 1201 1587 interdum—

242 1612 300 1642 que
311 1601 397 1632 fae'tis
408 1622 416 1636 ,
437 1600 501 1631 raro
511 1610 610 1631 autem
619 1602 712 1630 etiarn
727 1598 923 1644 pervetustis:
942 1601 975 1628 in
993 1608 1131 1639 perpetua
1149 1609 1199 1628 au-

240 1652 304 1674 tem
315 1646 450 1674 oratione
461 1664 470 1677 ‚
492 1653 563 1673 curn
575 1643 607 1672 &
618 1643 686 1681 conj
691 1640 845 1672 unctionis
855 1640 1008 1671 lenitatem
1021 1661 1030 1674 ‚
1050 1641 1083 1670 &
1092 1650 1201 1670 nume—

241 1695 346 1716 rorum
357 1707 365 1720 ‚
386 1695 477 1727 quam
495 1685 561 1715 dixi
573 1705 580 1718 ,
599 1685 749 1714 rationem
768 1685 954 1712 tenuerimus
965 1703 974 1716 ‚
995 1691 1060 1712 tum
1071 1684 1114 1712 est
1123 1681 1202 1723 quasi

239 1727 395 1757 luminibus
405 1726 623 1768 distinguenda,
636 1725 668 1755 &
676 1724 890 1765 frequentanda
900 1726 1002 1754 omnis
1013 1726 1118 1758 oratio,
1131 1725 1199 1754 sen-

242 1772 416 1803 tentiarum,
427 1778 515 1809 atque
524 1768 697 1798 verborum.
713 1769 795 1796 Nam
806 1766 838 1796 ὃε
847 1768 1049 1796 commoratio
1060 1777 1118 1796 una
1128 1768 1160 1795 in
1171 1776 1201 1796 re

242 1810 428 1851 permultum
441 1819 545 1840 movet
557 1831 564 1842 ,
579 1810 611 1839 &c
620 1808 742 1838 illustris
752 1808 920 1847 explanatio
931 1818 1091 1849 rerumque
1103 1829 1111 1841 ‚
1123 1806 1201 1849 quasi

241 1858 259 1880 4
267 1862 424 1894 gerantur,
437 1852 490 1883 sub
500 1850 672 1891 adspthum
683 1849 759 1890 pene
771 1849 916 1889 subjesiio
929 1862 933 1879 :
945 1860 1010 1891 quae
1021 1851 1097 1880 &in
1107 1860 1200 1889 expo—

243 1895 343 1925 nenda
352 1905 382 1925 re
392 1893 561 1934 plurimum
571 1893 648 1923 valet
658 1912 666 1925 ‚
682 1892 714 1921 &
725 1891 760 1921 ad
771 1891 980 1921 illustrandum
992 1891 1021 1921 id
1033 1912 1040 1925 ‚
1052 1891 1133 1932 quod
1145 1902 1198 1921 ex-

242 1939 366 1978 ponitur
379 1958 387 1970 ,
404 1937 436 1966 &
446 1935 481 1966 ad
491 1933 739 1975 amplificandum
754 1944 759 1962 z
780 1942 813 1963 ut
822 1935 857 1962 iis
869 1953 876 1967 ‚
889 1936 941 1974 qui
951 1933 1074 1963 audient
1083 1954 1090 1967 ‚
1104 1933 1178 1963 illud
1192 1954 1200 1966 ,

241 1979 325 2019 quod
335 1978 510 2020 augebimus
522 1997 530 2010 ,
549 1984 695 2017 quantum
705 1974 821 2005 efficere
831 1978 927 2005 oratio
937 1977 1046 2015 poterit
1056 1995 1064 2008 ‚
1083 1983 1200 2005 tantum

242 2019 302 2050 effe
312 2020 463 2050 videatur:
485 2019 518 2049 &
528 2020 598 2048 huic
608 2018 753 2047 contraria
763 2021 775 2044 5
786 2017 857 2056 saepe
868 2015 999 2057 praecisio
1009 2016 1052 2046 est
1061 2037 1069 2050 ,
1093 2017 1126 2046 &
1135 2018 1203 2056 plus

243 2062 280 2092 ad
289 2061 522 2103 intelligendum
535 2080 544 2094 ,
561 2058 652 2100 quam
663 2059 774 2089 dixeris
785 2079 794 2092 ‚
806 2058 982 2099 significatio
993 2079 1001 2092 ,
1019 2059 1051 2088 &
1060 2058 1202 2088 distinete

245 2104 365 2134 concisa
374 2104 500 2133 brevitas
510 2123 518 2136 ‚
534 2102 566 2132 &
577 2102 753 2131 extenuatio
764 2120 772 2133 ‚
786 2101 818 2130 &
829 2102 899 2130 huic
910 2099 1048 2140 adjun&a
1057 2099 1156 2129 illusio
1167 2120 1175 2132 ,
1188 2100 1203 2130 a

243 2147 400 2187 praecePtis
411 2145 530 2175 Caesaris
540 2153 604 2172 non
613 2142 776 2172 abhorrens
788 2161 796 2175 ,
819 2142 896 2172 &ab
911 2152 942 2171 re
961 2152 1025 2171 non
1044 2143 1134 2182 longa
1151 2141 1204 2170 de-

244 2185 349 2227 greffio
362 2197 368 2215 :
387 2189 421 2216 in
430 2196 487 2227 qua
495 2184 567 2215 cum
577 2183 666 2214 fuerit
675 2182 821 2212 delectatio
831 2203 839 2217 ‚
862 2192 927 2212 tum
944 2181 960 2201 ⁶
970 2183 1081 2213 reditus
1091 2183 1126 2212 ad
1138 2193 1202 2212 rem

243 2239 328 2269 aptus
339 2249 347 2262 ,
361 2228 394 2258 δε
404 2229 569 2258 concinnus
580 2225 637 2256 effe
647 2225 766 2255 debebit
779 2235 784 2253 t
796 2223 1018 2265 propositioque
1027 2224 1099 2264 quid
1110 2222 1145 2252 fis
1156 2224 1204 2260 di—

244 2271 348 2301 <iturus
359 2291 367 2304 ‚
381 2270 412 2300 ἃς
423 2270 458 2299 ab
468 2279 516 2302 eo,
527 2267 609 2311 quod
621 2266 662 2297 est
672 2266 787 2297 dietum
800 2286 808 2299 ,
821 2265 970 2306 sejiinSHO
982 2286 990 2298 ‚
1004 2265 1156 2295 &reditus
1167 2265 1202 2294 ad

242 2311 427 2353 propositum
439 2331 448 2344 ‚
471 2310 630 2341 &iteratio
641 2329 649 2342 ,
673 2309 705 2338 δε
720 2310 844 2338 rationis
862 2316 926 2347 apta
943 2305 1094 2337 conclusio
1108 2317 1114 2336 :
1137 2315 1202 2336 tum

243 2353 373 2395 augendi
385 2374 392 2387 ,
405 2352 605 2383 minuendive
616 2350 708 2384 causa,
720 2352 851 2380 veritatis
862 2350 1019 2389 superlatio
1031 2369 1039 2382 ‚
1051 2357 1138 2390 atque
1148 2357 1204 2378 tra-

242 2397 338 2437 jectio
351 2406 356 2424 z
377 2396 409 2425 &
419 2396 533 2435 rogatio
541 2413 550 2428 ‚
569 2402 655 2434 atque
672 2393 742 2421 huic
753 2390 882 2421 finitima
891 2389 968 2431 quasi
978 2390 1183 2430 percunc'iatio
1194 2410 1202 2422 ,

244 2436 451 2478 expositioque
460 2437 616 2466 sententiae
627 2435 700 2464 suae:
721 2442 786 2463 tum
797 2433 865 2466 illa,
887 2443 954 2473 quae
974 2432 1108 2462 maxime
1125 2430 1204 2472 quafi
1223 2452 1225 2460 ⁴

246 2481 349 2519 irrepit
358 2481 390 2508 in
400 2480 566 2508 hominum
578 2477 707 2506 menteis
716 2496 724 2509 ,
740 2475 795 2504 alia
804 2474 930 2504 dicentis
942 2495 950 2507 ‚
970 2484 1001 2504 ac
1012 2472 1204 2514 significantis

243 2521 439 2560 tlzffimulatio,
453 2530 519 2561 quae
528 2518 571 2549 est
581 2516 771 2558 perjucunda,
785 2515 857 2546 cum
868 2518 901 2546 in
911 2518 1046 2546 oratione
1056 2525 1120 2545 non
1130 2525 1205 2544 con-
1223 2544 1225 2557 ,Ἰ

245 2565 391 2596 tentione,
404 2562 450 2592 sed
462 2562 598 2591 sermone
609 2558 760 2590 trantur:
774 2558 884 2588 deinde
895 2557 1054 2590 dubitatio,
1067 2567 1131 2587 tum
1142 2556 1204 2586 dis-

246 2603 370 2634 tributio
383 2624 390 2636 ,
404 2612 468 2633 tum
479 2601 626 2633 correctio
636 2601 684 2631 vel
694 2600 774 2633 ante,
791 2600 839 2629 vel
849 2599 1004 2640 postquam
1015 2600 1125 2629 dixeris
1135 2619 1143 2631 ‚
1155 2598 1203 2627 vel
1223 2611 1224 2614 ¹

246 2655 318 2676 curn
335 2645 447 2685 aliquid
457 2644 473 2674 a
483 2653 511 2673 te
520 2644 586 2683 ipso
595 2644 726 2683 rejicias:
746 2643 941 2682 pi'aemunitio
951 2640 993 2671 est
1002 2643 1093 2671 etiam
1104 2640 1138 2670 ad
1152 2639 1181 2669 id
1193 2659 1201 2672 >

247 2686 329 2728 quod
338 2686 502 2727 aggrediare
512 2705 520 2719 ‚
534 2686 566 2716 &
577 2683 701 2725 rejeEtio
711 2685 744 2713 in
754 2684 847 2714 alium
861 2694 865 2712 :
876 2685 1124 2716 communicatio,
1137 2692 1202 2723 quae

287 2819 296 2836 1
305 2830 309 2836 .
328 2813 353 2835 Si
357 2820 366 2835 c
375 2810 455 2835 verbis
464 2810 555 2842 quidem
565 2810 598 2834 ad
606 2816 686 2841 aptam
696 2810 866 2842 tompofitioncm
876 2809 905 2838 ὠ
915 2809 1083 2833 continentiam
1094 2827 1101 2839 ‚
1107 2807 1204 2841 finten-

245 2847 285 2871 rm
295 2847 351 2870 ατνὶι
361 2846 545 2878 tid-(gravitatem
554 2846 664 2871 orationis
674 2845 785 2878 amima]
804 2846 909 2871 Horum
921 2844 984 2870 nihil
995 2842 1111 2878 :ignoscit
1121 2842 1203 2869 editio

245 2883 347 2916 prima:
369 2881 411 2907 sed
430 2890 477 2907 nec
495 2881 596 2907 invenit
615 2881 639 2906 iii
662 2881 731 2906 l’i'tii.
750 2888 794 2906 :ivit
806 2879 907 2906 duobus
920 2880 1087 2906 Memmiauis
1099 2879 1204 2905 Guliel-

246 2918 314 2943 mius
329 2926 336 2947 3
357 2927 406 2943 iton
427 2917 508 2952 inagis
522 2926 599 2952 quani
610 2925 660 2951 ego
672 2917 696 2941 iii
710 2917 833 2943 Palatinis
845 2915 898 2942 sex.
919 2925 1002 2942 nouus
1020 2924 1106 2942 tamen
1118 2915 1208 2941 omnia

247 2953 355 2980 habebat
375 2960 468 2988 prteter
487 2952 611 2988 syllabam
631 2953 740 2987 primam
760 2952 792 2978 de
814 2962 821 2976 x
830 2962 876 2978 oce
894 2953 949 2988 post
960 2952 1005 2978 illa
1024 2952 1203 2977 condecentiam:

246 2988 335 3015 sextus
350 2997 410 3015 vero
420 2997 449 3014 ac
459 2988 581 3024 septimus
593 2988 673 3024 poiita
692 2988 801 3014 habebat
819 2996 879 3015 ante
897 2988 1043 3014 <lignonem
1054 2990 1207 3013 ffirmamur.

246 3032 274 3054 ut
284 3028 303 3050 ii
312 3027 354 3059 qul
365 3044 372 3056 ,
383 3026 434 3055 &c-

284 3069 312 3086 2.
332 3064 361 3085 Ut
370 3063 388 3086 ii
397 3063 439 3095 qui
451 3079 458 3091 ,
467 3059 532 3093 ὡς]
547 3060 650 3095 Septem
663 3059 713 3085 istae
725 3067 800 3084 voces
812 3067 885 3086 erant
896 3060 921 3087 iii
934 3060 1026 3086 nostris
1037 3059 1138 3097 scriptis
1150 3068 1209 3085 om-

247 3096 334 3123 nibus.
355 3095 522 3132 supervacuus
535 3104 619 3122 tamen
631 3095 681 3121 effe
693 3115 700 3126 ‚
712 3104 752 3120 res
763 3094 813 3131 ipla
825 3096 929 3122 clamat.

284 3141 310 3167 3.
330 3133 525 3165 Qodvsrborum
535 3133 622 3157 tollitur
633 3132 776 3166 ,Jivcrha.]
803 3132 860 3159 Pal.
872 3132 936 3168 sept.
947 3132 1001 3159 ost.
1026 3141 1078 3159 non
1088 3130 1189 3159 addunt
1200 3150 1208 3163 ,

248 3172 334 3195 rosan-11>
344 3171 455 3201 vetustas
467 3188 474 3199 ‚
484 3170 509 3194 Ιῖ.
530 3167 585 3195 scre
598 3166 743 3195 allubescit.

1238 136 1764 184 CicERouts

1244 215 1286 246 est
1295 216 1374 257 quasi
1385 228 1454 248 cum
1466 219 1503 247 iis
1515 216 1580 257 ipsis
1591 238 1599 251 ,
1619 217 1696 258 apud
1706 227 1781 258 quos
1799 216 1878 248 dicas
1889 238 1897 251 ,
1918 217 2107 250 deliberatio:
2130 229 2201 251 mo-

1243 268 1309 288 rum
1323 279 1331 293 ‚
1352 270 1385 290 ac
1394 263 1462 290 vitae
1472 262 1601 289 imitatio
1611 261 1702 289 veiin
1713 260 1848 300 personis
1859 280 1867 294 ,
1887 261 1936 291 vel
1957 260 2018 292 fine
2035 262 2097 292 illis
2107 283 2116 296 ‚
2135 272 2199 293 ma-

1241 311 1334 342 gnum
1352 302 1506 343 quoddam
1525 311 1737 332 ornamentum
1749 304 1894 332 orationis
1905 323 1913 336 ,
1935 304 1968 333 &
1977 312 2078 344 aptum
2090 303 2125 334 ad
2136 306 2202 334 ani·

1243 352 1310 372 mos
1321 343 1526 374 conciliandos
1537 344 1585 373 vel
1596 343 1733 373 maxime
1744 363 1752 377 ‚
1773 344 1847 384 saepe
1856 354 1955 374 autem
1967 348 2057 376 etiam
2067 346 2103 376 ad
2113 355 2201 376 com-

1242 386 1411 415 movendos
1424 397 1429 415 1
1440 386 1632 426 personarum
1644 384 1711 415 fieta
1721 385 1870 420 industio,
1882 387 1929 416 vel
1939 386 2144 429 graviffimurn
2155 388 2203 417 lu-

1243 436 1314 456 men
1325 427 1470 468 augendi,
1483 427 1639 467 descriptio
1650 447 1657 460 ‚
1680 429 1786 456 erroris
1797 427 1936 458 induGtio
1946 449 1954 462 ,
1976 429 2011 460 ad
2023 430 2202 459 hilaritatem

1241 468 1396 508 impulsio:
1417 470 1484 499 ante
1497 471 1670 508 occupatio:
1691 477 1756 498 tum
1767 468 1828 499 duo
1839 470 1891 499 illa
1901 490 1908 503 ‚
1921 480 1985 511 quae
1997 470 2132 501 maxime
2142 481 2204 499 mo-

1241 518 1308 538 verit
1319 529 1326 543 ‚
1347 509 1514 540 similitudo
1525 530 1532 544 ‚
1550 511 1582 539 &
1592 511 1767 549 exemplum
1780 531 1788 544 ,
1809 510 1936 553 digestio
1947 532 1955 545 ,
1977 512 2179 552 interpellatio
2189 530 2199 546 ,

1239 554 1395 582 contentio
1406 573 1414 586 ,
1429 554 1582 582 reticentia
1593 572 1601 584 ,
1612 552 1837 582 commendatio
1848 573 1855 586 ‚
1868 563 1930 583 vox
1939 553 2077 594 quaedam
2088 554 2180 584 libera
2190 574 2199 587 ‚

1239 603 1324 634 atque
1335 596 1426 624 etiarn
1437 593 1606 624 effrenatior
1617 614 1625 627 ‚
1644 593 1771 635 augendi
1786 595 1886 624 causa:
1907 595 2059 625 iracundia
2070 616 2078 629 ‚
2098 595 2202 634 objur-

1238 638 1318 676 gatio
1331 656 1338 668 ,
1349 634 1503 676 promissio
1515 656 1522 668 ,
1537 635 1704 675 deprecatio
1715 655 1723 668 ‚
1740 635 1915 669 obsecratio,
1930 636 2092 667 declinatio
2103 637 2202 668 brevis

1240 680 1255 706 a
1265 676 1414 717 proposito
1427 699 1434 710 ,
1448 688 1511 708 non
1523 686 1554 707 ut
1567 679 1699 716 superior
1708 677 1760 706 illa
1770 676 1912 718 degreffio
1923 699 1931 711 ,
1951 681 2085 720 purgatio
2096 699 2104 712 ‚
2124 688 2200 715 con-

1240 721 1352 749 ciliatio
1364 740 1371 752 ,
1385 718 1462 750 laesio
1473 740 1480 754 ‚
1493 721 1606 759 optatio
1617 740 1625 753 ,
1639 728 1724 760 atque
1735 720 1905 749 exsecratio.
1932 723 1989 750 His
1999 721 2061 751 fere
2070 721 2199 751 lumini-

1241 761 1296 790 bus
1306 760 1455 791 illustrant
1464 764 1632 791 orationem
1644 761 1808 790 sententiae.
1828 763 1978 793 Orationis
1988 771 2089 793 autem
2100 761 2198 803 ipsius,
2220 770 2267 804 54

1242 812 1383 843 tanquam
1393 813 1546 833 armorum
1558 824 1566 836 ‚
1583 802 1626 833 est
1634 803 1682 833 vel
1692 802 1726 832 ad
1737 803 1823 833 usum
1835 805 2035 834 comminatio
2046 825 2054 838 ‚
2078 805 2111 835 &
2120 803 2199 845 quast

1240 847 1346 884 petitio
1357 865 1364 878 ‚
1385 846 1434 874 vel
1443 845 1478 874 ad
1489 844 1675 875 venustatem
1687 845 1746 884 ipsa
1755 844 1896 874 trastatio.
1929 848 2011 876 Nam
2022 846 2055 876 &
2064 849 2202 887 gemina-

1242 896 1284 916 tio
1296 887 1457 916 vei-borum
1468 886 1556 916 habet
1565 887 1717 916 interdum
1728 888 1792 916 vim
1803 907 1810 920 ‚
1826 887 1962 926 leporem
1972 888 2041 918 alias
2053 909 2061 922 ‚
2075 889 2107 918 δε
2116 888 2200 928 paul-

1243 929 1307 958 lum
1328 930 1523 958 immutatum
1542 929 1669 958 verbum
1681 949 1688 961 ‚
1711 938 1797 969 atque
1814 928 1968 958 deflexum
1981 940 1986 958 t
2015 930 2048 960 &
2065 929 2200 970 ejusdem

1242 970 1326 1000 verbi
1339 971 1437 1000 crebra
1449 980 1513 1000 tum
1524 970 1539 1000 a
1548 972 1649 1009 primo
1661 972 1796 1010 repetitio
1806 990 1814 1004 ,
1826 979 1891 1000 tum
1902 973 1934 1000 in
1944 980 2114 1002 extremum
2126 981 2200 1002 con-

1243 1011 1338 1042 versio
1349 1033 1357 1045 ,
1371 1012 1445 1042 &in
1455 1012 1558 1042 eadem
1568 1012 1657 1042 verba
1667 1014 1797 1052 impetus
1807 1032 1815 1045 ,
1829 1013 1862 1042 &
1871 1012 2036 1047 concursio,
2049 1014 2082 1043 ὃς
2091 1013 2199 1046 adiun-

1245 1053 1306 1083 Gtio
1317 1074 1325 1087 ‚
1346 1054 1379 1083 &3
1388 1052 1547 1095 progreffio
1557 1073 1565 1087 ‚
1585 1054 1617 1083 &
1628 1054 1760 1093 ejusdem
1772 1054 1855 1084 verbi
1865 1054 1997 1085 crebrius
2014 1054 2101 1095 positi
2117 1050 2199 1096 quae-

1241 1097 1310 1125 dam
1333 1095 1487 1126 distinn-Ttio
1499 1116 1506 1129 ,
1528 1096 1560 1125 &
1571 1098 1719 1125 revocatio
1730 1096 1812 1125 verbi
1824 1116 1831 1128 ‚
1851 1097 1884 1126 &
1896 1097 1946 1126 illa
1955 1116 1963 1130 ‚
1984 1107 2050 1137 quae
2066 1095 2202 1127 similiter

1242 1136 1380 1168 desinunt
1390 1158 1398 1171 ,
1418 1146 1468 1167 aut
1483 1148 1548 1178 quae
1559 1137 1666 1167 cadunt
1683 1136 1818 1167 similiter
1829 1158 1836 1171 ,
1844 1159 1850 1166 ,
1858 1147 1906 1168 aut
1915 1148 1981 1179 quae
1991 1138 2111 1178 paribus
2121 1141 2202 1178 paria

1242 1179 1410 1209 referuntur
1421 1200 1429 1212 ‚
1451 1188 1499 1208 aut
1510 1189 1573 1219 quse
1586 1180 1653 1208 sunt
1664 1181 1741 1208 inter
1751 1180 1778 1208 se
1789 1178 1905 1210 similia.
1941 1179 1992 1210 Est
2001 1182 2091 1211 etiam
2101 1180 2202 1221 grada-

1244 1223 1286 1250 tio
1302 1221 1440 1261 quaedam
1452 1241 1459 1253 ‚
1482 1219 1676 1250 &conversio
1687 1240 1695 1253 ,
1718 1221 1922 1250 &verborum
1941 1223 2090 1253 concinna
2109 1222 2202 1252 trans-

1242 1262 1346 1304 grcffio
1358 1283 1365 1296 ‚
1379 1264 1410 1292 ὃς
1420 1265 1615 1295 contrarium,
1628 1262 1660 1291 δε
1671 1261 1850 1292 dissolutum
1862 1283 1869 1296 ,
1884 1263 1916 1293 ὃς
1927 1263 2098 1297 declinatio,
2112 1264 2145 1294 &
2155 1273 2201 1294 re-

1243 1303 1398 1345 prehensio
1409 1325 1416 1338 ,
1429 1305 1461 1334 &
1471 1305 1647 1334 exclamatio
1659 1324 1666 1337 ,
1681 1304 1901 1334 &imminutio
1913 1325 1920 1338 ‚
1943 1305 1975 1335 δε
1985 1305 2066 1346 quod
2076 1308 2110 1335 in
2120 1306 2202 1336 mul-

1242 1349 1279 1377 tis
1290 1345 1401 1376 casibus
1412 1348 1551 1386 ponitur,
1573 1347 1605 1375 &
1615 1345 1696 1385 quod
1706 1346 1742 1375 de
1753 1345 1874 1387 singulis
1883 1347 1969 1376 rebus
1979 1346 2134 1387 propositis
2145 1347 2202 1378 du-

1243 1388 1327 1418 &um
1338 1409 1346 1422 ‚
1359 1387 1483 1418 refertur
1492 1387 1526 1417 ad
1540 1386 1650 1427 singula
1662 1408 1670 1420 ‚
1686 1387 1718 1417 &
1728 1387 1764 1421 ad
1774 1387 1957 1428 propositum
1969 1389 2099 1425 subjecta
2107 1391 2181 1420 ratio
2191 1410 2200 1423 ‚

1245 1431 1277 1460 &
1288 1433 1362 1460 item
1373 1432 1404 1460 in
1414 1429 1578 1459 distributis
1590 1427 1733 1468 supposita
1742 1431 1817 1459 ratio
1827 1450 1835 1463 ‚
1857 1430 1890 1459 ὃς
1898 1429 2050 1470 permistio
2060 1451 2069 1465 ‚
2092 1431 2124 1461 &
2135 1441 2209 1469 rur-¹

1245 1473 1311 1503 sum
1321 1473 1377 1502 alia
1387 1472 1533 1501 dubitatio
1546 1491 1553 1503 ,
1577 1471 1819 1510 &improvisum
1831 1472 1973 1512 quiddam
1986 1493 1994 1505 ,
2017 1473 2050 1502 δε
2059 1473 2202 1503 dinume-

1243 1524 1317 1544 ratio
1328 1535 1336 1547 ,
1359 1514 1391 1543 ὃς
1400 1514 1454 1543 alia
1470 1511 1616 1542 corret‘tio
1629 1533 1636 1546 ,
1659 1514 1691 1542 ὃς
1701 1513 1860 1552 disputatio
1871 1533 1879 1546 ,
1903 1514 1935 1543 ὃς
1945 1514 2027 1554 quod
2042 1516 2202 1545 continua-

1242 1565 1308 1586 tum
1321 1576 1329 1588 ‚
1351 1556 1591 1594 &interruptum
1602 1575 1610 1587 ‚
1632 1554 1767 1595 &imago
1779 1575 1788 1588 ,
1810 1555 1842 1585 δε
1853 1554 1967 1595 sibiipsi
1977 1555 2127 1596 responsio
2137 1577 2145 1590 ‚
2166 1557 2201 1587 &t

1243 1599 1418 1628 immutatio
1429 1617 1437 1630 ‚
1451 1597 1482 1626 ὃς
1493 1596 1669 1635 disjunEtio,
1682 1597 1714 1626 &
1724 1597 1798 1626 ordo
1809 1617 1816 1630 ,
1834 1597 1866 1627 &
1877 1598 1991 1631 relatio,
2003 1598 2036 1628 δε
2047 1597 2199 1639 degreffio‚

1245 1641 1277 1670 &
1288 1639 1528 1678 circumscriptio.
1556 1640 1628 1668 Haec
1638 1641 1721 1668 enim
1733 1639 1800 1668 sunt
1808 1638 1869 1668 fere
1880 1659 1888 1672 ‚
1900 1647 1987 1680 atque
1996 1640 2107 1670 horum
2117 1639 2203 1670 simi-

1244 1680 1300 1715 lia',
1314 1682 1361 1711 vel
1373 1681 1456 1721 plura
1465 1682 1555 1710 etiarn
1566 1678 1624 1710 effe
1633 1678 1764 1720 possunt,
1775 1691 1841 1721 quae
1852 1682 2007 1711 sententiis
2017 1683 2199 1715 orationem,

1244 1723 1464 1763 verborumque
1474 1721 1767 1752 conformationibus
1777 1723 1962 1753 illuminent.
1986 1726 2060 1765 Qae
2074 1723 2199 1765 quidem
2220 1729 2241 1761 5
2244 1730 2269 1764 ς’

1246 1775 1273 1795 te
1285 1786 1292 1799 ‚
1315 1763 1407 1795 Crafl'e
1421 1785 1428 1798 ,
1440 1765 1530 1794 video
1541 1784 1549 1797 ,
1571 1765 1671 1804 inquit
1680 1767 1764 1794 Cotta
1776 1785 1783 1797 ,
1804 1763 1886 1804 quod
1898 1774 1968 1795 nota
1977 1764 2035 1795 effe
2045 1765 2134 1796 nobis
2144 1775 2202 1806 pu—

1247 1816 1289 1837 tes
1300 1827 1308 1840 2
1330 1805 1390 1836 fine
1409 1804 1641 1836 definitionibus
1653 1827 1660 1839 ‚
1682 1807 1714 1836 ὃς
1725 1804 1785 1835 fine
1801 1807 1947 1846 exemplis
1958 1805 2104 1837 effudisse.
2137 1810 2202 1849 Ego

1244 1847 1317 1879 verb
1331 1869 1338 1882 ,
1351 1849 1449 1888 inquit
1460 1846 1584 1881 Crassus,
1601 1857 1639 1877 ne
1650 1848 1698 1878 illa
1708 1848 1831 1888 quidem
1845 1867 1852 1881 ,
1863 1858 1928 1888 quae
1941 1848 2024 1888 supra
2034 1848 2110 1882 dixi,
2123 1859 2204 1880 nova

1247 1891 1335 1921 vobis
1346 1889 1403 1919 esse
1414 1890 1581 1922 arbitrabar,
1593 1889 1642 1919 sed
1651 1890 1799 1919 voluntati
1811 1888 1944 1919 vestrum
1955 1891 2097 1920 omnium
2106 1892 2202 1931 parui.

1249 1935 1305 1962 His
1316 1941 1416 1962 autem
1427 1931 1462 1961 de
1475 1931 1561 1961 rebus
1572 1931 1615 1960 sol
1624 1941 1673 1961 me
1683 1932 1734 1961 ille
1745 1931 1914 1964 admonuit,
1927 1941 1958 1961 ut
1969 1931 2088 1962 brevior
2098 1931 2202 1966 essem,

1247 1976 1297 2016 qui
1308 1974 1367 2014 ipse
1375 1975 1436 2013 jam
1448 1975 1632 2013 praecipitans
1642 1993 1649 2006 ,
1661 1983 1710 2002 me
1721 1983 1840 2014 quoque
1851 1974 1914 2003 haec
1923 1975 2105 2013 praecipitem
2114 1973 2203 2014 poen&

1247 2017 1383 2046 evolvere
1393 2016 1500 2056 co'e'git.
1515 2015 1570 2045 Sed
1582 2023 1682 2044 tamen
1692 2016 1782 2052 hujus
1791 2017 1907 2056 generis
1918 2015 2134 2046 demonstratio
2144 2015 2198 2050 est,

1249 2059 1281 2088 δε
1293 2057 1429 2087 do&i·ina
1445 2057 1523 2096 ipfit,
1544 2057 1689 2097 vulgaris:
1711 2058 1778 2087 usus
1796 2066 1895 2086 autem
1905 2056 2106 2095 gravissimus,
2126 2058 2203 2088 &in

1247 2102 1305 2129 hoc
1315 2108 1379 2129 toto
1389 2098 1510 2128 dicendi
1519 2097 1618 2127 studio
1629 2117 1637 2130 ,
1646 2096 1856 2127 difficillimus.
1881 2098 2085 2138 Qamobrem
2096 2119 2104 2132 ,
2124 2109 2203 2141 quo-

1246 2144 1330 2170 niam
1342 2141 1377 2170 de
1388 2149 1492 2170 ornatu
1502 2141 1590 2168 omni
1601 2141 1746 2168 orationis
1757 2159 1765 2172 ,
1784 2137 1804 2167 si
1815 2148 1880 2168 non
1891 2139 1959 2168 sunt
1969 2149 2076 2169 omnes
2094 2139 2205 2180 patefa-

1249 2182 1289 2211 &ti
1301 2202 1309 2215 ‚
1320 2180 1432 2211 atcerte
1443 2179 1671 2210 commonstrati
1681 2180 1739 2209 loci
1751 2191 1756 2208 :
1777 2190 1858 2209 nunc
1869 2200 1877 2213 ‚
1889 2180 1961 2220 quid
1972 2189 2073 2221 aptum
2083 2181 2131 2216 sit,
2144 2183 2204 2212 hoc

1247 2223 1290 2253 est
1301 2243 1309 2256 ‚
1329 2222 1401 2263 quid
1422 2222 1556 2251 maxime
1574 2221 1672 2250 deceat
1689 2223 1722 2250 in
1732 2223 1864 2251 oratione
1877 2242 1884 2255 ‚
1907 2222 2074 2253 videamus.
2097 2233 2204 2265 quam-

1247 2275 1335 2305 quam
1347 2264 1377 2293 id
1388 2263 1511 2303 quidem
1522 2263 1708 2302 perspicuum
1729 2262 1771 2293 est
1782 2283 1790 2296 ‚
1812 2265 1887 2293 NON
1908 2273 1997 2293 oium
2019 2265 2110 2296 causae
2120 2286 2128 2300 ,
2149 2275 2206 2296 nec

1248 2306 1375 2336 auditori
1387 2324 1394 2337 ‚
1407 2314 1503 2345 neque
1512 2305 1645 2343 personae
1656 2324 1664 2337 ‚
1677 2314 1774 2345 neque
1783 2307 1910 2345 tempori
1922 2316 2084 2347 congruere
2095 2309 2206 2337 oratio-

1249 2350 1295 2378 nis
1307 2357 1403 2376 unum
1414 2356 1516 2387 genus.
1537 2355 1608 2375 nam
1621 2346 1653 2375 δε
1663 2347 1753 2376 causae
1761 2349 1863 2386 capitis
1873 2347 1967 2377 alium
1978 2348 2128 2388 quendam
2139 2359 2206 2379 ver—

1248 2390 1358 2419 borum
1370 2389 1479 2418 sonum
1492 2389 1647 2427 requirunt
1657 2408 1665 2420 ,
1689 2388 1782 2417 alium
1795 2398 1892 2418 renim
1904 2391 2082 2428 privatarum
2094 2410 2103 2424 ,
2120 2399 2208 2431 atque

1247 2441 1405 2471 parvarum
1425 2441 1430 2459 z
1447 2430 1484 2458 .&
1503 2429 1583 2458 aliud
1603 2429 1722 2459 dicendi
1741 2440 1833 2471 genus
1853 2430 2082 2461 deliberationes
2094 2453 2102 2465 ,
2123 2431 2206 2462 aliud

1251 2472 1434 2502 laudationes
1444 2491 1452 2504 ‚
1465 2470 1544 2500 aliud
1558 2470 1665 2505 iudicia
1674 2491 1682 2504 ,
1695 2472 1774 2501 aliud
1786 2472 1937 2502 sermones
1948 2493 1957 2506 2
1979 2473 2059 2503 aliud
2071 2474 2208 2504 consola-

1248 2517 1291 2544 tio
1304 2535 1312 2547 ‚
1327 2513 1406 2544 aliud
1418 2513 1582 2553 objurgatio
1593 2532 1601 2545 ,
1621 2513 1701 2542 aliud
1714 2513 1873 2553 disputatio
1883 2533 1891 2547 ‚
1912 2515 1992 2544 aliud
2005 2514 2126 2545 historia
2135 2513 2210 2545 defi-

1248 2556 1337 2586 derat.
1362 2554 1466 2585 Refert
1477 2563 1565 2584 etiam
1576 2574 1584 2587 ‚
1598 2556 1649 2594 qui
1661 2554 1797 2588 audiant,
1819 2556 1934 2585 senatus
1945 2577 1953 2590 ,
1964 2567 2001 2586 an
2011 2557 2139 2597 populus
2150 2577 2158 2591 ‚
2170 2567 2209 2587 an

1244 2597 1378 2638 judices:
1399 2595 1568 2637 frequentes
1582 2617 1589 2629 ,
1611 2606 1648 2625 an
1666 2599 1750 2636 pauci
1764 2617 1772 2629 ,
1794 2607 1831 2627 an
1849 2596 1972 2638 singuli:
1993 2599 2025 2628 δε
2035 2599 2136 2639 quales
2157 2596 2210 2638 ipsi

1249 2649 1368 2680 quoque
1379 2647 1507 2668 oratores
1518 2658 1526 2671 ,
1539 2648 1596 2678 qua
1605 2636 1660 2666 fint
1671 2647 1753 2668 aetate
1764 2659 1772 2671 ,
1793 2640 1908 2668 honore
1919 2659 1927 2672 ,
1949 2639 2125 2670 au&01·itate
2137 2660 2145 2672 ‚
2157 2641 2210 2669 de-

1251 2682 1301 2711 bet
1311 2680 1407 2710 videri
1420 2691 1424 2708 :
1445 2689 1562 2719 tenipus
1580 2684 1658 2719 pacis
1668 2700 1675 2713 ,
1699 2690 1737 2710 an
1748 2680 1819 2710 belli
1832 2692 1837 2709 ·.
1859 2679 2059 2711 festinationis
2070 2701 2079 2715 ‚
2097 2692 2134 2712 an
2144 2682 2211 2711 otii.

2111 2726 2213 2764 Itaque

1282 2814 1310 2838 4,
1331 2807 1501 2839 Ceramia-sith
1510 2807 1626 2837 aspeiium
1637 2825 1645 2836 ‚
1655 2806 1722 2839 &csj
1744 2806 1798 2831 Pali
1806 2825 1811 2831 .
1822 2806 1975 2841 posteriores
1989 2826 1996 2838 ,
2016 2807 2079 2833 item
2091 2804 2212 2832 Memmii

1249 2843 1332 2868 chart.
1343 2845 1445 2875 aspefflit.
1467 2841 1508 2867 ied
1520 2841 1633 2868 alterum
1646 2843 1722 2869 restat
1733 2844 1760 2868 iu
1771 2841 1855 2868 Pal-tt.
1866 2843 1946 2878 prim.
1956 2852 1986 2870 ac
1998 2842 2047 2868 sec.
2067 2851 2174 2868 necnon
2184 2842 2217 2868 iu·

1251 2878 1323 2905 Pitli.
1335 2878 1360 2903 ἃ
1376 2879 1486 2903 iiiemm.
1502 2877 1613 2903 membr.

1288 2923 1312 2947 5.
1332 2915 1494 2947 seminecis&
1506 2913 1564 2946 eff]
1578 2913 1646 2946 1311,
1658 2913 1828 2947 fert-percuffio
1841 2932 1847 2943 ‚
1860 2914 1923 2939 item
1936 2913 2008 2940 Pitli.
2020 2923 2078 2940 nani
2090 2912 2212 2940 Memmii

1250 2958 1361 2985 uterque
1376 2952 1484 2985 percusti).
1507 2949 1576 2974 sorte
1591 2947 1715 2983 fei-cufim
1738 2949 1779 2975 sed
1792 2949 1880 2975 malim
1893 2956 1979 2975 ttuneii
1991 2950 2148 2984 vulgatu1u3
2172 2949 2213 2975 cui

1250 2986 1346 3012 alludit
1358 2985 1414 3011 l‘al.
1426 2986 1481 3011 οέὲ,
1493 2985 1518 3011 iii
1531 2987 1696 3020 quopcfsi'sso.

1286 3023 1314 3048 6.
1335 3022 1431 3047 thitns
1450 3022 1483 3046 ad
1500 3030 1547 3045 rem
1557 3028 1604 3053 ast,
1614 3022 1666 3051 d·
1676 3020 1828 3054 conciti-mis]
1850 3019 1894 3045 Sic
1903 3019 1987 3046 Palat.
2001 3019 2068 3046 sext.
2081 3021 2109 3046 &
2119 3029 2214 3047 nonus.

1252 3067 1310 3085 nani
1322 3067 1360 3094 pr.
1374 3058 1401 3083 8<
1412 3056 1467 3083 οξῒ.
1478 3060 1596 3082 concinas.
1616 3060 1664 3082 lec.
1676 3060 1807 3082 tantinum.
1829 3063 1892 3082 tert.
1904 3059 2024 3082 concinens
2037 3076 2044 3087 ‚
2064 3055 2136 3092 quod
2148 3057 2175 3082 Sc
2186 3057 2213 3083 iii

1252 3094 1415 3121 Memmiano
1434 3093 1516 3118 chart.
1537 3093 1600 3118 item
1614 3093 1773 3119 ²uterliueas
1791 3092 1898 3128 quarti,
1920 3093 1963 3127 qui
1985 3096 2102 3118 continens
2116 3111 2124 3123 ,
2143 3091 2215 3126 quod

1252 3131 1398 3159 coniecerat
1408 3128 1580 3155 Gulielmius.
1593 3129 1680 3163 quint.
1691 3132 1838 3154 conveniens.
1850 3128 2073 3163 sept.soizt·inncns.
2089 3127 2217 3154 satisfacit

1255 3166 1318 3193 milii
1331 3166 1448 3201 vulgata.
1461 3174 1521 3192 naui
1532 3166 1557 3191 8<
1571 3164 1604 3192 si;
1613 3164 1696 3200 capite
1707 3164 1825 3200 sequenti
1835 3165 1931 3196 exst-it,
1941 3167 2054 3191 concinna
2064 3164 2214 3196 transgrffli'n.

1921 3210 1925 3211 ⁷
2084 3209 2094 3227 1
2101 3219 2107 3226 .
2117 3202 2211 3225 Or‘alsss·
