2297 3389
677 102 941 149 ORATIO
987 115 1055 150 1N
1100 101 1580 168 QCAEC1L1UM.

472 211 1062 313 M.TULLM

546 317 1119 520 CAEC.

555 562 1081 654 ORA

144 410 304 540 Q.

212 722 349 801 De
376 715 878 802 Accusatore
905 719 990 798 in
1021 717 1128 800 C.

418 832 805 944 do:quae
850 831 1101 910 Divi

614 951 1043 1054 ORAT1O

137 1139 166 1157 ‘Q
179 1129 211 1153 ‚in
225 1124 239 1140 ἢ
258 1123 359 1157 mu)
390 1120 407 1150 I
423 1118 492 1160 quis
508 1116 642 1149 vestrfim
655 1137 663 1151 ,
680 1115 815 1157 judices,
835 1123 883 1147 aut
893 1124 999 1145 eorum
1011 1134 1020 1148 ,
1042 1115 1095 1156 qui

229 1154 293 1223 ξφ
312 1152 365 1203 ,Δ
392 1161 507 1195 adsunt,
518 1159 596 1190 forte
606 1162 731 1190 miratur
740 1179 747 1192 ‚
760 1169 809 1188 me
819 1177 828 1192 ,
839 1160 891 1199 qui
901 1166 1051 1187 totannos
1061 1158 1094 1186 in

281 1181 304 1228 e·
334 1209 345 1221 ⁴
393 1202 497 1236 causis,
509 1202 687 1243 judiciisque
695 1201 825 1241 publicis
835 1203 875 1230 ita
884 1198 938 1229 sim
948 1200 1092 1232 versatus,

325 1252 373 1287 tp„
395 1255 428 1276 ut
439 1240 626 1276 defenderim
638 1246 763 1276 multos,
775 1243 902 1272 laeserim
914 1243 1086 1274 neminem,

318 1283 362 1323 ζ
394 1287 494 1319 subito
506 1297 588 1317 nunc
597 1295 709 1316 mutata
717 1286 873 1315 voluntate
883 1288 893 1303 ¹
906 1284 941 1314 ad
953 1284 1091 1314 accusan-

224 1323 234 1331 ”
265 1329 279 1345 ”
304 1359 306 1361 ,
326 1345 328 1349 ·
394 1330 467 1360 dum
478 1328 671 1360 descendere:
683 1329 719 1361 is,
731 1326 751 1356 si
761 1328 823 1356 mei
833 1324 951 1356 consilii
961 1326 1088 1359 causam,

332 1349 359 1387 ὲ
391 1375 600 1412 rationemque
608 1371 787 1412 cognoverit
797 1389 804 1402 ‚
825 1368 883 1398 una
894 1368 966 1398 &id
977 1388 985 1402 ‚
1007 1367 1089 1409 quod

121 1417 199 1449 facio
211 1438 219 1451 ,
231 1416 370 1458 probabit
378 1435 386 1449 ,
409 1415 485 1445 &in
495 1415 550 1444 hac
559 1414 641 1443 causa
650 1410 788 1452 professe>
799 1412 958 1441 neminem
968 1420 1086 1450 praepo-

122 1459 259 1490 nendum
269 1457 326 1489 esse
337 1458 415 1489 mihi
425 1455 556 1487 a&orem
567 1455 692 1496 putabit.
716 1452 796 1483 Cum
807 1452 936 1494 quaestor
946 1454 978 1482 in
989 1452 1089 1483 Sicilia

120 1500 254 1535 fuiss'em,
267 1501 380 1538 iudices
393 1510 399 1529 z
420 1501 520 1540 itaque
530 1508 568 1528 ex
579 1507 611 1528 ea
620 1498 775 1538 provincia
785 1493 967 1541 decessissem
978 1514 986 1528 ,
1000 1504 1031 1525 ut
1040 1496 1086 1525 Si-

119 1544 198 1574 culis
207 1544 353 1574 omnibus
368 1541 535 1583 jucundam
546 1560 554 1574 ‚
575 1540 810 1580 diuturnamque
828 1547 994 1566 memoriam
1011 1547 1085 1578 quac-

113 1584 195 1623 stura
202 1586 375 1627 nominisque
384 1584 439 1613 mei
448 1583 649 1625 relinquerem:
666 1580 781 1612 faetum
791 1579 834 1610 est
844 1600 851 1613 ,
864 1579 991 1610 uticum
1002 1580 1085 1610 sum-

122 1638 209 1658 mum
220 1630 252 1658 in
261 1627 413 1658 veteribus
423 1627 556 1666 patronis
568 1626 672 1655 multis
685 1645 694 1657 ‚
718 1632 786 1653 tum
796 1622 984 1653 nonnullum
994 1624 1084 1651 etiam

122 1671 156 1700 in
165 1680 214 1700 me
222 1668 392 1711 praefidium
403 1669 462 1699 suis
472 1667 604 1698 fortunis
618 1665 818 1697 constitutum
833 1663 890 1694 esse
908 1664 1086 1694 arbitraren—

119 1720 177 1742 tur.
210 1714 271 1754 Qi
290 1722 372 1742 nunc
386 1710 521 1752 populati
539 1718 626 1751 atque
636 1710 737 1739 vexati
747 1706 894 1738 cumiliad
906 1716 954 1736 me
962 1706 1084 1746 publice

121 1754 197 1794 saepe
215 1764 381 1788 venerunt,
406 1762 438 1784 ut
455 1753 574 1783 suarum
592 1751 781 1782 fortunarum
798 1750 941 1779 omniurn
952 1749 1083 1781 causam,

121 1794 385 1837 defensionemque
395 1796 575 1835 susciperem
588 1805 593 1823 ·.
615 1803 664 1823 me
674 1793 748 1833 saepe
761 1790 819 1822 effe
830 1792 1001 1831 pollicitum
1014 1811 1022 1824 ‚
1034 1791 1086 1821 sae-

119 1847 156 1879 pe
167 1837 326 1868 ostendifl'e
337 1838 490 1871 dicebant,
499 1835 519 1867 fi
530 1836 612 1879 quod
623 1845 743 1876 tempus
754 1832 904 1864 accidisset
914 1854 922 1867 ,
935 1843 995 1875 quo
1007 1842 1086 1863 tem-

120 1889 192 1920 pore
202 1880 315 1921 aliquid
325 1879 399 1910 ame
409 1881 611 1920 requirerent:
635 1877 778 1907 commoda
798 1886 891 1905 eorum
907 1886 951 1905 me
969 1886 1021 1905 non
1037 1875 1086 1904 de-

113 1922 263 1961 futurum.
286 1920 400 1951 venisse
418 1931 536 1961 tempus
553 1920 671 1960 ajebant
682 1941 690 1954 ,
708 1929 773 1949 non
791 1920 855 1959 jam
877 1927 909 1948 ut
918 1917 1085 1948 commoda

121 1964 170 1994 sua
181 1983 189 1997 ,
208 1963 256 1993 sed
275 1971 307 1992 ut
323 1965 415 1993 vitam
428 1983 436 1996 ‚
456 1963 640 2003 salutemque
658 1964 750 1991 totius
767 1962 930 2001 provinciae
940 1959 1084 1989 defende-

121 2015 186 2035 rem
200 2016 205 2034 :
216 2005 274 2035 sese
280 2005 342 2043 jam
355 2015 393 2035 ne
403 2004 476 2035 deos
486 2004 609 2045 quidem
620 2005 652 2033 in
662 2004 721 2033 suis
732 2002 865 2034 urbibus,
878 2002 914 2031 ad
924 2011 999 2042 quos
1008 2011 1083 2031 con-

119 2046 266 2088 fugerent,
278 2046 394 2076 habere:
404 2044 485 2088 quod
496 2056 603 2076 eorum
615 2044 766 2075 simulacra
776 2041 953 2075 sanffiffima
964 2046 996 2073 C.
1008 2046 1083 2072 Ver-

119 2099 165 2119 res
177 2099 214 2119 ex
226 2089 359 2119 delubris
369 2087 594 2129 religiosiffimis
605 2085 773 2118 sustulisset.
794 2095 865 2127 quas
883 2095 928 2115 res
949 2086 1084 2114 luxuries

121 2141 155 2161 m
165 2129 305 2172 flagitiis3
324 2130 481 2160 crudelitas
493 2132 524 2159 in
536 2130 685 2169 suppliciis
698 2141 706 2163 3
723 2129 883 2158 avaritiain
893 2129 1022 2166 rapini33
1036 2127 1084 2157 su-

120 2173 222 2213 perbia
233 2174 265 2202 in
275 2172 472 2203 contumeliis
483 2170 598 2201 efficere
607 2169 768 2211 potuissem
792 2173 806 2189 2
818 2179 864 2199 eas
884 2171 1005 2199 omneis
1023 2169 1083 2199 sese

119 2216 178 2245 hoc
188 2225 251 2246 uno
259 2223 384 2254 praetore
393 2224 445 2255 per
455 2215 621 2244 triennium
633 2211 783 2253 pertulisse
795 2223 800 2241 ;
812 2222 912 2253 rogare
923 2232 931 2245 ,
945 2211 978 2241 &
988 2215 1082 2244 orare,

119 2267 159 2287 ne
170 2256 382 2298 illosfitpplices
392 2257 564 2296 aspernarer,
583 2265 659 2296 quos
671 2276 680 2288 ,
703 2265 753 2284 me
768 2255 918 2284 incolumi
929 2273 937 2287 ‚
962 2255 1081 2283 nemini

82 2308 104 2333 2
121 2298 265 2339 supplices
275 2298 332 2329 ess'e
343 2308 500 2339 oporteret.
527 2299 601 2328 Tuli
610 2299 736 2339 graviter
746 2318 754 2331 ‚
776 2297 808 2326 ὃς
818 2296 921 2326 acerbe
935 2317 942 2330 ‚
950 2296 1079 2341 judices,

121 2345 133 2369 3
145 2344 178 2371 in
186 2350 256 2371 eum
269 2351 318 2371 me
330 2341 432 2371 locum
441 2339 605 2371 addue‘cum
617 2360 625 2372 ,
639 2348 673 2369 ut
681 2348 729 2370 aut
739 2349 790 2369 eos
799 2340 942 2368 homines
953 2338 1015 2378 spes
1026 2338 1082 2368 ral-

119 2384 208 2417 leret,
219 2387 235 2410 4
247 2385 298 2425 qui
307 2393 396 2423 opem
408 2382 424 2414 a
435 2393 485 2412 me
496 2403 504 2416 ,
524 2391 610 2423 atque
619 2382 769 2412 auxilium
781 2379 936 2421 petissent:
953 2389 1004 2410 aut
1014 2391 1079 2422 ego,

119 2427 174 2466 qui
192 2436 242 2455 me
258 2425 293 2456 ad
310 2424 517 2455 defendendos
536 2426 678 2454 homines
692 2424 729 2454 ab
748 2426 874 2453 ineunte
883 2422 1080 2453 adolescentia

121 2466 268 2498 dedissem
277 2488 285 2502 ‚
304 2477 439 2508 ternpore
452 2487 460 2501 ,
481 2476 566 2508 atque
585 2465 688 2496 officio
706 2465 826 2496 coaeum
835 2465 870 2496 ad
883 2465 1080 2496 accusandum

119 2509 294 2540 traducerer.
325 2509 474 2540 Dicebam
485 2529 493 2542 ,
515 2509 622 2539 habere
640 2518 692 2538 eos
708 2508 841 2538 atstorem
861 2508 1079 2549 QGaecihum,

120 2553 172 2593 qui
183 2551 342 2592 pi‘aesertirn
353 2550 521 2592 quaestorin
533 2551 636 2581 eadem
647 2551 802 2591 provincia
812 2549 878 2590 post
892 2560 942 2580 me
951 2549 1081 2591 quaesto-

120 2604 185 2624 rem
203 2592 314 2624 fuisset.
348 2596 417 2634 QQ
428 2603 484 2635 ego
494 2593 669 2632 adjumento
680 2593 829 2632 sperabam
840 2593 916 2622 hanc
925 2591 940 2622 Ξι
949 2602 999 2621 me
1010 2602 1079 2622 mo—

117 2634 232 2665 lestiam
243 2634 324 2676 posse
335 2635 505 2665 dimoveri:
517 2635 547 2665 id
558 2636 636 2665 mihi
647 2644 707 2665 erat
715 2635 916 2665 adversarium
929 2634 1079 2665 maxime.

121 2687 191 2708 nam
202 2678 248 2707 1111
258 2678 357 2707 multo
368 2678 446 2707 mihi
456 2678 512 2708 hoc
521 2677 639 2707 facilius
648 2675 826 2707 remisissent
835 2696 842 2710 ‚
863 2675 883 2705 si
902 2675 995 2706 istum
1013 2687 1077 2707 non

119 2717 238 2749 nofl'ent
249 2739 257 2753 ‚
268 2728 319 2750 aut
327 2718 347 2749 si
358 2719 410 2749 iste
423 2719 499 2760 apud
510 2730 561 2750 eos
571 2719 699 2760 quaestor
709 2729 773 2749 non
783 2716 894 2748 fuiffet.
921 2718 1078 2750 Adduehis

119 2761 187 2792 sum
196 2782 204 2796 ,
215 2761 337 2799 judices,
349 2761 519 2801 officio,fide‚
531 2762 729 2802 miftricordia,
742 2761 910 2791 multorum
921 2761 1076 2793 bonorum

118 2804 261 2844 exemplo
273 2825 280 2837 ‚
292 2806 385 2834 veteri
393 2804 612 2834 consuetudine
623 2825 630 2837 ,
642 2803 840 2844 institutoque
851 2804 1002 2843 majorum
1013 2824 1021 2838 ‚
1045 2813 1078 2835 ut

118 2855 195 2875 onus
204 2847 261 2876 hoc
269 2846 386 2880 labori&
397 2855 483 2887 atque
493 2845 598 2880 officii,
610 2856 673 2876 non
685 2856 722 2875 ex
732 2856 813 2879 meo,
826 2845 874 2875 sed
885 2856 923 2875 ex
935 2856 1076 2876 meorum

117 2886 346 2919 necessariorum
355 2896 502 2929 tempore,
515 2889 593 2919 mihi
601 2887 821 2929 suscipiendum
832 2896 979 2928 putarem.
1005 2891 1075 2929 Qo
1095 2910 1097 2934 Ε

256 3044 292 3071 est
303 3044 370 3071 illud
380 3045 570 3077 All-onimium,
582 3041 743 3077 descenderim.

117 3015 144 3034 ι.

158 3012 241 3095 Α
292 3089 319 3107 2.
340 3085 391 3106 Eas*
400 3082 560 3116 ommisseft]
582 3080 728 3107 Lambinus
741 3100 749 3113 ,
768 3089 808 3107 eas
819 3090 855 3107 res
865 3081 1015 3116 omneisftse:
1034 3079 1077 3107 sed

120 3114 272 3143 nolentibus
283 3116 339 3142 mss.
350 3118 377 3142 ὃς
389 3117 450 3144 edd.
463 3125 529 3144 vett.

156 3158 170 3185 3
178 3170 184 3177 .
201 3154 230 3179 In
239 3162 289 3180 eum
298 3154 411 3181 melorum
420 3154 573 3189 adelmum]
586 3152 659 3182 Editi
670 3153 778 3190 quidem
788 3153 889 3182 vetusti:
901 3153 999 3186 adduci,
1010 3162 1077 3189 quo-

2024 121 2118 174 219

1148 216 1770 285 CicERoNis

1172 321 2112 528 NILIUM

1206 563 1292 650 Τ
1415 568 1456 652 Ι
1583 565 1704 665 (λ

1147 718 1495 803 Verrem
1525 719 2033 806 constituen-

1134 861 1182 909 N
1214 864 1258 910 A
1282 862 1326 909 τ
1352 863 1372 911 1
1402 860 1455 912 o
1499 831 1822 917 dicitur.

1147 997 1612 1073 QyARTA

1141 1115 1175 1145 in
1186 1116 1309 1157 negotio
1319 1124 1421 1147 tamen
1432 1117 1482 1147 illa
1491 1127 1541 1147 me
1551 1127 1608 1151 res,
1615 1117 1628 1158 j
1631 1117 1743 1153 udices,
1753 1117 2016 1162 consolatur,quod
2025 1122 2100 1156 haec,

1140 1167 1205 1197 quae
1214 1157 1333 1188 videtur
1342 1157 1400 1188 effe
1408 1160 1550 1200 accusatio
1560 1171 1639 1194 mea,
1651 1171 1715 1190 non
1725 1163 1825 1201 potius
1834 1163 1982 1193 accusatio
1992 1184 2000 1197 ,
2011 1164 2102 1205 quam

1137 1199 1251 1241 defensio
1271 1199 1313 1231 est
1331 1200 1540 1232 existimanda.
1563 1202 1694 1233 defendo
1713 1205 1797 1233 enirn
1816 1204 1931 1235 multos
1952 1206 2105 1239 mortales,

1138 1243 1250 1272 multas
1257 1244 1403 1277 civitates,
1414 1247 1603 1284 provinciam
1614 1245 1747 1275 Siciliam
1758 1254 1861 1276 totam.
1881 1248 2101 1288 Qamobrem,

1138 1282 1158 1313 fi
1168 1285 1246 1314 mihi
1257 1295 1335 1315 unus
1345 1285 1388 1315 est
1397 1287 1575 1317 accusandus
1586 1308 1594 1321 ,
1607 1287 1829 1328 propemodum
1840 1298 1960 1319 manere
1971 1291 2002 1319 in
2014 1289 2104 1320 insti-

1137 1334 1201 1356 tuto
1213 1336 1283 1357 meo
1293 1327 1448 1361 videon&
1458 1339 1522 1359 non
1534 1332 1666 1360 omnino
1676 1330 1691 1359 a
1702 1328 1899 1360 defendendis
1909 1331 2101 1366 hominibus.⁷

1136 1368 1385 1410 sublevandisque
1396 1370 1554 1402 discedere.
1585 1371 1677 1413 Qiod
1696 1370 1716 1401 fi
1734 1373 1811 1403 hanc
1828 1373 1944 1403 causam
1962 1372 2022 1404 tam
2033 1373 2103 1404 ido-

1135 1420 1236 1444 neam,
1248 1421 1309 1441 tam
1320 1411 1467 1442 illustrem
1479 1433 1487 1446 ‚
1499 1423 1559 1444 tam
1571 1424 1691 1457 gravem
1701 1424 1766 1444 non
1777 1414 1917 1445 haberem
1929 1426 1934 1444 z
1954 1416 1974 1446 fi
1984 1424 2033 1445 aut
2043 1416 2102 1446 hoc

1133 1451 1149 1482 ὲ
1158 1463 1208 1483 me
1218 1454 1310 1484 Siculi
1320 1464 1385 1484 non
1394 1454 1551 1494 petissent,
1576 1465 1626 1487 aut
1635 1457 1713 1486 mihi
1722 1467 1794 1487 cum
1805 1458 1913 1488 Siculis
1923 1458 2005 1488 causa
2014 1466 2101 1489 tantae

1133 1494 1357 1526 necessitudinis
1377 1507 1441 1527 non
1457 1499 1652 1529 intercederet
1665 1509 1670 1527 1
1694 1499 1728 1529 &
1746 1500 1804 1529 hoc
1815 1520 1822 1532 ,
1841 1499 1922 1541 quod
1932 1499 2009 1530 facio
2020 1520 2028 1534 ,
2048 1510 2099 1530 me

1132 1537 1199 1578 reip.
1220 1539 1304 1578 caufiz
1316 1537 1410 1578 facere
1427 1539 1583 1579 profiterer
1592 1561 1600 1575 ,
1620 1549 1653 1571 ut
1672 1541 1767 1571 homo
1778 1540 1916 1583 singulari
1927 1542 2098 1583 cupiditate,

1131 1580 1252 1610 audacia
1262 1601 1269 1614 ,
1291 1581 1398 1611 scelere
1416 1582 1557 1622 praeditus
1567 1604 1574 1617 ,
1597 1583 1682 1623 cujus
1691 1583 1769 1614 furta
1777 1593 1862 1625 atque
1873 1583 1984 1625 flagitia
1991 1595 2054 1615 non
2066 1586 2099 1614 iii

1132 1623 1233 1652 Sicilia
1244 1621 1343 1652 solum
1356 1643 1364 1657 2
1376 1623 1468 1654 sedin
1478 1626 1588 1666 AchaJ‘a
1598 1646 1606 1659 ‚
1618 1624 1684 1655 Asia
1693 1646 1701 1659 ,
1715 1626 1831 1659 Cilicia,
1843 1628 2020 1666 Pamphilu,
2033 1629 2099 1658 Ro-

1134 1673 1192 1694 mae
1201 1664 1334 1710 denique
1344 1674 1411 1696 ante
1421 1667 1526 1697 oculos
1540 1669 1685 1698 omnium
1704 1670 1838 1698 maxima
1848 1689 1856 1702 ,
1878 1668 2100 1711 turpiffimaque

1134 1705 1288 1737 noflemus
1298 1728 1306 1742 ‚
1328 1718 1378 1737 me
1389 1710 1694 1750 agenteinjudicium
1704 1719 1876 1741 vocaretur:
1897 1713 1964 1752 quis
1974 1712 2097 1743 tandem

1136 1746 1224 1783 esset,
1245 1751 1297 1791 qui
1308 1760 1412 1780 meum
1423 1750 1538 1781 fadhim
1559 1760 1608 1782 aut
1615 1750 1774 1782 confilium
1793 1751 1889 1793 poss'et
1898 1754 2099 1794 reprehende-

1133 1793 1185 1820 re?
1216 1792 1298 1834 Qid
1309 1791 1361 1827 est,
1371 1791 1427 1833 pro
1437 1792 1540 1828 deum,
1552 1795 1778 1835 hominumque
1789 1793 1883 1825 fidem
1896 1815 1904 1830 ,
1924 1798 1957 1826 in
1969 1807 2032 1837 quo
2041 1807 2096 1838 ego
2119 1804 2133 1836 3

1132 1835 1205 1873 reip.
1217 1837 1284 1874 plus
1295 1835 1352 1865 hoc
1362 1844 1496 1876 tempore
1507 1835 1642 1876 prodesse
1650 1834 1758 1876 poffim
1771 1839 1780 1866 ?
1799 1837 1880 1878 Qid
1891 1837 1942 1872 est,
1955 1839 2036 1880 quod
2047 1849 2098 1869 aut

1130 1875 1229 1916 populo
1241 1879 1322 1906 Rom.
1332 1879 1440 1919 gratius
1450 1877 1507 1908 effe
1515 1878 1638 1912 debeat,
1650 1888 1699 1908 aut
1703 1878 1794 1917 fhcii's,
1806 1880 1963 1922 exterisque
1971 1882 2098 1910 nationi-

1133 1915 1183 1945 hm
1194 1921 1321 1958 optatius
1333 1918 1390 1949 ess'e
1399 1918 1487 1960 poffit
1497 1940 1505 1953 ,
1515 1930 1563 1950 aut
1573 1921 1658 1950 saluti
1670 1940 1678 1954 ‚
1696 1920 1884 1962 fortunisque
1895 1923 2021 1952 omnium
2030 1933 2097 1954 ma-

1129 1960 1175 1999 gis
1184 1961 1449 1992 accommodatum
1461 1961 1516 1991 sit?
1532 1963 1694 2002 Populatae,
1704 1972 1829 1996 vexatae,
1839 1963 1976 1994 funditus
1987 1965 2096 1996 eversae

1130 2003 1310 2039 provinciae:
1330 2003 1416 2036 socii,
1429 2003 1672 2045 stipendiariique
1681 2005 1787 2044 populi
1798 2008 1835 2036 R.
1848 2005 1964 2041 afflieti,
1978 2007 2093 2042 miseri,

1126 2044 1189 2082 jam
1201 2054 1265 2074 non
1275 2045 1376 2075 salutis
1386 2045 1468 2086 spem
1480 2066 1487 2080 ,
1507 2046 1556 2076 sed
1567 2047 1653 2075 exitii
1655 2046 1793 2086 matium
1804 2057 1951 2088 quaerunt.
1975 2051 2036 2091 Qi
2044 2050 2055 2089 j
2061 2059 2097 2079 u-

1128 2084 1206 2115 dicia
1217 2096 1337 2117 manere
1347 2087 1423 2127 apud
1434 2088 1575 2118 ordinem
1587 2089 1770 2119 senatorium
1781 2090 1892 2120 volunt
1901 2110 1908 2124 ,
1929 2100 2095 2132 queruntur

1127 2129 1307 2158 accusatores
1318 2129 1346 2159 se
1355 2129 1483 2160 idoneos
1494 2140 1557 2160 non
1568 2131 1683 2161 habere.
1696 2133 1749 2172 qui
1759 2132 1889 2162 accusare
1898 2132 2031 2173 possunt,
2041 2133 2051 2173 j
2056 2144 2093 2164 u—

1127 2169 1277 2200 diciorum
1288 2171 1473 2201 severitatem
1486 2171 1659 2203 desiderant.
1682 2174 1814 2213 Populus
1826 2176 1865 2204 R.
1878 2176 2001 2208 interea,
2014 2184 2093 2206 tam-

1126 2209 1175 2241 etsi
1187 2213 1292 2243 multis
1303 2214 1510 2245 incommodis
1522 2235 1530 2248 ,
1544 2213 1827 2257 difficultatibusque
1838 2215 1962 2247 affe8tus
1971 2217 2015 2248 est
2029 2239 2036 2252 ,
2050 2227 2094 2248 ta-

1129 2264 1200 2284 men
1211 2256 1289 2285 nihil
1299 2255 1383 2296 aeque
1394 2258 1427 2285 in
1437 2266 1496 2297 rep.
1508 2266 1593 2298 atque
1601 2258 1685 2287 illam
1695 2259 2008 2297 veteremjudz'ciorum
2016 2261 2090 2294 vim,

1102 2314 1104 2332 ‚=
1124 2297 1361 2339 gravitatemque
1370 2299 1499 2340 requirit.
1513 2299 1706 2340 judiciorum
1716 2298 1861 2330 desiderio
1872 2302 2027 2332 tribunitia
2036 2312 2094 2342 po-

1128 2338 1214 2369 testas
1231 2339 1385 2382 efflagitata
1395 2339 1438 2370 est
1452 2351 1456 2369 :
1478 2341 1658 2378 judiciorum
1670 2342 1789 2372 levitate
1800 2342 1875 2373 ordo
1884 2353 2005 2385 quoque
2015 2345 2092 2375 alius

1126 2381 1162 2412 ad
1174 2392 1219 2412 res
1228 2382 1404 2421 judicandas
1413 2382 1594 2423 postulatur:
1611 2384 1746 2421 judicum
1755 2385 1851 2424 culpa,
1864 2394 1949 2427 atque
1960 2386 2091 2417 dedeco-

1127 2434 1157 2454 re
1169 2425 1259 2454 etiam
1271 2425 1423 2465 cenfhrium
1433 2435 1537 2460 nomen,
1549 2426 1631 2467 quod
1641 2427 1768 2466 asperius
1777 2436 1862 2457 antea
1870 2428 1983 2468 populo
1994 2428 2091 2459 videri

1126 2466 1250 2500 solebat,
1264 2466 1294 2497 id
1307 2477 1388 2497 nunc
1397 2468 1544 2507 poscitur:
1564 2468 1594 2498 id
1604 2468 1666 2508 jam
1676 2468 1827 2509 populare,
1841 2478 1868 2499 at
1892 2480 1927 2500 ue
1936 2469 2091 2510 plausibile

1126 2508 1239 2539 fauum
1251 2508 1303 2539 est.
1328 2512 1363 2539 In
1373 2509 1427 2539 hac
1437 2509 1564 2540 libidine
1576 2511 1738 2540 hominum
1750 2479 2044 2546 nocentissimorum,
2056 2514 2090 2544 in

1125 2552 1231 2592 populi
1242 2553 1335 2581 Rom.
1346 2551 1520 2592 quotidiana
1530 2554 1722 2593 querimonia
1734 2573 1742 2585 ,
1751 2552 1938 2592 judiciorum
1950 2554 2087 2589 infamia.

1125 2596 1217 2624 totius
1227 2593 1343 2624 ordinis
1353 2591 1530 2628 offensione,
1541 2593 1613 2624 cum
1625 2595 1683 2624 hoc
1691 2604 1787 2624 unum
1799 2596 1846 2624 his
1858 2604 1901 2625 tot
1910 2597 2086 2627 incommo-

1123 2635 1168 2666 dis
1181 2636 1351 2666 remedium
1363 2634 1419 2665 ess'e
1429 2636 1590 2670 arbitrarer,
1601 2645 1633 2666 ut
1643 2637 1784 2667 homines
1796 2638 1902 2672 idonei,
1917 2646 2003 2680 atque
2014 2640 2088 2668 inre-

1120 2678 1170 2719 gri
1178 2679 1295 2709 causam
1306 2680 1378 2717 reip.
1391 2678 1553 2719 legumque
1564 2679 1759 2718 susciperent:
1779 2678 1890 2714 fateor,
1904 2691 1953 2710 me
1965 2701 1972 2714 ,
1986 2681 2088 2711 salutis

1124 2722 1267 2750 omnium
1285 2720 1369 2750 causa
1379 2740 1386 2753 ,
1406 2721 1440 2750 ad
1452 2730 1517 2750 earn
1528 2730 1641 2760 partem
1650 2719 1790 2751 accessisse
1800 2722 1914 2762 reipub.
1927 2723 2086 2753 sublevan-

1123 2762 1178 2794 dae,
1190 2773 1256 2803 quae
1268 2763 1402 2792 maxime
1414 2763 1569 2792 laboraret.
1593 2765 1695 2796 Nunc,
1707 2765 1865 2804 quoniam,
1877 2765 1985 2805 quibus
1996 2765 2086 2795 rebus

1123 2804 1269 2834 adduzfi'tus
1280 2804 1315 2834 ad
1332 2805 1449 2835 causam
1467 2803 1634 2835 accesserim
1647 2825 1655 2839 ,
1674 2805 1898 2840 demonstravi,
1919 2806 2083 2838 dicendum

1123 2845 1284 2877 necessario
1294 2846 1335 2876 est
1347 2846 1383 2876 de
1392 2850 1589 2878 contentione
1599 2846 1698 2877 nostra
1708 2868 1716 2881 ,
1729 2849 1802 2878 utin
1813 2848 2027 2879 constituendo
2038 2860 2086 2880 ac-

1123 2890 1255 2920 cusatore
1267 2909 1275 2923 ,
1297 2892 1309 2916 5
1319 2889 1391 2930 quid
1401 2890 1482 2931 sequi
1491 2888 1604 2930 poffitis
1615 2909 1624 2923 ‚
1645 2890 1785 2921 habeatis.
1809 2893 1873 2932 Ego
1885 2889 1922 2922 sic
1931 2892 2083 2933 intelligo,

2001 2934 2012 2974 j
2017 2934 2086 2964 udi-

255 3012 276 3035 D
285 3010 440 3042 accufizndum
449 3009 606 3043 defi-endere]
627 3009 669 3034 Sic
680 3008 736 3034 Pul.
746 3017 788 3044 pr.
805 3017 896 3035 verum
908 3007 1022 3034 secundo
1031 3006 1078 3034 ad-
1121 3007 1201 3035 modo
1220 3009 1294 3034 libris
1316 3007 1365 3034 suis
1386 3009 1489 3035 invexit
1501 3009 1656 3037 Lambinus.
1677 3008 1719 3036 sed
1730 3009 1844 3036 alterum
1855 3010 1933 3037 restat
1944 3010 1968 3036 iii
1980 3009 2085 3037 duobus

1121 3044 1191 3072 Pall.
1203 3055 1268 3080 quos
1280 3044 1336 3071 fere
1347 3043 1476 3071 consului.

1154 3088 1181 3113 4.
1202 3083 1250 3113 ,ΘΜ
1259 3090 1319 3113 opem
1329 3079 1344 3105 ir
1356 3091 1390 3106 me
1399 3087 1469 3115 atque
1479 3082 1729 3116 auxiliumpatiſjbm]
1742 3082 1782 3108 Ita
1794 3082 1921 3108 vetustior
1930 3082 2013 3108 editio
2026 3100 2034 3112 ,
2044 3081 2083 3108 in

1119 3117 1198 3143 ambo
1210 3117 1277 3142 l’all.
1289 3118 1342 3143 δῖε.
1363 3119 1429 3143 Sunt
1441 3125 1528 3144 tamen
1560 3119 1585 3144 ui
1598 3118 1713 3144 retinent
1726 3137 1733 3149 ,
1746 3120 1863 3144 auxilium
1873 3119 2046 3152 e.·‹spe[la(lbnt.

1157 3162 1183 3189 5.
1198 3154 1454 3190 Qldstquipffcis]
1468 3128 1601 3183 siciitqlem
1615 3153 1701 3181 rui-sus
1711 3154 1784 3183 libri.
1805 3154 1924 3191 vulgata,
1935 3154 2003 3190 quod.
2054 3189 2088 3214 Bt

1580 3191 1626 3218 Ee
1647 3198 1664 3216 π.
2021 3197 2044 3217 ι.
