<?xml version="1.0" encoding="UTF-8"?>
<!DOCTYPE html PUBLIC "-//W3C//DTD XHTML 1.0 Transitional//EN"
    "http://www.w3.org/TR/xhtml1/DTD/xhtml1-transitional.dtd">
<html xmlns="http://www.w3.org/1999/xhtml" xml:lang="en" lang="en">
 <head>
  <title>
</title>
<meta http-equiv="Content-Type" content="text/html;charset=utf-8" />
  <meta name='ocr-system' content='tesseract 3.04.00' />
  <meta name='ocr-capabilities' content='ocr_page ocr_carea ocr_par ocr_line ocrx_word'/>
</head>
<body>
  <div class='ocr_page' id='page_1' title='image "./mtuliiciceroniso00cice/mtuliiciceroniso00cice_0513.png"; bbox 0 0 2297 3389; ppageno 0'>
   <div class='ocr_carea' id='block_1_1' title="bbox 648 159 2105 237">
    <p class='ocr_par' dir='ltr' id='par_1_1' title="bbox 648 159 2105 237">
     <span class='ocr_line' id='line_1_1' title="bbox 648 159 2105 237; baseline 0.01 -34"><span class='ocrx_word' id='word_1_1' title='bbox 648 159 959 205; x_wconf 77' lang='lat' dir='ltr'>ORATlo</span> <span class='ocrx_word' id='word_1_2' title='bbox 1016 174 1151 206; x_wconf 72' lang='lat' dir='ltr'>Pko</span> <span class='ocrx_word' id='word_1_3' title='bbox 1206 161 1562 211; x_wconf 40' lang='lat' dir='ltr'>P‘SULLA.</span> <span class='ocrx_word' id='word_1_4' title='bbox 2005 184 2105 237; x_wconf 81' lang='lat'>439</span> 
     </span>
    </p>
   </div>
   <div class='ocr_carea' id='block_1_2' title="bbox 83 237 2164 549">
    <p class='ocr_par' dir='ltr' id='par_1_2' title="bbox 83 237 2164 549">
     <span class='ocr_line' id='line_1_2' title="bbox 83 237 2106 289; baseline 0.002 -11"><span class='ocrx_word' id='word_1_5' title='bbox 83 257 124 289; x_wconf 82' lang='lat'>15</span> <span class='ocrx_word' id='word_1_6' title='bbox 141 246 276 278; x_wconf 79' lang='lat' dir='ltr'>bendum</span> <span class='ocrx_word' id='word_1_7' title='bbox 288 266 296 281; x_wconf 83' lang='lat'>,</span> <span class='ocrx_word' id='word_1_8' title='bbox 316 252 366 277; x_wconf 87' lang='lat' dir='ltr'>aut</span> <span class='ocrx_word' id='word_1_9' title='bbox 379 241 470 274; x_wconf 76' lang='lat' dir='ltr'>fidem</span> <span class='ocrx_word' id='word_1_10' title='bbox 483 246 586 282; x_wconf 85' lang='lat' dir='ltr'>putet,</span> <span class='ocrx_word' id='word_1_11' title='bbox 609 247 659 270; x_wconf 83' lang='lat' dir='ltr'>aut</span> <span class='ocrx_word' id='word_1_12' title='bbox 676 240 836 286; x_wconf 75' lang='lat' dir='ltr'>ingenium</span> <span class='ocrx_word' id='word_1_13' title='bbox 855 237 992 286; x_wconf 65' lang='lat' dir='ltr'>defuisse.</span> <span class='ocrx_word' id='word_1_14' title='bbox 1015 240 1098 281; x_wconf 83' lang='lat' dir='ltr'>Qid</span> <span class='ocrx_word' id='word_1_15' title='bbox 1119 247 1124 289; x_wconf 58' lang='grc' dir='ltr'><em>ξ</em></span> <span class='ocrx_word' id='word_1_16' title='bbox 1143 242 1221 273; x_wconf 78' lang='lat' dir='ltr'>snm.</span> <span class='ocrx_word' id='word_1_17' title='bbox 1243 253 1312 274; x_wconf 86' lang='lat' dir='ltr'>eum</span> <span class='ocrx_word' id='word_1_18' title='bbox 1326 244 1386 275; x_wconf 69' lang='lat' dir='ltr'>11}ae</span> <span class='ocrx_word' id='word_1_19' title='bbox 1396 245 1499 277; x_wconf 86' lang='lat' dir='ltr'>valent</span> <span class='ocrx_word' id='word_1_20' title='bbox 1516 245 1594 287; x_wconf 83' lang='lat' dir='ltr'>apud</span> <span class='ocrx_word' id='word_1_21' title='bbox 1606 255 1656 277; x_wconf 87' lang='lat' dir='ltr'>me</span> <span class='ocrx_word' id='word_1_22' title='bbox 1673 248 1880 280; x_wconf 63' lang='lat' dir='ltr'>excusationes</span> <span class='ocrx_word' id='word_1_23' title='bbox 1901 249 2019 286; x_wconf 73' lang='lat' dir='ltr'>iniuria:</span> <span class='ocrx_word' id='word_1_24' title='bbox 2035 261 2106 287; x_wconf 84' lang='lat' dir='ltr'>tuae,</span> 
     </span>
     <span class='ocr_line' id='line_1_3' title="bbox 142 281 2101 330; baseline 0.002 -10"><span class='ocrx_word' id='word_1_25' title='bbox 142 290 275 320; x_wconf 83' lang='lat' dir='ltr'>deinde?</span> <span class='ocrx_word' id='word_1_26' title='bbox 297 289 369 330; x_wconf 87' lang='lat' dir='ltr'>quid</span> <span class='ocrx_word' id='word_1_27' title='bbox 378 285 458 316; x_wconf 87' lang='lat' dir='ltr'>feci?</span> <span class='ocrx_word' id='word_1_28' title='bbox 478 282 550 314; x_wconf 75' lang='lat' dir='ltr'>cum</span> <span class='ocrx_word' id='word_1_29' title='bbox 567 282 675 312; x_wconf 82' lang='lat' dir='ltr'>scirem</span> <span class='ocrx_word' id='word_1_30' title='bbox 687 301 695 315; x_wconf 94' lang='lat'>,</span> <span class='ocrx_word' id='word_1_31' title='bbox 714 284 755 311; x_wconf 87' lang='lat' dir='ltr'>ita</span> <span class='ocrx_word' id='word_1_32' title='bbox 774 281 925 312; x_wconf 85' lang='lat' dir='ltr'>indicium</span> <span class='ocrx_word' id='word_1_33' title='bbox 942 290 975 310; x_wconf 89' lang='lat' dir='ltr'>in</span> <span class='ocrx_word' id='word_1_34' title='bbox 987 281 1098 311; x_wconf 81' lang='lat' dir='ltr'>tabulas</span> <span class='ocrx_word' id='word_1_35' title='bbox 1142 286 1236 314; x_wconf 70' lang='lat' dir='ltr'>iratus</span> <span class='ocrx_word' id='word_1_36' title='bbox 1250 289 1371 317; x_wconf 75' lang='lat' dir='ltr'>animus</span> <span class='ocrx_word' id='word_1_37' title='bbox 1383 296 1448 317; x_wconf 87' lang='lat' dir='ltr'>tuus</span> <span class='ocrx_word' id='word_1_38' title='bbox 1460 307 1469 322; x_wconf 81' lang='grc'>,</span> <span class='ocrx_word' id='word_1_39' title='bbox 1488 298 1554 319; x_wconf 86' lang='lat' dir='ltr'>aetas</span> <span class='ocrx_word' id='word_1_40' title='bbox 1566 309 1575 323; x_wconf 92' lang='lat'>,</span> <span class='ocrx_word' id='word_1_41' title='bbox 1599 291 1729 320; x_wconf 83' lang='lat' dir='ltr'>amicitia</span> <span class='ocrx_word' id='word_1_42' title='bbox 1744 290 1860 321; x_wconf 83' lang='lat' dir='ltr'>nostra:</span> <span class='ocrx_word' id='word_1_43' title='bbox 1883 300 1949 322; x_wconf 85' lang='lat' dir='ltr'>turn</span> <span class='ocrx_word' id='word_1_44' title='bbox 1961 293 2101 325; x_wconf 86' lang='lat' dir='ltr'>nondum</span> 
     </span>
     <span class='ocr_line' id='line_1_4' title="bbox 141 322 2101 374; baseline 0.003 -13"><span class='ocrx_word' id='word_1_45' title='bbox 141 331 274 372; x_wconf 85' lang='lat' dir='ltr'>publicas</span> <span class='ocrx_word' id='word_1_46' title='bbox 284 330 408 360; x_wconf 87' lang='lat' dir='ltr'>relatum</span> <span class='ocrx_word' id='word_1_47' title='bbox 421 346 430 360; x_wconf 84' lang='lat'>‚</span> <span class='ocrx_word' id='word_1_48' title='bbox 452 334 485 356; x_wconf 88' lang='lat' dir='ltr'>ut</span> <span class='ocrx_word' id='word_1_49' title='bbox 501 325 562 354; x_wconf 78' lang='lat' dir='ltr'>illae</span> <span class='ocrx_word' id='word_1_50' title='bbox 577 323 683 354; x_wconf 85' lang='lat' dir='ltr'>tabulae</span> <span class='ocrx_word' id='word_1_51' title='bbox 699 325 811 363; x_wconf 87' lang='lat' dir='ltr'>privata</span> <span class='ocrx_word' id='word_1_52' title='bbox 832 332 933 354; x_wconf 87' lang='lat' dir='ltr'>tamen</span> <span class='ocrx_word' id='word_1_53' title='bbox 950 322 1096 357; x_wconf 75' lang='lat' dir='ltr'>custodia,</span> <span class='ocrx_word' id='word_1_54' title='bbox 1141 324 1247 359; x_wconf 81' lang='lat' dir='ltr'>statuo,</span> <span class='ocrx_word' id='word_1_55' title='bbox 1263 336 1290 357; x_wconf 80' lang='lat' dir='ltr'>te</span> <span class='ocrx_word' id='word_1_56' title='bbox 1302 330 1414 359; x_wconf 79' lang='lat' dir='ltr'>virium</span> <span class='ocrx_word' id='word_1_57' title='bbox 1428 330 1493 359; x_wconf 88' lang='lat' dir='ltr'>satis</span> <span class='ocrx_word' id='word_1_58' title='bbox 1503 331 1621 365; x_wconf 82' lang='lat' dir='ltr'>habere,</span> <span class='ocrx_word' id='word_1_59' title='bbox 1633 340 1666 362; x_wconf 88' lang='lat' dir='ltr'>ut</span> <span class='ocrx_word' id='word_1_60' title='bbox 1675 342 1731 374; x_wconf 84' lang='lat' dir='ltr'>ego</span> <span class='ocrx_word' id='word_1_61' title='bbox 1743 341 1843 364; x_wconf 77' lang='lat' dir='ltr'>tecum</span> <span class='ocrx_word' id='word_1_62' title='bbox 1855 333 1972 368; x_wconf 70' lang='lat' dir='ltr'>luc‘tari.</span> <span class='ocrx_word' id='word_1_63' title='bbox 1983 335 2016 365; x_wconf 73' lang='grc' dir='ltr'>δε</span> <span class='ocrx_word' id='word_1_64' title='bbox 2026 346 2101 366; x_wconf 88' lang='lat' dir='ltr'>con-</span> 
     </span>
     <span class='ocr_line' id='line_1_5' title="bbox 141 365 2097 415; baseline 0.002 -11"><span class='ocrx_word' id='word_1_65' title='bbox 141 383 227 403; x_wconf 84' lang='lat' dir='ltr'>more</span> <span class='ocrx_word' id='word_1_66' title='bbox 238 371 384 411; x_wconf 83' lang='lat' dir='ltr'>majorum</span> <span class='ocrx_word' id='word_1_67' title='bbox 396 387 404 402; x_wconf 88' lang='lat'>,</span> <span class='ocrx_word' id='word_1_68' title='bbox 414 369 659 398; x_wconf 86' lang='lat' dir='ltr'>continerentur:</span> <span class='ocrx_word' id='word_1_69' title='bbox 683 376 733 395; x_wconf 84' lang='lat' dir='ltr'>non</span> <span class='ocrx_word' id='word_1_70' title='bbox 746 365 889 395; x_wconf 71' lang='lat' dir='ltr'>occultavi</span> <span class='ocrx_word' id='word_1_71' title='bbox 896 385 905 399; x_wconf 94' lang='lat'>,</span> <span class='ocrx_word' id='word_1_72' title='bbox 921 374 986 412; x_wconf 75' lang='lat' dir='ltr'>non</span> <span class='ocrx_word' id='word_1_73' title='bbox 996 367 1098 412; x_wconf 29' lang='lat' dir='ltr'>conti-.-</span> <span class='ocrx_word' id='word_1_74' title='bbox 1138 367 1220 407; x_wconf 84' lang='lat' dir='ltr'>gredi</span> <span class='ocrx_word' id='word_1_75' title='bbox 1232 368 1452 411; x_wconf 75' lang='lat' dir='ltr'>debeamquod</span> <span class='ocrx_word' id='word_1_76' title='bbox 1465 370 1484 401; x_wconf 86' lang='lat' dir='ltr'>fi</span> <span class='ocrx_word' id='word_1_77' title='bbox 1496 371 1568 402; x_wconf 77' lang='lat' dir='ltr'>ess&#39;cs</span> <span class='ocrx_word' id='word_1_78' title='bbox 1584 373 1737 415; x_wconf 79' lang='lat' dir='ltr'>uss1‚atquc</span> <span class='ocrx_word' id='word_1_79' title='bbox 1747 384 1829 406; x_wconf 66' lang='lat' dir='ltr'>aetate</span> <span class='ocrx_word' id='word_1_80' title='bbox 1840 375 2097 408; x_wconf 65' lang='lat' dir='ltr'>robustior-:essem</span> 
     </span>
     <span class='ocr_line' id='line_1_6' title="bbox 142 405 2097 461; baseline 0.006 -23"><span class='ocrx_word' id='word_1_81' title='bbox 142 417 194 445; x_wconf 66' lang='lat' dir='ltr'>nui</span> <span class='ocrx_word' id='word_1_82' title='bbox 208 414 292 444; x_wconf 82' lang='lat' dir='ltr'>domi</span> <span class='ocrx_word' id='word_1_83' title='bbox 304 432 312 446; x_wconf 91' lang='lat'>‚</span> <span class='ocrx_word' id='word_1_84' title='bbox 324 410 372 441; x_wconf 88' lang='lat' dir='ltr'>sed</span> <span class='ocrx_word' id='word_1_85' title='bbox 384 409 509 440; x_wconf 83' lang='lat' dir='ltr'>describi</span> <span class='ocrx_word' id='word_1_86' title='bbox 521 408 557 438; x_wconf 89' lang='lat' dir='ltr'>ab</span> <span class='ocrx_word' id='word_1_87' title='bbox 567 407 713 438; x_wconf 87' lang='lat' dir='ltr'>omnibus</span> <span class='ocrx_word' id='word_1_88' title='bbox 723 406 823 437; x_wconf 87' lang='lat' dir='ltr'>statim</span> <span class='ocrx_word' id='word_1_89' title='bbox 833 407 961 437; x_wconf 87' lang='lat' dir='ltr'>librariis</span> <span class='ocrx_word' id='word_1_90' title='bbox 970 425 979 440; x_wconf 84' lang='lat'>‚</span> <span class='ocrx_word' id='word_1_91' title='bbox 998 405 1095 436; x_wconf 85' lang='lat' dir='ltr'>dividi</span> <span class='ocrx_word' id='word_1_92' title='bbox 1139 407 1231 442; x_wconf 77' lang='lat' dir='ltr'>idem,</span> <span class='ocrx_word' id='word_1_93' title='bbox 1245 412 1297 450; x_wconf 88' lang='lat' dir='ltr'>qui</span> <span class='ocrx_word' id='word_1_94' title='bbox 1309 412 1402 445; x_wconf 87' lang='lat' dir='ltr'>soleo,</span> <span class='ocrx_word' id='word_1_95' title='bbox 1413 412 1485 443; x_wconf 78' lang='lat' dir='ltr'>cum</span> <span class='ocrx_word' id='word_1_96' title='bbox 1503 414 1568 444; x_wconf 90' lang='lat' dir='ltr'>sum</span> <span class='ocrx_word' id='word_1_97' title='bbox 1580 414 1737 446; x_wconf 69' lang='lat' dir='ltr'>lacefl&#39;itus.</span> <span class='ocrx_word' id='word_1_98' title='bbox 1751 427 1834 447; x_wconf 90' lang='lat' dir='ltr'>nunc</span> <span class='ocrx_word' id='word_1_99' title='bbox 1844 426 1943 448; x_wconf 89' lang='lat' dir='ltr'>tecum</span> <span class='ocrx_word' id='word_1_100' title='bbox 1955 417 1992 449; x_wconf 84' lang='lat' dir='ltr'>fic</span> <span class='ocrx_word' id='word_1_101' title='bbox 2001 429 2097 461; x_wconf 84' lang='lat' dir='ltr'>agam,</span> 
     </span>
     <span class='ocr_line' id='line_1_7' title="bbox 139 448 2098 501; baseline 0.002 -15"><span class='ocrx_word' id='word_1_102' title='bbox 139 454 252 497; x_wconf 83' lang='lat' dir='ltr'>paffim,</span> <span class='ocrx_word' id='word_1_103' title='bbox 264 452 470 493; x_wconf 84' lang='lat' dir='ltr'>&amp;pervulgari</span> <span class='ocrx_word' id='word_1_104' title='bbox 480 471 489 485; x_wconf 90' lang='lat'>,</span> <span class='ocrx_word' id='word_1_105' title='bbox 505 459 591 491; x_wconf 86' lang='lat' dir='ltr'>atque</span> <span class='ocrx_word' id='word_1_106' title='bbox 601 449 649 480; x_wconf 86' lang='lat' dir='ltr'>edi</span> <span class='ocrx_word' id='word_1_107' title='bbox 659 450 773 490; x_wconf 90' lang='lat' dir='ltr'>populo</span> <span class='ocrx_word' id='word_1_108' title='bbox 782 452 925 480; x_wconf 89' lang='lat' dir='ltr'>Romano</span> <span class='ocrx_word' id='word_1_109' title='bbox 935 449 1091 488; x_wconf 79' lang='lat' dir='ltr'>imperavi.</span> <span class='ocrx_word' id='word_1_110' title='bbox 1138 448 1235 480; x_wconf 78' lang='lat' dir='ltr'>tuliffe</span> <span class='ocrx_word' id='word_1_111' title='bbox 1249 460 1281 480; x_wconf 87' lang='lat' dir='ltr'>ut</span> <span class='ocrx_word' id='word_1_112' title='bbox 1291 454 1389 491; x_wconf 71' lang='lat' dir='ltr'>potius</span> <span class='ocrx_word' id='word_1_113' title='bbox 1400 455 1543 493; x_wconf 77' lang='lat' dir='ltr'>injuriam</span> <span class='ocrx_word' id='word_1_114' title='bbox 1557 476 1564 489; x_wconf 92' lang='lat'>,</span> <span class='ocrx_word' id='word_1_115' title='bbox 1586 462 1599 483; x_wconf 81' lang='lat'>7</span> <span class='ocrx_word' id='word_1_116' title='bbox 1609 467 1698 498; x_wconf 84' lang='lat' dir='ltr'>quam</span> <span class='ocrx_word' id='word_1_117' title='bbox 1710 458 1839 489; x_wconf 74' lang='lat' dir='ltr'>retulisse</span> <span class='ocrx_word' id='word_1_118' title='bbox 1848 463 1971 501; x_wconf 73' lang='lat' dir='ltr'>gratiam</span> <span class='ocrx_word' id='word_1_119' title='bbox 1981 461 2098 491; x_wconf 83' lang='lat' dir='ltr'>videar.</span> 
     </span>
     <span class='ocr_line' id='line_1_8' title="bbox 142 489 2164 549; baseline 0.003 -22"><span class='ocrx_word' id='word_1_120' title='bbox 142 495 228 528; x_wconf 84' lang='lat' dir='ltr'>divisi</span> <span class='ocrx_word' id='word_1_121' title='bbox 238 497 294 526; x_wconf 90' lang='lat' dir='ltr'>toti</span> <span class='ocrx_word' id='word_1_122' title='bbox 303 494 404 527; x_wconf 67' lang='lat' dir='ltr'>Italiae,</span> <span class='ocrx_word' id='word_1_123' title='bbox 418 498 426 513; x_wconf 92' lang='lat'>¹</span> <span class='ocrx_word' id='word_1_124' title='bbox 438 491 525 523; x_wconf 90' lang='lat' dir='ltr'>divisi</span> <span class='ocrx_word' id='word_1_125' title='bbox 534 495 685 522; x_wconf 84' lang='lat' dir='ltr'>inomnes</span> <span class='ocrx_word' id='word_1_126' title='bbox 694 493 866 532; x_wconf 86' lang='lat' dir='ltr'>provincias</span> <span class='ocrx_word' id='word_1_127' title='bbox 879 501 884 520; x_wconf 76' lang='lat'>1</span> <span class='ocrx_word' id='word_1_128' title='bbox 897 490 960 527; x_wconf 75' lang='lat' dir='ltr'>eius</span> <span class='ocrx_word' id='word_1_129' title='bbox 972 489 1090 523; x_wconf 90' lang='lat' dir='ltr'>indicii,</span> <span class='ocrx_word' id='word_1_130' title='bbox 1138 493 1245 533; x_wconf 87' lang='lat' dir='ltr'>Neque</span> <span class='ocrx_word' id='word_1_131' title='bbox 1255 492 1414 533; x_wconf 51' lang='lat' dir='ltr'>vei-Qquid</span> <span class='ocrx_word' id='word_1_132' title='bbox 1425 497 1503 526; x_wconf 80' lang='lat' dir='ltr'>mihi</span> <span class='ocrx_word' id='word_1_133' title='bbox 1514 497 1641 531; x_wconf 78' lang='lat' dir='ltr'>irascare,</span> <span class='ocrx_word' id='word_1_134' title='bbox 1655 500 1818 542; x_wconf 82' lang='lat' dir='ltr'>intelligere</span> <span class='ocrx_word' id='word_1_135' title='bbox 1829 500 1958 541; x_wconf 82' lang='lat' dir='ltr'>poffum.</span> <span class='ocrx_word' id='word_1_136' title='bbox 1970 501 2002 536; x_wconf 86' lang='lat' dir='ltr'>si,</span> <span class='ocrx_word' id='word_1_137' title='bbox 2015 502 2097 544; x_wconf 74' lang='lat' dir='ltr'>quod</span> <span class='ocrx_word' id='word_1_138' title='bbox 2124 514 2164 549; x_wconf 82' lang='lat'>17</span> 
     </span>
    </p>
   </div>
   <div class='ocr_carea' id='block_1_3' title="bbox 125 527 2098 1538">
    <p class='ocr_par' dir='ltr' id='par_1_3' title="bbox 125 527 2098 1538">
     <span class='ocr_line' id='line_1_9' title="bbox 140 527 2098 578; baseline 0.004 -10"><span class='ocrx_word' id='word_1_139' title='bbox 140 538 158 569; x_wconf 78' lang='grc' dir='ltr'>ὲ</span> <span class='ocrx_word' id='word_1_140' title='bbox 170 547 231 578; x_wconf 90' lang='lat' dir='ltr'>quo</span> <span class='ocrx_word' id='word_1_141' title='bbox 245 537 320 567; x_wconf 88' lang='lat' dir='ltr'>salus</span> <span class='ocrx_word' id='word_1_142' title='bbox 330 527 427 566; x_wconf 81' lang='lat' dir='ltr'>oblata</span> <span class='ocrx_word' id='word_1_143' title='bbox 435 534 507 566; x_wconf 85' lang='lat' dir='ltr'>ess&#39;et</span> <span class='ocrx_word' id='word_1_144' title='bbox 516 534 662 564; x_wconf 81' lang='lat' dir='ltr'>omnibus</span> <span class='ocrx_word' id='word_1_145' title='bbox 673 553 681 568; x_wconf 86' lang='lat'>‚</span> <span class='ocrx_word' id='word_1_146' title='bbox 699 542 853 574; x_wconf 85' lang='lat' dir='ltr'>expertem</span> <span class='ocrx_word' id='word_1_147' title='bbox 864 531 1090 578; x_wconf 41' lang='lat' dir='ltr'>esse-neminem</span> <span class='ocrx_word' id='word_1_148' title='bbox 2000 555 2020 575; x_wconf 90' lang='lat' dir='ltr'>n</span> <span class='ocrx_word' id='word_1_149' title='bbox 2030 545 2098 576; x_wconf 89' lang='lat' dir='ltr'>suc-</span> 
     </span>
     <span class='ocr_line' id='line_1_10' title="bbox 136 572 1089 620; baseline -0.008 -10"><span class='ocrx_word' id='word_1_150' title='bbox 136 581 231 610; x_wconf 91' lang='lat' dir='ltr'>volui.</span> <span class='ocrx_word' id='word_1_151' title='bbox 254 581 357 620; x_wconf 89' lang='lat' dir='ltr'>Itaque</span> <span class='ocrx_word' id='word_1_152' title='bbox 367 577 437 608; x_wconf 90' lang='lat' dir='ltr'>dico</span> <span class='ocrx_word' id='word_1_153' title='bbox 447 597 455 610; x_wconf 90' lang='lat'>‚</span> <span class='ocrx_word' id='word_1_154' title='bbox 478 578 580 607; x_wconf 85' lang='lat' dir='ltr'>locum</span> <span class='ocrx_word' id='word_1_155' title='bbox 594 578 627 606; x_wconf 92' lang='lat' dir='ltr'>in</span> <span class='ocrx_word' id='word_1_156' title='bbox 640 575 713 606; x_wconf 87' lang='lat' dir='ltr'>orbe</span> <span class='ocrx_word' id='word_1_157' title='bbox 728 585 871 606; x_wconf 87' lang='lat' dir='ltr'>terrarum</span> <span class='ocrx_word' id='word_1_158' title='bbox 883 572 940 604; x_wconf 85' lang='lat' dir='ltr'>esse</span> <span class='ocrx_word' id='word_1_159' title='bbox 956 574 1089 607; x_wconf 84' lang='lat' dir='ltr'>nullum,</span> 
     </span>
     <span class='ocr_line' id='line_1_11' title="bbox 135 615 1091 662; baseline -0.007 -11"><span class='ocrx_word' id='word_1_160' title='bbox 135 621 319 662; x_wconf 88' lang='lat' dir='ltr'>quoinloco</span> <span class='ocrx_word' id='word_1_161' title='bbox 335 620 441 660; x_wconf 84' lang='lat' dir='ltr'>populi</span> <span class='ocrx_word' id='word_1_162' title='bbox 451 620 585 650; x_wconf 88' lang='lat' dir='ltr'>Romani</span> <span class='ocrx_word' id='word_1_163' title='bbox 602 628 720 648; x_wconf 89' lang='lat' dir='ltr'>nomen</span> <span class='ocrx_word' id='word_1_164' title='bbox 730 616 781 652; x_wconf 88' lang='lat' dir='ltr'>fit,</span> <span class='ocrx_word' id='word_1_165' title='bbox 802 619 878 658; x_wconf 90' lang='lat' dir='ltr'>quin</span> <span class='ocrx_word' id='word_1_166' title='bbox 896 615 1005 646; x_wconf 81' lang='lat' dir='ltr'>eodem</span> <span class='ocrx_word' id='word_1_167' title='bbox 1024 625 1091 662; x_wconf 74' lang='lat' dir='ltr'>pei·-</span> 
     </span>
     <span class='ocr_line' id='line_1_12' title="bbox 132 657 1088 703; baseline -0.007 -10"><span class='ocrx_word' id='word_1_168' title='bbox 132 664 273 703; x_wconf 86' lang='lat' dir='ltr'>scriptum</span> <span class='ocrx_word' id='word_1_169' title='bbox 287 663 345 692; x_wconf 85' lang='lat' dir='ltr'>hoc</span> <span class='ocrx_word' id='word_1_170' title='bbox 358 661 504 692; x_wconf 87' lang='lat' dir='ltr'>indicium</span> <span class='ocrx_word' id='word_1_171' title='bbox 515 662 694 701; x_wconf 81' lang='lat' dir='ltr'>pervenerit.</span> <span class='ocrx_word' id='word_1_172' title='bbox 718 662 754 689; x_wconf 89' lang='lat' dir='ltr'>In</span> <span class='ocrx_word' id='word_1_173' title='bbox 764 669 826 700; x_wconf 84' lang='lat' dir='ltr'>quo</span> <span class='ocrx_word' id='word_1_174' title='bbox 842 666 967 699; x_wconf 90' lang='lat' dir='ltr'>egotam</span> <span class='ocrx_word' id='word_1_175' title='bbox 979 657 1088 691; x_wconf 82' lang='lat' dir='ltr'>subito,</span> 
     </span>
     <span class='ocr_line' id='line_1_13' title="bbox 133 698 1089 745; baseline -0.008 -10"><span class='ocrx_word' id='word_1_176' title='bbox 133 705 168 736; x_wconf 94' lang='lat'>&amp;</span> <span class='ocrx_word' id='word_1_177' title='bbox 178 706 300 745; x_wconf 86' lang='lat' dir='ltr'>exiguo,</span> <span class='ocrx_word' id='word_1_178' title='bbox 313 704 346 734; x_wconf 68' lang='grc' dir='ltr'>ὃς</span> <span class='ocrx_word' id='word_1_179' title='bbox 357 703 480 734; x_wconf 89' lang='lat' dir='ltr'>turbido</span> <span class='ocrx_word' id='word_1_180' title='bbox 490 712 625 743; x_wconf 87' lang='lat' dir='ltr'>tempore</span> <span class='ocrx_word' id='word_1_181' title='bbox 636 701 885 732; x_wconf 87' lang='lat' dir='ltr'>multadivinitus</span> <span class='ocrx_word' id='word_1_182' title='bbox 896 719 905 733; x_wconf 93' lang='lat'>‚</span> <span class='ocrx_word' id='word_1_183' title='bbox 921 701 959 745; x_wconf 74' lang='lat' dir='ltr'>ita</span> <span class='ocrx_word' id='word_1_184' title='bbox 970 707 1003 728; x_wconf 88' lang='lat' dir='ltr'>ut</span> <span class='ocrx_word' id='word_1_185' title='bbox 1012 698 1089 733; x_wconf 77' lang='lat' dir='ltr'>dixi,</span> 
     </span>
     <span class='ocr_line' id='line_1_14' title="bbox 132 739 1087 787; baseline -0.008 -10"><span class='ocrx_word' id='word_1_186' title='bbox 132 756 197 777; x_wconf 91' lang='lat' dir='ltr'>non</span> <span class='ocrx_word' id='word_1_187' title='bbox 210 757 277 777; x_wconf 89' lang='lat' dir='ltr'>mea</span> <span class='ocrx_word' id='word_1_188' title='bbox 295 747 415 786; x_wconf 89' lang='lat' dir='ltr'>sponte,</span> <span class='ocrx_word' id='word_1_189' title='bbox 435 745 555 786; x_wconf 82' lang='lat' dir='ltr'>providi</span> <span class='ocrx_word' id='word_1_190' title='bbox 566 746 701 785; x_wconf 91' lang='lat' dir='ltr'>primum</span> <span class='ocrx_word' id='word_1_191' title='bbox 712 762 721 776; x_wconf 86' lang='lat'>‚</span> <span class='ocrx_word' id='word_1_192' title='bbox 740 752 779 772; x_wconf 91' lang='lat' dir='ltr'>ne</span> <span class='ocrx_word' id='word_1_193' title='bbox 796 743 847 781; x_wconf 90' lang='lat' dir='ltr'>qui</span> <span class='ocrx_word' id='word_1_194' title='bbox 858 739 954 787; x_wconf 68' lang='lat' dir='ltr'>pofiet</span> <span class='ocrx_word' id='word_1_195' title='bbox 969 748 1087 770; x_wconf 87' lang='lat' dir='ltr'>tantum</span> 
     </span>
     <span class='ocr_line' id='line_1_15' title="bbox 133 780 1089 829; baseline -0.009 -10"><span class='ocrx_word' id='word_1_196' title='bbox 133 796 184 819; x_wconf 85' lang='lat' dir='ltr'>aut</span> <span class='ocrx_word' id='word_1_197' title='bbox 195 788 231 818; x_wconf 91' lang='lat' dir='ltr'>de</span> <span class='ocrx_word' id='word_1_198' title='bbox 241 789 368 829; x_wconf 88' lang='lat' dir='ltr'>reipubl.</span> <span class='ocrx_word' id='word_1_199' title='bbox 387 788 482 818; x_wconf 79' lang='lat' dir='ltr'>antde</span> <span class='ocrx_word' id='word_1_200' title='bbox 496 787 621 826; x_wconf 82' lang='lat' dir='ltr'>alicujus</span> <span class='ocrx_word' id='word_1_201' title='bbox 637 783 770 825; x_wconf 89' lang='lat' dir='ltr'>periculo</span> <span class='ocrx_word' id='word_1_202' title='bbox 780 780 954 813; x_wconf 86' lang='lat' dir='ltr'>meminisse</span> <span class='ocrx_word' id='word_1_203' title='bbox 967 801 975 815; x_wconf 91' lang='lat'>,</span> <span class='ocrx_word' id='word_1_204' title='bbox 994 792 1089 823; x_wconf 82' lang='lat' dir='ltr'>quan-</span> 
     </span>
     <span class='ocr_line' id='line_1_16' title="bbox 133 824 1090 866; baseline -0.008 -5"><span class='ocrx_word' id='word_1_205' title='bbox 133 839 199 861; x_wconf 89' lang='lat' dir='ltr'>tum</span> <span class='ocrx_word' id='word_1_206' title='bbox 209 831 318 861; x_wconf 83' lang='lat' dir='ltr'>vellet:</span> <span class='ocrx_word' id='word_1_207' title='bbox 339 829 450 860; x_wconf 88' lang='lat' dir='ltr'>deinde</span> <span class='ocrx_word' id='word_1_208' title='bbox 459 849 467 863; x_wconf 90' lang='lat'>,</span> <span class='ocrx_word' id='word_1_209' title='bbox 488 839 526 858; x_wconf 90' lang='lat' dir='ltr'>ne</span> <span class='ocrx_word' id='word_1_210' title='bbox 537 830 585 858; x_wconf 91' lang='lat' dir='ltr'>cui</span> <span class='ocrx_word' id='word_1_211' title='bbox 603 827 704 856; x_wconf 88' lang='lat' dir='ltr'>liceret</span> <span class='ocrx_word' id='word_1_212' title='bbox 723 834 856 866; x_wconf 84' lang='lat' dir='ltr'>unquam</span> <span class='ocrx_word' id='word_1_213' title='bbox 874 824 1090 864; x_wconf 86' lang='lat' dir='ltr'>reprehendere</span> 
     </span>
     <span class='ocr_line' id='line_1_17' title="bbox 131 865 1087 906; baseline -0.008 -3"><span class='ocrx_word' id='word_1_214' title='bbox 131 873 209 903; x_wconf 75' lang='lat' dir='ltr'>illud</span> <span class='ocrx_word' id='word_1_215' title='bbox 219 873 380 906; x_wconf 88' lang='lat' dir='ltr'>indicium,</span> <span class='ocrx_word' id='word_1_216' title='bbox 391 880 441 902; x_wconf 89' lang='lat' dir='ltr'>aut</span> <span class='ocrx_word' id='word_1_217' title='bbox 451 869 562 900; x_wconf 74' lang='lat' dir='ltr'>temere</span> <span class='ocrx_word' id='word_1_218' title='bbox 573 868 721 898; x_wconf 87' lang='lat' dir='ltr'>creditum</span> <span class='ocrx_word' id='word_1_219' title='bbox 730 868 884 897; x_wconf 88' lang='lat' dir='ltr'>criminari</span> <span class='ocrx_word' id='word_1_220' title='bbox 897 877 902 895; x_wconf 87' lang='lat'>:</span> <span class='ocrx_word' id='word_1_221' title='bbox 923 865 1087 906; x_wconf 75' lang='lat' dir='ltr'>postremo,</span> 
     </span>
     <span class='ocr_line' id='line_1_18' title="bbox 134 910 1092 955; baseline -0.008 -10"><span class='ocrx_word' id='word_1_222' title='bbox 134 923 173 944; x_wconf 90' lang='lat' dir='ltr'>ne</span> <span class='ocrx_word' id='word_1_223' title='bbox 184 915 258 955; x_wconf 93' lang='lat' dir='ltr'>quid</span> <span class='ocrx_word' id='word_1_224' title='bbox 269 915 326 952; x_wconf 82' lang='lat' dir='ltr'>jam</span> <span class='ocrx_word' id='word_1_225' title='bbox 338 915 353 944; x_wconf 74' lang='lat' dir='ltr'>a</span> <span class='ocrx_word' id='word_1_226' title='bbox 363 923 425 946; x_wconf 88' lang='lat' dir='ltr'>me,</span> <span class='ocrx_word' id='word_1_227' title='bbox 437 921 475 941; x_wconf 90' lang='lat' dir='ltr'>ne</span> <span class='ocrx_word' id='word_1_228' title='bbox 484 910 557 952; x_wconf 92' lang='lat' dir='ltr'>quid</span> <span class='ocrx_word' id='word_1_229' title='bbox 571 919 609 939; x_wconf 85' lang='lat' dir='ltr'>ex</span> <span class='ocrx_word' id='word_1_230' title='bbox 621 911 698 939; x_wconf 86' lang='lat' dir='ltr'>meis</span> <span class='ocrx_word' id='word_1_231' title='bbox 707 910 934 939; x_wconf 86' lang='lat' dir='ltr'>commentariis</span> <span class='ocrx_word' id='word_1_232' title='bbox 942 917 1092 948; x_wconf 69' lang='lat' dir='ltr'>quaerere-</span> 
     </span>
     <span class='ocr_line' id='line_1_19' title="bbox 132 950 1090 987; baseline -0.008 0"><span class='ocrx_word' id='word_1_233' title='bbox 132 965 181 987; x_wconf 88' lang='lat' dir='ltr'>tur</span> <span class='ocrx_word' id='word_1_234' title='bbox 193 967 199 986; x_wconf 92' lang='lat'><strong>:</strong></span> <span class='ocrx_word' id='word_1_235' title='bbox 210 967 247 987; x_wconf 91' lang='lat' dir='ltr'>ne</span> <span class='ocrx_word' id='word_1_236' title='bbox 257 952 362 985; x_wconf 53' lang='lat' dir='ltr'>&amp;brivio</span> <span class='ocrx_word' id='word_1_237' title='bbox 371 964 448 987; x_wconf 90' lang='lat' dir='ltr'>mea,</span> <span class='ocrx_word' id='word_1_238' title='bbox 458 962 508 983; x_wconf 89' lang='lat' dir='ltr'>aut</span> <span class='ocrx_word' id='word_1_239' title='bbox 517 952 661 985; x_wconf 76' lang='lat' dir='ltr'>memoria,</span> <span class='ocrx_word' id='word_1_240' title='bbox 671 950 824 982; x_wconf 81' lang='lat' dir='ltr'>videretur</span> <span class='ocrx_word' id='word_1_241' title='bbox 833 952 929 981; x_wconf 89' lang='lat' dir='ltr'>nimia</span> <span class='ocrx_word' id='word_1_242' title='bbox 939 961 943 979; x_wconf 88' lang='lat'>:</span> <span class='ocrx_word' id='word_1_243' title='bbox 955 960 993 980; x_wconf 84' lang='lat' dir='ltr'>ne</span> <span class='ocrx_word' id='word_1_244' title='bbox 1003 950 1090 980; x_wconf 81' lang='lat' dir='ltr'>deni—</span> 
     </span>
     <span class='ocr_line' id='line_1_20' title="bbox 130 992 1091 1039; baseline -0.008 -10"><span class='ocrx_word' id='word_1_245' title='bbox 130 1009 190 1039; x_wconf 88' lang='lat' dir='ltr'>que</span> <span class='ocrx_word' id='word_1_246' title='bbox 201 1007 251 1028; x_wconf 91' lang='lat' dir='ltr'>aut</span> <span class='ocrx_word' id='word_1_247' title='bbox 261 997 442 1038; x_wconf 87' lang='lat' dir='ltr'>negligentia</span> <span class='ocrx_word' id='word_1_248' title='bbox 450 1015 458 1028; x_wconf 88' lang='lat'>‚</span> <span class='ocrx_word' id='word_1_249' title='bbox 470 996 578 1034; x_wconf 86' lang='lat' dir='ltr'>turpis:</span> <span class='ocrx_word' id='word_1_250' title='bbox 591 1004 641 1024; x_wconf 82' lang='lat' dir='ltr'>aut</span> <span class='ocrx_word' id='word_1_251' title='bbox 650 993 807 1034; x_wconf 79' lang='lat' dir='ltr'>diligentia</span> <span class='ocrx_word' id='word_1_252' title='bbox 817 1012 825 1027; x_wconf 83' lang='lat'>,</span> <span class='ocrx_word' id='word_1_253' title='bbox 837 992 965 1023; x_wconf 88' lang='lat' dir='ltr'>crudelis</span> <span class='ocrx_word' id='word_1_254' title='bbox 974 1001 1091 1032; x_wconf 87' lang='lat' dir='ltr'>putare—</span> 
     </span>
     <span class='ocr_line' id='line_1_21' title="bbox 132 1032 1090 1076; baseline -0.008 -5"><span class='ocrx_word' id='word_1_255' title='bbox 132 1048 193 1071; x_wconf 88' lang='lat' dir='ltr'>tur.</span> <span class='ocrx_word' id='word_1_256' title='bbox 216 1039 272 1070; x_wconf 89' lang='lat' dir='ltr'>Sed</span> <span class='ocrx_word' id='word_1_257' title='bbox 282 1048 384 1069; x_wconf 89' lang='lat' dir='ltr'>tamen</span> <span class='ocrx_word' id='word_1_258' title='bbox 392 1037 442 1067; x_wconf 83' lang='lat' dir='ltr'>abs</span> <span class='ocrx_word' id='word_1_259' title='bbox 453 1046 480 1067; x_wconf 95' lang='lat' dir='ltr'>te</span> <span class='ocrx_word' id='word_1_260' title='bbox 490 1057 498 1070; x_wconf 94' lang='lat'>,</span> <span class='ocrx_word' id='word_1_261' title='bbox 520 1039 674 1076; x_wconf 84' lang='lat' dir='ltr'>Torquate</span> <span class='ocrx_word' id='word_1_262' title='bbox 683 1055 691 1069; x_wconf 84' lang='lat'><em>‚</em></span> <span class='ocrx_word' id='word_1_263' title='bbox 711 1044 812 1076; x_wconf 84' lang='lat' dir='ltr'>quaero</span> <span class='ocrx_word' id='word_1_264' title='bbox 823 1055 831 1069; x_wconf 91' lang='lat'>‚</span> <span class='ocrx_word' id='word_1_265' title='bbox 851 1032 923 1065; x_wconf 74' lang='lat' dir='ltr'>cum</span> <span class='ocrx_word' id='word_1_266' title='bbox 941 1034 1090 1064; x_wconf 86' lang='lat' dir='ltr'>indicatus</span> 
     </span>
     <span class='ocr_line' id='line_1_22' title="bbox 133 1076 1088 1118; baseline -0.006 -7"><span class='ocrx_word' id='word_1_267' title='bbox 133 1090 201 1112; x_wconf 86' lang='lat' dir='ltr'>tuus</span> <span class='ocrx_word' id='word_1_268' title='bbox 211 1081 356 1111; x_wconf 90' lang='lat' dir='ltr'>inimicus</span> <span class='ocrx_word' id='word_1_269' title='bbox 365 1078 447 1113; x_wconf 87' lang='lat' dir='ltr'>effet,</span> <span class='ocrx_word' id='word_1_270' title='bbox 460 1079 492 1109; x_wconf 88' lang='lat'>&amp;</span> <span class='ocrx_word' id='word_1_271' title='bbox 500 1076 571 1108; x_wconf 83' lang='lat' dir='ltr'>efl&#39;et</span> <span class='ocrx_word' id='word_1_272' title='bbox 581 1079 644 1117; x_wconf 78' lang='lat' dir='ltr'>ejus</span> <span class='ocrx_word' id='word_1_273' title='bbox 655 1079 696 1107; x_wconf 89' lang='lat' dir='ltr'>rei</span> <span class='ocrx_word' id='word_1_274' title='bbox 707 1077 846 1118; x_wconf 81' lang='lat' dir='ltr'>frequens</span> <span class='ocrx_word' id='word_1_275' title='bbox 860 1077 985 1110; x_wconf 80' lang='lat' dir='ltr'>senatu5‚</span> <span class='ocrx_word' id='word_1_276' title='bbox 998 1077 1031 1106; x_wconf 90' lang='lat'>&amp;</span> <span class='ocrx_word' id='word_1_277' title='bbox 1042 1087 1088 1106; x_wconf 88' lang='lat' dir='ltr'>re-</span> 
     </span>
     <span class='ocr_line' id='line_1_23' title="bbox 128 1118 1086 1154; baseline -0.006 -1"><span class='ocrx_word' id='word_1_278' title='bbox 128 1133 201 1154; x_wconf 83' lang='lat' dir='ltr'>cens</span> <span class='ocrx_word' id='word_1_279' title='bbox 213 1124 362 1152; x_wconf 90' lang='lat' dir='ltr'>memoria</span> <span class='ocrx_word' id='word_1_280' title='bbox 373 1120 453 1152; x_wconf 87' lang='lat' dir='ltr'>testis</span> <span class='ocrx_word' id='word_1_281' title='bbox 465 1131 470 1150; x_wconf 81' lang='lat' dir='ltr'>z</span> <span class='ocrx_word' id='word_1_282' title='bbox 493 1120 559 1154; x_wconf 85' lang='lat' dir='ltr'>tibi,</span> <span class='ocrx_word' id='word_1_283' title='bbox 573 1130 644 1150; x_wconf 91' lang='lat' dir='ltr'>meo</span> <span class='ocrx_word' id='word_1_284' title='bbox 653 1119 806 1153; x_wconf 81' lang='lat' dir='ltr'>familiari,</span> <span class='ocrx_word' id='word_1_285' title='bbox 818 1119 851 1149; x_wconf 88' lang='lat'>&amp;</span> <span class='ocrx_word' id='word_1_286' title='bbox 865 1118 1086 1151; x_wconf 81' lang='lat' dir='ltr'>contubernali,</span> 
     </span>
     <span class='ocr_line' id='line_1_24' title="bbox 127 1159 1088 1206; baseline -0.006 -11"><span class='ocrx_word' id='word_1_287' title='bbox 127 1164 212 1206; x_wconf 73' lang='lat' dir='ltr'>prius</span> <span class='ocrx_word' id='word_1_288' title='bbox 223 1166 314 1194; x_wconf 89' lang='lat' dir='ltr'>etiam</span> <span class='ocrx_word' id='word_1_289' title='bbox 324 1163 433 1194; x_wconf 86' lang='lat' dir='ltr'>edituri</span> <span class='ocrx_word' id='word_1_290' title='bbox 443 1162 557 1193; x_wconf 83' lang='lat' dir='ltr'>fuerint</span> <span class='ocrx_word' id='word_1_291' title='bbox 567 1161 716 1192; x_wconf 89' lang='lat' dir='ltr'>indicium</span> <span class='ocrx_word' id='word_1_292' title='bbox 731 1161 831 1191; x_wconf 84' lang='lat' dir='ltr'>scribae</span> <span class='ocrx_word' id='word_1_293' title='bbox 843 1162 904 1190; x_wconf 88' lang='lat' dir='ltr'>mei</span> <span class='ocrx_word' id='word_1_294' title='bbox 915 1180 923 1194; x_wconf 90' lang='lat'>,</span> <span class='ocrx_word' id='word_1_295' title='bbox 939 1159 960 1189; x_wconf 88' lang='lat' dir='ltr'>fi</span> <span class='ocrx_word' id='word_1_296' title='bbox 972 1160 1088 1190; x_wconf 87' lang='lat' dir='ltr'>voluis—</span> 
     </span>
     <span class='ocr_line' id='line_1_25' title="bbox 129 1201 1086 1247; baseline -0.005 -10"><span class='ocrx_word' id='word_1_297' title='bbox 129 1207 187 1240; x_wconf 86' lang='lat' dir='ltr'>ses,</span> <span class='ocrx_word' id='word_1_298' title='bbox 197 1205 288 1247; x_wconf 70' lang='lat' dir='ltr'>quam</span> <span class='ocrx_word' id='word_1_299' title='bbox 299 1208 332 1236; x_wconf 90' lang='lat' dir='ltr'>in</span> <span class='ocrx_word' id='word_1_300' title='bbox 342 1205 477 1236; x_wconf 79' lang='lat' dir='ltr'>codicem</span> <span class='ocrx_word' id='word_1_301' title='bbox 489 1202 657 1234; x_wconf 85' lang='lat' dir='ltr'>retuliffent</span> <span class='ocrx_word' id='word_1_302' title='bbox 670 1213 676 1232; x_wconf 78' lang='lat' dir='ltr'>t</span> <span class='ocrx_word' id='word_1_303' title='bbox 698 1213 770 1233; x_wconf 89' lang='lat' dir='ltr'>cum</span> <span class='ocrx_word' id='word_1_304' title='bbox 787 1202 904 1233; x_wconf 88' lang='lat' dir='ltr'>videres</span> <span class='ocrx_word' id='word_1_305' title='bbox 913 1203 998 1233; x_wconf 88' lang='lat' dir='ltr'>aliter</span> <span class='ocrx_word' id='word_1_306' title='bbox 1010 1201 1086 1236; x_wconf 86' lang='lat' dir='ltr'>fieri,</span> 
     </span>
     <span class='ocr_line' id='line_1_26' title="bbox 129 1244 1089 1288; baseline -0.005 -9"><span class='ocrx_word' id='word_1_307' title='bbox 129 1258 182 1280; x_wconf 91' lang='lat' dir='ltr'>cur</span> <span class='ocrx_word' id='word_1_308' title='bbox 190 1248 307 1279; x_wconf 86' lang='lat' dir='ltr'>tacuisti</span> <span class='ocrx_word' id='word_1_309' title='bbox 318 1246 434 1288; x_wconf 76' lang='lat' dir='ltr'>?passus</span> <span class='ocrx_word' id='word_1_310' title='bbox 445 1256 475 1276; x_wconf 87' lang='lat' dir='ltr'>es</span> <span class='ocrx_word' id='word_1_311' title='bbox 486 1249 497 1275; x_wconf 89' lang='lat'>?</span> <span class='ocrx_word' id='word_1_312' title='bbox 508 1256 572 1276; x_wconf 90' lang='lat' dir='ltr'>non</span> <span class='ocrx_word' id='word_1_313' title='bbox 583 1255 717 1278; x_wconf 87' lang='lat' dir='ltr'>mecum,</span> <span class='ocrx_word' id='word_1_314' title='bbox 729 1254 778 1275; x_wconf 89' lang='lat' dir='ltr'>aut</span> <span class='ocrx_word' id='word_1_315' title='bbox 786 1255 857 1275; x_wconf 90' lang='lat' dir='ltr'>cum</span> <span class='ocrx_word' id='word_1_316' title='bbox 867 1244 1008 1275; x_wconf 84' lang='lat' dir='ltr'>familiari</span> <span class='ocrx_word' id='word_1_317' title='bbox 1019 1254 1089 1274; x_wconf 91' lang='lat' dir='ltr'>meo</span> 
     </span>
     <span class='ocr_line' id='line_1_27' title="bbox 128 1286 1086 1332; baseline -0.005 -11"><span class='ocrx_word' id='word_1_318' title='bbox 128 1290 251 1332; x_wconf 86' lang='lat' dir='ltr'>questus</span> <span class='ocrx_word' id='word_1_319' title='bbox 261 1300 291 1322; x_wconf 86' lang='lat' dir='ltr'>es</span> <span class='ocrx_word' id='word_1_320' title='bbox 303 1294 314 1320; x_wconf 72' lang='grc' dir='ltr'><em>ἒ</em></span> <span class='ocrx_word' id='word_1_321' title='bbox 335 1299 400 1323; x_wconf 87' lang='lat' dir='ltr'>aut,</span> <span class='ocrx_word' id='word_1_322' title='bbox 414 1290 561 1330; x_wconf 88' lang='lat' dir='ltr'>quoniam</span> <span class='ocrx_word' id='word_1_323' title='bbox 573 1296 633 1318; x_wconf 88' lang='lat' dir='ltr'>tam</span> <span class='ocrx_word' id='word_1_324' title='bbox 649 1286 737 1317; x_wconf 72' lang='lat' dir='ltr'>facile</span> <span class='ocrx_word' id='word_1_325' title='bbox 751 1288 900 1317; x_wconf 86' lang='lat' dir='ltr'>inveheris</span> <span class='ocrx_word' id='word_1_326' title='bbox 912 1290 945 1316; x_wconf 90' lang='lat' dir='ltr'>in</span> <span class='ocrx_word' id='word_1_327' title='bbox 961 1289 1086 1321; x_wconf 87' lang='lat' dir='ltr'>amicos,</span> 
     </span>
     <span class='ocr_line' id='line_1_28' title="bbox 126 1328 1089 1369; baseline -0.006 -6"><span class='ocrx_word' id='word_1_328' title='bbox 126 1331 303 1363; x_wconf 76' lang='lat' dir='ltr'>iracundius</span> <span class='ocrx_word' id='word_1_329' title='bbox 315 1352 323 1366; x_wconf 95' lang='lat'>,</span> <span class='ocrx_word' id='word_1_330' title='bbox 341 1340 390 1362; x_wconf 90' lang='lat' dir='ltr'>aut</span> <span class='ocrx_word' id='word_1_331' title='bbox 403 1332 614 1361; x_wconf 81' lang='lat' dir='ltr'>venementius</span> <span class='ocrx_word' id='word_1_332' title='bbox 631 1328 846 1369; x_wconf 83' lang='lat' dir='ltr'>expostulasti?</span> <span class='ocrx_word' id='word_1_333' title='bbox 868 1331 918 1358; x_wconf 89' lang='lat' dir='ltr'>Tu</span> <span class='ocrx_word' id='word_1_334' title='bbox 929 1347 937 1361; x_wconf 84' lang='lat'>,</span> <span class='ocrx_word' id='word_1_335' title='bbox 959 1338 1030 1358; x_wconf 90' lang='lat' dir='ltr'>curn</span> <span class='ocrx_word' id='word_1_336' title='bbox 1040 1337 1089 1358; x_wconf 79' lang='lat' dir='ltr'>tua</span> 
     </span>
     <span class='ocr_line' id='line_1_29' title="bbox 126 1369 1085 1415; baseline -0.006 -10"><span class='ocrx_word' id='word_1_337' title='bbox 126 1383 193 1405; x_wconf 87' lang='lat' dir='ltr'>vox</span> <span class='ocrx_word' id='word_1_338' title='bbox 204 1384 370 1415; x_wconf 89' lang='lat' dir='ltr'>numquam</span> <span class='ocrx_word' id='word_1_339' title='bbox 382 1371 416 1402; x_wconf 90' lang='lat' dir='ltr'>fit</span> <span class='ocrx_word' id='word_1_340' title='bbox 424 1371 523 1402; x_wconf 90' lang='lat' dir='ltr'>audita</span> <span class='ocrx_word' id='word_1_341' title='bbox 538 1382 542 1400; x_wconf 72' lang='grc' dir='ltr'><em>τ</em></span> <span class='ocrx_word' id='word_1_342' title='bbox 563 1381 634 1401; x_wconf 90' lang='lat' dir='ltr'>cum</span> <span class='ocrx_word' id='word_1_343' title='bbox 647 1391 656 1404; x_wconf 90' lang='lat'>,</span> <span class='ocrx_word' id='word_1_344' title='bbox 676 1370 792 1400; x_wconf 90' lang='lat' dir='ltr'>indicio</span> <span class='ocrx_word' id='word_1_345' title='bbox 806 1369 888 1400; x_wconf 68' lang='lat' dir='ltr'>le&amp;o</span> <span class='ocrx_word' id='word_1_346' title='bbox 901 1390 910 1404; x_wconf 88' lang='lat'>,</span> <span class='ocrx_word' id='word_1_347' title='bbox 928 1369 1085 1410; x_wconf 87' lang='lat' dir='ltr'>descripto,</span> 
     </span>
     <span class='ocr_line' id='line_1_30' title="bbox 125 1412 1087 1458; baseline -0.005 -11"><span class='ocrx_word' id='word_1_348' title='bbox 125 1416 281 1458; x_wconf 79' lang='lat' dir='ltr'>divulgato</span> <span class='ocrx_word' id='word_1_349' title='bbox 292 1435 300 1450; x_wconf 92' lang='lat'>‚</span> <span class='ocrx_word' id='word_1_350' title='bbox 311 1415 461 1456; x_wconf 81' lang='lat' dir='ltr'>quieveris</span> <span class='ocrx_word' id='word_1_351' title='bbox 473 1433 481 1446; x_wconf 92' lang='lat'>,</span> <span class='ocrx_word' id='word_1_352' title='bbox 497 1415 622 1443; x_wconf 81' lang='lat' dir='ltr'>tacueris</span> <span class='ocrx_word' id='word_1_353' title='bbox 634 1433 642 1446; x_wconf 94' lang='lat'>‚</span> <span class='ocrx_word' id='word_1_354' title='bbox 657 1412 780 1452; x_wconf 72' lang='lat' dir='ltr'>repente</span> <span class='ocrx_word' id='word_1_355' title='bbox 791 1420 901 1443; x_wconf 88' lang='lat' dir='ltr'>tantam</span> <span class='ocrx_word' id='word_1_356' title='bbox 913 1421 978 1442; x_wconf 86' lang='lat' dir='ltr'>rem</span> <span class='ocrx_word' id='word_1_357' title='bbox 988 1422 1087 1442; x_wconf 86' lang='lat' dir='ltr'>enun-</span> 
     </span>
     <span class='ocr_line' id='line_1_31' title="bbox 127 1454 1084 1496; baseline -0.005 -7"><span class='ocrx_word' id='word_1_358' title='bbox 127 1460 199 1488; x_wconf 85' lang='lat' dir='ltr'>tiare</span> <span class='ocrx_word' id='word_1_359' title='bbox 207 1457 334 1488; x_wconf 87' lang='lat' dir='ltr'>audeas?</span> <span class='ocrx_word' id='word_1_360' title='bbox 357 1456 390 1486; x_wconf 74' lang='grc' dir='ltr'>δε</span> <span class='ocrx_word' id='word_1_361' title='bbox 404 1457 437 1485; x_wconf 89' lang='lat' dir='ltr'>in</span> <span class='ocrx_word' id='word_1_362' title='bbox 446 1465 517 1485; x_wconf 88' lang='lat' dir='ltr'>eum</span> <span class='ocrx_word' id='word_1_363' title='bbox 527 1455 632 1485; x_wconf 88' lang='lat' dir='ltr'>locum</span> <span class='ocrx_word' id='word_1_364' title='bbox 643 1464 670 1484; x_wconf 87' lang='lat' dir='ltr'>te</span> <span class='ocrx_word' id='word_1_365' title='bbox 680 1454 808 1485; x_wconf 82' lang='lat' dir='ltr'>deducas</span> <span class='ocrx_word' id='word_1_366' title='bbox 818 1475 826 1488; x_wconf 86' lang='lat'>,</span> <span class='ocrx_word' id='word_1_367' title='bbox 842 1463 875 1484; x_wconf 92' lang='lat' dir='ltr'>ut</span> <span class='ocrx_word' id='word_1_368' title='bbox 883 1454 952 1485; x_wconf 76' lang='lat' dir='ltr'>ante</span> <span class='ocrx_word' id='word_1_369' title='bbox 964 1475 973 1489; x_wconf 95' lang='lat'>,</span> <span class='ocrx_word' id='word_1_370' title='bbox 992 1454 1084 1496; x_wconf 71' lang='lat' dir='ltr'>quam</span> 
     </span>
     <span class='ocr_line' id='line_1_32' title="bbox 126 1497 1084 1538; baseline -0.003 -8"><span class='ocrx_word' id='word_1_371' title='bbox 126 1509 177 1530; x_wconf 90' lang='lat' dir='ltr'>me</span> <span class='ocrx_word' id='word_1_372' title='bbox 185 1500 368 1529; x_wconf 86' lang='lat' dir='ltr'>commutati</span> <span class='ocrx_word' id='word_1_373' title='bbox 378 1497 486 1528; x_wconf 90' lang='lat' dir='ltr'>indicii</span> <span class='ocrx_word' id='word_1_374' title='bbox 497 1498 664 1538; x_wconf 86' lang='lat' dir='ltr'>coargueris</span> <span class='ocrx_word' id='word_1_375' title='bbox 674 1517 683 1530; x_wconf 91' lang='lat'>‚</span> <span class='ocrx_word' id='word_1_376' title='bbox 707 1506 735 1527; x_wconf 89' lang='lat' dir='ltr'>te</span> <span class='ocrx_word' id='word_1_377' title='bbox 747 1497 872 1527; x_wconf 82' lang='lat' dir='ltr'>summae</span> <span class='ocrx_word' id='word_1_378' title='bbox 883 1497 1084 1538; x_wconf 78' lang='lat' dir='ltr'>negligentiae,</span> 
     </span>
    </p>
   </div>
   <div class='ocr_carea' id='block_1_4' title="bbox 66 1538 1085 1581">
    <p class='ocr_par' dir='ltr' id='par_1_4' title="bbox 66 1538 1085 1581">
     <span class='ocr_line' id='line_1_33' title="bbox 66 1538 1085 1581; baseline -0.004 -9"><span class='ocrx_word' id='word_1_379' title='bbox 66 1542 108 1577; x_wconf 81' lang='lat'>16</span> <span class='ocrx_word' id='word_1_380' title='bbox 126 1545 140 1562; x_wconf 83' lang='lat'><em>2</em></span> <span class='ocrx_word' id='word_1_381' title='bbox 152 1551 204 1572; x_wconf 86' lang='lat' dir='ltr'>tuo</span> <span class='ocrx_word' id='word_1_382' title='bbox 214 1541 344 1581; x_wconf 83' lang='lat' dir='ltr'>judicio,</span> <span class='ocrx_word' id='word_1_383' title='bbox 357 1538 536 1570; x_wconf 66' lang='lat' dir='ltr'>eonvistum</span> <span class='ocrx_word' id='word_1_384' title='bbox 547 1538 605 1569; x_wconf 83' lang='lat' dir='ltr'>effe</span> <span class='ocrx_word' id='word_1_385' title='bbox 614 1538 738 1569; x_wconf 85' lang='lat' dir='ltr'>fateare?</span> <span class='ocrx_word' id='word_1_386' title='bbox 764 1541 857 1569; x_wconf 78' lang='lat' dir='ltr'>M1111</span> <span class='ocrx_word' id='word_1_387' title='bbox 880 1548 1085 1580; x_wconf 54' lang='lat' dir='ltr'>qunstM</span> 
     </span>
    </p>
   </div>
   <div class='ocr_carea' id='block_1_5' title="bbox 120 1581 1087 2417">
    <p class='ocr_par' dir='ltr' id='par_1_5' title="bbox 120 1581 1087 2417">
     <span class='ocr_line' id='line_1_34' title="bbox 123 1581 1087 1622; baseline -0.004 -8"><span class='ocrx_word' id='word_1_388' title='bbox 123 1584 200 1616; x_wconf 70' lang='lat' dir='ltr'>filus</span> <span class='ocrx_word' id='word_1_389' title='bbox 214 1585 289 1614; x_wconf 85' lang='lat' dir='ltr'>tanti</span> <span class='ocrx_word' id='word_1_390' title='bbox 300 1581 417 1616; x_wconf 80' lang='lat' dir='ltr'>fuiffet,</span> <span class='ocrx_word' id='word_1_391' title='bbox 429 1591 463 1612; x_wconf 92' lang='lat' dir='ltr'>ut</span> <span class='ocrx_word' id='word_1_392' title='bbox 473 1591 573 1612; x_wconf 90' lang='lat' dir='ltr'>meam</span> <span class='ocrx_word' id='word_1_393' title='bbox 588 1581 791 1622; x_wconf 83' lang='lat' dir='ltr'>negligerem?</span> <span class='ocrx_word' id='word_1_394' title='bbox 813 1591 864 1621; x_wconf 87' lang='lat' dir='ltr'>per</span> <span class='ocrx_word' id='word_1_395' title='bbox 876 1591 925 1611; x_wconf 90' lang='lat' dir='ltr'>me</span> <span class='ocrx_word' id='word_1_396' title='bbox 938 1591 994 1622; x_wconf 83' lang='lat' dir='ltr'>ego</span> <span class='ocrx_word' id='word_1_397' title='bbox 1008 1582 1087 1611; x_wconf 84' lang='lat' dir='ltr'>veri-</span> 
     </span>
     <span class='ocr_line' id='line_1_35' title="bbox 124 1623 1087 1666; baseline -0.004 -10"><span class='ocrx_word' id='word_1_398' title='bbox 124 1634 215 1657; x_wconf 87' lang='lat' dir='ltr'>tatem</span> <span class='ocrx_word' id='word_1_399' title='bbox 225 1624 403 1666; x_wconf 65' lang='lat' dir='ltr'>patefadltam</span> <span class='ocrx_word' id='word_1_400' title='bbox 412 1625 654 1654; x_wconf 87' lang='lat' dir='ltr'>contaminarem</span> <span class='ocrx_word' id='word_1_401' title='bbox 668 1625 770 1664; x_wconf 86' lang='lat' dir='ltr'>aliquo</span> <span class='ocrx_word' id='word_1_402' title='bbox 784 1623 944 1653; x_wconf 88' lang='lat' dir='ltr'>mendacio</span> <span class='ocrx_word' id='word_1_403' title='bbox 956 1627 967 1653; x_wconf 79' lang='lat'><em>?</em></span> <span class='ocrx_word' id='word_1_404' title='bbox 978 1632 1087 1664; x_wconf 86' lang='lat' dir='ltr'>quem-</span> 
     </span>
     <span class='ocr_line' id='line_1_36' title="bbox 124 1664 1086 1710; baseline -0.004 -12"><span class='ocrx_word' id='word_1_405' title='bbox 124 1677 217 1710; x_wconf 88' lang='lat' dir='ltr'>quam</span> <span class='ocrx_word' id='word_1_406' title='bbox 229 1667 361 1709; x_wconf 86' lang='lat' dir='ltr'>denique</span> <span class='ocrx_word' id='word_1_407' title='bbox 371 1677 385 1697; x_wconf 90' lang='lat' dir='ltr'>e</span> <span class='ocrx_word' id='word_1_408' title='bbox 407 1676 426 1696; x_wconf 91' lang='lat'>0</span> <span class='ocrx_word' id='word_1_409' title='bbox 434 1666 570 1706; x_wconf 84' lang='lat' dir='ltr'>juvarem</span> <span class='ocrx_word' id='word_1_410' title='bbox 583 1685 592 1699; x_wconf 92' lang='lat'>,</span> <span class='ocrx_word' id='word_1_411' title='bbox 611 1664 627 1695; x_wconf 78' lang='lat' dir='ltr'>a</span> <span class='ocrx_word' id='word_1_412' title='bbox 639 1675 701 1706; x_wconf 90' lang='lat' dir='ltr'>quo</span> <span class='ocrx_word' id='word_1_413' title='bbox 719 1665 752 1695; x_wconf 91' lang='lat'>&amp;</span> <span class='ocrx_word' id='word_1_414' title='bbox 762 1665 910 1695; x_wconf 88' lang='lat' dir='ltr'>crudeleis</span> <span class='ocrx_word' id='word_1_415' title='bbox 920 1665 1038 1696; x_wconf 85' lang='lat' dir='ltr'>insidias</span> <span class='ocrx_word' id='word_1_416' title='bbox 1054 1667 1086 1695; x_wconf 92' lang='lat' dir='ltr'>in</span> 
     </span>
     <span class='ocr_line' id='line_1_37' title="bbox 125 1676 1086 1750; baseline -0.003 -10"><span class='ocrx_word' id='word_1_417' title='bbox 125 1709 343 1750; x_wconf 80' lang='lat' dir='ltr'>rempublicam</span> <span class='ocrx_word' id='word_1_418' title='bbox 351 1676 452 1742; x_wconf 51' lang='lat' dir='ltr'>fafias,</span> <span class='ocrx_word' id='word_1_419' title='bbox 467 1711 480 1735; x_wconf 87' lang='lat'>3</span> <span class='ocrx_word' id='word_1_420' title='bbox 493 1708 526 1738; x_wconf 76' lang='grc' dir='ltr'>δε</span> <span class='ocrx_word' id='word_1_421' title='bbox 537 1710 569 1737; x_wconf 93' lang='lat' dir='ltr'>in</span> <span class='ocrx_word' id='word_1_422' title='bbox 583 1717 633 1737; x_wconf 89' lang='lat' dir='ltr'>me</span> <span class='ocrx_word' id='word_1_423' title='bbox 642 1705 834 1747; x_wconf 87' lang='lat' dir='ltr'>potissimum</span> <span class='ocrx_word' id='word_1_424' title='bbox 844 1707 1000 1737; x_wconf 86' lang='lat' dir='ltr'>consulem</span> <span class='ocrx_word' id='word_1_425' title='bbox 1011 1717 1086 1738; x_wconf 88' lang='lat' dir='ltr'>con-</span> 
     </span>
     <span class='ocr_line' id='line_1_38' title="bbox 125 1748 1083 1792; baseline -0.004 -9"><span class='ocrx_word' id='word_1_426' title='bbox 125 1751 259 1786; x_wconf 88' lang='lat' dir='ltr'>stitutas,</span> <span class='ocrx_word' id='word_1_427' title='bbox 278 1752 438 1792; x_wconf 89' lang='lat' dir='ltr'>putarem?</span> <span class='ocrx_word' id='word_1_428' title='bbox 462 1748 554 1791; x_wconf 76' lang='lat' dir='ltr'>Qod</span> <span class='ocrx_word' id='word_1_429' title='bbox 564 1748 585 1779; x_wconf 90' lang='lat' dir='ltr'>fi</span> <span class='ocrx_word' id='word_1_430' title='bbox 591 1749 655 1789; x_wconf 86' lang='lat' dir='ltr'>jam</span> <span class='ocrx_word' id='word_1_431' title='bbox 665 1748 756 1779; x_wconf 87' lang='lat' dir='ltr'>efl&#39;em</span> <span class='ocrx_word' id='word_1_432' title='bbox 777 1749 889 1779; x_wconf 84' lang='lat' dir='ltr'>oblitus</span> <span class='ocrx_word' id='word_1_433' title='bbox 908 1750 1083 1783; x_wconf 87' lang='lat' dir='ltr'>severitatis,</span> 
     </span>
     <span class='ocr_line' id='line_1_39' title="bbox 127 1791 1085 1832; baseline -0.004 -8"><span class='ocrx_word' id='word_1_434' title='bbox 127 1794 162 1824; x_wconf 91' lang='lat'>&amp;</span> <span class='ocrx_word' id='word_1_435' title='bbox 170 1792 345 1824; x_wconf 82' lang='lat' dir='ltr'>constantiae</span> <span class='ocrx_word' id='word_1_436' title='bbox 357 1802 445 1826; x_wconf 82' lang='lat' dir='ltr'>meae,</span> <span class='ocrx_word' id='word_1_437' title='bbox 457 1800 559 1822; x_wconf 87' lang='lat' dir='ltr'>tamne</span> <span class='ocrx_word' id='word_1_438' title='bbox 569 1801 673 1821; x_wconf 89' lang='lat' dir='ltr'>amens</span> <span class='ocrx_word' id='word_1_439' title='bbox 684 1801 775 1826; x_wconf 84' lang='lat' dir='ltr'>eram,</span> <span class='ocrx_word' id='word_1_440' title='bbox 788 1800 831 1825; x_wconf 89' lang='lat' dir='ltr'>ut,</span> <span class='ocrx_word' id='word_1_441' title='bbox 841 1801 911 1822; x_wconf 89' lang='lat' dir='ltr'>cum</span> <span class='ocrx_word' id='word_1_442' title='bbox 923 1791 1021 1821; x_wconf 65' lang='lat' dir='ltr'>littera</span> <span class='ocrx_word' id='word_1_443' title='bbox 1029 1801 1085 1832; x_wconf 89' lang='lat' dir='ltr'>po-</span> 
     </span>
     <span class='ocr_line' id='line_1_40' title="bbox 125 1832 1085 1874; baseline -0.003 -8"><span class='ocrx_word' id='word_1_444' title='bbox 125 1835 264 1866; x_wconf 84' lang='lat' dir='ltr'>steritatis</span> <span class='ocrx_word' id='word_1_445' title='bbox 272 1835 356 1865; x_wconf 91' lang='lat' dir='ltr'>causa</span> <span class='ocrx_word' id='word_1_446' title='bbox 364 1842 484 1874; x_wconf 81' lang='lat' dir='ltr'>repertae</span> <span class='ocrx_word' id='word_1_447' title='bbox 493 1832 561 1867; x_wconf 75' lang='lat' dir='ltr'>fior,</span> <span class='ocrx_word' id='word_1_448' title='bbox 571 1843 636 1874; x_wconf 81' lang='lat' dir='ltr'>quae</span> <span class='ocrx_word' id='word_1_449' title='bbox 647 1832 777 1863; x_wconf 87' lang='lat' dir='ltr'>subsidio</span> <span class='ocrx_word' id='word_1_450' title='bbox 787 1834 940 1864; x_wconf 90' lang='lat' dir='ltr'>oblivioni</span> <span class='ocrx_word' id='word_1_451' title='bbox 949 1832 1007 1864; x_wconf 85' lang='lat' dir='ltr'>effe</span> <span class='ocrx_word' id='word_1_452' title='bbox 1016 1834 1085 1874; x_wconf 87' lang='lat' dir='ltr'>pos-</span> 
     </span>
     <span class='ocr_line' id='line_1_41' title="bbox 124 1875 1086 1917; baseline -0.003 -9"><span class='ocrx_word' id='word_1_453' title='bbox 124 1878 190 1908; x_wconf 82' lang='lat' dir='ltr'>sent</span> <span class='ocrx_word' id='word_1_454' title='bbox 208 1896 218 1910; x_wconf 84' lang='lat'>,</span> <span class='ocrx_word' id='word_1_455' title='bbox 245 1886 300 1917; x_wconf 86' lang='lat' dir='ltr'>ego</span> <span class='ocrx_word' id='word_1_456' title='bbox 318 1885 470 1907; x_wconf 86' lang='lat' dir='ltr'>recentem</span> <span class='ocrx_word' id='word_1_457' title='bbox 487 1884 624 1915; x_wconf 88' lang='lat' dir='ltr'>putarem</span> <span class='ocrx_word' id='word_1_458' title='bbox 641 1877 824 1906; x_wconf 87' lang='lat' dir='ltr'>memoriam</span> <span class='ocrx_word' id='word_1_459' title='bbox 845 1875 948 1907; x_wconf 66' lang='lat' dir='ltr'>cunfri</span> <span class='ocrx_word' id='word_1_460' title='bbox 968 1876 1086 1906; x_wconf 87' lang='lat' dir='ltr'>senatus</span> 
     </span>
     <span class='ocr_line' id='line_1_42' title="bbox 124 1916 1083 1959; baseline -0.001 -10"><span class='ocrx_word' id='word_1_461' title='bbox 124 1920 347 1950; x_wconf 83' lang='lat' dir='ltr'>commentario</span> <span class='ocrx_word' id='word_1_462' title='bbox 357 1928 428 1948; x_wconf 88' lang='lat' dir='ltr'>meo</span> <span class='ocrx_word' id='word_1_463' title='bbox 437 1916 519 1958; x_wconf 79' lang='lat' dir='ltr'>posse</span> <span class='ocrx_word' id='word_1_464' title='bbox 532 1917 660 1957; x_wconf 88' lang='lat' dir='ltr'>superari</span> <span class='ocrx_word' id='word_1_465' title='bbox 671 1920 682 1946; x_wconf 92' lang='lat'>?</span> <span class='ocrx_word' id='word_1_466' title='bbox 704 1920 779 1947; x_wconf 87' lang='lat' dir='ltr'>Fero</span> <span class='ocrx_word' id='word_1_467' title='bbox 789 1928 846 1959; x_wconf 86' lang='lat' dir='ltr'>ego</span> <span class='ocrx_word' id='word_1_468' title='bbox 856 1927 884 1948; x_wconf 92' lang='lat' dir='ltr'>te</span> <span class='ocrx_word' id='word_1_469' title='bbox 893 1938 901 1952; x_wconf 95' lang='lat'>,</span> <span class='ocrx_word' id='word_1_470' title='bbox 920 1921 1083 1959; x_wconf 83' lang='lat' dir='ltr'>Torquate,</span> 
     </span>
     <span class='ocr_line' id='line_1_43' title="bbox 120 1957 1083 2001; baseline -0.002 -10"><span class='ocrx_word' id='word_1_471' title='bbox 120 1959 303 2001; x_wconf 87' lang='lat' dir='ltr'>jamdudum</span> <span class='ocrx_word' id='word_1_472' title='bbox 312 1979 321 1994; x_wconf 90' lang='lat'>‚</span> <span class='ocrx_word' id='word_1_473' title='bbox 331 1959 396 1990; x_wconf 89' lang='lat' dir='ltr'>fero</span> <span class='ocrx_word' id='word_1_474' title='bbox 407 1970 412 1988; x_wconf 81' lang='lat'>2</span> <span class='ocrx_word' id='word_1_475' title='bbox 437 1959 470 1989; x_wconf 90' lang='lat'>&amp;</span> <span class='ocrx_word' id='word_1_476' title='bbox 480 1965 715 1999; x_wconf 82' lang='lat' dir='ltr'>nonnumquam</span> <span class='ocrx_word' id='word_1_477' title='bbox 725 1957 865 1989; x_wconf 84' lang='lat' dir='ltr'>animum</span> <span class='ocrx_word' id='word_1_478' title='bbox 875 1961 1034 1990; x_wconf 85' lang='lat' dir='ltr'>incitatum</span> <span class='ocrx_word' id='word_1_479' title='bbox 1049 1959 1083 1989; x_wconf 87' lang='lat' dir='ltr'>ad</span> 
     </span>
     <span class='ocr_line' id='line_1_44' title="bbox 123 2000 1085 2040; baseline -0.003 -7"><span class='ocrx_word' id='word_1_480' title='bbox 123 2001 326 2033; x_wconf 89' lang='lat' dir='ltr'>ulciscendam</span> <span class='ocrx_word' id='word_1_481' title='bbox 335 2002 505 2031; x_wconf 89' lang='lat' dir='ltr'>orationem</span> <span class='ocrx_word' id='word_1_482' title='bbox 514 2009 607 2034; x_wconf 83' lang='lat' dir='ltr'>tuam,</span> <span class='ocrx_word' id='word_1_483' title='bbox 619 2010 728 2030; x_wconf 84' lang='lat' dir='ltr'>revoco</span> <span class='ocrx_word' id='word_1_484' title='bbox 740 2002 811 2039; x_wconf 89' lang='lat' dir='ltr'>ipse,</span> <span class='ocrx_word' id='word_1_485' title='bbox 823 2001 856 2030; x_wconf 89' lang='lat'>&amp;</span> <span class='ocrx_word' id='word_1_486' title='bbox 866 2000 997 2031; x_wconf 68' lang='lat' dir='ltr'>refle&amp;o.</span> <span class='ocrx_word' id='word_1_487' title='bbox 1018 2010 1085 2040; x_wconf 87' lang='lat' dir='ltr'>per-</span> 
     </span>
     <span class='ocr_line' id='line_1_45' title="bbox 125 2041 1085 2084; baseline -0.003 -10"><span class='ocrx_word' id='word_1_488' title='bbox 125 2046 217 2074; x_wconf 86' lang='lat' dir='ltr'>mitto</span> <span class='ocrx_word' id='word_1_489' title='bbox 226 2042 341 2084; x_wconf 88' lang='lat' dir='ltr'>aliquid</span> <span class='ocrx_word' id='word_1_490' title='bbox 354 2041 514 2072; x_wconf 82' lang='lat' dir='ltr'>iracundiae</span> <span class='ocrx_word' id='word_1_491' title='bbox 524 2049 579 2071; x_wconf 86' lang='lat' dir='ltr'>tuae</span> <span class='ocrx_word' id='word_1_492' title='bbox 594 2060 602 2075; x_wconf 88' lang='lat'>‚</span> <span class='ocrx_word' id='word_1_493' title='bbox 626 2041 658 2070; x_wconf 85' lang='lat' dir='ltr'>do</span> <span class='ocrx_word' id='word_1_494' title='bbox 668 2041 849 2081; x_wconf 70' lang='lat' dir='ltr'>adolescentiae</span> <span class='ocrx_word' id='word_1_495' title='bbox 860 2063 868 2075; x_wconf 90' lang='lat'>,</span> <span class='ocrx_word' id='word_1_496' title='bbox 892 2042 967 2072; x_wconf 85' lang='lat' dir='ltr'>cedo</span> <span class='ocrx_word' id='word_1_497' title='bbox 977 2043 1085 2072; x_wconf 86' lang='lat' dir='ltr'>amici-</span> 
     </span>
     <span class='ocr_line' id='line_1_46' title="bbox 124 2081 1083 2124; baseline -0.003 -8"><span class='ocrx_word' id='word_1_498' title='bbox 124 2087 193 2119; x_wconf 84' lang='lat' dir='ltr'>tiae‚</span> <span class='ocrx_word' id='word_1_499' title='bbox 216 2085 317 2115; x_wconf 88' lang='lat' dir='ltr'>tribuo</span> <span class='ocrx_word' id='word_1_500' title='bbox 335 2085 463 2124; x_wconf 86' lang='lat' dir='ltr'>parenti.</span> <span class='ocrx_word' id='word_1_501' title='bbox 486 2083 564 2114; x_wconf 80' lang='lat' dir='ltr'>sed4</span> <span class='ocrx_word' id='word_1_502' title='bbox 578 2081 633 2113; x_wconf 87' lang='lat' dir='ltr'>nifi</span> <span class='ocrx_word' id='word_1_503' title='bbox 651 2083 707 2114; x_wconf 89' lang='lat' dir='ltr'>tibi</span> <span class='ocrx_word' id='word_1_504' title='bbox 719 2085 850 2124; x_wconf 86' lang='lat' dir='ltr'>aliquem</span> <span class='ocrx_word' id='word_1_505' title='bbox 871 2083 1001 2114; x_wconf 87' lang='lat' dir='ltr'>modum</span> <span class='ocrx_word' id='word_1_506' title='bbox 1022 2092 1083 2113; x_wconf 87' lang='lat' dir='ltr'>tute</span> 
     </span>
     <span class='ocr_line' id='line_1_47' title="bbox 121 2124 1084 2166; baseline -0.004 -8"><span class='ocrx_word' id='word_1_507' title='bbox 121 2126 330 2158; x_wconf 83' lang='lat' dir='ltr'>constitueris:</span> <span class='ocrx_word' id='word_1_508' title='bbox 353 2135 440 2166; x_wconf 84' lang='lat' dir='ltr'>coges</span> <span class='ocrx_word' id='word_1_509' title='bbox 458 2125 590 2155; x_wconf 88' lang='lat' dir='ltr'>oblitum</span> <span class='ocrx_word' id='word_1_510' title='bbox 610 2134 660 2155; x_wconf 89' lang='lat' dir='ltr'>me</span> <span class='ocrx_word' id='word_1_511' title='bbox 673 2124 781 2156; x_wconf 83' lang='lat' dir='ltr'>nostrae</span> <span class='ocrx_word' id='word_1_512' title='bbox 798 2127 937 2156; x_wconf 83' lang='lat' dir='ltr'>amicitiae</span> <span class='ocrx_word' id='word_1_513' title='bbox 950 2146 958 2159; x_wconf 94' lang='lat'>,</span> <span class='ocrx_word' id='word_1_514' title='bbox 977 2126 1084 2156; x_wconf 88' lang='lat' dir='ltr'>habere</span> 
     </span>
     <span class='ocr_line' id='line_1_48' title="bbox 121 2166 1083 2208; baseline -0.001 -9"><span class='ocrx_word' id='word_1_515' title='bbox 121 2170 274 2199; x_wconf 83' lang='lat' dir='ltr'>rationem</span> <span class='ocrx_word' id='word_1_516' title='bbox 285 2173 361 2198; x_wconf 84' lang='lat' dir='ltr'>meae</span> <span class='ocrx_word' id='word_1_517' title='bbox 376 2168 539 2208; x_wconf 86' lang='lat' dir='ltr'>dignitatis.</span> <span class='ocrx_word' id='word_1_518' title='bbox 563 2169 668 2197; x_wconf 85' lang='lat' dir='ltr'>Nemo</span> <span class='ocrx_word' id='word_1_519' title='bbox 683 2177 830 2208; x_wconf 84' lang='lat' dir='ltr'>umquam</span> <span class='ocrx_word' id='word_1_520' title='bbox 849 2177 899 2198; x_wconf 90' lang='lat' dir='ltr'>me</span> <span class='ocrx_word' id='word_1_521' title='bbox 913 2166 1083 2198; x_wconf 83' lang='lat' dir='ltr'>tenuissima</span> 
     </span>
     <span class='ocr_line' id='line_1_49' title="bbox 121 2208 1082 2251; baseline -0.002 -10"><span class='ocrx_word' id='word_1_522' title='bbox 121 2211 290 2251; x_wconf 79' lang='lat' dir='ltr'>suspicione</span> <span class='ocrx_word' id='word_1_523' title='bbox 299 2208 484 2250; x_wconf 87' lang='lat' dir='ltr'>perstrinxit,</span> <span class='ocrx_word' id='word_1_524' title='bbox 496 2212 510 2236; x_wconf 66' lang='grc' dir='ltr'>θ’</span> <span class='ocrx_word' id='word_1_525' title='bbox 521 2218 614 2249; x_wconf 90' lang='lat' dir='ltr'>quem</span> <span class='ocrx_word' id='word_1_526' title='bbox 624 2219 688 2239; x_wconf 87' lang='lat' dir='ltr'>non</span> <span class='ocrx_word' id='word_1_527' title='bbox 699 2212 911 2249; x_wconf 60' lang='lat' dir='ltr'>praeverterim.</span> <span class='ocrx_word' id='word_1_528' title='bbox 934 2209 991 2240; x_wconf 93' lang='lat' dir='ltr'>Sed</span> <span class='ocrx_word' id='word_1_529' title='bbox 1004 2211 1082 2239; x_wconf 84' lang='lat' dir='ltr'>mihi</span> 
     </span>
     <span class='ocr_line' id='line_1_50' title="bbox 121 2249 1079 2292; baseline -0.002 -9"><span class='ocrx_word' id='word_1_530' title='bbox 121 2253 182 2283; x_wconf 84' lang='lat' dir='ltr'>hoc</span> <span class='ocrx_word' id='word_1_531' title='bbox 191 2251 292 2283; x_wconf 88' lang='lat' dir='ltr'>credas</span> <span class='ocrx_word' id='word_1_532' title='bbox 309 2251 416 2281; x_wconf 86' lang='lat' dir='ltr'>velim.</span> <span class='ocrx_word' id='word_1_533' title='bbox 439 2260 505 2280; x_wconf 92' lang='lat' dir='ltr'>non</span> <span class='ocrx_word' id='word_1_534' title='bbox 523 2252 560 2280; x_wconf 93' lang='lat' dir='ltr'>iis</span> <span class='ocrx_word' id='word_1_535' title='bbox 578 2249 776 2281; x_wconf 70' lang='lat' dir='ltr'>libentiffime</span> <span class='ocrx_word' id='word_1_536' title='bbox 795 2251 877 2282; x_wconf 88' lang='lat' dir='ltr'>soleo</span> <span class='ocrx_word' id='word_1_537' title='bbox 891 2251 1079 2292; x_wconf 87' lang='lat' dir='ltr'>respondere,</span> 
     </span>
     <span class='ocr_line' id='line_1_51' title="bbox 123 2291 1081 2336; baseline -0.002 -11"><span class='ocrx_word' id='word_1_538' title='bbox 123 2304 201 2336; x_wconf 88' lang='lat' dir='ltr'>quos</span> <span class='ocrx_word' id='word_1_539' title='bbox 220 2294 300 2324; x_wconf 88' lang='lat' dir='ltr'>mihi</span> <span class='ocrx_word' id='word_1_540' title='bbox 308 2292 414 2324; x_wconf 87' lang='lat' dir='ltr'>videor</span> <span class='ocrx_word' id='word_1_541' title='bbox 422 2291 568 2322; x_wconf 70' lang='lat' dir='ltr'>facillime</span> <span class='ocrx_word' id='word_1_542' title='bbox 582 2291 664 2333; x_wconf 84' lang='lat' dir='ltr'>poffe</span> <span class='ocrx_word' id='word_1_543' title='bbox 677 2293 822 2332; x_wconf 86' lang='lat' dir='ltr'>superare.</span> <span class='ocrx_word' id='word_1_544' title='bbox 845 2296 912 2327; x_wconf 88' lang='lat' dir='ltr'>Tu,</span> <span class='ocrx_word' id='word_1_545' title='bbox 933 2295 1081 2334; x_wconf 90' lang='lat' dir='ltr'>quoniam</span> 
     </span>
     <span class='ocr_line' id='line_1_52' title="bbox 121 2333 1083 2378; baseline -0.002 -11"><span class='ocrx_word' id='word_1_546' title='bbox 121 2336 256 2367; x_wconf 71' lang='lat' dir='ltr'>minime</span> <span class='ocrx_word' id='word_1_547' title='bbox 274 2338 393 2378; x_wconf 79' lang='lat' dir='ltr'>ignoras</span> <span class='ocrx_word' id='word_1_548' title='bbox 410 2333 661 2365; x_wconf 88' lang='lat' dir='ltr'>consuetudinem</span> <span class='ocrx_word' id='word_1_549' title='bbox 677 2334 798 2365; x_wconf 83' lang='lat' dir='ltr'>dicendi</span> <span class='ocrx_word' id='word_1_550' title='bbox 812 2345 932 2369; x_wconf 87' lang='lat' dir='ltr'>meam,</span> <span class='ocrx_word' id='word_1_551' title='bbox 952 2336 1019 2365; x_wconf 92' lang='lat' dir='ltr'>noli</span> <span class='ocrx_word' id='word_1_552' title='bbox 1030 2336 1083 2365; x_wconf 87' lang='lat' dir='ltr'>hac</span> 
     </span>
     <span class='ocr_line' id='line_1_53' title="bbox 122 2376 1082 2417; baseline -0.003 -8"><span class='ocrx_word' id='word_1_553' title='bbox 122 2379 337 2410; x_wconf 87' lang='lat' dir='ltr'>novalenitate</span> <span class='ocrx_word' id='word_1_554' title='bbox 351 2377 432 2408; x_wconf 89' lang='lat' dir='ltr'>abuti</span> <span class='ocrx_word' id='word_1_555' title='bbox 442 2385 509 2406; x_wconf 87' lang='lat' dir='ltr'>mea</span> <span class='ocrx_word' id='word_1_556' title='bbox 521 2387 526 2405; x_wconf 93' lang='lat'><strong>:</strong></span> <span class='ocrx_word' id='word_1_557' title='bbox 549 2376 615 2406; x_wconf 90' lang='lat' dir='ltr'>noli</span> <span class='ocrx_word' id='word_1_558' title='bbox 636 2376 745 2406; x_wconf 82' lang='lat' dir='ltr'>aculeos</span> <span class='ocrx_word' id='word_1_559' title='bbox 761 2378 907 2407; x_wconf 89' lang='lat' dir='ltr'>orationis</span> <span class='ocrx_word' id='word_1_560' title='bbox 917 2387 993 2407; x_wconf 83' lang='lat' dir='ltr'>meae</span> <span class='ocrx_word' id='word_1_561' title='bbox 1003 2397 1012 2410; x_wconf 86' lang='lat'><em>‚</em></span> <span class='ocrx_word' id='word_1_562' title='bbox 1030 2378 1082 2417; x_wconf 90' lang='lat' dir='ltr'>qui</span> 
     </span>
    </p>
   </div>
   <div class='ocr_carea' id='block_1_6' title="bbox 120 2417 1712 2465">
    <p class='ocr_par' dir='ltr' id='par_1_6' title="bbox 120 2417 1712 2465">
     <span class='ocr_line' id='line_1_54' title="bbox 120 2417 1712 2465; baseline 0.001 -14"><span class='ocrx_word' id='word_1_563' title='bbox 120 2420 270 2452; x_wconf 81' lang='lat' dir='ltr'>reconditi</span> <span class='ocrx_word' id='word_1_564' title='bbox 279 2417 511 2453; x_wconf 81' lang='lat' dir='ltr'>sunt,excuss&#39;os</span> <span class='ocrx_word' id='word_1_565' title='bbox 521 2418 669 2449; x_wconf 85' lang='lat' dir='ltr'>arbitrari:</span> <span class='ocrx_word' id='word_1_566' title='bbox 688 2419 754 2449; x_wconf 89' lang='lat' dir='ltr'>noli</span> <span class='ocrx_word' id='word_1_567' title='bbox 763 2418 795 2465; x_wconf 75' lang='lat' dir='ltr'>id</span> <span class='ocrx_word' id='word_1_568' title='bbox 804 2428 907 2459; x_wconf 88' lang='lat' dir='ltr'>putare</span> <span class='ocrx_word' id='word_1_569' title='bbox 920 2417 938 2439; x_wconf 76' lang='lat'><strong><em>⁶</em></strong></span> <span class='ocrx_word' id='word_1_570' title='bbox 948 2422 1081 2449; x_wconf 86' lang='lat' dir='ltr'>omnino</span> <span class='ocrx_word' id='word_1_571' title='bbox 1128 2422 1264 2450; x_wconf 88' lang='lat' dir='ltr'>troniurn</span> <span class='ocrx_word' id='word_1_572' title='bbox 1288 2430 1353 2451; x_wconf 88' lang='lat' dir='ltr'>tum</span> <span class='ocrx_word' id='word_1_573' title='bbox 1371 2423 1404 2452; x_wconf 93' lang='lat' dir='ltr'>in</span> <span class='ocrx_word' id='word_1_574' title='bbox 1424 2432 1531 2462; x_wconf 89' lang='lat' dir='ltr'>campo</span> <span class='ocrx_word' id='word_1_575' title='bbox 1550 2423 1683 2453; x_wconf 81' lang='lat' dir='ltr'>vidimus</span> <span class='ocrx_word' id='word_1_576' title='bbox 1706 2434 1712 2453; x_wconf 87' lang='grc'>;</span> 
     </span>
    </p>
   </div>
   <div class='ocr_carea' id='block_1_7' title="bbox 119 2459 1080 2503">
    <p class='ocr_par' dir='ltr' id='par_1_7' title="bbox 119 2459 1080 2503">
     <span class='ocr_line' id='line_1_55' title="bbox 119 2459 1080 2503; baseline -0.002 -9"><span class='ocrx_word' id='word_1_577' title='bbox 119 2460 137 2495; x_wconf 69' lang='grc' dir='ltr'>ὲ</span> <span class='ocrx_word' id='word_1_578' title='bbox 146 2472 197 2493; x_wconf 86' lang='lat' dir='ltr'>me</span> <span class='ocrx_word' id='word_1_579' title='bbox 213 2460 272 2493; x_wconf 84' lang='lat' dir='ltr'>effe</span> <span class='ocrx_word' id='word_1_580' title='bbox 282 2459 439 2496; x_wconf 69' lang='lat' dir='ltr'>omifl‘um,</span> <span class='ocrx_word' id='word_1_581' title='bbox 451 2459 472 2490; x_wconf 89' lang='lat' dir='ltr'>fi</span> <span class='ocrx_word' id='word_1_582' title='bbox 481 2460 555 2502; x_wconf 87' lang='lat' dir='ltr'>quid</span> <span class='ocrx_word' id='word_1_583' title='bbox 564 2459 672 2491; x_wconf 86' lang='lat' dir='ltr'>esttibi</span> <span class='ocrx_word' id='word_1_584' title='bbox 682 2459 851 2496; x_wconf 82' lang='lat' dir='ltr'>remifium,</span> <span class='ocrx_word' id='word_1_585' title='bbox 863 2469 950 2503; x_wconf 87' lang='lat' dir='ltr'>atque</span> <span class='ocrx_word' id='word_1_586' title='bbox 959 2461 1080 2492; x_wconf 87' lang='lat' dir='ltr'>conces-</span> 
     </span>
    </p>
   </div>
   <div class='ocr_carea' id='block_1_8' title="bbox 116 2562 2046 2577">
    <p class='ocr_par' dir='ltr' id='par_1_8' title="bbox 116 2562 2046 2577">
     <span class='ocr_line' id='line_1_56' title="bbox 116 2562 2046 2577; baseline 0 812"><span class='ocrx_word' id='word_1_587' title='bbox 116 2562 2046 2577; x_wconf 95' lang='lat' dir='ltr'> </span> 
     </span>
    </p>
   </div>
   <div class='ocr_carea' id='block_1_9' title="bbox 118 2591 1084 3166">
    <p class='ocr_par' dir='ltr' id='par_1_9' title="bbox 118 2591 1084 2700">
     <span class='ocr_line' id='line_1_57' title="bbox 158 2591 1082 2628; baseline 0.001 -10"><span class='ocrx_word' id='word_1_588' title='bbox 158 2600 183 2618; x_wconf 84' lang='lat'>1.</span> <span class='ocrx_word' id='word_1_589' title='bbox 203 2593 277 2626; x_wconf 75' lang='lat' dir='ltr'>Emifi</span> <span class='ocrx_word' id='word_1_590' title='bbox 293 2595 319 2618; x_wconf 78' lang='lat' dir='ltr'>in</span> <span class='ocrx_word' id='word_1_591' title='bbox 336 2600 411 2617; x_wconf 75' lang='lat' dir='ltr'>omncs</span> <span class='ocrx_word' id='word_1_592' title='bbox 424 2591 590 2625; x_wconf 48' lang='lat' dir='ltr'>provincia]</span> <span class='ocrx_word' id='word_1_593' title='bbox 613 2591 656 2617; x_wconf 77' lang='lat' dir='ltr'>Est</span> <span class='ocrx_word' id='word_1_594' title='bbox 676 2601 689 2617; x_wconf 78' lang='lat' dir='ltr'>a</span> <span class='ocrx_word' id='word_1_595' title='bbox 701 2592 861 2626; x_wconf 84' lang='lat' dir='ltr'>Turingico.</span> <span class='ocrx_word' id='word_1_596' title='bbox 883 2591 991 2627; x_wconf 77' lang='lat' dir='ltr'>vulgata</span> <span class='ocrx_word' id='word_1_597' title='bbox 1009 2592 1082 2628; x_wconf 86' lang='lat' dir='ltr'>prius</span> 
     </span>
     <span class='ocr_line' id='line_1_58' title="bbox 118 2627 1084 2664; baseline 0.002 -11"><span class='ocrx_word' id='word_1_598' title='bbox 118 2627 208 2661; x_wconf 58' lang='lat' dir='ltr'>divisi,</span> <span class='ocrx_word' id='word_1_599' title='bbox 227 2627 299 2664; x_wconf 87' lang='lat' dir='ltr'>qnod</span> <span class='ocrx_word' id='word_1_600' title='bbox 318 2637 369 2654; x_wconf 88' lang='lat' dir='ltr'>non</span> <span class='ocrx_word' id='word_1_601' title='bbox 380 2627 469 2663; x_wconf 65' lang='lat' dir='ltr'>inepte:</span> <span class='ocrx_word' id='word_1_602' title='bbox 488 2627 643 2655; x_wconf 73' lang='lat' dir='ltr'>mutabatin</span> <span class='ocrx_word' id='word_1_603' title='bbox 658 2627 734 2661; x_wconf 69' lang='lat' dir='ltr'>diimfi</span> <span class='ocrx_word' id='word_1_604' title='bbox 750 2628 859 2654; x_wconf 83' lang='lat' dir='ltr'>Erricus</span> <span class='ocrx_word' id='word_1_605' title='bbox 878 2629 1035 2655; x_wconf 84' lang='lat' dir='ltr'>Memmius.</span> <span class='ocrx_word' id='word_1_606' title='bbox 1055 2637 1084 2656; x_wconf 87' lang='lat' dir='ltr'>at</span> 
     </span>
     <span class='ocr_line' id='line_1_59' title="bbox 119 2663 519 2700; baseline 0.003 -11"><span class='ocrx_word' id='word_1_607' title='bbox 119 2668 264 2690; x_wconf 70' lang='lat' dir='ltr'>emittuntur</span> <span class='ocrx_word' id='word_1_608' title='bbox 273 2673 331 2700; x_wconf 84' lang='lat' dir='ltr'>quae</span> <span class='ocrx_word' id='word_1_609' title='bbox 341 2663 519 2700; x_wconf 76' lang='lat' dir='ltr'>publicantur.</span> 
     </span>
    </p>

    <p class='ocr_par' dir='ltr' id='par_1_10' title="bbox 119 2699 1084 2772">
     <span class='ocr_line' id='line_1_60' title="bbox 157 2699 1084 2738; baseline 0.002 -12"><span class='ocrx_word' id='word_1_610' title='bbox 157 2709 186 2727; x_wconf 82' lang='lat'>2.</span> <span class='ocrx_word' id='word_1_611' title='bbox 205 2700 365 2736; x_wconf 64' lang='lat' dir='ltr'>Tuojudicio]</span> <span class='ocrx_word' id='word_1_612' title='bbox 385 2699 546 2727; x_wconf 76' lang='lat' dir='ltr'>Gulielmius</span> <span class='ocrx_word' id='word_1_613' title='bbox 557 2699 695 2727; x_wconf 74' lang='lat' dir='ltr'>adnotavit</span> <span class='ocrx_word' id='word_1_614' title='bbox 705 2702 719 2727; x_wconf 78' lang='grc' dir='ltr'>ὲ</span> <span class='ocrx_word' id='word_1_615' title='bbox 730 2699 780 2726; x_wconf 88' lang='lat' dir='ltr'>suis</span> <span class='ocrx_word' id='word_1_616' title='bbox 788 2700 879 2734; x_wconf 79' lang='lat' dir='ltr'>judicio</span> <span class='ocrx_word' id='word_1_617' title='bbox 890 2719 898 2733; x_wconf 87' lang='lat'><strong><em>‚</em></strong></span> <span class='ocrx_word' id='word_1_618' title='bbox 916 2699 988 2737; x_wconf 79' lang='lat' dir='ltr'>quod</span> <span class='ocrx_word' id='word_1_619' title='bbox 1007 2710 1084 2738; x_wconf 85' lang='lat' dir='ltr'>repe-</span> 
     </span>
     <span class='ocr_line' id='line_1_61' title="bbox 119 2736 607 2772; baseline -0.002 -8"><span class='ocrx_word' id='word_1_620' title='bbox 119 2736 191 2764; x_wconf 81' lang='lat' dir='ltr'>ritui·</span> <span class='ocrx_word' id='word_1_621' title='bbox 201 2738 281 2764; x_wconf 75' lang='lat' dir='ltr'>etiam</span> <span class='ocrx_word' id='word_1_622' title='bbox 291 2738 318 2763; x_wconf 90' lang='lat' dir='ltr'>in</span> <span class='ocrx_word' id='word_1_623' title='bbox 330 2736 387 2762; x_wconf 78' lang='lat' dir='ltr'>Pal.</span> <span class='ocrx_word' id='word_1_624' title='bbox 398 2746 451 2763; x_wconf 84' lang='lat' dir='ltr'>uno</span> <span class='ocrx_word' id='word_1_625' title='bbox 460 2736 607 2772; x_wconf 80' lang='lat' dir='ltr'>alteroque.</span> 
     </span>
    </p>

    <p class='ocr_par' dir='ltr' id='par_1_11' title="bbox 122 2771 1083 2880">
     <span class='ocr_line' id='line_1_62' title="bbox 159 2771 1083 2808; baseline 0.002 -10"><span class='ocrx_word' id='word_1_626' title='bbox 159 2781 173 2808; x_wconf 85' lang='lat'><em>3</em></span> <span class='ocrx_word' id='word_1_627' title='bbox 181 2792 187 2799; x_wconf 87' lang='lat'><strong>.</strong></span> <span class='ocrx_word' id='word_1_628' title='bbox 204 2777 237 2799; x_wconf 83' lang='lat' dir='ltr'>Et</span> <span class='ocrx_word' id='word_1_629' title='bbox 245 2777 271 2799; x_wconf 83' lang='lat' dir='ltr'>in</span> <span class='ocrx_word' id='word_1_630' title='bbox 281 2783 314 2798; x_wconf 84' lang='lat' dir='ltr'>me</span> <span class='ocrx_word' id='word_1_631' title='bbox 327 2775 464 2807; x_wconf 73' lang='lat' dir='ltr'>poriſji‘mum</span> <span class='ocrx_word' id='word_1_632' title='bbox 474 2774 584 2806; x_wconf 81' lang='lat' dir='ltr'>consulem</span> <span class='ocrx_word' id='word_1_633' title='bbox 593 2772 871 2807; x_wconf 56' lang='lat' dir='ltr'>constitutas-putarem]</span> <span class='ocrx_word' id='word_1_634' title='bbox 893 2771 989 2807; x_wconf 86' lang='lat' dir='ltr'>Adjeci</span> <span class='ocrx_word' id='word_1_635' title='bbox 1000 2776 1014 2800; x_wconf 59' lang='lat' dir='ltr'>*e</span> <span class='ocrx_word' id='word_1_636' title='bbox 1025 2775 1083 2800; x_wconf 90' lang='lat' dir='ltr'>Tu-</span> 
     </span>
     <span class='ocr_line' id='line_1_63' title="bbox 122 2807 1082 2846; baseline 0.002 -11"><span class='ocrx_word' id='word_1_637' title='bbox 122 2807 176 2835; x_wconf 84' lang='lat' dir='ltr'>rin.</span> <span class='ocrx_word' id='word_1_638' title='bbox 186 2812 330 2843; x_wconf 59' lang='lat' dir='ltr'>constitutor.</span> <span class='ocrx_word' id='word_1_639' title='bbox 350 2808 424 2836; x_wconf 70' lang='lat' dir='ltr'>rcEle</span> <span class='ocrx_word' id='word_1_640' title='bbox 443 2809 579 2837; x_wconf 82' lang='lat' dir='ltr'>constituit</span> <span class='ocrx_word' id='word_1_641' title='bbox 590 2810 660 2836; x_wconf 84' lang='lat' dir='ltr'>enim</span> <span class='ocrx_word' id='word_1_642' title='bbox 672 2810 717 2846; x_wconf 87' lang='lat' dir='ltr'>qui</span> <span class='ocrx_word' id='word_1_643' title='bbox 728 2810 767 2836; x_wconf 86' lang='lat' dir='ltr'>rei</span> <span class='ocrx_word' id='word_1_644' title='bbox 787 2808 897 2846; x_wconf 79' lang='lat' dir='ltr'>aguiidae</span> <span class='ocrx_word' id='word_1_645' title='bbox 912 2809 1002 2837; x_wconf 89' lang='lat' dir='ltr'>locum</span> <span class='ocrx_word' id='word_1_646' title='bbox 1013 2817 1082 2837; x_wconf 85' lang='lat' dir='ltr'>tem-</span> 
     </span>
     <span class='ocr_line' id='line_1_64' title="bbox 122 2843 342 2880; baseline 0.009 -10"><span class='ocrx_word' id='word_1_647' title='bbox 122 2843 202 2880; x_wconf 82' lang='lat' dir='ltr'>pusve</span> <span class='ocrx_word' id='word_1_648' title='bbox 220 2846 342 2873; x_wconf 78' lang='lat' dir='ltr'>destinat.</span> 
     </span>
    </p>

    <p class='ocr_par' dir='ltr' id='par_1_12' title="bbox 122 2881 1083 2991">
     <span class='ocr_line' id='line_1_65' title="bbox 157 2881 1083 2918; baseline 0.002 -11"><span class='ocrx_word' id='word_1_649' title='bbox 157 2887 185 2913; x_wconf 88' lang='lat'>4.</span> <span class='ocrx_word' id='word_1_650' title='bbox 204 2884 259 2916; x_wconf 65' lang='lat' dir='ltr'>N‘Jfi</span> <span class='ocrx_word' id='word_1_651' title='bbox 265 2884 310 2908; x_wconf 81' lang='lat' dir='ltr'>ribi</span> <span class='ocrx_word' id='word_1_652' title='bbox 319 2883 421 2916; x_wconf 78' lang='lat' dir='ltr'>aliquem</span> <span class='ocrx_word' id='word_1_653' title='bbox 430 2881 520 2907; x_wconf 81' lang='lat' dir='ltr'>modum</span> <span class='ocrx_word' id='word_1_654' title='bbox 529 2888 578 2907; x_wconf 70' lang='lat' dir='ltr'>ture</span> <span class='ocrx_word' id='word_1_655' title='bbox 587 2882 756 2916; x_wconf 61' lang='lat' dir='ltr'>constitueris]</span> <span class='ocrx_word' id='word_1_656' title='bbox 769 2883 864 2918; x_wconf 72' lang='lat' dir='ltr'>Longe</span> <span class='ocrx_word' id='word_1_657' title='bbox 876 2881 893 2908; x_wconf 79' lang='lat' dir='ltr'>fi</span> <span class='ocrx_word' id='word_1_658' title='bbox 896 2891 909 2908; x_wconf 92' lang='lat' dir='ltr'>c</span> <span class='ocrx_word' id='word_1_659' title='bbox 918 2882 1013 2909; x_wconf 87' lang='lat' dir='ltr'>melius</span> <span class='ocrx_word' id='word_1_660' title='bbox 1025 2883 1083 2909; x_wconf 87' lang='lat' dir='ltr'>Tn-</span> 
     </span>
     <span class='ocr_line' id='line_1_66' title="bbox 122 2915 1082 2954; baseline 0.004 -12"><span class='ocrx_word' id='word_1_661' title='bbox 122 2915 194 2952; x_wconf 75' lang='lat' dir='ltr'>ring.</span> <span class='ocrx_word' id='word_1_662' title='bbox 205 2919 286 2953; x_wconf 72' lang='lat' dir='ltr'>quam</span> <span class='ocrx_word' id='word_1_663' title='bbox 299 2919 406 2954; x_wconf 80' lang='lat' dir='ltr'>vulgata</span> <span class='ocrx_word' id='word_1_664' title='bbox 422 2921 489 2944; x_wconf 75' lang='lat' dir='ltr'>vitae.</span> <span class='ocrx_word' id='word_1_665' title='bbox 508 2917 626 2954; x_wconf 79' lang='lat' dir='ltr'>prodidit</span> <span class='ocrx_word' id='word_1_666' title='bbox 644 2919 672 2944; x_wconf 72' lang='grc' dir='ltr'>δε</span> <span class='ocrx_word' id='word_1_667' title='bbox 690 2919 765 2947; x_wconf 81' lang='lat' dir='ltr'>istam</span> <span class='ocrx_word' id='word_1_668' title='bbox 783 2918 978 2946; x_wconf 67' lang='lat' dir='ltr'>cori—effionem</span> <span class='ocrx_word' id='word_1_669' title='bbox 998 2922 1012 2946; x_wconf 70' lang='grc' dir='ltr'>ὁ</span> <span class='ocrx_word' id='word_1_670' title='bbox 1024 2917 1082 2946; x_wconf 81' lang='lat' dir='ltr'>mss‘.</span> 
     </span>
     <span class='ocr_line' id='line_1_67' title="bbox 123 2951 636 2991; baseline 0.004 -13"><span class='ocrx_word' id='word_1_671' title='bbox 123 2951 263 2980; x_wconf 81' lang='lat' dir='ltr'>Rubenius</span> <span class='ocrx_word' id='word_1_672' title='bbox 275 2955 361 2981; x_wconf 81' lang='lat' dir='ltr'>noster</span> <span class='ocrx_word' id='word_1_673' title='bbox 372 2953 528 2980; x_wconf 62' lang='lat' dir='ltr'>Electorum</span> <span class='ocrx_word' id='word_1_674' title='bbox 539 2964 596 2991; x_wconf 83' lang='lat' dir='ltr'>cap.</span> <span class='ocrx_word' id='word_1_675' title='bbox 609 2963 636 2991; x_wconf 84' lang='lat'>3.</span> 
     </span>
    </p>

    <p class='ocr_par' dir='ltr' id='par_1_13' title="bbox 121 2990 1083 3166">
     <span class='ocr_line' id='line_1_68' title="bbox 160 2990 1083 3025; baseline 0.003 -10"><span class='ocrx_word' id='word_1_676' title='bbox 160 2996 188 3021; x_wconf 88' lang='lat'>5.</span> <span class='ocrx_word' id='word_1_677' title='bbox 206 2990 278 3022; x_wconf 69' lang='lat' dir='ltr'>Qem</span> <span class='ocrx_word' id='word_1_678' title='bbox 286 2991 523 3025; x_wconf 51' lang='lat' dir='ltr'>nonme-verterim]</span> <span class='ocrx_word' id='word_1_679' title='bbox 544 2992 609 3018; x_wconf 80' lang='lat' dir='ltr'>Non</span> <span class='ocrx_word' id='word_1_680' title='bbox 628 2990 708 3018; x_wconf 86' lang='lat' dir='ltr'>debet</span> <span class='ocrx_word' id='word_1_681' title='bbox 725 2991 792 3018; x_wconf 58' lang='lat' dir='ltr'>*istud</span> <span class='ocrx_word' id='word_1_682' title='bbox 812 2991 909 3018; x_wconf 85' lang='lat' dir='ltr'>mutari</span> <span class='ocrx_word' id='word_1_683' title='bbox 930 3000 989 3018; x_wconf 86' lang='lat' dir='ltr'>cum</span> <span class='ocrx_word' id='word_1_684' title='bbox 1002 2991 1083 3018; x_wconf 87' lang='lat' dir='ltr'>Lam-</span> 
     </span>
     <span class='ocr_line' id='line_1_69' title="bbox 121 3022 1082 3064; baseline 0.006 -15"><span class='ocrx_word' id='word_1_685' title='bbox 121 3022 197 3050; x_wconf 87' lang='lat' dir='ltr'>bino.</span> <span class='ocrx_word' id='word_1_686' title='bbox 214 3029 334 3058; x_wconf 59' lang='lat' dir='ltr'>praev-tit</span> <span class='ocrx_word' id='word_1_687' title='bbox 352 3026 397 3062; x_wconf 86' lang='lat' dir='ltr'>qui</span> <span class='ocrx_word' id='word_1_688' title='bbox 416 3034 528 3064; x_wconf 79' lang='lat' dir='ltr'>occupat</span> <span class='ocrx_word' id='word_1_689' title='bbox 540 3046 548 3060; x_wconf 90' lang='lat'>‚</span> <span class='ocrx_word' id='word_1_690' title='bbox 568 3028 802 3064; x_wconf 84' lang='lat' dir='ltr'>inopinantemque</span> <span class='ocrx_word' id='word_1_691' title='bbox 814 3029 950 3055; x_wconf 78' lang='lat' dir='ltr'>antevenit</span> <span class='ocrx_word' id='word_1_692' title='bbox 969 3029 1082 3055; x_wconf 82' lang='lat' dir='ltr'>evertit-</span> 
     </span>
     <span class='ocr_line' id='line_1_70' title="bbox 122 3061 1082 3098; baseline 0.004 -13"><span class='ocrx_word' id='word_1_693' title='bbox 122 3069 185 3095; x_wconf 84' lang='lat' dir='ltr'>que.</span> <span class='ocrx_word' id='word_1_694' title='bbox 206 3061 366 3097; x_wconf 81' lang='lat' dir='ltr'>Turingicus</span> <span class='ocrx_word' id='word_1_695' title='bbox 378 3062 435 3089; x_wconf 85' lang='lat' dir='ltr'>heic</span> <span class='ocrx_word' id='word_1_696' title='bbox 445 3063 525 3090; x_wconf 74' lang='lat' dir='ltr'>etiam</span> <span class='ocrx_word' id='word_1_697' title='bbox 535 3062 641 3089; x_wconf 51' lang='lat' dir='ltr'>auiiior</span> <span class='ocrx_word' id='word_1_698' title='bbox 651 3072 726 3096; x_wconf 84' lang='lat' dir='ltr'>voce,</span> <span class='ocrx_word' id='word_1_699' title='bbox 742 3066 931 3098; x_wconf 68' lang='lat' dir='ltr'>acpeafiegerlm.</span> <span class='ocrx_word' id='word_1_700' title='bbox 945 3064 1017 3091; x_wconf 87' lang='lat' dir='ltr'>forte</span> <span class='ocrx_word' id='word_1_701' title='bbox 1023 3072 1082 3097; x_wconf 82' lang='lat' dir='ltr'>pcr-</span> 
     </span>
     <span class='ocr_line' id='line_1_71' title="bbox 122 3096 1082 3138; baseline 0.007 -18"><span class='ocrx_word' id='word_1_702' title='bbox 122 3099 216 3128; x_wconf 72' lang='lat' dir='ltr'>egerim.</span> <span class='ocrx_word' id='word_1_703' title='bbox 227 3096 364 3137; x_wconf 66' lang='lat' dir='ltr'>Rubenius</span> <span class='ocrx_word' id='word_1_704' title='bbox 375 3099 447 3126; x_wconf 83' lang='lat' dir='ltr'>eruit</span> <span class='ocrx_word' id='word_1_705' title='bbox 456 3102 470 3126; x_wconf 78' lang='grc' dir='ltr'><strong>ὲ</strong></span> <span class='ocrx_word' id='word_1_706' title='bbox 480 3099 530 3127; x_wconf 82' lang='lat' dir='ltr'>suis</span> <span class='ocrx_word' id='word_1_707' title='bbox 536 3109 590 3132; x_wconf 82' lang='lat' dir='ltr'>,non</span> <span class='ocrx_word' id='word_1_708' title='bbox 596 3102 733 3133; x_wconf 77' lang='lat' dir='ltr'>pertulerim</span> <span class='ocrx_word' id='word_1_709' title='bbox 742 3102 932 3135; x_wconf 75' lang='lat' dir='ltr'>acperfregerim.</span> <span class='ocrx_word' id='word_1_710' title='bbox 943 3100 1014 3138; x_wconf 86' lang='lat' dir='ltr'>quod</span> <span class='ocrx_word' id='word_1_711' title='bbox 1026 3101 1082 3137; x_wconf 86' lang='lat' dir='ltr'>pri-</span> 
     </span>
     <span class='ocr_line' id='line_1_72' title="bbox 122 3137 486 3166; baseline 0.011 -8"><span class='ocrx_word' id='word_1_712' title='bbox 122 3140 198 3158; x_wconf 89' lang='lat' dir='ltr'>mum</span> <span class='ocrx_word' id='word_1_713' title='bbox 210 3139 294 3159; x_wconf 79' lang='lat' dir='ltr'>mutat</span> <span class='ocrx_word' id='word_1_714' title='bbox 303 3142 329 3159; x_wconf 85' lang='lat' dir='ltr'>in</span> <span class='ocrx_word' id='word_1_715' title='bbox 334 3137 486 3166; x_wconf 79' lang='lat' dir='ltr'>perculerim.</span> 
     </span>
    </p>
   </div>
   <div class='ocr_carea' id='block_1_10' title="bbox 1129 533 2099 1629">
    <p class='ocr_par' dir='ltr' id='par_1_14' title="bbox 1129 533 2099 1629">
     <span class='ocr_line' id='line_1_73' title="bbox 1133 533 1996 584; baseline 0.015 -22"><span class='ocrx_word' id='word_1_716' title='bbox 1133 543 1204 563; x_wconf 83' lang='lat' dir='ltr'>eum</span> <span class='ocrx_word' id='word_1_717' title='bbox 1216 533 1452 575; x_wconf 81' lang='lat' dir='ltr'>defendo,quem</span> <span class='ocrx_word' id='word_1_718' title='bbox 1464 546 1494 566; x_wconf 91' lang='lat' dir='ltr'>tu</span> <span class='ocrx_word' id='word_1_719' title='bbox 1504 540 1680 570; x_wconf 75' lang='lat' dir='ltr'>accusaszcur</span> <span class='ocrx_word' id='word_1_720' title='bbox 1690 542 1745 572; x_wconf 85' lang='lat' dir='ltr'>tibi</span> <span class='ocrx_word' id='word_1_721' title='bbox 1755 553 1875 583; x_wconf 83' lang='lat' dir='ltr'>quooue</span> <span class='ocrx_word' id='word_1_722' title='bbox 1885 544 1946 584; x_wconf 86' lang='lat' dir='ltr'>ipse</span> <span class='ocrx_word' id='word_1_723' title='bbox 1955 555 1996 575; x_wconf 91' lang='lat' dir='ltr'>no</span> 
     </span>
     <span class='ocr_line' id='line_1_74' title="bbox 1136 576 2099 623; baseline 0.015 -19"><span class='ocrx_word' id='word_1_724' title='bbox 1136 576 1256 609; x_wconf 87' lang='lat' dir='ltr'>censeo,</span> <span class='ocrx_word' id='word_1_725' title='bbox 1269 577 1320 616; x_wconf 86' lang='lat' dir='ltr'>qui</span> <span class='ocrx_word' id='word_1_726' title='bbox 1330 578 1443 607; x_wconf 81' lang='lat' dir='ltr'>accuses</span> <span class='ocrx_word' id='word_1_727' title='bbox 1455 588 1631 620; x_wconf 87' lang='lat' dir='ltr'>eum‚quem</span> <span class='ocrx_word' id='word_1_728' title='bbox 1643 592 1697 623; x_wconf 86' lang='lat' dir='ltr'>ego</span> <span class='ocrx_word' id='word_1_729' title='bbox 1706 577 1836 614; x_wconf 74' lang='lat' dir='ltr'>defendo</span> <span class='ocrx_word' id='word_1_730' title='bbox 1848 588 2099 620; x_wconf 88' lang='lat' dir='ltr'>?1nimicum,in-</span> 
     </span>
     <span class='ocr_line' id='line_1_75' title="bbox 1134 618 2098 663; baseline 0.015 -17"><span class='ocrx_word' id='word_1_731' title='bbox 1134 619 1211 657; x_wconf 74' lang='lat' dir='ltr'>qui5‚</span> <span class='ocrx_word' id='word_1_732' title='bbox 1223 618 1328 648; x_wconf 88' lang='lat' dir='ltr'>accuso</span> <span class='ocrx_word' id='word_1_733' title='bbox 1340 628 1458 649; x_wconf 87' lang='lat' dir='ltr'>meum.</span> <span class='ocrx_word' id='word_1_734' title='bbox 1482 623 1520 650; x_wconf 89' lang='lat' dir='ltr'>Et</span> <span class='ocrx_word' id='word_1_735' title='bbox 1530 624 1662 652; x_wconf 85' lang='lat' dir='ltr'>amicum</span> <span class='ocrx_word' id='word_1_736' title='bbox 1673 634 1728 663; x_wconf 80' lang='lat' dir='ltr'>ego</span> <span class='ocrx_word' id='word_1_737' title='bbox 1738 625 1869 657; x_wconf 86' lang='lat' dir='ltr'>defendo</span> <span class='ocrx_word' id='word_1_738' title='bbox 1879 637 1995 658; x_wconf 82' lang='lat' dir='ltr'>meum.</span> <span class='ocrx_word' id='word_1_739' title='bbox 2019 631 2098 660; x_wconf 85' lang='lat' dir='ltr'>Non</span> 
     </span>
     <span class='ocr_line' id='line_1_76' title="bbox 1132 658 2094 709; baseline 0.015 -22"><span class='ocrx_word' id='word_1_740' title='bbox 1132 658 1221 688; x_wconf 88' lang='lat' dir='ltr'>debes</span> <span class='ocrx_word' id='word_1_741' title='bbox 1234 668 1335 689; x_wconf 90' lang='lat' dir='ltr'>tamen</span> <span class='ocrx_word' id='word_1_742' title='bbox 1346 670 1529 702; x_wconf 84' lang='lat' dir='ltr'>quemquam</span> <span class='ocrx_word' id='word_1_743' title='bbox 1542 664 1574 692; x_wconf 88' lang='lat' dir='ltr'>in</span> <span class='ocrx_word' id='word_1_744' title='bbox 1585 669 1801 699; x_wconf 67' lang='lat' dir='ltr'>coniurationis</span> <span class='ocrx_word' id='word_1_745' title='bbox 1811 679 1875 709; x_wconf 75' lang='lat' dir='ltr'>qua:</span> <span class='ocrx_word' id='word_1_746' title='bbox 1881 668 1976 700; x_wconf 85' lang='lat' dir='ltr'>stione</span> <span class='ocrx_word' id='word_1_747' title='bbox 1986 670 2094 701; x_wconf 84' lang='lat' dir='ltr'>defen-</span> 
     </span>
     <span class='ocr_line' id='line_1_77' title="bbox 1133 700 2096 753; baseline 0.015 -24"><span class='ocrx_word' id='word_1_748' title='bbox 1133 700 1211 730; x_wconf 87' lang='lat' dir='ltr'>dere.</span> <span class='ocrx_word' id='word_1_749' title='bbox 1235 700 1340 731; x_wconf 71' lang='lat' dir='ltr'>Immo</span> <span class='ocrx_word' id='word_1_750' title='bbox 1352 712 1446 733; x_wconf 90' lang='lat' dir='ltr'>nemo</span> <span class='ocrx_word' id='word_1_751' title='bbox 1459 713 1552 744; x_wconf 78' lang='lat' dir='ltr'>magis</span> <span class='ocrx_word' id='word_1_752' title='bbox 1562 714 1633 734; x_wconf 83' lang='lat' dir='ltr'>eum</span> <span class='ocrx_word' id='word_1_753' title='bbox 1647 725 1655 738; x_wconf 86' lang='lat'>,</span> <span class='ocrx_word' id='word_1_754' title='bbox 1677 701 1690 724; x_wconf 68' lang='lat'>3</span> <span class='ocrx_word' id='word_1_755' title='bbox 1700 708 1736 737; x_wconf 87' lang='lat' dir='ltr'>de</span> <span class='ocrx_word' id='word_1_756' title='bbox 1749 719 1809 748; x_wconf 87' lang='lat' dir='ltr'>quo</span> <span class='ocrx_word' id='word_1_757' title='bbox 1820 712 1897 740; x_wconf 86' lang='lat' dir='ltr'>nihil</span> <span class='ocrx_word' id='word_1_758' title='bbox 1908 710 1950 741; x_wconf 85' lang='lat' dir='ltr'>est</span> <span class='ocrx_word' id='word_1_759' title='bbox 1960 722 2096 753; x_wconf 81' lang='lat' dir='ltr'>unquam</span> 
     </span>
     <span class='ocr_line' id='line_1_78' title="bbox 1134 742 2098 792; baseline 0.012 -20"><span class='ocrx_word' id='word_1_760' title='bbox 1134 742 1400 784; x_wconf 75' lang='lat' dir='ltr'>suspicatuS,q¹.iiim</span> <span class='ocrx_word' id='word_1_761' title='bbox 1413 746 1465 778; x_wconf 83' lang='lat' dir='ltr'>is,9</span> <span class='ocrx_word' id='word_1_762' title='bbox 1475 755 1527 786; x_wconf 87' lang='lat' dir='ltr'>qui</span> <span class='ocrx_word' id='word_1_763' title='bbox 1539 746 1575 775; x_wconf 87' lang='lat' dir='ltr'>de</span> <span class='ocrx_word' id='word_1_764' title='bbox 1585 747 1651 776; x_wconf 77' lang='lat' dir='ltr'>aliis</span> <span class='ocrx_word' id='word_1_765' title='bbox 1667 750 1762 779; x_wconf 87' lang='lat' dir='ltr'>multa</span> <span class='ocrx_word' id='word_1_766' title='bbox 1770 753 1984 792; x_wconf 79' lang='lat' dir='ltr'>cogitavit.Cur</span> <span class='ocrx_word' id='word_1_767' title='bbox 1991 753 2098 784; x_wconf 89' lang='lat' dir='ltr'>dixisti</span> 
     </span>
     <span class='ocr_line' id='line_1_79' title="bbox 1132 784 2096 837; baseline 0.013 -23"><span class='ocrx_word' id='word_1_768' title='bbox 1132 784 1344 815; x_wconf 85' lang='lat' dir='ltr'>testimonium</span> <span class='ocrx_word' id='word_1_769' title='bbox 1353 787 1389 816; x_wconf 83' lang='lat' dir='ltr'>in</span> <span class='ocrx_word' id='word_1_770' title='bbox 1397 786 1569 827; x_wconf 84' lang='lat' dir='ltr'>alios?Qia</span> <span class='ocrx_word' id='word_1_771' title='bbox 1577 788 1707 818; x_wconf 57' lang='lat' dir='ltr'>coaasslms·</span> <span class='ocrx_word' id='word_1_772' title='bbox 1720 793 1779 820; x_wconf 78' lang='lat' dir='ltr'>Cur</span> <span class='ocrx_word' id='word_1_773' title='bbox 1792 792 1925 824; x_wconf 86' lang='lat' dir='ltr'>damnati</span> <span class='ocrx_word' id='word_1_774' title='bbox 1934 795 2096 837; x_wconf 80' lang='lat' dir='ltr'>sunt?Qia</span> 
     </span>
     <span class='ocr_line' id='line_1_80' title="bbox 1131 826 2097 873; baseline 0.012 -17"><span class='ocrx_word' id='word_1_775' title='bbox 1131 826 1280 857; x_wconf 89' lang='lat' dir='ltr'>creditum</span> <span class='ocrx_word' id='word_1_776' title='bbox 1292 827 1343 857; x_wconf 85' lang='lat' dir='ltr'>est.</span> <span class='ocrx_word' id='word_1_777' title='bbox 1363 830 1516 860; x_wconf 70' lang='lat' dir='ltr'>REGNUM</span> <span class='ocrx_word' id='word_1_778' title='bbox 1528 829 1581 861; x_wconf 83' lang='lat' dir='ltr'>est.</span> <span class='ocrx_word' id='word_1_779' title='bbox 1591 830 1691 860; x_wconf 80' lang='lat' dir='ltr'>dicere</span> <span class='ocrx_word' id='word_1_780' title='bbox 1702 833 1735 862; x_wconf 86' lang='lat' dir='ltr'>in</span> <span class='ocrx_word' id='word_1_781' title='bbox 1744 842 1836 873; x_wconf 86' lang='lat' dir='ltr'>quem</span> <span class='ocrx_word' id='word_1_782' title='bbox 1848 836 1934 870; x_wconf 89' lang='lat' dir='ltr'>velis,</span> <span class='ocrx_word' id='word_1_783' title='bbox 1946 846 1979 867; x_wconf 87' lang='lat' dir='ltr'>ac</span> <span class='ocrx_word' id='word_1_784' title='bbox 1989 837 2097 867; x_wconf 76' lang='lat' dir='ltr'>defen-</span> 
     </span>
     <span class='ocr_line' id='line_1_81' title="bbox 1133 868 2097 910; baseline 0.012 -13"><span class='ocrx_word' id='word_1_785' title='bbox 1133 868 1202 898; x_wconf 79' lang='lat' dir='ltr'>dere</span> <span class='ocrx_word' id='word_1_786' title='bbox 1213 879 1305 910; x_wconf 86' lang='lat' dir='ltr'>quem</span> <span class='ocrx_word' id='word_1_787' title='bbox 1315 871 1403 900; x_wconf 86' lang='lat' dir='ltr'>velis.</span> <span class='ocrx_word' id='word_1_788' title='bbox 1438 870 1544 901; x_wconf 75' lang='lat' dir='ltr'>Immo</span> <span class='ocrx_word' id='word_1_789' title='bbox 1561 875 1727 903; x_wconf 70' lang='lat' dir='ltr'>Sanvirus</span> <span class='ocrx_word' id='word_1_790' title='bbox 1751 873 1810 907; x_wconf 80' lang='lat' dir='ltr'>est,</span> <span class='ocrx_word' id='word_1_791' title='bbox 1833 878 1862 894; x_wconf 83' lang='lat'>¹0</span> <span class='ocrx_word' id='word_1_792' title='bbox 1874 887 1937 906; x_wconf 91' lang='lat' dir='ltr'>non</span> <span class='ocrx_word' id='word_1_793' title='bbox 1950 878 2047 908; x_wconf 84' lang='lat' dir='ltr'>dicere</span> <span class='ocrx_word' id='word_1_794' title='bbox 2061 881 2097 910; x_wconf 82' lang='lat' dir='ltr'>in</span> 
     </span>
     <span class='ocr_line' id='line_1_82' title="bbox 1133 912 2096 954; baseline 0.012 -15"><span class='ocrx_word' id='word_1_795' title='bbox 1133 920 1224 950; x_wconf 86' lang='lat' dir='ltr'>quem</span> <span class='ocrx_word' id='word_1_796' title='bbox 1239 912 1315 941; x_wconf 82' lang='lat' dir='ltr'>velis</span> <span class='ocrx_word' id='word_1_797' title='bbox 1325 931 1333 946; x_wconf 91' lang='lat'>,</span> <span class='ocrx_word' id='word_1_798' title='bbox 1355 922 1388 942; x_wconf 89' lang='lat' dir='ltr'>ac</span> <span class='ocrx_word' id='word_1_799' title='bbox 1399 912 1559 943; x_wconf 83' lang='lat' dir='ltr'>defendere</span> <span class='ocrx_word' id='word_1_800' title='bbox 1573 924 1664 954; x_wconf 87' lang='lat' dir='ltr'>quem</span> <span class='ocrx_word' id='word_1_801' title='bbox 1683 915 1771 945; x_wconf 86' lang='lat' dir='ltr'>velis.</span> <span class='ocrx_word' id='word_1_802' title='bbox 1795 919 1838 947; x_wconf 86' lang='lat' dir='ltr'>Ac</span> <span class='ocrx_word' id='word_1_803' title='bbox 1849 937 1857 950; x_wconf 90' lang='lat'>,</span> <span class='ocrx_word' id='word_1_804' title='bbox 1879 917 1898 947; x_wconf 87' lang='lat' dir='ltr'>si</span> <span class='ocrx_word' id='word_1_805' title='bbox 1912 919 2096 951; x_wconf 84' lang='lat' dir='ltr'>considerare</span> 
     </span>
     <span class='ocr_line' id='line_1_83' title="bbox 1130 954 2096 997; baseline 0.011 -16"><span class='ocrx_word' id='word_1_806' title='bbox 1130 955 1256 993; x_wconf 74' lang='lat' dir='ltr'>coeperis</span> <span class='ocrx_word' id='word_1_807' title='bbox 1265 973 1274 987; x_wconf 97' lang='lat'>,</span> <span class='ocrx_word' id='word_1_808' title='bbox 1297 954 1400 984; x_wconf 75' lang='lat' dir='ltr'>utrum</span> <span class='ocrx_word' id='word_1_809' title='bbox 1412 957 1506 997; x_wconf 81' lang='lat' dir='ltr'>magis</span> <span class='ocrx_word' id='word_1_810' title='bbox 1521 957 1597 986; x_wconf 87' lang='lat' dir='ltr'>mihi</span> <span class='ocrx_word' id='word_1_811' title='bbox 1611 957 1668 987; x_wconf 92' lang='lat' dir='ltr'>hoc</span> <span class='ocrx_word' id='word_1_812' title='bbox 1679 956 1794 988; x_wconf 75' lang='lat' dir='ltr'>necefl&#39;e</span> <span class='ocrx_word' id='word_1_813' title='bbox 1804 958 1894 989; x_wconf 81' lang='lat' dir='ltr'>fuerit</span> <span class='ocrx_word' id='word_1_814' title='bbox 1906 959 1999 990; x_wconf 85' lang='lat' dir='ltr'>facere</span> <span class='ocrx_word' id='word_1_815' title='bbox 2018 965 2043 981; x_wconf 85' lang='lat'>¹¹</span> <span class='ocrx_word' id='word_1_816' title='bbox 2056 973 2096 993; x_wconf 81' lang='lat' dir='ltr'>an</span> 
     </span>
     <span class='ocr_line' id='line_1_84' title="bbox 1131 993 2092 1038; baseline 0.01 -15"><span class='ocrx_word' id='word_1_817' title='bbox 1131 993 1210 1025; x_wconf 89' lang='lat' dir='ltr'>istud</span> <span class='ocrx_word' id='word_1_818' title='bbox 1221 995 1276 1025; x_wconf 85' lang='lat' dir='ltr'>tibi</span> <span class='ocrx_word' id='word_1_819' title='bbox 1289 1005 1294 1023; x_wconf 90' lang='lat'>:</span> <span class='ocrx_word' id='word_1_820' title='bbox 1317 997 1468 1038; x_wconf 85' lang='lat' dir='ltr'>intelliges</span> <span class='ocrx_word' id='word_1_821' title='bbox 1480 1018 1489 1030; x_wconf 94' lang='lat'>,</span> <span class='ocrx_word' id='word_1_822' title='bbox 1510 997 1666 1028; x_wconf 80' lang='lat' dir='ltr'>honestius</span> <span class='ocrx_word' id='word_1_823' title='bbox 1678 1008 1704 1029; x_wconf 91' lang='lat' dir='ltr'>te</span> <span class='ocrx_word' id='word_1_824' title='bbox 1715 1001 1947 1031; x_wconf 83' lang='lat' dir='ltr'>inimicitiarum</span> <span class='ocrx_word' id='word_1_825' title='bbox 1961 1003 2092 1033; x_wconf 89' lang='lat' dir='ltr'>modum</span> 
     </span>
     <span class='ocr_line' id='line_1_85' title="bbox 1130 1035 2096 1079; baseline 0.008 -13"><span class='ocrx_word' id='word_1_826' title='bbox 1130 1035 1254 1067; x_wconf 85' lang='lat' dir='ltr'>statuere</span> <span class='ocrx_word' id='word_1_827' title='bbox 1263 1036 1500 1079; x_wconf 70' lang='lat' dir='ltr'>potuisse,quam</span> <span class='ocrx_word' id='word_1_828' title='bbox 1512 1049 1562 1069; x_wconf 87' lang='lat' dir='ltr'>me</span> <span class='ocrx_word' id='word_1_829' title='bbox 1570 1041 1766 1070; x_wconf 57' lang='lat' dir='ltr'>humanitate.</span> <span class='ocrx_word' id='word_1_830' title='bbox 1778 1045 1816 1072; x_wconf 87' lang='lat' dir='ltr'>At</span> <span class='ocrx_word' id='word_1_831' title='bbox 1830 1042 1901 1073; x_wconf 75' lang='lat' dir='ltr'>vero</span> <span class='ocrx_word' id='word_1_832' title='bbox 1913 1054 1983 1074; x_wconf 92' lang='lat' dir='ltr'>cum</span> <span class='ocrx_word' id='word_1_833' title='bbox 1995 1046 2096 1075; x_wconf 78' lang='lat' dir='ltr'>honos</span> 
     </span>
     <span class='ocr_line' id='line_1_86' title="bbox 1130 1078 2096 1122; baseline 0.008 -14"><span class='ocrx_word' id='word_1_834' title='bbox 1130 1078 1269 1120; x_wconf 84' lang='lat' dir='ltr'>agebatur</span> <span class='ocrx_word' id='word_1_835' title='bbox 1287 1079 1486 1122; x_wconf 86' lang='lat' dir='ltr'>ampliffimus</span> <span class='ocrx_word' id='word_1_836' title='bbox 1502 1081 1627 1112; x_wconf 80' lang='lat' dir='ltr'>familiae</span> <span class='ocrx_word' id='word_1_837' title='bbox 1640 1082 1741 1114; x_wconf 83' lang='lat' dir='ltr'>vestrae</span> <span class='ocrx_word' id='word_1_838' title='bbox 1752 1104 1760 1117; x_wconf 81' lang='lat'>‚</span> <span class='ocrx_word' id='word_1_839' title='bbox 1781 1085 1840 1115; x_wconf 90' lang='lat' dir='ltr'>hoc</span> <span class='ocrx_word' id='word_1_840' title='bbox 1849 1084 1892 1115; x_wconf 86' lang='lat' dir='ltr'>est</span> <span class='ocrx_word' id='word_1_841' title='bbox 1903 1106 1912 1118; x_wconf 87' lang='lat'><em>‚</em></span> <span class='ocrx_word' id='word_1_842' title='bbox 1923 1087 2096 1116; x_wconf 84' lang='lat' dir='ltr'>consulatus</span> 
     </span>
     <span class='ocr_line' id='line_1_87' title="bbox 1129 1122 2093 1162; baseline 0.009 -12"><span class='ocrx_word' id='word_1_843' title='bbox 1129 1123 1259 1161; x_wconf 83' lang='lat' dir='ltr'>parentis</span> <span class='ocrx_word' id='word_1_844' title='bbox 1277 1123 1321 1151; x_wconf 91' lang='lat' dir='ltr'>tui</span> <span class='ocrx_word' id='word_1_845' title='bbox 1340 1142 1349 1156; x_wconf 84' lang='lat'>‚</span> <span class='ocrx_word' id='word_1_846' title='bbox 1375 1122 1608 1162; x_wconf 85' lang='lat' dir='ltr'>sapientiffimus</span> <span class='ocrx_word' id='word_1_847' title='bbox 1625 1135 1670 1155; x_wconf 88' lang='lat' dir='ltr'>vir</span> <span class='ocrx_word' id='word_1_848' title='bbox 1688 1124 1925 1158; x_wconf 74' lang='lat' dir='ltr'>familiariffimis</span> <span class='ocrx_word' id='word_1_849' title='bbox 1948 1128 2007 1158; x_wconf 87' lang='lat' dir='ltr'>suis</span> <span class='ocrx_word' id='word_1_850' title='bbox 2026 1138 2093 1159; x_wconf 89' lang='lat' dir='ltr'>non</span> 
     </span>
     <span class='ocr_line' id='line_1_88' title="bbox 1133 1163 2096 1204; baseline 0.007 -11"><span class='ocrx_word' id='word_1_851' title='bbox 1133 1163 1299 1194; x_wconf 88' lang='lat' dir='ltr'>succensuit</span> <span class='ocrx_word' id='word_1_852' title='bbox 1311 1173 1393 1203; x_wconf 82' lang='lat' dir='ltr'>pater</span> <span class='ocrx_word' id='word_1_853' title='bbox 1406 1174 1474 1195; x_wconf 89' lang='lat' dir='ltr'>tuus</span> <span class='ocrx_word' id='word_1_854' title='bbox 1485 1186 1493 1199; x_wconf 94' lang='lat'>,</span> <span class='ocrx_word' id='word_1_855' title='bbox 1507 1176 1577 1196; x_wconf 92' lang='lat' dir='ltr'>cum</span> <span class='ocrx_word' id='word_1_856' title='bbox 1588 1167 1705 1197; x_wconf 90' lang='lat' dir='ltr'>Sullam</span> <span class='ocrx_word' id='word_1_857' title='bbox 1718 1169 1751 1198; x_wconf 89' lang='lat'>&amp;</span> <span class='ocrx_word' id='word_1_858' title='bbox 1761 1167 1975 1204; x_wconf 84' lang='lat' dir='ltr'>defenderent,</span> <span class='ocrx_word' id='word_1_859' title='bbox 1988 1171 2021 1201; x_wconf 88' lang='lat'>&amp;</span> <span class='ocrx_word' id='word_1_860' title='bbox 2031 1171 2096 1201; x_wconf 91' lang='lat' dir='ltr'>lau-</span> 
     </span>
     <span class='ocr_line' id='line_1_89' title="bbox 1133 1204 2094 1249; baseline 0.009 -15"><span class='ocrx_word' id='word_1_861' title='bbox 1133 1204 1246 1235; x_wconf 85' lang='lat' dir='ltr'>darent.</span> <span class='ocrx_word' id='word_1_862' title='bbox 1268 1206 1460 1247; x_wconf 85' lang='lat' dir='ltr'>Intelligebat</span> <span class='ocrx_word' id='word_1_863' title='bbox 1471 1228 1480 1241; x_wconf 88' lang='lat'>‚</span> <span class='ocrx_word' id='word_1_864' title='bbox 1496 1208 1573 1239; x_wconf 87' lang='lat' dir='ltr'>hanc</span> <span class='ocrx_word' id='word_1_865' title='bbox 1583 1209 1672 1239; x_wconf 89' lang='lat' dir='ltr'>nobis</span> <span class='ocrx_word' id='word_1_866' title='bbox 1683 1209 1698 1239; x_wconf 75' lang='lat' dir='ltr'>a</span> <span class='ocrx_word' id='word_1_867' title='bbox 1709 1210 1873 1249; x_wconf 82' lang='lat' dir='ltr'>majoribus</span> <span class='ocrx_word' id='word_1_868' title='bbox 1888 1210 1945 1241; x_wconf 86' lang='lat' dir='ltr'>esse</span> <span class='ocrx_word' id='word_1_869' title='bbox 1956 1212 2094 1243; x_wconf 81' lang='lat' dir='ltr'>traditam</span> 
     </span>
     <span class='ocr_line' id='line_1_90' title="bbox 1130 1246 2096 1294; baseline 0.009 -18"><span class='ocrx_word' id='word_1_870' title='bbox 1130 1246 1320 1288; x_wconf 84' lang='lat' dir='ltr'>disciplinam</span> <span class='ocrx_word' id='word_1_871' title='bbox 1335 1268 1343 1281; x_wconf 86' lang='lat'>‚</span> <span class='ocrx_word' id='word_1_872' title='bbox 1367 1257 1399 1279; x_wconf 88' lang='lat' dir='ltr'>ut</span> <span class='ocrx_word' id='word_1_873' title='bbox 1417 1259 1569 1280; x_wconf 67' lang='lat' dir='ltr'>Nunnius</span> <span class='ocrx_word' id='word_1_874' title='bbox 1592 1252 1725 1282; x_wconf 81' lang='lat' dir='ltr'>amicitia</span> <span class='ocrx_word' id='word_1_875' title='bbox 1745 1252 1780 1282; x_wconf 87' lang='lat' dir='ltr'>ad</span> <span class='ocrx_word' id='word_1_876' title='bbox 1799 1254 1996 1293; x_wconf 82' lang='lat' dir='ltr'>propulsanda</span> <span class='ocrx_word' id='word_1_877' title='bbox 2014 1256 2096 1294; x_wconf 84' lang='lat' dir='ltr'>peri-</span> 
     </span>
     <span class='ocr_line' id='line_1_91' title="bbox 1133 1289 2094 1337; baseline 0.008 -19"><span class='ocrx_word' id='word_1_878' title='bbox 1133 1289 1199 1319; x_wconf 91' lang='lat' dir='ltr'>cula</span> <span class='ocrx_word' id='word_1_879' title='bbox 1217 1289 1448 1329; x_wconf 84' lang='lat' dir='ltr'>impediremur.</span> <span class='ocrx_word' id='word_1_880' title='bbox 1472 1294 1510 1321; x_wconf 89' lang='lat' dir='ltr'>Et</span> <span class='ocrx_word' id='word_1_881' title='bbox 1530 1301 1590 1322; x_wconf 74' lang='lat' dir='ltr'>eiat</span> <span class='ocrx_word' id='word_1_882' title='bbox 1603 1294 1675 1323; x_wconf 88' lang='lat' dir='ltr'>huic</span> <span class='ocrx_word' id='word_1_883' title='bbox 1691 1293 1808 1332; x_wconf 83' lang='lat' dir='ltr'>judicio</span> <span class='ocrx_word' id='word_1_884' title='bbox 1830 1295 1920 1337; x_wconf 74' lang='lat' dir='ltr'>longe</span> <span class='ocrx_word' id='word_1_885' title='bbox 1940 1295 2094 1326; x_wconf 83' lang='lat' dir='ltr'>diffirnilis</span> 
     </span>
     <span class='ocr_line' id='line_1_92' title="bbox 1129 1330 2095 1378; baseline 0.009 -19"><span class='ocrx_word' id='word_1_886' title='bbox 1129 1330 1182 1360; x_wconf 83' lang='lat' dir='ltr'>illa</span> <span class='ocrx_word' id='word_1_887' title='bbox 1195 1334 1365 1362; x_wconf 87' lang='lat' dir='ltr'>contentio.</span> <span class='ocrx_word' id='word_1_888' title='bbox 1389 1341 1466 1367; x_wconf 91' lang='lat' dir='ltr'>tum,</span> <span class='ocrx_word' id='word_1_889' title='bbox 1477 1332 1592 1364; x_wconf 61' lang='lat' dir='ltr'>afflieio</span> <span class='ocrx_word' id='word_1_890' title='bbox 1602 1337 1632 1365; x_wconf 85' lang='lat' dir='ltr'>P.</span> <span class='ocrx_word' id='word_1_891' title='bbox 1644 1336 1734 1369; x_wconf 90' lang='lat' dir='ltr'>Sulla,</span> <span class='ocrx_word' id='word_1_892' title='bbox 1746 1336 1918 1367; x_wconf 87' lang='lat' dir='ltr'>consulatus</span> <span class='ocrx_word' id='word_1_893' title='bbox 1935 1338 2022 1368; x_wconf 88' lang='lat' dir='ltr'>vobis</span> <span class='ocrx_word' id='word_1_894' title='bbox 2039 1348 2095 1378; x_wconf 81' lang='lat' dir='ltr'>pa·</span> 
     </span>
     <span class='ocr_line' id='line_1_93' title="bbox 1130 1372 2094 1420; baseline 0.008 -18"><span class='ocrx_word' id='word_1_895' title='bbox 1130 1372 1271 1406; x_wconf 60' lang='lat' dir='ltr'>uebatur,</span> <span class='ocrx_word' id='word_1_896' title='bbox 1287 1372 1370 1404; x_wconf 88' lang='lat' dir='ltr'>sicuti</span> <span class='ocrx_word' id='word_1_897' title='bbox 1379 1383 1477 1414; x_wconf 87' lang='lat' dir='ltr'>partus</span> <span class='ocrx_word' id='word_1_898' title='bbox 1488 1374 1546 1405; x_wconf 86' lang='lat' dir='ltr'>est:</span> <span class='ocrx_word' id='word_1_899' title='bbox 1565 1377 1691 1407; x_wconf 87' lang='lat' dir='ltr'>honoris</span> <span class='ocrx_word' id='word_1_900' title='bbox 1704 1386 1764 1408; x_wconf 83' lang='lat' dir='ltr'>erat</span> <span class='ocrx_word' id='word_1_901' title='bbox 1772 1387 1941 1408; x_wconf 87' lang='lat' dir='ltr'>certamen:</span> <span class='ocrx_word' id='word_1_902' title='bbox 1957 1389 2094 1420; x_wconf 87' lang='lat' dir='ltr'>ereptum</span> 
     </span>
     <span class='ocr_line' id='line_1_94' title="bbox 1131 1417 2095 1460; baseline 0.007 -17"><span class='ocrx_word' id='word_1_903' title='bbox 1131 1423 1260 1454; x_wconf 85' lang='lat' dir='ltr'>repetere</span> <span class='ocrx_word' id='word_1_904' title='bbox 1271 1425 1325 1445; x_wconf 86' lang='lat' dir='ltr'>vos</span> <span class='ocrx_word' id='word_1_905' title='bbox 1335 1417 1543 1451; x_wconf 70' lang='lat' dir='ltr'>damnabatis,</span> <span class='ocrx_word' id='word_1_906' title='bbox 1555 1427 1587 1448; x_wconf 85' lang='lat' dir='ltr'>ut</span> <span class='ocrx_word' id='word_1_907' title='bbox 1599 1417 1674 1448; x_wconf 71' lang='grc' dir='ltr'>νίἆὶὶ</span> <span class='ocrx_word' id='word_1_908' title='bbox 1687 1421 1720 1448; x_wconf 91' lang='lat' dir='ltr'>in</span> <span class='ocrx_word' id='word_1_909' title='bbox 1734 1429 1851 1460; x_wconf 86' lang='lat' dir='ltr'>campo,</span> <span class='ocrx_word' id='word_1_910' title='bbox 1867 1422 1900 1450; x_wconf 93' lang='lat' dir='ltr'>in</span> <span class='ocrx_word' id='word_1_911' title='bbox 1910 1420 1979 1451; x_wconf 89' lang='lat' dir='ltr'>foro</span> <span class='ocrx_word' id='word_1_912' title='bbox 1989 1424 2095 1452; x_wconf 90' lang='lat' dir='ltr'>vince-</span> 
     </span>
     <span class='ocr_line' id='line_1_95' title="bbox 1130 1458 2094 1503; baseline 0.008 -18"><span class='ocrx_word' id='word_1_913' title='bbox 1130 1458 1207 1486; x_wconf 83' lang='lat' dir='ltr'>retis.</span> <span class='ocrx_word' id='word_1_914' title='bbox 1233 1466 1297 1487; x_wconf 89' lang='lat' dir='ltr'>tum</span> <span class='ocrx_word' id='word_1_915' title='bbox 1308 1459 1360 1498; x_wconf 88' lang='lat' dir='ltr'>qui</span> <span class='ocrx_word' id='word_1_916' title='bbox 1373 1467 1476 1489; x_wconf 84' lang='lat' dir='ltr'>contra</span> <span class='ocrx_word' id='word_1_917' title='bbox 1488 1469 1540 1489; x_wconf 89' lang='lat' dir='ltr'>vos</span> <span class='ocrx_word' id='word_1_918' title='bbox 1551 1460 1605 1500; x_wconf 85' lang='lat' dir='ltr'>pro</span> <span class='ocrx_word' id='word_1_919' title='bbox 1616 1461 1705 1499; x_wconf 80' lang='lat' dir='ltr'>hujus</span> <span class='ocrx_word' id='word_1_920' title='bbox 1715 1461 1805 1491; x_wconf 85' lang='lat' dir='ltr'>salute</span> <span class='ocrx_word' id='word_1_921' title='bbox 1815 1463 1998 1503; x_wconf 86' lang='lat' dir='ltr'>pugnabant,</span> <span class='ocrx_word' id='word_1_922' title='bbox 2013 1465 2094 1493; x_wconf 81' lang='lat' dir='ltr'>ami-</span> 
     </span>
     <span class='ocr_line' id='line_1_96' title="bbox 1129 1497 2095 1540; baseline 0.008 -13"><span class='ocrx_word' id='word_1_923' title='bbox 1129 1497 1238 1528; x_wconf 87' lang='lat' dir='ltr'>ciffimi</span> <span class='ocrx_word' id='word_1_924' title='bbox 1247 1498 1348 1533; x_wconf 84' lang='lat' dir='ltr'>vestri,</span> <span class='ocrx_word' id='word_1_925' title='bbox 1364 1500 1474 1540; x_wconf 84' lang='lat' dir='ltr'>quibus</span> <span class='ocrx_word' id='word_1_926' title='bbox 1484 1511 1547 1531; x_wconf 89' lang='lat' dir='ltr'>non</span> <span class='ocrx_word' id='word_1_927' title='bbox 1562 1503 1767 1533; x_wconf 86' lang='lat' dir='ltr'>irascebamini</span> <span class='ocrx_word' id='word_1_928' title='bbox 1779 1524 1788 1536; x_wconf 93' lang='lat'><em>‚</em></span> <span class='ocrx_word' id='word_1_929' title='bbox 1800 1504 1992 1535; x_wconf 88' lang='lat' dir='ltr'>consulatum</span> <span class='ocrx_word' id='word_1_930' title='bbox 2004 1505 2095 1535; x_wconf 86' lang='lat' dir='ltr'>vobis</span> 
     </span>
     <span class='ocr_line' id='line_1_97' title="bbox 1131 1541 2096 1585; baseline 0.008 -15"><span class='ocrx_word' id='word_1_931' title='bbox 1131 1541 1294 1580; x_wconf 86' lang='lat' dir='ltr'>eripiebant</span> <span class='ocrx_word' id='word_1_932' title='bbox 1306 1561 1314 1575; x_wconf 87' lang='lat'>‚</span> <span class='ocrx_word' id='word_1_933' title='bbox 1327 1542 1438 1571; x_wconf 81' lang='lat' dir='ltr'>honori</span> <span class='ocrx_word' id='word_1_934' title='bbox 1447 1542 1546 1573; x_wconf 88' lang='lat' dir='ltr'>vestro</span> <span class='ocrx_word' id='word_1_935' title='bbox 1558 1545 1762 1585; x_wconf 87' lang='lat' dir='ltr'>repugnabant</span> <span class='ocrx_word' id='word_1_936' title='bbox 1772 1565 1780 1579; x_wconf 93' lang='lat'>,</span> <span class='ocrx_word' id='word_1_937' title='bbox 1793 1545 1826 1575; x_wconf 89' lang='lat'>&amp;</span> <span class='ocrx_word' id='word_1_938' title='bbox 1837 1555 1939 1576; x_wconf 86' lang='lat' dir='ltr'>tamen</span> <span class='ocrx_word' id='word_1_939' title='bbox 1949 1546 1981 1577; x_wconf 91' lang='lat' dir='ltr'>id</span> <span class='ocrx_word' id='word_1_940' title='bbox 1992 1549 2096 1578; x_wconf 88' lang='lat' dir='ltr'>invio-</span> 
     </span>
     <span class='ocr_line' id='line_1_98' title="bbox 1130 1582 2094 1629; baseline 0.009 -18"><span class='ocrx_word' id='word_1_941' title='bbox 1130 1583 1186 1612; x_wconf 91' lang='lat' dir='ltr'>lata</span> <span class='ocrx_word' id='word_1_942' title='bbox 1196 1582 1291 1613; x_wconf 88' lang='lat' dir='ltr'>vestra</span> <span class='ocrx_word' id='word_1_943' title='bbox 1303 1585 1453 1617; x_wconf 86' lang='lat' dir='ltr'>amicitia,</span> <span class='ocrx_word' id='word_1_944' title='bbox 1475 1586 1592 1626; x_wconf 84' lang='lat' dir='ltr'>integro</span> <span class='ocrx_word' id='word_1_945' title='bbox 1611 1585 1716 1616; x_wconf 79' lang='lat' dir='ltr'>officio</span> <span class='ocrx_word' id='word_1_946' title='bbox 1730 1606 1738 1620; x_wconf 88' lang='lat'>,</span> <span class='ocrx_word' id='word_1_947' title='bbox 1758 1589 1851 1617; x_wconf 82' lang='lat' dir='ltr'>veteri</span> <span class='ocrx_word' id='word_1_948' title='bbox 1869 1589 2013 1629; x_wconf 84' lang='lat' dir='ltr'>exemplo</span> <span class='ocrx_word' id='word_1_949' title='bbox 2025 1609 2033 1623; x_wconf 90' lang='lat'>,</span> <span class='ocrx_word' id='word_1_950' title='bbox 2050 1598 2094 1620; x_wconf 90' lang='lat' dir='ltr'>at-</span> 
     </span>
    </p>
   </div>
   <div class='ocr_carea' id='block_1_11' title="bbox 1131 1623 2157 1672">
    <p class='ocr_par' dir='ltr' id='par_1_15' title="bbox 1131 1623 2157 1672">
     <span class='ocr_line' id='line_1_99' title="bbox 1131 1623 2157 1672; baseline 0.011 -20"><span class='ocrx_word' id='word_1_951' title='bbox 1131 1634 1189 1665; x_wconf 88' lang='lat' dir='ltr'>que</span> <span class='ocrx_word' id='word_1_952' title='bbox 1211 1623 1339 1661; x_wconf 80' lang='lat' dir='ltr'>instituto</span> <span class='ocrx_word' id='word_1_953' title='bbox 1358 1626 1604 1668; x_wconf 79' lang='lat' dir='ltr'>optimicujusque</span> <span class='ocrx_word' id='word_1_954' title='bbox 1621 1627 1781 1658; x_wconf 81' lang='lat' dir='ltr'>faciebant.</span> <span class='ocrx_word' id='word_1_955' title='bbox 1814 1632 1879 1670; x_wconf 86' lang='lat' dir='ltr'>Ego</span> <span class='ocrx_word' id='word_1_956' title='bbox 1893 1629 1965 1660; x_wconf 71' lang='lat' dir='ltr'>vero</span> <span class='ocrx_word' id='word_1_957' title='bbox 1983 1632 2092 1672; x_wconf 87' lang='lat' dir='ltr'>quibus</span> <span class='ocrx_word' id='word_1_958' title='bbox 2116 1637 2157 1669; x_wconf 76' lang='lat'>18</span> 
     </span>
    </p>
   </div>
   <div class='ocr_carea' id='block_1_12' title="bbox 1118 1668 2093 3173">
    <p class='ocr_par' dir='ltr' id='par_1_16' title="bbox 1125 1668 2093 2506">
     <span class='ocr_line' id='line_1_100' title="bbox 1131 1668 2093 1714; baseline 0.008 -18"><span class='ocrx_word' id='word_1_959' title='bbox 1131 1669 1318 1697; x_wconf 83' lang='lat' dir='ltr'>ornamentis</span> <span class='ocrx_word' id='word_1_960' title='bbox 1336 1668 1474 1698; x_wconf 84' lang='lat' dir='ltr'>adversor</span> <span class='ocrx_word' id='word_1_961' title='bbox 1493 1672 1575 1699; x_wconf 85' lang='lat' dir='ltr'>tuis?</span> <span class='ocrx_word' id='word_1_962' title='bbox 1597 1679 1648 1700; x_wconf 87' lang='lat' dir='ltr'>ant</span> <span class='ocrx_word' id='word_1_963' title='bbox 1665 1672 1714 1700; x_wconf 89' lang='lat' dir='ltr'>cui</span> <span class='ocrx_word' id='word_1_964' title='bbox 1729 1670 1868 1711; x_wconf 86' lang='lat' dir='ltr'>dignitati</span> <span class='ocrx_word' id='word_1_965' title='bbox 1883 1671 1986 1703; x_wconf 79' lang='lat' dir='ltr'>vestrae</span> <span class='ocrx_word' id='word_1_966' title='bbox 2003 1683 2093 1714; x_wconf 84' lang='lat' dir='ltr'>repu-</span> 
     </span>
     <span class='ocr_line' id='line_1_101' title="bbox 1130 1709 2090 1755; baseline 0.008 -17"><span class='ocrx_word' id='word_1_967' title='bbox 1130 1718 1192 1750; x_wconf 86' lang='lat' dir='ltr'>gno</span> <span class='ocrx_word' id='word_1_968' title='bbox 1207 1710 1217 1736; x_wconf 86' lang='lat'>?</span> <span class='ocrx_word' id='word_1_969' title='bbox 1239 1709 1322 1751; x_wconf 86' lang='lat' dir='ltr'>Qiid</span> <span class='ocrx_word' id='word_1_970' title='bbox 1334 1709 1386 1743; x_wconf 87' lang='lat' dir='ltr'>est,</span> <span class='ocrx_word' id='word_1_971' title='bbox 1398 1710 1551 1750; x_wconf 87' lang='lat' dir='ltr'>quodjam</span> <span class='ocrx_word' id='word_1_972' title='bbox 1562 1711 1597 1741; x_wconf 87' lang='lat' dir='ltr'>ab</span> <span class='ocrx_word' id='word_1_973' title='bbox 1609 1722 1646 1741; x_wconf 87' lang='lat' dir='ltr'>eo</span> <span class='ocrx_word' id='word_1_974' title='bbox 1657 1716 1798 1752; x_wconf 74' lang='lat' dir='ltr'>expetas?</span> <span class='ocrx_word' id='word_1_975' title='bbox 1808 1714 1909 1743; x_wconf 89' lang='lat' dir='ltr'>honor</span> <span class='ocrx_word' id='word_1_976' title='bbox 1918 1714 1952 1744; x_wconf 85' lang='lat' dir='ltr'>ad</span> <span class='ocrx_word' id='word_1_977' title='bbox 1964 1725 2090 1755; x_wconf 86' lang='lat' dir='ltr'>patrem,</span> 
     </span>
     <span class='ocr_line' id='line_1_102' title="bbox 1131 1749 2093 1791; baseline 0.008 -11"><span class='ocrx_word' id='word_1_978' title='bbox 1131 1749 1256 1791; x_wconf 81' lang='lat' dir='ltr'>insignia</span> <span class='ocrx_word' id='word_1_979' title='bbox 1273 1754 1397 1781; x_wconf 87' lang='lat' dir='ltr'>honoris</span> <span class='ocrx_word' id='word_1_980' title='bbox 1416 1751 1451 1782; x_wconf 91' lang='lat' dir='ltr'>ad</span> <span class='ocrx_word' id='word_1_981' title='bbox 1476 1761 1503 1783; x_wconf 90' lang='lat' dir='ltr'>te</span> <span class='ocrx_word' id='word_1_982' title='bbox 1523 1753 1617 1783; x_wconf 90' lang='lat' dir='ltr'>delata</span> <span class='ocrx_word' id='word_1_983' title='bbox 1630 1754 1708 1784; x_wconf 75' lang='lat' dir='ltr'>sunt-</span> <span class='ocrx_word' id='word_1_984' title='bbox 1735 1758 1761 1774; x_wconf 81' lang='lat'>12</span> <span class='ocrx_word' id='word_1_985' title='bbox 1777 1757 1828 1785; x_wconf 91' lang='lat' dir='ltr'>Tu</span> <span class='ocrx_word' id='word_1_986' title='bbox 1841 1765 1961 1786; x_wconf 85' lang='lat' dir='ltr'>ornatus</span> <span class='ocrx_word' id='word_1_987' title='bbox 1972 1761 2093 1788; x_wconf 85' lang='lat' dir='ltr'>exuviis</span> 
     </span>
     <span class='ocr_line' id='line_1_103' title="bbox 1132 1793 2091 1841; baseline 0.007 -19"><span class='ocrx_word' id='word_1_988' title='bbox 1132 1793 1221 1833; x_wconf 67' lang='lat' dir='ltr'>hujus</span> <span class='ocrx_word' id='word_1_989' title='bbox 1235 1795 1321 1823; x_wconf 90' lang='lat' dir='ltr'>venis</span> <span class='ocrx_word' id='word_1_990' title='bbox 1339 1793 1374 1824; x_wconf 89' lang='lat' dir='ltr'>ad</span> <span class='ocrx_word' id='word_1_991' title='bbox 1384 1804 1456 1824; x_wconf 91' lang='lat' dir='ltr'>eum</span> <span class='ocrx_word' id='word_1_992' title='bbox 1468 1795 1658 1825; x_wconf 86' lang='lat' dir='ltr'>lacerandum</span> <span class='ocrx_word' id='word_1_993' title='bbox 1673 1817 1681 1829; x_wconf 90' lang='lat'>‚</span> <span class='ocrx_word' id='word_1_994' title='bbox 1701 1806 1794 1836; x_wconf 90' lang='lat' dir='ltr'>quem</span> <span class='ocrx_word' id='word_1_995' title='bbox 1812 1797 2010 1829; x_wconf 84' lang='lat' dir='ltr'>interemisti:</span> <span class='ocrx_word' id='word_1_996' title='bbox 2034 1810 2091 1841; x_wconf 88' lang='lat' dir='ltr'>ego</span> 
     </span>
     <span class='ocr_line' id='line_1_104' title="bbox 1125 1835 2090 1880; baseline 0.009 -16"><span class='ocrx_word' id='word_1_997' title='bbox 1125 1835 1325 1874; x_wconf 61' lang='lat' dir='ltr'>jacente-m&amp;</span> <span class='ocrx_word' id='word_1_998' title='bbox 1334 1836 1494 1876; x_wconf 85' lang='lat' dir='ltr'>spoliarum</span> <span class='ocrx_word' id='word_1_999' title='bbox 1506 1836 1686 1871; x_wconf 82' lang='lat' dir='ltr'>defendo,&amp;</span> <span class='ocrx_word' id='word_1_1000' title='bbox 1697 1843 1932 1880; x_wconf 77' lang='lat' dir='ltr'>protego-Atque</span> <span class='ocrx_word' id='word_1_1001' title='bbox 1946 1842 1995 1872; x_wconf 88' lang='lat' dir='ltr'>hic</span> <span class='ocrx_word' id='word_1_1002' title='bbox 2008 1851 2038 1872; x_wconf 86' lang='lat' dir='ltr'>tu</span> <span class='ocrx_word' id='word_1_1003' title='bbox 2055 1843 2090 1873; x_wconf 88' lang='lat'>&amp;</span> 
     </span>
     <span class='ocr_line' id='line_1_105' title="bbox 1128 1878 2090 1923; baseline 0.008 -17"><span class='ocrx_word' id='word_1_1004' title='bbox 1128 1878 1320 1916; x_wconf 85' lang='lat' dir='ltr'>reprehendis</span> <span class='ocrx_word' id='word_1_1005' title='bbox 1331 1888 1381 1908; x_wconf 85' lang='lat' dir='ltr'>me</span> <span class='ocrx_word' id='word_1_1006' title='bbox 1392 1898 1400 1912; x_wconf 94' lang='lat'>,</span> <span class='ocrx_word' id='word_1_1007' title='bbox 1424 1881 1494 1919; x_wconf 76' lang='lat' dir='ltr'>quia</span> <span class='ocrx_word' id='word_1_1008' title='bbox 1507 1878 1668 1910; x_wconf 84' lang='lat' dir='ltr'>defendam</span> <span class='ocrx_word' id='word_1_1009' title='bbox 1681 1901 1689 1913; x_wconf 89' lang='lat'>,</span> <span class='ocrx_word' id='word_1_1010' title='bbox 1708 1881 1888 1911; x_wconf 75' lang='lat' dir='ltr'>&amp;irasceris-</span> <span class='ocrx_word' id='word_1_1011' title='bbox 1913 1885 1977 1923; x_wconf 84' lang='lat' dir='ltr'>Ego</span> <span class='ocrx_word' id='word_1_1012' title='bbox 1987 1893 2090 1914; x_wconf 85' lang='lat' dir='ltr'>autem</span> 
     </span>
     <span class='ocr_line' id='line_1_106' title="bbox 1130 1918 2092 1964; baseline 0.008 -16"><span class='ocrx_word' id='word_1_1013' title='bbox 1130 1928 1195 1948; x_wconf 87' lang='lat' dir='ltr'>non</span> <span class='ocrx_word' id='word_1_1014' title='bbox 1205 1918 1302 1949; x_wconf 71' lang='lat' dir='ltr'>modo</span> <span class='ocrx_word' id='word_1_1015' title='bbox 1312 1920 1367 1950; x_wconf 88' lang='lat' dir='ltr'>tibi</span> <span class='ocrx_word' id='word_1_1016' title='bbox 1379 1930 1444 1950; x_wconf 85' lang='lat' dir='ltr'>non</span> <span class='ocrx_word' id='word_1_1017' title='bbox 1462 1921 1588 1954; x_wconf 80' lang='lat' dir='ltr'>irascor,</span> <span class='ocrx_word' id='word_1_1018' title='bbox 1609 1921 1656 1951; x_wconf 90' lang='lat' dir='ltr'>sed</span> <span class='ocrx_word' id='word_1_1019' title='bbox 1668 1932 1705 1952; x_wconf 87' lang='lat' dir='ltr'>ne</span> <span class='ocrx_word' id='word_1_1020' title='bbox 1715 1922 1901 1962; x_wconf 86' lang='lat' dir='ltr'>reprehendo</span> <span class='ocrx_word' id='word_1_1021' title='bbox 1911 1924 2035 1964; x_wconf 84' lang='lat' dir='ltr'>quidem</span> <span class='ocrx_word' id='word_1_1022' title='bbox 2047 1926 2092 1956; x_wconf 87' lang='lat' dir='ltr'>fa·-</span> 
     </span>
     <span class='ocr_line' id='line_1_107' title="bbox 1129 1959 2091 2005; baseline 0.007 -15"><span class='ocrx_word' id='word_1_1023' title='bbox 1129 1959 1213 1990; x_wconf 68' lang='lat' dir='ltr'>&amp;um</span> <span class='ocrx_word' id='word_1_1024' title='bbox 1224 1969 1321 1991; x_wconf 88' lang='lat' dir='ltr'>tuum.</span> <span class='ocrx_word' id='word_1_1025' title='bbox 1345 1965 1392 1991; x_wconf 88' lang='lat' dir='ltr'>Te</span> <span class='ocrx_word' id='word_1_1026' title='bbox 1402 1964 1487 1992; x_wconf 84' lang='lat' dir='ltr'>enim</span> <span class='ocrx_word' id='word_1_1027' title='bbox 1500 1962 1645 1993; x_wconf 85' lang='lat' dir='ltr'>existimo</span> <span class='ocrx_word' id='word_1_1028' title='bbox 1659 1964 1714 1993; x_wconf 88' lang='lat' dir='ltr'>tibi</span> <span class='ocrx_word' id='word_1_1029' title='bbox 1726 1963 1855 1994; x_wconf 81' lang='lat' dir='ltr'>statuiss&#39;c</span> <span class='ocrx_word' id='word_1_1030' title='bbox 1865 1985 1873 1998; x_wconf 88' lang='lat'>‚</span> <span class='ocrx_word' id='word_1_1031' title='bbox 1893 1966 1964 2005; x_wconf 88' lang='lat' dir='ltr'>quid</span> <span class='ocrx_word' id='word_1_1032' title='bbox 1976 1967 2091 1997; x_wconf 79' lang='lat' dir='ltr'>facien-</span> 
     </span>
     <span class='ocr_line' id='line_1_108' title="bbox 1128 2002 2089 2048; baseline 0.008 -17"><span class='ocrx_word' id='word_1_1033' title='bbox 1128 2002 1202 2031; x_wconf 90' lang='lat' dir='ltr'>dum</span> <span class='ocrx_word' id='word_1_1034' title='bbox 1211 2011 1328 2041; x_wconf 79' lang='lat' dir='ltr'>putares</span> <span class='ocrx_word' id='word_1_1035' title='bbox 1340 2023 1348 2035; x_wconf 93' lang='lat'>‚</span> <span class='ocrx_word' id='word_1_1036' title='bbox 1371 2004 1403 2032; x_wconf 89' lang='lat'>&amp;</span> <span class='ocrx_word' id='word_1_1037' title='bbox 1414 2004 1480 2033; x_wconf 84' lang='lat' dir='ltr'>satis</span> <span class='ocrx_word' id='word_1_1038' title='bbox 1494 2004 1643 2034; x_wconf 87' lang='lat' dir='ltr'>idoneum</span> <span class='ocrx_word' id='word_1_1039' title='bbox 1656 2008 1664 2023; x_wconf 89' lang='lat'><em>¹</em></span> <span class='ocrx_word' id='word_1_1040' title='bbox 1673 2008 1685 2032; x_wconf 85' lang='lat'>3</span> <span class='ocrx_word' id='word_1_1041' title='bbox 1696 2003 1791 2036; x_wconf 86' lang='lat' dir='ltr'>officii</span> <span class='ocrx_word' id='word_1_1042' title='bbox 1803 2006 1940 2045; x_wconf 81' lang='lat' dir='ltr'>judicem</span> <span class='ocrx_word' id='word_1_1043' title='bbox 1949 2007 2089 2048; x_wconf 70' lang='lat' dir='ltr'>posuisse.</span> 
     </span>
     <span class='ocr_line' id='line_1_109' title="bbox 1129 2044 2089 2091; baseline 0.008 -19"><span class='ocrx_word' id='word_1_1044' title='bbox 1129 2046 1169 2073; x_wconf 86' lang='lat' dir='ltr'>At</span> <span class='ocrx_word' id='word_1_1045' title='bbox 1177 2044 1291 2073; x_wconf 84' lang='lat' dir='ltr'>accusat</span> <span class='ocrx_word' id='word_1_1046' title='bbox 1303 2046 1334 2074; x_wconf 87' lang='lat' dir='ltr'>C.</span> <span class='ocrx_word' id='word_1_1047' title='bbox 1347 2046 1481 2075; x_wconf 86' lang='lat' dir='ltr'>Cornelii</span> <span class='ocrx_word' id='word_1_1048' title='bbox 1493 2044 1584 2079; x_wconf 80' lang='lat' dir='ltr'>filius,</span> <span class='ocrx_word' id='word_1_1049' title='bbox 1597 2046 1738 2087; x_wconf 83' lang='lat' dir='ltr'>idemque</span> <span class='ocrx_word' id='word_1_1050' title='bbox 1749 2047 1846 2077; x_wconf 88' lang='lat' dir='ltr'>valere</span> <span class='ocrx_word' id='word_1_1051' title='bbox 1856 2047 1953 2081; x_wconf 83' lang='lat' dir='ltr'>debet,</span> <span class='ocrx_word' id='word_1_1052' title='bbox 1965 2060 1995 2080; x_wconf 90' lang='lat' dir='ltr'>ac</span> <span class='ocrx_word' id='word_1_1053' title='bbox 2006 2049 2027 2080; x_wconf 91' lang='lat' dir='ltr'>si</span> <span class='ocrx_word' id='word_1_1054' title='bbox 2035 2060 2089 2091; x_wconf 78' lang='lat' dir='ltr'>pa-</span> 
     </span>
     <span class='ocr_line' id='line_1_110' title="bbox 1129 2085 2089 2132; baseline 0.008 -18"><span class='ocrx_word' id='word_1_1055' title='bbox 1129 2093 1172 2114; x_wconf 85' lang='lat' dir='ltr'>ter</span> <span class='ocrx_word' id='word_1_1056' title='bbox 1183 2085 1338 2116; x_wconf 69' lang='lat' dir='ltr'>indicaret.</span> <span class='ocrx_word' id='word_1_1057' title='bbox 1361 2088 1388 2116; x_wconf 93' lang='lat' dir='ltr'>O</span> <span class='ocrx_word' id='word_1_1058' title='bbox 1403 2095 1516 2126; x_wconf 87' lang='lat' dir='ltr'>patrem</span> <span class='ocrx_word' id='word_1_1059' title='bbox 1535 2088 1712 2118; x_wconf 89' lang='lat' dir='ltr'>Cornelium</span> <span class='ocrx_word' id='word_1_1060' title='bbox 1726 2089 1900 2130; x_wconf 77' lang='lat' dir='ltr'>fizpientem!</span> <span class='ocrx_word' id='word_1_1061' title='bbox 1922 2093 1974 2131; x_wconf 83' lang='lat' dir='ltr'>qui</span> <span class='ocrx_word' id='word_1_1062' title='bbox 1986 2111 1994 2125; x_wconf 94' lang='lat'>,</span> <span class='ocrx_word' id='word_1_1063' title='bbox 2005 2093 2089 2132; x_wconf 85' lang='lat' dir='ltr'>quod</span> 
     </span>
     <span class='ocr_line' id='line_1_111' title="bbox 1128 2126 2092 2172; baseline 0.008 -17"><span class='ocrx_word' id='word_1_1064' title='bbox 1128 2128 1245 2166; x_wconf 84' lang='lat' dir='ltr'>praemii</span> <span class='ocrx_word' id='word_1_1065' title='bbox 1256 2127 1330 2157; x_wconf 90' lang='lat' dir='ltr'>solet</span> <span class='ocrx_word' id='word_1_1066' title='bbox 1340 2126 1397 2158; x_wconf 79' lang='lat' dir='ltr'>esse</span> <span class='ocrx_word' id='word_1_1067' title='bbox 1407 2131 1439 2158; x_wconf 87' lang='lat' dir='ltr'>in</span> <span class='ocrx_word' id='word_1_1068' title='bbox 1456 2128 1571 2159; x_wconf 89' lang='lat' dir='ltr'>indicio</span> <span class='ocrx_word' id='word_1_1069' title='bbox 1583 2148 1591 2162; x_wconf 84' lang='lat'>,</span> <span class='ocrx_word' id='word_1_1070' title='bbox 1611 2130 1777 2170; x_wconf 85' lang='lat' dir='ltr'>reliquerit:</span> <span class='ocrx_word' id='word_1_1071' title='bbox 1800 2131 1882 2172; x_wconf 85' lang='lat' dir='ltr'>quod</span> <span class='ocrx_word' id='word_1_1072' title='bbox 1893 2134 2092 2172; x_wconf 70' lang='lat' dir='ltr'>turpitudinis</span> 
     </span>
     <span class='ocr_line' id='line_1_112' title="bbox 1131 2167 2085 2213; baseline 0.009 -16"><span class='ocrx_word' id='word_1_1073' title='bbox 1131 2167 1356 2198; x_wconf 73' lang='lat' dir='ltr'>inconfeffione</span> <span class='ocrx_word' id='word_1_1074' title='bbox 1367 2189 1375 2203; x_wconf 91' lang='lat'>‚</span> <span class='ocrx_word' id='word_1_1075' title='bbox 1399 2170 1430 2200; x_wconf 90' lang='lat' dir='ltr'>id</span> <span class='ocrx_word' id='word_1_1076' title='bbox 1449 2180 1501 2210; x_wconf 85' lang='lat' dir='ltr'>per</span> <span class='ocrx_word' id='word_1_1077' title='bbox 1520 2171 1739 2202; x_wconf 79' lang='lat' dir='ltr'>accusationem</span> <span class='ocrx_word' id='word_1_1078' title='bbox 1762 2170 1818 2202; x_wconf 84' lang='lat' dir='ltr'>filii</span> <span class='ocrx_word' id='word_1_1079' title='bbox 1836 2173 2001 2213; x_wconf 81' lang='lat' dir='ltr'>susceperit.</span> <span class='ocrx_word' id='word_1_1080' title='bbox 2025 2176 2085 2206; x_wconf 80' lang='lat' dir='ltr'>Sed</span> 
     </span>
     <span class='ocr_line' id='line_1_113' title="bbox 1129 2210 2091 2254; baseline 0.008 -15"><span class='ocrx_word' id='word_1_1081' title='bbox 1129 2210 1202 2251; x_wconf 89' lang='lat' dir='ltr'>quid</span> <span class='ocrx_word' id='word_1_1082' title='bbox 1217 2210 1259 2241; x_wconf 91' lang='lat' dir='ltr'>est</span> <span class='ocrx_word' id='word_1_1083' title='bbox 1269 2210 1390 2241; x_wconf 83' lang='lat' dir='ltr'>tandem</span> <span class='ocrx_word' id='word_1_1084' title='bbox 1402 2231 1410 2245; x_wconf 85' lang='lat'>,</span> <span class='ocrx_word' id='word_1_1085' title='bbox 1434 2211 1515 2253; x_wconf 91' lang='lat' dir='ltr'>quod</span> <span class='ocrx_word' id='word_1_1086' title='bbox 1529 2212 1640 2243; x_wconf 85' lang='lat' dir='ltr'>indicat</span> <span class='ocrx_word' id='word_1_1087' title='bbox 1652 2224 1703 2253; x_wconf 86' lang='lat' dir='ltr'>per</span> <span class='ocrx_word' id='word_1_1088' title='bbox 1713 2213 1804 2244; x_wconf 88' lang='lat' dir='ltr'>istum</span> <span class='ocrx_word' id='word_1_1089' title='bbox 1821 2224 1950 2254; x_wconf 87' lang='lat' dir='ltr'>puerum</span> <span class='ocrx_word' id='word_1_1090' title='bbox 1973 2219 2091 2248; x_wconf 83' lang='lat' dir='ltr'>Corne-</span> 
     </span>
     <span class='ocr_line' id='line_1_114' title="bbox 1131 2252 2090 2294; baseline 0.009 -13"><span class='ocrx_word' id='word_1_1091' title='bbox 1131 2253 1207 2283; x_wconf 81' lang='lat' dir='ltr'>lius?</span> <span class='ocrx_word' id='word_1_1092' title='bbox 1231 2256 1260 2283; x_wconf 90' lang='lat' dir='ltr'>Si</span> <span class='ocrx_word' id='word_1_1093' title='bbox 1272 2252 1314 2283; x_wconf 91' lang='lat' dir='ltr'>est</span> <span class='ocrx_word' id='word_1_1094' title='bbox 1331 2253 1415 2283; x_wconf 90' lang='lat' dir='ltr'>causa</span> <span class='ocrx_word' id='word_1_1095' title='bbox 1425 2255 1504 2283; x_wconf 83' lang='lat' dir='ltr'>mihi</span> <span class='ocrx_word' id='word_1_1096' title='bbox 1516 2255 1636 2294; x_wconf 79' lang='lat' dir='ltr'>ignota,</span> <span class='ocrx_word' id='word_1_1097' title='bbox 1653 2266 1723 2285; x_wconf 84' lang='lat' dir='ltr'>cum</span> <span class='ocrx_word' id='word_1_1098' title='bbox 1736 2255 1900 2287; x_wconf 86' lang='lat' dir='ltr'>Hortensio</span> <span class='ocrx_word' id='word_1_1099' title='bbox 1908 2262 2090 2290; x_wconf 86' lang='lat' dir='ltr'>communi-</span> 
     </span>
     <span class='ocr_line' id='line_1_115' title="bbox 1130 2294 2085 2335; baseline 0.008 -11"><span class='ocrx_word' id='word_1_1100' title='bbox 1130 2303 1190 2324; x_wconf 84' lang='lat' dir='ltr'>cata</span> <span class='ocrx_word' id='word_1_1101' title='bbox 1202 2303 1207 2322; x_wconf 79' lang='lat'>1</span> <span class='ocrx_word' id='word_1_1102' title='bbox 1230 2294 1406 2335; x_wconf 87' lang='lat' dir='ltr'>respondeat</span> <span class='ocrx_word' id='word_1_1103' title='bbox 1424 2294 1611 2326; x_wconf 87' lang='lat' dir='ltr'>Hortensius.</span> <span class='ocrx_word' id='word_1_1104' title='bbox 1635 2296 1678 2327; x_wconf 87' lang='lat' dir='ltr'>sin</span> <span class='ocrx_word' id='word_1_1105' title='bbox 1698 2306 1729 2328; x_wconf 90' lang='lat' dir='ltr'>tu</span> <span class='ocrx_word' id='word_1_1106' title='bbox 1743 2300 1785 2328; x_wconf 89' lang='lat' dir='ltr'>ais</span> <span class='ocrx_word' id='word_1_1107' title='bbox 1794 2298 1885 2328; x_wconf 86' lang='lat' dir='ltr'>illum</span> <span class='ocrx_word' id='word_1_1108' title='bbox 1904 2303 2085 2332; x_wconf 85' lang='lat' dir='ltr'>comitatum</span> 
     </span>
     <span class='ocr_line' id='line_1_116' title="bbox 1130 2337 2089 2380; baseline 0.008 -15"><span class='ocrx_word' id='word_1_1109' title='bbox 1130 2337 1316 2367; x_wconf 87' lang='lat' dir='ltr'>Autronii&amp;</span> <span class='ocrx_word' id='word_1_1110' title='bbox 1326 2338 1462 2368; x_wconf 89' lang='lat' dir='ltr'>Catilinae</span> <span class='ocrx_word' id='word_1_1111' title='bbox 1473 2357 1481 2372; x_wconf 86' lang='lat'>,</span> <span class='ocrx_word' id='word_1_1112' title='bbox 1502 2337 1616 2368; x_wconf 75' lang='lat' dir='ltr'>cumin</span> <span class='ocrx_word' id='word_1_1113' title='bbox 1626 2349 1732 2380; x_wconf 86' lang='lat' dir='ltr'>campo</span> <span class='ocrx_word' id='word_1_1114' title='bbox 1742 2360 1751 2374; x_wconf 90' lang='lat'>,</span> <span class='ocrx_word' id='word_1_1115' title='bbox 1771 2341 1977 2372; x_wconf 85' lang='lat' dir='ltr'>consularibus</span> <span class='ocrx_word' id='word_1_1116' title='bbox 1988 2346 2089 2373; x_wconf 89' lang='lat' dir='ltr'>comi-</span> 
     </span>
     <span class='ocr_line' id='line_1_117' title="bbox 1131 2378 2088 2419; baseline 0.008 -12"><span class='ocrx_word' id='word_1_1117' title='bbox 1131 2379 1180 2407; x_wconf 89' lang='lat' dir='ltr'>tiis</span> <span class='ocrx_word' id='word_1_1118' title='bbox 1190 2398 1198 2412; x_wconf 87' lang='lat'>‚</span> <span class='ocrx_word' id='word_1_1119' title='bbox 1218 2388 1284 2419; x_wconf 82' lang='lat' dir='ltr'>quae</span> <span class='ocrx_word' id='word_1_1120' title='bbox 1295 2378 1310 2409; x_wconf 74' lang='lat' dir='ltr'>a</span> <span class='ocrx_word' id='word_1_1121' title='bbox 1320 2389 1370 2409; x_wconf 89' lang='lat' dir='ltr'>me</span> <span class='ocrx_word' id='word_1_1122' title='bbox 1380 2380 1480 2410; x_wconf 86' lang='lat' dir='ltr'>habita</span> <span class='ocrx_word' id='word_1_1123' title='bbox 1493 2381 1562 2411; x_wconf 89' lang='lat' dir='ltr'>sunt</span> <span class='ocrx_word' id='word_1_1124' title='bbox 1572 2400 1580 2414; x_wconf 88' lang='lat'>‚</span> <span class='ocrx_word' id='word_1_1125' title='bbox 1595 2381 1706 2411; x_wconf 86' lang='lat' dir='ltr'>caedem</span> <span class='ocrx_word' id='word_1_1126' title='bbox 1716 2380 1811 2412; x_wconf 81' lang='lat' dir='ltr'>facere</span> <span class='ocrx_word' id='word_1_1127' title='bbox 1820 2384 1998 2415; x_wconf 84' lang='lat' dir='ltr'>voluerunt:</span> <span class='ocrx_word' id='word_1_1128' title='bbox 2022 2389 2088 2415; x_wconf 83' lang='lat' dir='ltr'>Au—</span> 
     </span>
     <span class='ocr_line' id='line_1_118' title="bbox 1736 2424 2088 2465; baseline 0.011 -11"><span class='ocrx_word' id='word_1_1129' title='bbox 1736 2424 1768 2454; x_wconf 87' lang='lat'>&amp;</span> <span class='ocrx_word' id='word_1_1130' title='bbox 1780 2444 1788 2458; x_wconf 87' lang='lat'>,</span> <span class='ocrx_word' id='word_1_1131' title='bbox 1807 2425 1882 2465; x_wconf 88' lang='lat' dir='ltr'>quid</span> <span class='ocrx_word' id='word_1_1132' title='bbox 1898 2425 1962 2455; x_wconf 86' lang='lat' dir='ltr'>dixi</span> <span class='ocrx_word' id='word_1_1133' title='bbox 1981 2426 2088 2458; x_wconf 66' lang='lat' dir='ltr'>vidifl‘e</span> 
     </span>
     <span class='ocr_line' id='line_1_119' title="bbox 1128 2463 2086 2506; baseline 0.006 -14"><span class='ocrx_word' id='word_1_1134' title='bbox 1128 2467 1208 2494; x_wconf 86' lang='lat' dir='ltr'>nos?</span> <span class='ocrx_word' id='word_1_1135' title='bbox 1229 2473 1286 2504; x_wconf 85' lang='lat' dir='ltr'>ego</span> <span class='ocrx_word' id='word_1_1136' title='bbox 1300 2463 1374 2494; x_wconf 85' lang='lat' dir='ltr'>vidi.</span> <span class='ocrx_word' id='word_1_1137' title='bbox 1397 2474 1453 2495; x_wconf 81' lang='lat' dir='ltr'>vos</span> <span class='ocrx_word' id='word_1_1138' title='bbox 1463 2467 1548 2495; x_wconf 90' lang='lat' dir='ltr'>enim</span> <span class='ocrx_word' id='word_1_1139' title='bbox 1559 2474 1623 2495; x_wconf 91' lang='lat' dir='ltr'>tum</span> <span class='ocrx_word' id='word_1_1140' title='bbox 1636 2485 1645 2500; x_wconf 90' lang='lat'>,</span> <span class='ocrx_word' id='word_1_1141' title='bbox 1656 2465 1789 2506; x_wconf 77' lang='lat' dir='ltr'>judices,</span> <span class='ocrx_word' id='word_1_1142' title='bbox 1806 2467 2086 2502; x_wconf 74' lang='lat' dir='ltr'>nihillaborabatis,</span> 
     </span>
    </p>

    <p class='ocr_par' dir='ltr' id='par_1_17' title="bbox 1988 2521 2087 2551">
     <span class='ocr_line' id='line_1_120' title="bbox 1988 2521 2087 2551; baseline 0.01 -11"><span class='ocrx_word' id='word_1_1143' title='bbox 1988 2521 2087 2551; x_wconf 85' lang='lat' dir='ltr'>neque</span> 
     </span>
    </p>

    <p class='ocr_par' dir='ltr' id='par_1_18' title="bbox 1121 2592 2085 2669">
     <span class='ocr_line' id='line_1_121' title="bbox 1164 2592 2085 2630; baseline -0.001 -9"><span class='ocrx_word' id='word_1_1144' title='bbox 1164 2603 1192 2630; x_wconf 94' lang='lat'>7.</span> <span class='ocrx_word' id='word_1_1145' title='bbox 1211 2595 1291 2628; x_wconf 67' lang='lat' dir='ltr'>Qlim</span> <span class='ocrx_word' id='word_1_1146' title='bbox 1301 2597 1401 2629; x_wconf 67' lang='lat' dir='ltr'>rendiffiv</span> <span class='ocrx_word' id='word_1_1147' title='bbox 1408 2594 1541 2628; x_wconf 58' lang='lat' dir='ltr'>gratiam]</span> <span class='ocrx_word' id='word_1_1148' title='bbox 1563 2594 1708 2620; x_wconf 83' lang='lat' dir='ltr'>Lambinus</span> <span class='ocrx_word' id='word_1_1149' title='bbox 1720 2593 1775 2619; x_wconf 73' lang='lat' dir='ltr'>sere</span> <span class='ocrx_word' id='word_1_1150' title='bbox 1787 2594 1812 2619; x_wconf 80' lang='lat' dir='ltr'>in</span> <span class='ocrx_word' id='word_1_1151' title='bbox 1825 2603 1855 2618; x_wconf 84' lang='lat' dir='ltr'>eo</span> <span class='ocrx_word' id='word_1_1152' title='bbox 1867 2592 1929 2624; x_wconf 80' lang='lat' dir='ltr'>fuit,</span> <span class='ocrx_word' id='word_1_1153' title='bbox 1941 2601 1971 2619; x_wconf 84' lang='lat' dir='ltr'>ut</span> <span class='ocrx_word' id='word_1_1154' title='bbox 1980 2602 2085 2630; x_wconf 71' lang='lat' dir='ltr'>expun-</span> 
     </span>
     <span class='ocr_line' id='line_1_122' title="bbox 1121 2629 2064 2669; baseline -0.002 -11"><span class='ocrx_word' id='word_1_1155' title='bbox 1121 2639 1198 2669; x_wconf 84' lang='lat' dir='ltr'>geret</span> <span class='ocrx_word' id='word_1_1156' title='bbox 1205 2635 1311 2665; x_wconf 76' lang='lat' dir='ltr'>gratiam</span> <span class='ocrx_word' id='word_1_1157' title='bbox 1324 2651 1332 2663; x_wconf 89' lang='lat'>‚</span> <span class='ocrx_word' id='word_1_1158' title='bbox 1344 2632 1429 2658; x_wconf 82' lang='lat' dir='ltr'>minus</span> <span class='ocrx_word' id='word_1_1159' title='bbox 1441 2631 1569 2666; x_wconf 64' lang='lat' dir='ltr'>gratiose.</span> <span class='ocrx_word' id='word_1_1160' title='bbox 1591 2640 1650 2656; x_wconf 79' lang='lat' dir='ltr'>nani</span> <span class='ocrx_word' id='word_1_1161' title='bbox 1662 2630 1687 2655; x_wconf 77' lang='lat' dir='ltr'>in</span> <span class='ocrx_word' id='word_1_1162' title='bbox 1699 2639 1731 2656; x_wconf 87' lang='lat' dir='ltr'>co</span> <span class='ocrx_word' id='word_1_1163' title='bbox 1742 2630 1812 2665; x_wconf 74' lang='lat' dir='ltr'>lepos</span> <span class='ocrx_word' id='word_1_1164' title='bbox 1823 2630 1906 2656; x_wconf 86' lang='lat' dir='ltr'>totius</span> <span class='ocrx_word' id='word_1_1165' title='bbox 1917 2629 2064 2656; x_wconf 64' lang='lat' dir='ltr'>sententie:-</span> 
     </span>
    </p>

    <p class='ocr_par' dir='ltr' id='par_1_19' title="bbox 1123 2665 2084 2738">
     <span class='ocr_line' id='line_1_123' title="bbox 1159 2665 2084 2703; baseline 0 -11"><span class='ocrx_word' id='word_1_1166' title='bbox 1159 2668 1186 2695; x_wconf 88' lang='lat'>8.</span> <span class='ocrx_word' id='word_1_1167' title='bbox 1205 2672 1240 2695; x_wconf 77' lang='lat' dir='ltr'>De</span> <span class='ocrx_word' id='word_1_1168' title='bbox 1250 2679 1292 2703; x_wconf 59' lang='lat' dir='ltr'>igno</span> <span class='ocrx_word' id='word_1_1169' title='bbox 1303 2670 1366 2694; x_wconf 73' lang='lat' dir='ltr'>nihil</span> <span class='ocrx_word' id='word_1_1170' title='bbox 1380 2669 1534 2701; x_wconf 64' lang='lat' dir='ltr'>ef&#39;ffumqutim</span> <span class='ocrx_word' id='word_1_1171' title='bbox 1546 2666 1710 2700; x_wconf 57' lang='lat' dir='ltr'>suspicatus]</span> <span class='ocrx_word' id='word_1_1172' title='bbox 1734 2665 1946 2699; x_wconf 56' lang='lat' dir='ltr'>Diftioumquam</span> <span class='ocrx_word' id='word_1_1173' title='bbox 1956 2665 2084 2703; x_wconf 73' lang='lat' dir='ltr'>adleripta</span> 
     </span>
     <span class='ocr_line' id='line_1_124' title="bbox 1123 2702 1945 2738; baseline -0.005 -7"><span class='ocrx_word' id='word_1_1174' title='bbox 1123 2713 1156 2731; x_wconf 86' lang='lat' dir='ltr'>ex</span> <span class='ocrx_word' id='word_1_1175' title='bbox 1169 2705 1328 2731; x_wconf 76' lang='lat' dir='ltr'>membranis</span> <span class='ocrx_word' id='word_1_1176' title='bbox 1339 2704 1454 2738; x_wconf 80' lang='lat' dir='ltr'>Turing.</span> <span class='ocrx_word' id='word_1_1177' title='bbox 1466 2712 1517 2738; x_wconf 82' lang='lat' dir='ltr'>qua</span> <span class='ocrx_word' id='word_1_1178' title='bbox 1527 2702 1676 2728; x_wconf 78' lang='lat' dir='ltr'>redduntur</span> <span class='ocrx_word' id='word_1_1179' title='bbox 1688 2702 1791 2728; x_wconf 82' lang='lat' dir='ltr'>numeri</span> <span class='ocrx_word' id='word_1_1180' title='bbox 1803 2702 1945 2737; x_wconf 76' lang='lat' dir='ltr'>pleniores.</span> 
     </span>
    </p>

    <p class='ocr_par' dir='ltr' id='par_1_20' title="bbox 1122 2737 2083 2812">
     <span class='ocr_line' id='line_1_125' title="bbox 1157 2737 2083 2775; baseline 0 -10"><span class='ocrx_word' id='word_1_1181' title='bbox 1157 2749 1187 2775; x_wconf 89' lang='lat'>9.</span> <span class='ocrx_word' id='word_1_1182' title='bbox 1206 2743 1254 2774; x_wconf 66' lang='lat' dir='ltr'>Qi</span> <span class='ocrx_word' id='word_1_1183' title='bbox 1263 2741 1289 2765; x_wconf 69' lang='lat' dir='ltr'>de</span> <span class='ocrx_word' id='word_1_1184' title='bbox 1299 2740 1438 2765; x_wconf 65' lang='lat' dir='ltr'>aliismulta</span> <span class='ocrx_word' id='word_1_1185' title='bbox 1456 2739 1593 2772; x_wconf 46' lang='lat' dir='ltr'>rogirfart]</span> <span class='ocrx_word' id='word_1_1186' title='bbox 1615 2738 1759 2764; x_wconf 76' lang='lat' dir='ltr'>Lambinus</span> <span class='ocrx_word' id='word_1_1187' title='bbox 1769 2737 1873 2764; x_wconf 56' lang='lat' dir='ltr'>dixinit</span> <span class='ocrx_word' id='word_1_1188' title='bbox 1892 2742 2004 2772; x_wconf 54' lang='lat' dir='ltr'>cognovit.</span> <span class='ocrx_word' id='word_1_1189' title='bbox 2024 2738 2083 2765; x_wconf 78' lang='lat' dir='ltr'>frn-</span> 
     </span>
     <span class='ocr_line' id='line_1_126' title="bbox 1122 2773 1918 2812; baseline -0.003 -9"><span class='ocrx_word' id='word_1_1190' title='bbox 1122 2777 1183 2804; x_wconf 84' lang='lat' dir='ltr'>stra.</span> <span class='ocrx_word' id='word_1_1191' title='bbox 1203 2776 1320 2812; x_wconf 80' lang='lat' dir='ltr'>explicat</span> <span class='ocrx_word' id='word_1_1192' title='bbox 1330 2776 1402 2802; x_wconf 81' lang='lat' dir='ltr'>enim</span> <span class='ocrx_word' id='word_1_1193' title='bbox 1414 2776 1499 2802; x_wconf 83' lang='lat' dir='ltr'>noster</span> <span class='ocrx_word' id='word_1_1194' title='bbox 1516 2773 1631 2811; x_wconf 74' lang='lat' dir='ltr'>seipsum</span> <span class='ocrx_word' id='word_1_1195' title='bbox 1646 2774 1700 2810; x_wconf 82' lang='lat' dir='ltr'>post</span> <span class='ocrx_word' id='word_1_1196' title='bbox 1711 2774 1814 2810; x_wconf 63' lang='lat' dir='ltr'>aliquot</span> <span class='ocrx_word' id='word_1_1197' title='bbox 1824 2775 1918 2810; x_wconf 77' lang='lat' dir='ltr'>capita.</span> 
     </span>
    </p>

    <p class='ocr_par' dir='ltr' id='par_1_21' title="bbox 1122 2810 2082 2918">
     <span class='ocr_line' id='line_1_127' title="bbox 1162 2810 2082 2845; baseline -0.005 -6"><span class='ocrx_word' id='word_1_1198' title='bbox 1162 2822 1203 2839; x_wconf 89' lang='lat'>10.</span> <span class='ocrx_word' id='word_1_1199' title='bbox 1214 2816 1266 2839; x_wconf 84' lang='lat' dir='ltr'>Non</span> <span class='ocrx_word' id='word_1_1200' title='bbox 1275 2813 1386 2838; x_wconf 71' lang='lat' dir='ltr'>dicerem</span> <span class='ocrx_word' id='word_1_1201' title='bbox 1396 2821 1462 2845; x_wconf 75' lang='lat' dir='ltr'>quem</span> <span class='ocrx_word' id='word_1_1202' title='bbox 1472 2813 1532 2836; x_wconf 51' lang='lat' dir='ltr'>velis</span> <span class='ocrx_word' id='word_1_1203' title='bbox 1542 2820 1571 2836; x_wconf 78' lang='lat' dir='ltr'>ac</span> <span class='ocrx_word' id='word_1_1204' title='bbox 1580 2811 1698 2843; x_wconf 52' lang='lat' dir='ltr'>defendere</span> <span class='ocrx_word' id='word_1_1205' title='bbox 1708 2821 1774 2845; x_wconf 71' lang='lat' dir='ltr'>quem</span> <span class='ocrx_word' id='word_1_1206' title='bbox 1783 2811 1869 2844; x_wconf 48' lang='lat' dir='ltr'>wesin]</span> <span class='ocrx_word' id='word_1_1207' title='bbox 1882 2810 2082 2843; x_wconf 62' lang='lat' dir='ltr'>Lambinusffls:</span> 
     </span>
     <span class='ocr_line' id='line_1_128' title="bbox 1122 2845 2082 2885; baseline 0.001 -12"><span class='ocrx_word' id='word_1_1208' title='bbox 1122 2848 1240 2881; x_wconf 56' lang='lat' dir='ltr'>defendere</span> <span class='ocrx_word' id='word_1_1209' title='bbox 1251 2860 1258 2875; x_wconf 91' lang='lat'>.·</span> <span class='ocrx_word' id='word_1_1210' title='bbox 1275 2856 1370 2885; x_wconf 84' lang='lat' dir='ltr'>praeter</span> <span class='ocrx_word' id='word_1_1211' title='bbox 1380 2848 1473 2874; x_wconf 86' lang='lat' dir='ltr'>libros.</span> <span class='ocrx_word' id='word_1_1212' title='bbox 1494 2846 1533 2873; x_wconf 83' lang='lat' dir='ltr'>bis</span> <span class='ocrx_word' id='word_1_1213' title='bbox 1544 2845 1668 2873; x_wconf 80' lang='lat' dir='ltr'>sumenda</span> <span class='ocrx_word' id='word_1_1214' title='bbox 1678 2848 1785 2883; x_wconf 77' lang='lat' dir='ltr'>negatio</span> <span class='ocrx_word' id='word_1_1215' title='bbox 1798 2866 1805 2879; x_wconf 87' lang='lat'>‚</span> <span class='ocrx_word' id='word_1_1216' title='bbox 1817 2847 1887 2883; x_wconf 75' lang='lat' dir='ltr'>quali</span> <span class='ocrx_word' id='word_1_1217' title='bbox 1898 2846 2006 2874; x_wconf 70' lang='lat' dir='ltr'>dixisset</span> <span class='ocrx_word' id='word_1_1218' title='bbox 2017 2867 2025 2879; x_wconf 92' lang='lat'>,</span> <span class='ocrx_word' id='word_1_1219' title='bbox 2036 2857 2082 2874; x_wconf 68' lang='lat' dir='ltr'>nen</span> 
     </span>
     <span class='ocr_line' id='line_1_129' title="bbox 1123 2885 1424 2918; baseline -0.007 -8"><span class='ocrx_word' id='word_1_1220' title='bbox 1123 2885 1152 2915; x_wconf 55' lang='grc' dir='ltr'>(ἶ)</span> <span class='ocrx_word' id='word_1_1221' title='bbox 1162 2885 1247 2917; x_wconf 69' lang='lat' dir='ltr'>dicere,</span> <span class='ocrx_word' id='word_1_1222' title='bbox 1257 2886 1286 2917; x_wconf 63' lang='lat' dir='ltr'>(ly</span> <span class='ocrx_word' id='word_1_1223' title='bbox 1295 2885 1424 2918; x_wconf 69' lang='lat' dir='ltr'>defendere.</span> 
     </span>
    </p>

    <p class='ocr_par' dir='ltr' id='par_1_22' title="bbox 1120 2918 2079 2991">
     <span class='ocr_line' id='line_1_130' title="bbox 1163 2918 2079 2956; baseline -0.001 -9"><span class='ocrx_word' id='word_1_1224' title='bbox 1163 2931 1173 2947; x_wconf 91' lang='lat' dir='ltr'>i</span> <span class='ocrx_word' id='word_1_1225' title='bbox 1182 2930 1204 2947; x_wconf 83' lang='lat' dir='ltr'>i.</span> <span class='ocrx_word' id='word_1_1226' title='bbox 1216 2926 1269 2949; x_wconf 74' lang='lat' dir='ltr'>&lt;An</span> <span class='ocrx_word' id='word_1_1227' title='bbox 1278 2922 1341 2956; x_wconf 70' lang='lat' dir='ltr'>istud</span> <span class='ocrx_word' id='word_1_1228' title='bbox 1350 2921 1418 2955; x_wconf 51' lang='lat' dir='ltr'>tibh]</span> <span class='ocrx_word' id='word_1_1229' title='bbox 1440 2918 1609 2956; x_wconf 75' lang='lat' dir='ltr'>Transscripsi</span> <span class='ocrx_word' id='word_1_1230' title='bbox 1619 2918 1686 2947; x_wconf 81' lang='lat' dir='ltr'>istud</span> <span class='ocrx_word' id='word_1_1231' title='bbox 1697 2922 1711 2946; x_wconf 69' lang='grc' dir='ltr'>ὑ</span> <span class='ocrx_word' id='word_1_1232' title='bbox 1723 2919 1839 2956; x_wconf 72' lang='lat' dir='ltr'>Tui-ing.</span> <span class='ocrx_word' id='word_1_1233' title='bbox 1851 2919 2001 2955; x_wconf 83' lang='lat' dir='ltr'>reperitque</span> <span class='ocrx_word' id='word_1_1234' title='bbox 2014 2919 2079 2946; x_wconf 85' lang='lat' dir='ltr'>item</span> 
     </span>
     <span class='ocr_line' id='line_1_131' title="bbox 1120 2956 1505 2991; baseline -0.008 -7"><span class='ocrx_word' id='word_1_1235' title='bbox 1120 2957 1147 2984; x_wconf 87' lang='lat' dir='ltr'>in</span> <span class='ocrx_word' id='word_1_1236' title='bbox 1162 2957 1212 2984; x_wconf 89' lang='lat' dir='ltr'>suis</span> <span class='ocrx_word' id='word_1_1237' title='bbox 1225 2957 1362 2983; x_wconf 85' lang='lat' dir='ltr'>Rubenius</span> <span class='ocrx_word' id='word_1_1238' title='bbox 1372 2956 1399 2982; x_wconf 89' lang='lat' dir='ltr'>d.</span> <span class='ocrx_word' id='word_1_1239' title='bbox 1411 2965 1467 2991; x_wconf 77' lang='lat' dir='ltr'>cap.</span> <span class='ocrx_word' id='word_1_1240' title='bbox 1480 2964 1505 2990; x_wconf 68' lang='grc' dir='ltr'>ς.</span> 
     </span>
    </p>

    <p class='ocr_par' dir='ltr' id='par_1_23' title="bbox 1118 2991 2080 3100">
     <span class='ocr_line' id='line_1_132' title="bbox 1161 2991 2080 3027; baseline -0.002 -8"><span class='ocrx_word' id='word_1_1241' title='bbox 1161 3002 1203 3020; x_wconf 82' lang='lat'>12.</span> <span class='ocrx_word' id='word_1_1242' title='bbox 1222 2998 1254 3019; x_wconf 71' lang='lat' dir='ltr'>Tu</span> <span class='ocrx_word' id='word_1_1243' title='bbox 1263 3002 1363 3019; x_wconf 74' lang='lat' dir='ltr'>ornatur</span> <span class='ocrx_word' id='word_1_1244' title='bbox 1371 2994 1463 3018; x_wconf 60' lang='lat' dir='ltr'>artemis</span> <span class='ocrx_word' id='word_1_1245' title='bbox 1472 2993 1554 3025; x_wconf 71' lang='lat' dir='ltr'>hstjm,</span> <span class='ocrx_word' id='word_1_1246' title='bbox 1564 2993 1643 3023; x_wconf 70' lang='lat' dir='ltr'>venis,</span> <span class='ocrx_word' id='word_1_1247' title='bbox 1653 2992 1719 3026; x_wconf 51' lang='lat' dir='ltr'>[lym]</span> <span class='ocrx_word' id='word_1_1248' title='bbox 1743 2991 1786 3018; x_wconf 83' lang='lat' dir='ltr'>Est</span> <span class='ocrx_word' id='word_1_1249' title='bbox 1797 2992 1812 3018; x_wconf 73' lang='lat' dir='ltr'>ii</span> <span class='ocrx_word' id='word_1_1250' title='bbox 1824 2991 1972 3027; x_wconf 69' lang='lat' dir='ltr'>Turingico</span> <span class='ocrx_word' id='word_1_1251' title='bbox 1985 3011 1992 3023; x_wconf 82' lang='lat'>,</span> <span class='ocrx_word' id='word_1_1252' title='bbox 2003 2992 2028 3018; x_wconf 89' lang='lat' dir='ltr'>in</span> <span class='ocrx_word' id='word_1_1253' title='bbox 2034 3000 2080 3017; x_wconf 73' lang='lat' dir='ltr'>ve·-</span> 
     </span>
     <span class='ocr_line' id='line_1_133' title="bbox 1122 3028 2079 3066; baseline 0 -11"><span class='ocrx_word' id='word_1_1254' title='bbox 1122 3029 1214 3066; x_wconf 87' lang='lat' dir='ltr'>nitque</span> <span class='ocrx_word' id='word_1_1255' title='bbox 1225 3030 1289 3055; x_wconf 87' lang='lat' dir='ltr'>&#39;item</span> <span class='ocrx_word' id='word_1_1256' title='bbox 1301 3030 1326 3055; x_wconf 87' lang='lat' dir='ltr'>in</span> <span class='ocrx_word' id='word_1_1257' title='bbox 1338 3028 1387 3054; x_wconf 83' lang='lat' dir='ltr'>suis</span> <span class='ocrx_word' id='word_1_1258' title='bbox 1400 3028 1537 3054; x_wconf 80' lang='lat' dir='ltr'>Rubenius</span> <span class='ocrx_word' id='word_1_1259' title='bbox 1550 3048 1558 3060; x_wconf 87' lang='lat'>,</span> <span class='ocrx_word' id='word_1_1260' title='bbox 1570 3028 1725 3055; x_wconf 62' lang='lat' dir='ltr'>Eleftorum</span> <span class='ocrx_word' id='word_1_1261' title='bbox 1737 3037 1791 3064; x_wconf 81' lang='lat' dir='ltr'>cap.</span> <span class='ocrx_word' id='word_1_1262' title='bbox 1803 3036 1832 3063; x_wconf 89' lang='lat'>9.</span> <span class='ocrx_word' id='word_1_1263' title='bbox 1844 3028 1952 3063; x_wconf 75' lang='lat' dir='ltr'>vulgata</span> <span class='ocrx_word' id='word_1_1264' title='bbox 1964 3047 1971 3060; x_wconf 84' lang='lat'>‚</span> <span class='ocrx_word' id='word_1_1265' title='bbox 1990 3035 2016 3054; x_wconf 78' lang='lat' dir='ltr'>tu</span> <span class='ocrx_word' id='word_1_1266' title='bbox 2026 3037 2079 3055; x_wconf 80' lang='lat' dir='ltr'>orn.</span> 
     </span>
     <span class='ocr_line' id='line_1_134' title="bbox 1118 3063 1913 3100; baseline -0.003 -8"><span class='ocrx_word' id='word_1_1267' title='bbox 1118 3067 1226 3092; x_wconf 72' lang='lat' dir='ltr'>arumnis</span> <span class='ocrx_word' id='word_1_1268' title='bbox 1237 3066 1314 3091; x_wconf 55' lang='lat' dir='ltr'>venis.</span> <span class='ocrx_word' id='word_1_1269' title='bbox 1336 3065 1360 3091; x_wconf 85' lang='lat' dir='ltr'>in</span> <span class='ocrx_word' id='word_1_1270' title='bbox 1373 3063 1482 3100; x_wconf 71' lang='lat' dir='ltr'>speciem</span> <span class='ocrx_word' id='word_1_1271' title='bbox 1497 3063 1582 3095; x_wconf 80' lang='lat' dir='ltr'>boiia3</span> <span class='ocrx_word' id='word_1_1272' title='bbox 1603 3075 1654 3092; x_wconf 90' lang='lat' dir='ltr'>non</span> <span class='ocrx_word' id='word_1_1273' title='bbox 1666 3065 1745 3091; x_wconf 79' lang='lat' dir='ltr'>etiam</span> <span class='ocrx_word' id='word_1_1274' title='bbox 1757 3065 1774 3090; x_wconf 78' lang='lat' dir='ltr'>li</span> <span class='ocrx_word' id='word_1_1275' title='bbox 1784 3064 1913 3091; x_wconf 73' lang='lat' dir='ltr'>excutias.</span> 
     </span>
    </p>

    <p class='ocr_par' dir='ltr' id='par_1_24' title="bbox 1118 3099 2077 3173">
     <span class='ocr_line' id='line_1_135' title="bbox 1159 3099 2077 3136; baseline -0.004 -8"><span class='ocrx_word' id='word_1_1276' title='bbox 1159 3111 1200 3136; x_wconf 86' lang='lat'>13.</span> <span class='ocrx_word' id='word_1_1277' title='bbox 1219 3103 1291 3134; x_wconf 79' lang='lat' dir='ltr'>Officii</span> <span class='ocrx_word' id='word_1_1278' title='bbox 1300 3101 1529 3135; x_wconf 58' lang='lat' dir='ltr'>jndiccmpofisiffe]</span> <span class='ocrx_word' id='word_1_1279' title='bbox 1552 3100 1662 3127; x_wconf 84' lang='lat' dir='ltr'>Erfurd.</span> <span class='ocrx_word' id='word_1_1280' title='bbox 1675 3100 1741 3127; x_wconf 86' lang='lat' dir='ltr'>liber</span> <span class='ocrx_word' id='word_1_1281' title='bbox 1752 3102 1814 3134; x_wconf 69' lang='lat' dir='ltr'><em>fffll&#39;</em></span> <span class='ocrx_word' id='word_1_1282' title='bbox 1824 3100 1920 3134; x_wconf 80' lang='lat' dir='ltr'>tuijud.</span> <span class='ocrx_word' id='word_1_1283' title='bbox 1933 3108 1984 3126; x_wconf 89' lang='lat' dir='ltr'>non</span> <span class='ocrx_word' id='word_1_1284' title='bbox 1997 3099 2077 3124; x_wconf 37' lang='lat' dir='ltr'>male,</span> 
     </span>
     <span class='ocr_line' id='line_1_136' title="bbox 1118 3135 2077 3173; baseline -0.002 -11"><span class='ocrx_word' id='word_1_1285' title='bbox 1118 3145 1235 3164; x_wconf 82' lang='lat' dir='ltr'>ceterum</span> <span class='ocrx_word' id='word_1_1286' title='bbox 1248 3138 1315 3163; x_wconf 73' lang='lat' dir='ltr'>male</span> <span class='ocrx_word' id='word_1_1287' title='bbox 1327 3137 1471 3163; x_wconf 80' lang='lat' dir='ltr'>Lambinus</span> <span class='ocrx_word' id='word_1_1288' title='bbox 1485 3156 1493 3168; x_wconf 88' lang='lat'>,</span> <span class='ocrx_word' id='word_1_1289' title='bbox 1504 3137 1548 3173; x_wconf 86' lang='lat' dir='ltr'>qui</span> <span class='ocrx_word' id='word_1_1290' title='bbox 1559 3137 1753 3171; x_wconf 79' lang='lat' dir='ltr'>einendatpofiu&#39;</span> <span class='ocrx_word' id='word_1_1291' title='bbox 1762 3144 1793 3162; x_wconf 75' lang='lat' dir='ltr'>te.</span> <span class='ocrx_word' id='word_1_1292' title='bbox 1815 3136 1878 3172; x_wconf 87' lang='lat' dir='ltr'>quid</span> <span class='ocrx_word' id='word_1_1293' title='bbox 1889 3136 1915 3162; x_wconf 92' lang='lat' dir='ltr'>ni</span> <span class='ocrx_word' id='word_1_1294' title='bbox 1926 3135 1996 3161; x_wconf 86' lang='lat' dir='ltr'>enim</span> <span class='ocrx_word' id='word_1_1295' title='bbox 2007 3135 2077 3160; x_wconf 71' lang='lat' dir='ltr'>belle</span> 
     </span>
    </p>
   </div>
   <div class='ocr_carea' id='block_1_13' title="bbox 156 3168 2076 3209">
    <p class='ocr_par' dir='ltr' id='par_1_25' title="bbox 156 3168 2076 3209">
     <span class='ocr_line' id='line_1_137' title="bbox 156 3168 2076 3209; baseline -0.003 -10"><span class='ocrx_word' id='word_1_1296' title='bbox 156 3168 185 3194; x_wconf 82' lang='lat'>6·</span> <span class='ocrx_word' id='word_1_1297' title='bbox 206 3171 301 3194; x_wconf 77' lang='lat' dir='ltr'>Omnino</span> <span class='ocrx_word' id='word_1_1298' title='bbox 309 3170 349 3201; x_wconf 68' lang='lat' dir='ltr'><em>ff</em></span> <span class='ocrx_word' id='word_1_1299' title='bbox 358 3169 373 3194; x_wconf 67' lang='grc' dir='ltr'><em>ἃ</em></span> <span class='ocrx_word' id='word_1_1300' title='bbox 384 3179 417 3195; x_wconf 72' lang='lat' dir='ltr'>mc</span> <span class='ocrx_word' id='word_1_1301' title='bbox 427 3173 544 3207; x_wconf 66' lang='grc' dir='ltr'>ανηξθκιη,</span> <span class='ocrx_word' id='word_1_1302' title='bbox 554 3172 621 3208; x_wconf 52' lang='grc' dir='ltr'>ἐγὼ]</span> <span class='ocrx_word' id='word_1_1303' title='bbox 636 3172 725 3209; x_wconf 84' lang='lat' dir='ltr'>Vulgo</span> <span class='ocrx_word' id='word_1_1304' title='bbox 735 3173 849 3209; x_wconf 79' lang='lat' dir='ltr'>omiffum.</span> <span class='ocrx_word' id='word_1_1305' title='bbox 861 3172 904 3201; x_wconf 76' lang='lat' dir='ltr'>sed</span> <span class='ocrx_word' id='word_1_1306' title='bbox 915 3173 1078 3202; x_wconf 82' lang='lat' dir='ltr'>Gulielmius</span> <span class='ocrx_word' id='word_1_1307' title='bbox 1117 3173 1204 3199; x_wconf 78' lang='lat' dir='ltr'>dicatu</span> <span class='ocrx_word' id='word_1_1308' title='bbox 1210 3183 1221 3199; x_wconf 93' lang='grc' dir='ltr'>ι·</span> <span class='ocrx_word' id='word_1_1309' title='bbox 1227 3181 1310 3205; x_wconf 67' lang='lat' dir='ltr'>ponere</span> <span class='ocrx_word' id='word_1_1310' title='bbox 1321 3174 1425 3209; x_wconf 69' lang='lat' dir='ltr'>judicem</span> <span class='ocrx_word' id='word_1_1311' title='bbox 1437 3193 1445 3208; x_wconf 93' lang='lat'>‚</span> <span class='ocrx_word' id='word_1_1312' title='bbox 1455 3181 1485 3202; x_wconf 82' lang='lat' dir='ltr'>ut</span> <span class='ocrx_word' id='word_1_1313' title='bbox 1495 3181 1576 3208; x_wconf 71' lang='lat' dir='ltr'>capere</span> <span class='ocrx_word' id='word_1_1314' title='bbox 1588 3193 1596 3207; x_wconf 84' lang='lat'>‚</span> <span class='ocrx_word' id='word_1_1315' title='bbox 1617 3178 1713 3201; x_wconf 74' lang='lat' dir='ltr'>umere?</span> <span class='ocrx_word' id='word_1_1316' title='bbox 1734 3172 1896 3201; x_wconf 69' lang='lat' dir='ltr'>Gulielmius</span> <span class='ocrx_word' id='word_1_1317' title='bbox 1908 3170 2076 3206; x_wconf 62' lang='lat' dir='ltr'>conjiciebit,</span> 
     </span>
    </p>
   </div>
   <div class='ocr_carea' id='block_1_14' title="bbox 117 3202 442 3242">
    <p class='ocr_par' dir='ltr' id='par_1_26' title="bbox 117 3202 442 3242">
     <span class='ocr_line' id='line_1_138' title="bbox 117 3202 442 3242; baseline 0.015 -12"><span class='ocrx_word' id='word_1_1318' title='bbox 117 3202 238 3242; x_wconf 60' lang='lat' dir='ltr'>{equitur</span> <span class='ocrx_word' id='word_1_1319' title='bbox 256 3204 442 3241; x_wconf 76' lang='lat' dir='ltr'>Turingicum.</span> 
     </span>
    </p>
   </div>
   <div class='ocr_carea' id='block_1_15' title="bbox 1111 3209 2077 3269">
    <p class='ocr_par' dir='ltr' id='par_1_27' title="bbox 1111 3209 2077 3269">
     <span class='ocr_line' id='line_1_139' title="bbox 1111 3209 2036 3245; baseline -0.008 -9"><span class='ocrx_word' id='word_1_1320' title='bbox 1111 3209 1214 3245; x_wconf 77' lang='lat' dir='ltr'>jndicem</span> <span class='ocrx_word' id='word_1_1321' title='bbox 1227 3210 1308 3244; x_wconf 51' lang='lat' dir='ltr'>finisse.</span> <span class='ocrx_word' id='word_1_1322' title='bbox 2033 3244 2036 3245; x_wconf 15' lang='grc' dir='ltr'><em>γ</em></span> 
     </span>
     <span class='ocr_line' id='line_1_140' title="bbox 1975 3244 2077 3269; baseline -0.029 0"><span class='ocrx_word' id='word_1_1323' title='bbox 1975 3250 1985 3269; x_wconf 81' lang='lat'>1</span> <span class='ocrx_word' id='word_1_1324' title='bbox 1994 3261 1999 3267; x_wconf 83' lang='lat'>.</span> <span class='ocrx_word' id='word_1_1325' title='bbox 2016 3244 2077 3267; x_wconf 68' lang='lat' dir='ltr'>Num</span> 
     </span>
    </p>
   </div>
  </div>
 </body>
</html>
