2302 3353
457 159 527 190 na
562 130 753 187 crin.
791 140 1076 187 Ona-ron.

120 238 180 270 qua
187 226 223 259 de
234 224 324 259 bonis
332 224 419 256 rebus
428 224 461 255 &
469 224 558 255 malis
566 243 576 257 ,
586 222 681 263 deque
691 221 856 251 hominurn
864 222 924 250 vita
935 220 968 250 δε
977 222 1071 250 mori-

121 269 177 301 bus
185 267 345 309 disputatur
353 285 362 300 ,
381 268 505 296 inventa
521 265 641 296 dicitur.
663 263 746 304 quod
763 263 909 302 quoniam
926 271 1020 303 genus
1037 261 1073 291 ab

120 312 190 344 hoc,
209 309 289 350 quod
309 308 520 348 proposuimus
531 327 540 339 ‚
561 306 699 336 abhorret
709 315 715 333 :
735 304 931 343 philosophos
950 302 1029 331 aliud
1040 304 1073 332 in

122 360 238 391 tempus
249 350 415 389 rejiciamus
427 360 432 378 2
443 349 478 378 ad
488 356 617 378 oratores
627 346 643 376 a
651 346 760 386 quibus
769 342 890 385 degreffi
901 344 1014 375 sumus,
1027 353 1073 391 res

120 401 277 423 vertamur.
290 390 409 421 Exstitit
419 392 509 431 igitur
515 390 578 429 jam
590 388 710 418 senibus
720 387 793 419 illis,
805 395 878 426 quos
887 385 989 424 paullo
1001 393 1068 414 ante

118 433 264 466 diximus,
272 432 420 466 Isocrates,
432 433 478 471 cuj
483 441 516 461 us
526 430 635 461 domus
645 427 760 459 cunCta:
771 428 893 459 Graeciae
901 424 980 467 quasi
989 425 1071 454 ludus

120 474 244 517 quidam
262 476 356 513 patuit
366 494 374 507 ‚
397 483 481 514 atque
492 471 613 502 officina
622 470 753 503 dicendi,
765 479 890 511 magnus
901 477 999 498 orator
1007 487 1016 502 ‚
1038 467 1071 496 ὃς

119 514 268 558 persesms
277 514 426 556 magister,
438 524 620 555 quamquam
629 510 737 543 forensi
747 512 813 540 luce
823 511 924 544 caruit,
936 511 1072 555 intraque

118 560 242 599 parietes
251 557 324 586 aluit
333 567 398 587 eam
409 557 545 598 gloriam,
561 560 571 574 ¹
584 565 674 596 quarn
685 563 777 583 nemo
786 552 910 593 quidem
922 571 931 584 ,
943 561 1014 580 meo
1020 561 1071 590 Ju-

119 599 200 630 dicio
213 619 220 630 ,
233 597 275 628 est
284 599 370 638 poeta
379 599 562 628 consecutus.
586 600 610 627 is
621 598 653 626 δε
664 596 723 635 ipse
733 592 842 633 scripsit
851 593 945 622 multa
954 592 1072 639 praecla-

121 640 153 672 τὲ
166 661 174 673 ,
195 640 227 670 &
238 639 341 669 docuit
349 641 424 670 alios
436 651 442 669 z
462 640 494 669 δε
504 638 575 669 cum
585 648 679 669 cetera
689 636 798 666 melius
808 655 816 668 ‚
837 634 928 675 quarn
939 635 1072 672 superio-

119 692 164 712 res
176 701 184 715 2
195 690 260 711 tum
272 685 387 720 primus
397 682 549 712 intellexit
560 701 569 713 ‚
583 682 671 710 etiam
682 681 715 708 in
725 678 819 707 soluta
828 678 963 706 oratione
973 694 981 708 ‚
995 674 1070 704 dum

116 723 235 754 versum
247 722 390 764 effugeres
399 743 408 757 ,
432 723 559 753 modum
569 731 669 752 tamen
680 740 689 753 ,
703 719 735 748 Sc
746 727 909 747 numerum
920 716 1069 756 quendam

120 774 256 805 oportere
267 764 386 794 servari.
410 768 487 795 Ante
497 765 578 793 hunc
587 764 671 792 enim
681 759 843 790 verborum
853 757 932 799 quasi
942 757 1071 788 struetu-

114 816 146 837 ra
157 826 165 840 ‚
179 807 211 836 δε
221 806 355 846 quaedam
366 806 401 837 ad
410 814 570 836 numerum
579 801 730 834 conclusio
741 822 749 834 ‚
762 801 844 830 nulla
854 809 913 830 erat
923 810 943 844 ε·
952 808 1002 830 aut
1012 820 1020 832 ‚
1032 798 1070 828 si-

115 847 238 889 quando
258 856 316 878 erat
324 867 333 881 ‚
354 858 416 877 non
434 846 585 887 apparebat
602 854 668 875 eam
687 843 784 873 dedita
800 852 888 881 opera
896 840 952 871 efle
963 840 1067 882 quaesi-

117 898 177 919 tam
189 899 195 918 :
225 899 289 930 quae
305 886 424 918 foiiitan
442 889 503 918 laus
525 885 558 916 sit
569 898 575 916 ;
602 894 813 916 verumtamen
830 887 845 903 ²
856 892 958 913 natura
973 885 1067 923 magis

117 939 183 962 tum
195 951 204 964 ,
216 930 338 970 casuque
345 939 587 970 nonnumquam,
606 936 655 958 aut
665 929 778 957 ratione
788 926 896 966 aliqua,
908 933 957 954 aut
966 925 1067 954 obser-

115 974 235 1004 vatione
250 970 344 1001 fiebat.
375 971 437 1011 Ipsa
446 972 530 1000 enim
540 980 642 1000 natura
652 968 929 1007 circumscriptione
938 966 1065 1007 quadam

113 1013 272 1044 'verborum
288 1012 516 1052 comprehendit
527 1032 534 1046 ‚
556 1011 768 1050 concluditque
786 1009 963 1039 sententiam
975 1019 981 1037 z
1000 1018 1066 1048 quae

111 1053 184 1085 cum
192 1055 266 1093 aptis
274 1052 431 1084 constricta
441 1054 540 1084 verbis
552 1053 594 1084 est
605 1074 613 1086 ,
634 1052 712 1083 cadit
721 1053 809 1081 etiam
819 1051 996 1091 plerumque
1006 1060 1065 1081 nu-

113 1096 240 1125 merose.
271 1097 350 1125 Nam
362 1095 394 1125 &
403 1106 482 1124 aures
491 1095 559 1135 ipsae
569 1095 642 1136 quid
651 1095 776 1135 plenum
788 1113 796 1127 ‚
817 1092 891 1133 quid
910 1094 999 1122 inane
1018 1090 1061 1125 sit,

106 1136 253 1177 judicant,
265 1136 297 1166 &
306 1135 500 1178 spii·itu,quasi
510 1136 675 1167 necestitate
685 1136 792 1175 aliqua,
804 1134 966 1165 verborum
976 1143 1063 1163 com-

110 1176 264 1219 prehensio
273 1181 448 1209 terminatur
459 1190 464 1208 ;
483 1180 516 1208 in
525 1189 586 1223 quo
596 1188 660 1208 non
671 1176 765 1207 modo
776 1175 863 1206 defici
874 1195 882 1210 ‚
902 1175 951 1205 sed
971 1176 1060 1205 etiam

72 1231 95 1263 9
113 1220 240 1250 laborare
249 1228 332 1259 turpe
342 1219 393 1250 est.
437 1223 520 1250 Turn
530 1223 588 1251 ruit
597 1218 695 1259 Lysias
707 1239 715 1253 ,
726 1218 787 1258 ipse
796 1217 920 1258 quidem
930 1218 964 1246 in
972 1214 1062 1247 causis

112 1259 279 1293 forensibus
290 1271 354 1291 non
363 1261 501 1296 versatu&
514 1262 564 1292 sed
574 1261 689 1303 egregie
700 1261 817 1291 subtilis
826 1260 960 1298 scriptor,
972 1268 1062 1299 atque

108 1304 225 1346 elegans
235 1323 244 1336 ‚
258 1313 348 1343 quem
354 1304 520 1343 jam‘prope
530 1304 635 1334 audeas
645 1312 792 1333 oratorem
801 1300 969 1341 perfinitum
980 1300 1062 1330 dice-

107 1355 149 1376 re.
171 1354 241 1375 nam
250 1344 336 1384 plane
347 1345 470 1386 quidem
485 1344 638 1387 perfesbum
648 1365 656 1379 ‚
678 1345 710 1375 δε
728 1346 777 1376 cui
795 1343 873 1373 nihil
891 1341 1059 1372 admodum

109 1384 182 1417 desit
190 1406 200 1419 ‚
219 1385 459 1417 Demosthenem
476 1387 563 1418 iacile
577 1387 701 1418 dixeris.
734 1385 823 1417 Nihil
833 1384 916 1415 acute
928 1385 1060 1414 inveniri

108 1427 207 1469 potuit
215 1429 247 1458 iri
257 1430 300 1458 eis
309 1426 397 1458 causis
407 1449 416 1463 ‚
427 1439 498 1470 quas
509 1427 629 1469 scripsit,
642 1429 719 1459 nihil
727 1435 772 1467 [ut
781 1429 820 1457 ita
830 1426 940 1466 dicam)
951 1419 1061 1456 subdo-

106 1469 148 1508 le,
159 1471 237 1499 nihil
246 1470 372 1504 versute,
385 1471 465 1511 quod
476 1472 527 1501 ille
538 1481 603 1502 non
611 1471 730 1502 videi-it:
744 1469 821 1499 nihil
831 1468 978 1499 subtiliter
987 1467 1058 1501 dici,

106 1512 186 1542 nihil
201 1510 312 1552 preffe,
333 1513 412 1542 nihil
423 1512 574 1543 enucleate
584 1534 592 1547 ,
611 1523 672 1554 quo
683 1511 746 1542 fieri
756 1509 841 1551 poflit
849 1509 962 1551 aliquid
972 1510 1061 1539 lima-

108 1555 166 1583 tius
178 1563 184 1582 z
203 1553 279 1584 nihil
289 1553 392 1584 contra
397 1554 509 1595 grande
519 1575 529 1589 ,
552 1556 630 1585 nihil
640 1556 798 1584 incitatum
809 1573 817 1587 ‚
829 1553 908 1582 nihil
917 1560 1059 1581 ornatum

104 1594 156 1625 vel
165 1595 324 1626 verborum
334 1598 473 1637 gravitate
482 1616 490 1630 ,
512 1598 560 1626 vel
570 1597 784 1633 sententiarum
796 1615 805 1628 .
826 1604 886 1635 quo
896 1593 1059 1635 quidquam

105 1635 178 1668 efl‘et
185 1636 300 1667 elatius.
323 1639 404 1667 Huic
414 1638 580 1678 Hyperides
589 1640 748 1678 proximus
759 1657 767 1672 ‚
781 1638 814 1667 δε
825 1636 981 1667 AEschines
990 1634 1058 1668 suit,

107 1678 142 1711 ὅ(
152 1680 300 1719 Lycurgus
310 1698 320 1711 ‚
332 1678 365 1709 δε
375 1681 544 1710 Dinarchus
555 1700 563 1713 ‚
576 1681 644 1710 &is
654 1700 663 1714 ,
675 1682 723 1720 cuj
727 1690 761 1709 us
771 1678 855 1709 nulla
864 1676 980 1708 exstant
988 1677 1059 1707 scri-

105 1729 156 1762 pta
165 1740 174 1753 ,
186 1719 335 1750 Demades
345 1740 354 1754 ‚
365 1721 474 1762 aliique
483 1731 593 1762 piures.
617 1724 690 1752 Haec
703 1723 788 1752 enim
798 1728 861 1750 atas
869 1717 1059 1749 effudithanc

105 1763 240 1802 copiam3
262 1762 305 1795 δε,
318 1771 350 1792 ut
358 1764 465 1802 opinio
475 1774 542 1794 mea
549 1763 607 1794 fert
618 1784 627 1797 ,
639 1764 740 1794 succus
749 1763 800 1793 i'lle
811 1782 820 1796 ‚
841 1762 873 1792 Sc
884 1761 1000 1802 sanguis
1010 1762 1059 1790 in-

103 1812 259 1844 corruptus
269 1804 361 1844 usque
370 1804 405 1834 ad
415 1805 491 1836 hanc
499 1815 616 1836 aetatem
627 1814 783 1835 oratorum
792 1803 848 1834 fuit
858 1824 867 1838 ‚
888 1805 920 1833 in
939 1812 996 1843 qua
1005 1812 1059 1833 na-

105 1845 206 1875 turalis
215 1843 318 1874 inesset
326 1865 337 1878 ,
359 1856 423 1876 non
431 1846 545 1877 fucatus
555 1850 646 1877 nitor.
670 1847 827 1877 Phalereus
835 1846 918 1875 enim
929 1842 1059 1875 succeffit

106 1888 149 1916 eis
165 1886 282 1916 senibus
301 1887 470 1918 adolescens
480 1909 489 1922 ‚
512 1887 725 1918 eruditiffimus
742 1889 795 1918 ille
812 1886 936 1928 quidem
947 1888 1058 1916 horum

106 1930 261 1960 omnium,
273 1928 322 1957 sed
330 1938 393 1958 non
404 1938 464 1959 tam
473 1933 564 1960 armis
572 1929 737 1964 institutus,
747 1928 836 1970 quarn
846 1927 986 1969 palaestra.
1003 1931 1058 1958 ita-

104 1979 164 2010 que
183 1968 344 1998 delectabat
361 1972 455 2010 magis
474 1972 682 2001 Athenienseis
701 1991 710 2004 ‚
733 1980 822 2012 quam
840 1969 1057 2000 inflammabat.

105 2008 278 2050 process'erat
286 2012 368 2040 enim
379 2012 412 2041 in
422 2012 517 2041 solem
527 2032 536 2045 ,
557 2013 590 2042 ὃς
599 2013 755 2052 pulverem
766 2031 774 2045 ,
785 2022 852 2041 non
862 2021 894 2041 ut
903 2011 919 2040 ὲ
934 2010 1058 2040 militari

105 2052 302 2085 tabernaculo,
313 2052 362 2081 sed
372 2061 402 2082 ut
412 2051 428 2082 ὲ
440 2053 651 2093 Theophrasti,
662 2052 823 2083 doffiffimi
833 2053 980 2085 hominis,
990 2061 1058 2080 um-

104 2091 229 2122 bracus'is.
254 2095 314 2123 Hic
322 2095 437 2133 primus
446 2094 566 2125 inflexit
574 2097 743 2125 orationem
754 2115 762 2129 ‚
783 2095 815 2125 &
833 2104 897 2124 eam
916 2094 1054 2126 mollem,

105 2143 296 2174 teneramque
304 2134 449 2165 reddidit:
471 2136 504 2166 &
514 2137 608 2166 suavis
619 2157 628 2169 ,
648 2135 721 2167 sicut
729 2136 788 2171 fuit
798 2156 806 2169 ‚
831 2135 925 2165 videri
936 2135 1053 2167 maluit,

104 2175 192 2217 quam
203 2178 296 2217 gravis
309 2186 314 2204 :
326 2176 376 2206 sed
385 2177 526 2207 suavitate
537 2188 640 2219 ea‚qua
647 2177 839 2218 perfunderet
848 2178 978 2209 animos,
990 2185 1055 2205 non

103 2228 162 2258 qua
171 2217 377 2258 perfringeret:
403 2222 414 2245 3
428 2218 460 2248 ὃς
470 2217 587 2249 tantum
599 2229 630 2249 ut
639 2221 820 2249 memoriam
831 2219 1055 2250 concinnitatis,

105 2260 162 2289 suae
170 2279 178 2292 ‚
198 2269 262 2289 non
270 2260 539 2300 (quemadmodum
549 2261 585 2291 de
595 2261 708 2291 Pericle
718 2257 827 2300 scripsit
836 2260 972 2299 Eupolis)
981 2269 1052 2288 curn

105 2300 300 2331 deleemtione
309 2301 416 2331 aculeos
424 2304 513 2332 etiarn
523 2303 705 2343 relinqueret
714 2305 747 2332 in
764 2303 874 2331 animis
893 2311 998 2331 eorum
1010 2321 1019 2334 ‚
1041 2299 1056 2330 a

50 2350 91 2377 10
106 2343 213 2383 quibus
222 2341 292 2373 effet
301 2343 427 2373 auditus.
472 2343 600 2374 Videsne
610 2346 712 2385 igitur,
724 2353 756 2374 ut
766 2345 798 2373 in
807 2354 840 2373 ea
849 2343 909 2383 ipsa
919 2343 990 2372 urbe
1001 2362 1009 2375 ‚
1021 2343 1055 2371 in

107 2394 163 2425 qua
172 2384 204 2414 ὃς
213 2393 289 2417 nata,
302 2384 334 2414 &
344 2385 399 2414 alta
408 2383 441 2414 sit
450 2385 621 2426 eloquentia
632 2406 641 2418 ,
653 2385 743 2426 quam
753 2395 786 2415 ea
794 2384 858 2415 sero
870 2383 1013 2424 prodierit
1023 2385 1056 2413 in

106 2426 203 2456 lucem
215 2428 226 2454 ?
248 2426 401 2466 Siquidem
419 2435 486 2456 ante
504 2428 624 2457 Solonis
642 2436 757 2457 aetatem
768 2447 776 2460 ‚
801 2427 834 2456 &
843 2425 978 2457 Pisistrati
990 2444 999 2459 ‚
1019 2424 1056 2455 de

106 2467 192 2497 nullo
203 2486 211 2501 ‚
223 2476 255 2497 ut
265 2467 376 2497 diserto
386 2487 394 2501 ,
416 2470 572 2498 memoriae
580 2469 734 2509 proditum
745 2467 796 2498 est.
824 2471 864 2497 At
874 2469 905 2497 hi
916 2467 1052 2508 quidem,

99 2509 250 2549 -utpopuli
259 2511 392 2539 Romani
401 2519 467 2540 aetas
476 2509 529 2543 est,
540 2511 623 2540 senes
637 2521 641 2539 :
662 2519 696 2541 ut
706 2507 933 2540 Atheniensium
953 2508 1057 2538 saecula

108 2559 301 2581 numerantur
310 2571 318 2583 ,
340 2550 537 2581 adolescentes
547 2551 658 2582 debent
665 2552 771 2582 videri.
798 2554 880 2581 Nam
891 2549 942 2580 etsi
951 2551 1056 2580 Servio

107 2592 202 2626 Tullo
219 2602 356 2634 regnante
371 2594 400 2622 vi
423 2602 550 2626 uerunt,
572 2603 673 2623 tamen
691 2593 790 2623 multo
807 2592 920 2622 diutius
931 2593 1057 2622 Athenae

105 2634 166 2673 J'am
177 2643 268 2666 erant,
279 2633 369 2674 quam
379 2645 393 2663 e
430 2637 529 2664 Roma
536 2635 571 2664 ad
581 2634 765 2665 hodiernum
776 2634 859 2664 diem
871 2645 876 2663 ;
888 2643 944 2663 nec
954 2642 1055 2663 tamen

107 2674 211 2705 dubito
222 2695 231 2708 ,
242 2678 316 2716 quin
325 2676 458 2706 habuerit
467 2678 530 2706 vim
542 2686 681 2717 magnam
691 2677 807 2716 semper
816 2677 922 2706 oratio.
948 2676 1055 2715 Neque

108 2718 191 2749 enim
200 2717 259 2755 jam
271 2718 370 2746 Troicis
378 2716 543 2759 temporibus
553 2727 669 2748 tantum
680 2717 772 2748 laudis
782 2719 815 2747 in
824 2716 954 2747 dicendo
962 2713 1057 2755 Ulyssi

107 2757 256 2788 tribuiss'et
266 2761 417 2789 Homerus
429 2779 437 2792 ,
451 2759 483 2788 &
493 2759 613 2789 Nestori
623 2781 632 2794 ,
645 2759 786 2800 (quorum
796 2759 922 2789 alterum
931 2759 996 2787 vim
1006 2756 1059 2787 hri-

107 2799 175 2830 bere
191 2800 308 2835 voluit,
326 2801 452 2832 alterum
462 2802 650 2843 suavitatem)
666 2799 723 2832 nisi
729 2801 792 2842 jam
803 2810 868 2831 turn
879 2798 951 2830 ess‘et
959 2800 1059 2829 honos

145 2957 170 2975 1.
188 2951 265 2982 Qum
273 2960 335 2975 nemo
344 2951 434 2984 quidem
443 2961 488 2977 meo
499 2951 589 2985 judicii>
604 2953 639 2976 eff
651 2952 718 2984 pok'ta
728 2948 881 2982 conflentum]
907 2948 1055 2984 Praeceptor

108 2983 208 3020 Lipsius
227 2985 263 3012 ita
281 2986 436 3013 emendabat
456 3005 464 3018 ‚
482 2997 497 3012 e
518 2985 629 3012 Ruffino
648 2985 842 3012 Grammatico.
871 2984 991 3010 videatur
1009 2983 1056 3009 ille

108 3018 209 3046 libau.
218 3022 282 3047 Var.
292 3021 356 3047 ἱεξὶ.
367 3029 469 3058 cap-14.
479 3023 550 3058 prius
561 3021 687 3048 edebatur
697 3024 779 3055 ptha.
795 3050 799 3058 v

144 3064 172 3081 2.
191 3059 288 3083 Natura
304 3058 375 3090 magis
392 3065 440 3083 mm
451 3077 459 3089 ,
478 3059 576 3092 castique
593 3066 760 3091 nonnunquam
771 3075 780 3088 ‚
796 3055 863 3089 ἀτη]
883 3057 925 3082 Ita
944 3055 1056 3082 Palatin.

109 3090 137 3115 δι’,
157 3089 238 3117 codex
258 3092 414 3126 eujacianus
426 3112 434 3124 ‚
454 3103 507 3128 quo
525 3092 583 3119 ustis
602 3093 774 3119 Gulielmius.
805 3092 885 3126 vulgo
902 3099 979 3123 erat,
1002 3095 1056 3117 Na-

111 3132 170 3187 tam
185 3127 255 3161 magis
265 3145 275 3160 ,
291 3134 340 3159 tum
358 3128 412 3164 cast(
428 3138 595 3164 nonnunquam
612 3138 684 3164 quam
702 3135 744 3156 aut
755 3147 764 3162 ‚
774 3129 826 3161 ὼτ.
844 3127 994 3156 consulatur
1004 3127 1056 3154 Ri-

149 3169 181 3188 13.
414 3169 419 3174 “

1115 143 1241 188 Liri.
1280 154 1421 187 sive
1453 139 1727 190 B'Rur'us.
1986 157 2074 204 131

1117 220 1298 262 eloquentiae
1311 233 1316 250 :
1335 232 1433 264 neque
1452 223 1512 263 ipse
1529 224 1619 264 po‘e‘ta
1627 224 1678 253 hic
1687 231 1747 253 tam
1759 220 1842 252 idem
1855 228 1978 252 ornatus
1987 223 2019 251 in
2029 221 2078 251 di-

1118 263 1235 296 cende,
1257 274 1290 293 ac
1308 265 1395 302 plane
1405 264 1627 296 oratorfuiffet:
1643 265 1691 305 cuj
1696 274 1729 295 us
1737 262 1789 294 etsi
1799 265 1910 294 incerta
1919 264 1987 293 sunt
1997 272 2077 293 tem-

1117 312 1187 341 pora
1198 323 1206 336 ‚
1228 314 1328 334 tamen
1345 308 1431 336 annis
1450 307 1554 337 multis
1572 306 1632 337 fuit
1638 316 1705 337 ante
1715 305 1887 337 Romulum
1901 316 1906 334 :
1927 303 2074 345 siquidem

1118 353 1181 373 non
1192 345 1268 374 infra
1278 347 1460 385 superiorem
1470 351 1643 389 Lycurgum
1654 348 1712 378 fuit
1722 368 1730 382 ‚
1749 347 1766 378 a
1784 357 1845 388 quo
1857 346 1900 377 est
1917 346 2075 386 disciplina

1117 385 1417 418 Lacedaemoniorum
1438 389 1573 420 adstriEta
1585 390 1717 431 legibus.
1736 389 1793 420 Sed
1805 388 1938 420 studium
1949 389 2011 427 ejus
2022 398 2075 428 ge-

1114 427 1205 472 neris,
1218 428 1370 473 majorque
1381 440 1427 458 vis
1437 432 1605 471 agnoscitur
1615 435 1647 462 in
1657 430 1811 462 Pisistrato.
1841 432 1980 470 Denique
1991 430 2075 459 hunc

1113 475 1255 505 proximo
1276 470 1383 498 iaeculo
1403 472 1622 503 Themistocles
1633 474 1781 503 insecutus
1790 471 1832 502 est
1844 492 1853 506 ,
1875 480 1907 502 ut
1915 471 1992 511 apud
2002 480 2073 503 nos,

1115 510 1307 555 perantiquus
1319 519 1324 537 1
1353 519 1385 540 ut
1405 513 1480 550 apud
1500 515 1707 544 Athenienseis
1718 534 1726 547 ,
1748 524 1812 544 non
1828 516 1868 544 ita
1884 514 1951 543 sane
1972 521 2070 543 vetus.

1114 552 1184 579 Fuit
1193 552 1277 579 enim
1289 560 1428 591 regnante
1435 554 1497 591 jam
1507 557 1619 585 Graecia
1629 576 1636 589 ‚
1657 555 1755 585 nostra
1763 565 1862 586 autem
1871 556 1989 585 civitate
2007 563 2072 584 non

1114 591 1154 620 ita
1163 591 1282 630 pridem
1294 591 1452 623 dominatu
1470 598 1550 635 regio
1570 597 1697 627 liberata.
1721 607 1792 627 nam
1809 597 1925 626 bellum
1944 595 2072 626 Volsco-

1113 642 1180 661 rum
1190 633 1266 676 illud
1276 633 1493 674 gravissimum,
1505 639 1552 665 cui
1563 639 1738 667 Coriolanus
1749 639 1833 668 exsul
1842 637 1980 668 interfuit
1989 657 1998 671 ,
2018 644 2073 667 eo-‘

1115 673 1183 703 dem
1196 674 1258 704 iere
1270 684 1416 715 tempore,
1429 687 1489 717 quo
1500 678 1649 708 Persarum
1661 679 1776 709 bellum
1789 700 1797 712 ‚
1814 679 1887 713 fuit,
1908 678 2072 720 similisque

1103 715 1226 753 fortuna
1235 717 1383 747 clarorum
1391 720 1538 748 virorum.
1570 721 1600 749 Si
1611 720 1733 760 quidem
1746 731 1867 762 uterque
1878 741 1887 755 ‚
1905 720 1977 751 cum
1994 722 2072 750 civis

1112 759 1245 798 egregius
1255 757 1355 788 suisset
1365 779 1373 792 ,
1386 761 1492 799 populi
1502 762 1606 801 ingrati
1618 762 1718 800 pulsus
1729 763 1836 800 injuria
1846 783 1854 795 ,
1876 763 1904 792 se
1914 762 1949 792 ad
1960 761 2072 792 hosteis

1111 800 1242 829 contulit
1251 820 1259 832 ‚
1280 810 1479 842 conatumque
1499 802 1659 832 iracundiae
1680 802 1734 832 suae
1748 812 1843 833 morte
1854 803 1975 833 sedavit.
1998 813 2070 833 nam

1111 838 1162 869 etsi
1171 841 1255 870 aliter
1264 840 1306 870 est
1316 842 1391 881 apud
1403 851 1431 872 te
1440 863 1449 876 ,
1462 845 1570 876 Attice,
1584 843 1621 873 de
1632 845 1805 877 Coriolano,
1817 844 1947 875 concede
1957 854 2069 878 tamen,

1113 890 1143 911 nt
1154 882 1225 912 huic
1233 885 1335 924 generi
1345 886 1451 914 mortis
1460 886 1560 924 potius
1571 884 1714 915 assentiar.
1754 888 1794 914 At
1803 886 1853 915 ille
1865 885 1964 915 ridens
1973 906 1982 919 ‚
1996 889 2068 916 Tuo

1110 932 1182 953 vero
1193 943 1202 957 ‚
1224 926 1324 965 inquit
1334 946 1342 958 ‚
1363 925 1501 956 arbitratu
1513 937 1517 955 :
1537 929 1683 966 quoniam
1701 926 1825 967 quidem
1843 926 2013 957 concessum
2025 927 2068 957 est

1110 965 1278 996 rhetoribus
1288 968 1414 996 ementiri
1422 968 1450 996 in
1461 967 1585 1004 historiis,
1596 977 1630 998 ut
1640 968 1751 1009 aliquid
1763 968 1860 998 dicere
1870 967 1977 1008 possint
1986 979 2070 1010 argu-

1109 1009 1180 1037 tius.
1204 1016 1235 1037 ut
1245 1010 1329 1038 enim
1341 1017 1372 1038 tu
1385 1019 1466 1039 nunc
1476 1010 1512 1039 de
1522 1011 1694 1044 Coriolano,
1707 1008 1744 1040 sic
1754 1011 1928 1042 Clitarchus,
1945 1009 1982 1039 fic
1993 1013 2071 1040 Stia-

1109 1049 1200 1078 tocles
1209 1048 1247 1078 de
1257 1050 1464 1081 Themistocle
1475 1051 1573 1081 finxit.
1598 1055 1690 1086 Nam,
1702 1062 1795 1092 quem
1808 1051 2067 1092 Thucydides,qui

1109 1090 1141 1119 ἒξ
1153 1090 1342 1121 Atheniensis
1354 1102 1431 1126 erat,
1444 1093 1476 1122 ὃς
1487 1094 1607 1124 summo
1618 1094 1687 1124 loco
1697 1102 1792 1127 natus,
1805 1094 1999 1133 summusque
2009 1096 2066 1127 vir,

1108 1132 1140 1161 δε
1149 1133 1250 1172 paullo
1259 1143 1340 1163 aetite
1349 1134 1514 1174 posterior,
1535 1134 1653 1165 tantum
1664 1144 1820 1165 mortuum
1834 1132 1943 1174 scripsit
1952 1155 1960 1168 ‚
1983 1135 2015 1165 δε
2035 1137 2067 1165 in

1106 1176 1201 1204 Attica
1210 1175 1287 1205 clam
1300 1177 1457 1206 humatum
1469 1189 1478 1211 3
1495 1174 1619 1211 addidit,
1631 1176 1720 1207 fuiffe
1731 1178 1934 1217 suspicionem
1945 1186 2068 1206 veneno

1106 1214 1159 1245 sibi
1169 1216 1347 1247 conscivisse
1358 1227 1490 1248 mortem
1503 1230 1508 1247 :
1530 1220 1612 1249 hunc
1622 1218 1670 1249 isti
1682 1220 1766 1258 ajunt
1777 1239 1785 1252 ,
1797 1218 1868 1248 cum
1878 1227 1995 1248 taurum
2006 1222 2068 1248 im-

1107 1256 1275 1288 molavifl'et
1285 1278 1293 1293 ,
1313 1259 1458 1300 excepisse
1468 1261 1641 1301 sanguinem
1652 1269 1748 1300 patera
1757 1281 1766 1294 ‚
1786 1260 1819 1290 δε
1829 1270 1866 1290 eo
1877 1268 1950 1299 poto
1961 1280 1969 1293 ‚
1982 1270 2071 1290 mor-

1107 1308 1193 1330 tuum
1204 1299 1378 1331 concidisse.
1401 1304 1487 1332 Hanc
1496 1305 1581 1332 enim
1593 1312 1723 1332 mortem
1734 1302 1880 1332 rhetorice
1893 1321 1902 1335 ‚
1915 1302 1947 1331 ὃς
1958 1301 2065 1342 tragice

1105 1350 1209 1371 ornare
1225 1350 1388 1381 potuerunt
1400 1354 1405 1372 z
1423 1344 1475 1374 illa
1485 1354 1568 1374 mors
1578 1344 1832 1385 vulgarisnullam
1843 1342 1990 1383 praebebat
1999 1353 2067 1372 ma—

1105 1384 1210 1412 teriem
1229 1383 1264 1413 ad
1284 1393 1435 1415 ornatum.
1475 1388 1570 1425 Qare
1581 1406 1589 1420 ‚
1607 1389 1626 1412 4
1635 1387 1779 1426 quoniam
1799 1385 1856 1415 tibi
1875 1387 1915 1414 ita
1932 1385 2065 1425 quadrat,

1102 1427 1118 1451 5
1128 1426 1233 1455 omnia
1242 1424 1328 1456 suifl'e
1337 1428 1369 1456 in
1381 1427 1586 1458 Themistocle
1596 1430 1683 1467 paria,
1696 1428 1730 1457 δε
1740 1427 1904 1457 Coriolano
1913 1446 1922 1460 ‚
1932 1435 2062 1466 pateram

1104 1476 1224 1507 quoque
1233 1466 1249 1497 a
1259 1477 1309 1498 me
1318 1468 1417 1499 sumas
1427 1469 1512 1499 licet:
1531 1470 1669 1509 praebebo
1680 1471 1769 1499 ctiam
1780 1467 1909 1498 hostiam
1920 1489 1928 1502 ,
1952 1476 1985 1498 ut
2003 1470 2065 1498 Co-

1104 1508 1237 1538 riolanus
1247 1507 1378 1549 fitplane
1390 1511 1464 1541 alter
1481 1510 1712 1541 Themistocles.
1745 1514 1809 1551 Sir⁴
1819 1509 1886 1540 sane
1897 1530 1905 1543 ‚
1926 1512 2062 1550 inquam,

1105 1559 1137 1580 ut
1155 1550 1239 1580 lubet
1248 1570 1256 1584 ‚
1277 1551 1313 1581 de
1332 1551 1389 1582 isto
1403 1563 1408 1582 :
1429 1553 1462 1582 δε
1483 1563 1537 1593 ego
1557 1556 1672 1583 cautius
1680 1551 1800 1593 posthac
1809 1551 1965 1582 historiam
1976 1553 2065 1581 attin-

1104 1602 1182 1633 gam,
1196 1601 1223 1622 te
1231 1592 1369 1624 audiente
1381 1604 1387 1623 ε
1407 1604 1498 1635 quem
1508 1605 1609 1625 rerum
1620 1598 1827 1625 Romanarum
1837 1592 1992 1624 au&oi·em
2003 1594 2062 1622 lau-

1103 1634 1169 1664 dare
1181 1633 1302 1674 poss'um
1311 1634 1572 1677 religiosissimum.
1600 1637 1733 1667 sedtum
1745 1636 1807 1666 fere
1817 1635 1943 1666 Pericles
1952 1655 1961 1668 ,
1978 1637 2063 1664 Xan-

1102 1676 1199 1716 thippi
1209 1674 1299 1710 filius,
1313 1676 1349 1707 de
1358 1688 1418 1718 quo
1428 1678 1496 1708 ante
1506 1678 1570 1710 dixi
1581 1699 1589 1712 ,
1600 1680 1717 1719 primus
1726 1677 1861 1708 adhibuit
1871 1675 2039 1706 dominam
2054 1687 2061 1704 ε

1101 1728 1167 1758 quae
1186 1728 1366 1758 quamquam
1385 1728 1451 1749 tuin
1466 1721 1549 1751 nulla
1559 1729 1618 1750 erat
1628 1719 1747 1750 dicendi
1758 1740 1767 1753 ‚
1786 1719 1932 1750 tamenab
1942 1721 2063 1748 Anaxa-

1101 1769 1169 1801 gora
1178 1758 1299 1799 physico
1310 1761 1442 1791 eruditus
1454 1781 1463 1795 ‚
1478 1764 1727 1793 exercitationem
1738 1763 1875 1791 mentisa
1886 1760 2061 1793 reconditis,

1104 1800 1296 1843 abstrusisque
1305 1803 1393 1833 rebus
1404 1804 1439 1834 ad
1449 1805 1545 1835 causas
1556 1804 1700 1834 forenseis
1710 1824 1718 1837 ‚
1741 1803 1955 1843 popularesque
1971 1801 2064 1832 facile

1103 1843 1279 1874 traduxerat.
1299 1846 1398 1880 Huius
1410 1846 1546 1877 suavitate
1558 1846 1691 1876 maxime
1703 1847 1831 1875 hilaratae
1841 1845 1908 1874 sunt
1918 1845 2042 1874 Athenas
2055 1853 2063 1872 :

1102 1886 1192 1925 hujus
1211 1882 1375 1917 ubertatem
1386 1907 1394 1921 ‚
1417 1888 1449 1917 δε
1468 1890 1586 1928 copiam
1603 1887 1772 1920 admiratae,
1792 1886 1927 1926 ejusdem
1938 1888 2003 1915 vim
2014 1885 2061 1915 di-

1098 1927 1402 1969 cendi‚tei·i·oremque
1412 1931 1580 1959 timuerunt.
1602 1932 1676 1959 Haec
1686 1931 1775 1969 igitur
1785 1937 1851 1958 aetas
1860 1929 1956 1967 prima
1966 1929 2060 1956 Athe-

1099 1970 1147 1997 nis
1159 1977 1307 1999 oratorem
1319 1970 1411 2009 prope
1429 1970 1597 2009 persectum
1617 1971 1694 2000 tulit.
1726 1972 1802 1999 Nnc
1823 1979 1913 1998 ENtM
1932 1970 1966 1998 in
1984 1978 2059 1998 con-

1101 2008 1292 2040 stituentibus
1303 2012 1518 2050 rempublicam
1531 2031 1539 2045 ‚
1559 2014 1655 2041 necin
1666 2011 1743 2041 bella
1751 2009 1921 2051 gerentibus
1933 2030 1941 2044 ‚
1957 2020 2014 2039 nec
2026 2013 2059 2039 in

1101 2051 1255 2090 impeditis
1264 2072 1272 2085 ,
1291 2061 1324 2082 ac
1335 2062 1437 2094 regum
1448 2053 1660 2083 dominatione
1670 2051 1820 2082 devinctis
1831 2072 1839 2086 ,
1851 2052 1930 2081 nasci
1940 2051 2058 2091 cupidi-

1091 2092 1142 2121 ‘tas
1151 2092 1272 2122 dicendi
1283 2094 1366 2123 solet.
1389 2097 1468 2124 Pacis
1480 2094 1523 2125 est
1533 2105 1646 2128 comes,
1658 2095 1773 2134 otiique
1785 2094 1863 2123 socia
1872 2113 1880 2126 ‚
1892 2093 1994 2132 &jam
2006 2093 2060 2122 be-

1098 2143 1137 2163 ne
1149 2134 1316 2164 constitutae
1326 2137 1452 2166 civitatis
1463 2135 1542 2177 quasi
1556 2137 1678 2166 alumna
1698 2135 1834 2176 quaedam
1846 2155 1854 2168 ‚
1874 2135 2057 2175 eloquentia.
2069 2141 2071 2143 '

1099 2177 1198 2215 Itaque
1209 2177 1250 2205 ait
1259 2176 1430 2207 Aristoteles
1440 2197 1448 2211 ‚
1473 2177 1544 2208 cum
1557 2178 1676 2208 sublatis
1688 2179 1720 2206 in
1731 2177 1830 2208 Sicilia
1841 2178 1972 2216 tyrannis
1983 2196 1991 2210 ‚
2012 2186 2057 2206 res

1097 2218 1217 2255 privatae
1234 2217 1327 2258 longo
1346 2219 1503 2249 intervallo
1521 2219 1642 2259 judiciis
1661 2227 1861 2259 repeterentur
1881 2238 1889 2251 ‚
1914 2226 1979 2247 tum
1999 2220 2061 2258 pri--

1100 2256 1200 2291 mum,
1210 2258 1292 2299 quod
1302 2258 1372 2290 effer
1380 2270 1463 2291 acuta
1471 2261 1524 2291 illa
1533 2271 1604 2301 gens
1618 2281 1626 2294 ,
1641 2261 1673 2290 &
1684 2260 1873 2290 controversa
1883 2269 1983 2289 natura
1994 2280 2002 2293 ,
2014 2270 2059 2289 ar-

1099 2309 1171 2333 tem,
1183 2301 1216 2330 &
1225 2310 1370 2341 praecepta
1377 2303 1493 2332 Siculos
1503 2323 1511 2336 ‚
1525 2306 1667 2333 Coracem
1680 2302 1713 2332 &
1721 2300 1833 2332 Tisiam
1844 2299 2056 2341 conscripsiss‘e.

1100 2343 1180 2371 Nam
1191 2351 1274 2372 antea
1283 2345 1442 2373 neminem
1453 2344 1576 2374 solitum
1587 2346 1634 2374 via
1644 2364 1652 2378 ,
1664 2354 1718 2373 nec
1727 2353 1797 2376 arte,
1811 2342 1860 2373 sed
1870 2343 2001 2373 accurate
2015 2351 2059 2372 ta-

1100 2383 1363 2425 men,&defi—ript0
1373 2385 1529 2426 plerosque
1539 2387 1637 2416 dicere
1649 2397 1653 2414 z
1668 2386 1840 2425 scriptasque
1851 2383 1949 2417 fuisse,
1963 2384 1996 2413 &
2006 2394 2058 2424 pa-

1097 2433 1168 2454 ratas
1179 2425 1195 2454 a
1205 2427 1360 2466 Protagora
1368 2436 1468 2456 rerum
1477 2427 1641 2459 illustrium
1652 2427 1876 2466 disputationes,
1886 2435 1952 2466 quae
1962 2435 2055 2459 nune.

1098 2476 1252 2495 communes
1269 2468 1455 2507 appellantur
1474 2470 1537 2498 loci.
1579 2469 1669 2510 Qod
1689 2469 1771 2498 idem
1790 2465 1889 2497 fecisse
1900 2468 2057 2508 Gorgiam,

1099 2506 1171 2537 cum
1183 2506 1361 2549 singularum
1372 2520 1470 2540 rerum
1482 2510 1581 2540 laudes
1591 2531 1599 2544 ,
1623 2508 1913 2549 vituperationesque
1921 2509 2057 2539 conscri-

1098 2547 1192 2588 psisset
1204 2560 1209 2578 :
1225 2548 1308 2590 quod
1314 2552 1325 2589 j
1331 2551 1460 2581 udicaret
1470 2553 1528 2581 hoc
1538 2553 1661 2582 oratoris
1673 2550 1731 2581 eil'e
1740 2552 1875 2582 maxime
1885 2552 2053 2591 proprium,

1097 2600 1162 2620 rem
1173 2601 1276 2633 augere
1284 2590 1365 2631 poss'e
1376 2592 1524 2623 laudando
1535 2613 1544 2625 ‚
1572 2592 1828 2633 vituperandoque
1838 2592 1934 2622 rursus
1944 2591 2059 2633 afflige-

1098 2642 1139 2661 re.
1164 2635 1244 2662 Huic
1263 2635 1484 2673 Antiphontem
1502 2633 1701 2665 Rliamusium
1723 2632 1830 2663 similia
1848 2634 1985 2674 qua-dam
2004 2636 2057 2664 ha-

1100 2673 1194 2704 buisse
1211 2675 1375 2714 conscripta
1384 2696 1392 2708 ‚
1412 2685 1472 2715 quo
1491 2678 1649 2705 neminem
1669 2685 1813 2715 umquam
1832 2676 1944 2705 melius
1962 2675 2055 2706 ullam

1100 2714 1224 2745 oraviss'e
1232 2718 1333 2755 capitis
1344 2718 1469 2749 caulam,
1482 2716 1552 2746 cum
1565 2717 1591 2747 se
1600 2718 1660 2757 ipsc
1671 2716 1853 2750 defenderet,
1867 2717 1894 2746 se
1904 2717 2054 2750 audiente,

1101 2757 1234 2828 locifiiples
1253 2756 1357 2787 auetor
1378 2757 1486 2797 scripsit
1505 2759 1708 2798 Thucydides.
1739 2761 1820 2788 Nam
1831 2757 1948 2797 Lysiam
1957 2761 2057 2798 primo

1097 2809 1152 2839 pro
1178 2800 1231 2829 teri
1241 2799 1364 2829 solitum
1373 2808 1466 2830 artem
1478 2799 1535 2830 effe
1545 2800 1683 2831 dicendi:
1704 2799 1812 2830 deinde
1822 2819 1831 2834 ‚
1851 2798 1934 2841 quod
1955 2800 2058 2830 Theo-

1966 2841 2070 2876 dorus,

1139 2955 1167 2982 3.
1188 2950 1220 2971 Et
1237 2953 1331 2971 tantum
1349 2952 1376 2970 ur
1393 2943 1550 2979 memoriam]
1571 2943 1651 2970 Delet
1668 2942 1825 2979 particulam
1838 2943 2037 2973 &Gulielmius
2049 2962 2059 2976 ,

1104 2983 1178 3013 nullo
1190 2983 1324 3008 lententiae
1335 2981 1414 3006 malo.

1138 3026 1165 3051 4.
1185 3019 1301 3050 Qoniam
1310 3019 1396 3042 ribiita
1406 3016 1537 3050 quadran]
1556 3015 1628 3042 Illud
1640 3019 1686 3046 iia,
1698 3017 1712 3041 ii
1723 3015 1807 3040 Rivio
1817 3013 1936 3041 additum
1949 3034 1957 3047 ‚
1976 3016 2055 3041 etiam

1101 3052 1262 3090 deprehendi
1272 3053 1298 3078 in
1311 3052 1467 3078 membranis
1481 3052 1618 3083 Palatinis,
1629 3061 1676 3078 nec
1686 3061 1737 3077 non
1749 3051 1904 3085 Cujziciano.

1142 3099 1167 3122 5.
1186 3089 1341 3122 Omniafiqssl
1351 3092 1376 3114 in
1385 3089 1631 3121 Tlacmffloclcparia]
1645 3087 1800 3121 (jujacianus
1813 3105 1821 3118 ‚
1836 3087 2058 3118 OrtiniaJPijffiwx-

1105 3126 1197 3155 mistocli
1211 3127 1286 3156 paria
1297 3143 1305 3155 ,
1325 3123 1394 3158 quod
1407 3123 1477 3151 forte
1487 3123 1592 3151 admitti
1604 3123 1696 3159 poss'et.
1717 3131 1776 3150 nuni
1787 3122 1812 3149 St
1824 3122 1852 3150 iu
1864 3122 1921 3148 Pal.
1934 3122 2023 3147 viiitui·
2032 3129 2058 3146 m

1106 3160 1189 3188 solum
1198 3160 1268 3189 inter
1277 3159 1370 3188 lineas.

2005 3201 2057 3218 :lm-

1588 3194 1653 3221 R2,
1933 3184 2002 3218 ijra

1843 3246 1850 3254 .

2093 898 2132 923 it
