2337 3400
170 1603 207 1628 ii

198 149 293 202 540

204 227 273 250 mus
291 224 377 247 cantu
388 234 396 248 ,
421 213 453 243 δε
470 209 616 251 cymbalis
634 206 824 249 personaret,
841 212 972 245 cumque
989 202 1050 243 ipse
1063 199 1163 232 nudus

204 263 238 291 in
249 259 393 289 convivio
406 255 534 286 saltaret:
557 253 590 281 in
606 259 667 291 quo
685 258 722 280 ne
742 256 807 278 turn
823 245 949 287 quidem
961 265 970 278 ‚
989 254 1060 275 cum
1075 243 1164 273 illum

207 303 294 333 suurn
305 299 486 330 saltatorium
496 294 625 325 versaret
640 290 746 321 orbem
757 308 770 323 ,
778 288 899 328 fortuna
916 294 1007 317 rotam
1023 286 1165 326 pertime-

209 342 312 374 scebat.
339 342 398 369 Hic
407 346 506 368 autern
517 345 580 366 non
591 343 651 364 tam
660 332 828 363 concinnus
839 330 931 360 heluo
940 349 948 363 ‚
961 338 1016 359 nec
1024 337 1084 359 tarn
1096 336 1166 357 mu-

210 383 285 414 sicus
297 403 305 415 ‚
326 381 435 419 jacebat
444 382 477 408 in
487 379 538 408 suo
550 379 724 406 Graecorum
734 372 837 403 faetore
849 392 858 405 ‚
879 380 966 416 atque
979 371 1062 401 vino.
1086 367 1167 410 quod

210 424 335 465 quidem
352 421 434 452 istius
446 441 454 455 ,
473 422 507 450 in
525 419 586 449 illis
602 414 818 457 reip.lu&ibus
829 434 836 448 ‚
855 416 933 454 quali
944 411 1066 454 aliquod
1078 412 1169 451 Lapi-

211 468 328 496 tharum
341 484 349 499 ,
369 473 418 494 aut
428 466 646 493 Centaurorum
663 459 843 488 convivium
862 455 1010 485 ferebatur
1028 465 1034 483 t
1057 456 1090 484 in
1108 462 1170 494 quo

212 518 308 538 nemo
318 505 414 546 potest
423 505 521 535 dicere
532 523 541 536 ‚
562 500 665 532 utrum
682 498 736 530 iste
754 499 820 539 plus
837 497 947 527 biberit
958 518 966 531 ,
985 504 1172 527 autvomue-

212 551 272 583 rit,
292 546 488 579 aneffuderit.
510 548 561 575 Tu
578 545 670 573 etiam
687 543 879 571 mentionem
895 538 984 569 facies
1002 537 1172 569 consulatus
1190 531 1192 553 ⁸

213 593 280 622 tui?
294 600 342 620 aut
352 600 380 620 te
390 587 476 619 fuisse
486 583 761 618 Romaeconsulem
773 582 869 613 dicere
879 580 1020 611 audebis?
1033 578 1126 621 quid?
1141 588 1172 608 tu

216 643 255 664 ix
269 641 475 663 Lici-omnus
486 650 495 663 ‚
515 631 547 659 in
557 637 624 667 toga
633 647 641 660 ,
662 626 694 656 &
703 633 841 665 praetexta
850 622 907 653 effe
918 623 1105 654 consulatum
1117 630 1173 660 pu-

214 678 279 706 tas?
295 684 361 715 quae
371 681 548 702 ornamenta
557 673 647 700 etiam
658 670 690 698 in
700 670 768 697 Sex.
780 665 891 696 Clodio
905 686 913 699 ,
925 674 952 695 te
962 664 1086 694 consule
1097 683 1105 696 ,
1117 660 1174 691 esse

214 715 352 748 voluisti.
376 715 477 750 Hujus
498 723 529 743 tu
540 711 679 743 Clodiani
699 711 780 740 canis
804 706 969 753 insignibus
986 706 1176 736 consulatum

218 759 358 790 declarari
368 760 473 797 putas?
497 765 519 784 A
529 765 550 784 N
561 765 572 783 i
584 763 610 783 M
620 763 639 783 ο
661 751 817 781 consulem
828 749 886 779 este
898 757 1026 788 oportet,
1040 744 1176 779 consilio,

218 799 277 832 fide
298 820 306 834 ,
329 801 489 840 gravitate,
509 798 540 827 vi
564 796 684 827 ilantia,
708 802 798 825 cura3
822 800 887 821 toto
906 791 1037 830 denique
1054 797 1179 818 munere

220 842 393 873 consulatus
405 844 414 860 ¹
425 842 512 870 omni
522 807 627 868 officio
636 835 768 867 tuendo⁷
780 834 976 872 maximeque
985 852 993 865 ,
1006 831 1037 861 id
1045 829 1126 872 quod
1134 832 1181 859 vis

219 885 360 915 nominis
375 881 554 923 praescribit‚
573 880 645 918 reip.
658 875 856 907 consulendo.
881 885 937 915 ego
951 874 1108 903 consulem
1125 870 1182 901 efl'e

220 936 326 968 putem
338 945 347 959 ,
367 926 418 965 qui
430 925 565 954 senatum
576 919 633 950 effe
644 929 676 949 in
687 917 791 957 repub.
803 926 867 946 non
877 918 1012 955 putavit?
1033 915 1064 944 &
1075 912 1136 943 fine
1147 923 1182 942 eo

222 966 350 1000 consilio
361 966 516 997 consulem
528 971 685 994 numerem
693 981 700 993 ,
715 958 774 989 sine
784 968 845 999 quo
855 960 965 988 Romae
975 967 1012 987 ne
1022 966 1103 996 reges
1116 957 1184 996 qui-

222 1011 294 1043 dem
305 1007 363 1039 effe
373 1009 553 1048 potuerunt?
577 1005 700 1034 Etenim
714 1001 765 1031 illa
775 1001 837 1041 jam
852 1001 980 1030 omitto:
1002 998 1072 1029 cum
1085 998 1185 1028 servo-

222 1063 292 1083 rum
305 1050 437 1081 delectus
448 1048 603 1078 haberetur
616 1047 648 1074 in
658 1044 727 1074 foro
739 1053 744 1072 2
764 1052 846 1073 arma
857 1043 889 1071 in
899 1041 1049 1081 ternplum
1060 1038 1188 1070 Castoris

223 1095 290 1125 l'uce
303 1114 311 1128 ,
334 1091 472 1132 &palam
482 1093 758 1128 comportarentur:
777 1085 809 1115 id
819 1093 919 1114 autem
931 1083 1079 1123 templum
1092 1102 1100 1115 ‚
1119 1081 1189 1111 sub-

225 1137 287 1167 lato
301 1135 402 1167 aditu,
424 1129 545 1162 revulsis
556 1128 694 1170 gradibus
704 1127 954 1166 &conjuratorum
969 1126 1105 1164 reliquiis
1116 1143 1124 1157 ‚
1145 1130 1189 1151 at-

224 1188 282 1219 que
291 1177 307 1207 ᾖ
316 1177 452 1207 Catilinae

226 1228 396 1250 teneretur:
415 1215 488 1246 cum
500 1215 615 1255 equites
625 1215 719 1242 Rom.
731 1211 930 1252 relegarentur
940 1228 948 1241 ,
962 1209 1020 1238 viri
1030 1208 1104 1237 boni
1115 1207 1189 1245 lapi-

227 1261 317 1291 dibus
334 1261 351 1290 ὲ
370 1258 439 1289 foro
458 1257 638 1298 pellerentur
649 1275 657 1287 ,
674 1253 788 1294 senatui
798 1262 862 1281 non
873 1249 972 1281 solum
986 1250 1190 1286 juvarerenip.

226 1303 277 1334 sed
292 1312 330 1332 ne
340 1302 440 1343 lugere
451 1299 575 1341 quidem
586 1297 703 1326 liceret:
718 1293 790 1325 cum
800 1294 929 1326 eurisis»,
943 1291 1095 1332 quemhic
1106 1288 1191 1322 ordo,

224 1344 402 1376 assentiente
411 1344 496 1372 Italia
509 1361 517 1374 ‚
533 1338 706 1378 cuneusque
716 1336 858 1378 gentibus
867 1355 876 1368 ,
891 1334 1132 1364 conservatorem
1143 1341 1195 1371 pa—

229 1389 292 1418 tri-:e
301 1386 447 1426 judicarat
458 1405 466 1418 ,
486 1383 573 1413 nullo
581 1379 699 1421 judicio
712 1399 720 1413 ‚
732 1378 814 1408 nulla
824 1378 888 1418 lege
899 1397 907 1409 ,
920 1376 1007 1406 nullo
1017 1384 1102 1405 more
1113 1394 1121 1407 ‚
1136 1375 1194 1403 ser-

227 1431 305 1460 vitio
316 1449 325 1462 ‚
346 1437 431 1468 atque
447 1427 538 1457 armis
551 1423 710 1464 pelleretur
721 1441 730 1454 ‚
750 1430 814 1450 non
831 1419 928 1449 dicam
948 1417 1064 1448 auxilio
1082 1415 1192 1448 vestro,

226 1471 310 1513 quod
322 1470 390 1500 vere
403 1470 472 1499 licet
482 1467 580 1498 dicere
589 1485 598 1499 ,
615 1463 662 1494 sed
672 1463 750 1494 certe
762 1462 881 1492 silentio
894 1472 900 1490 ;
911 1469 976 1490 tum
987 1462 1096 1490 Romae
1106 1455 1193 1487 fuiffe

228 1513 368 1544 consules
387 1511 546 1552 quisquam
565 1505 753 1537 existimabit
770 1507 781 1533 ?
811 1505 873 1544 Qi
891 1504 1019 1532 laerones
1040 1503 1151 1542 igitur,
1173 1497 1195 1528 si

230 1554 356 1597 quidem
366 1562 421 1583 vos
430 1551 568 1583 consules
579 1551 589 1577 ?
607 1550 659 1589 qui
669 1546 823 1587 praedones
834 1565 842 1579 ‚
861 1546 914 1585 qui
925 1543 1027 1573 hostes
1035 1562 1051 1576 ,μ
1062 1544 1114 1584 qui
1124 1550 1195 1581 pro-

230 1598 342 1627 ditores
352 1616 361 1629 ,
373 1596 425 1636 qui
437 1593 556 1634 tyranni
567 1588 830 1620 nominabuntur?
853 1589 1000 1627 Magnum
1012 1593 1129 1615 nomen
1141 1581 1194 1616 est,

232 1648 340 1680 magna
361 1638 469 1677 species
482 1655 490 1668 ,
515 1642 622 1673 magna
637 1631 764 1671 dignitas
775 1650 783 1663 ,
797 1638 902 1669 magna
920 1625 1198 1666 majestasaeoiisulis:

231 1691 297 1712 non
306 1675 579 1720 capiuntangustiae
589 1672 719 1714 pe&oris
736 1673 798 1705 tui,
818 1681 883 1701 non
897 1672 1002 1709 recipit
1014 1669 1118 1698 levitas
1132 1666 1197 1700 ista,

233 1733 300 1754 non
315 1720 424 1761 egestas
438 1719 553 1749 animi:
572 1725 641 1746 non·
657 1712 818 1744 infirmitas
835 1713 951 1753 ingenii
969 1710 1110 1743 sustinet,
1132 1718 1198 1739 non

233 1764 398 1796 insolentia
413 1770 514 1791 rerum
534 1756 731 1790 secundarum
742 1764 853 1785 tantam
865 1754 1022 1794 personam
1034 1772 1041 1786 ,
1062 1761 1120 1782 tam
1134 1761 1198 1792 gra-

234 1817 307 1837 vem
319 1825 328 1840 ‚
350 1813 409 1834 tarn
427 1804 570 1833 severam.
593 1797 716 1839 Seplasia
731 1797 880 1827 mehercle
891 1816 899 1830 ,
922 1804 954 1825 ut
966 1795 1027 1824 dici
1037 1793 1196 1824 audiebam

461 1174 681 1214 praevaricatore
690 1169 847 1210 quondam
859 1188 866 1202 ‚
888 1176 953 1197 tum
965 1167 1060 1196 ultore
1071 1185 1079 1199 ‚
1099 1165 1191 1194 armis
1207 1189 1209 1197 ‚

236 1857 266 1880 te
277 1869 285 1883 ,
296 1857 329 1878 ut
337 1844 474 1887 primum
485 1843 620 1883 adspexit
632 1861 641 1875 ,
655 1842 842 1879 Campanum
852 1837 1008 1868 consulem
1019 1834 1198 1875 repudiavit.

236 1889 380 1922 Audierat
394 1888 505 1917 Decios
517 1905 526 1918 ‚
547 1884 662 1925 Magios
673 1901 681 1915 ‚
702 1881 735 1911 &
751 1880 788 1911 de
798 1883 913 1910 Taurea
930 1877 1127 1919 illoJubellio
1145 1876 1199 1905 ali—

236 1931 310 1974 quid
321 1937 467 1970 :icceperat
479 1940 484 1957 :
506 1929 538 1957 in
553 1926 663 1967 quibus
674 1922 693 1952 si
705 1922 875 1952 moderatio
885 1921 935 1951 illa
945 1940 954 1954 ,
971 1929 1037 1961 qua:
1048 1920 1080 1948 in
1092 1916 1201 1947 nostris

237 1975 313 2006 solet
323 1970 380 2003 esse
391 1969 566 2002 consulibus
576 1988 584 2001 ‚
597 1964 749 1997 nonfuit:
768 1973 797 1994 at
804 1963 863 1993 fuit
872 1972 1000 2003 pompa,
1011 1960 1070 1991 fuit
1078 1960 1199 2000 species,

234 2016 296 2049 fuit
305 2012 433 2045 incei‘l‘iis
445 2033 453 2047 ,
475 2012 577 2042 saltem
588 2006 711 2053 Seplasia
720 2006 821 2047 dignm
831 2026 839 2040 ,
852 2006 1006 2045 &Ca-pua.
1031 2002 1199 2033 Gabinium

236 2059 368 2098 denique
379 2055 399 2085 fi
408 2052 551 2085 vidifl'ent
560 2051 759 2082 duumvirum
771 2047 859 2079 vestri
873 2048 917 2077 illi
927 2045 1118 2088 unguentarii
1130 2054 1136 2073 z
1155 2044 1200 2073 ci-

239 2099 301 2132 tius
311 2095 509 2140 agnovissent.
535 2102 618 2125 erant
628 2093 673 2122 illi
683 2092 778 2122 coniti
788 2090 888 2130 capilli
899 2109 907 2123 ‚
928 2089 960 2119 ὃς
970 2087 1125 2118 madentes
1134 2086 1201 2116 cin-

238 2145 402 2174 cinnorum
414 2138 541 2170 fimbriae
553 2157 561 2171 ,
581 2136 614 2166 &
626 2133 753 2164 fluentes
764 2153 773 2166 ,
793 2130 1002 2171 ceruss'ataeque
1012 2129 1112 2160 bucca:
1122 2147 1131 2162 ‚
1152 2127 1201 2158 di-

239 2194 307 2226 gnae
326 2186 423 2223 Capua
435 2193 439 2210 :
463 2180 512 2211 scd
524 2179 577 2209 illa
588 2186 698 2209 vetere.
721 2184 791 2205 nam
802 2175 865 2205 'naec
874 2173 997 2214 quidem
1008 2192 1017 2205 ‚
1038 2181 1105 2212 quae
1118 2179 1200 2200 nunc

240 2226 303 2260 est,
322 2221 631 2265 splendidiss'iniorurn
651 2219 816 2248 hominum
831 2236 840 2250 ,
863 2212 1099 2245 fortiss‘imoium
1118 2214 1201 2242 viro-

239 2276 310 2300 rum
321 2287 329 2300 ‚
350 2268 538 2306 optimorum
548 2263 664 2293 civium
675 2279 684 2293 ,
704 2259 843 2298 mihique
853 2254 1107 2287 amicissimorum
1115 2254 1200 2284 mul-

242 2309 374 2341 titudine
388 2306 539 2337 redundat.
563 2303 812 2345 quorumCapuae
832 2307 860 2329 te
877 2306 1089 2338 praetextatum
1106 2305 1201 2325 nemo

241 2351 393 2392 adspexit,
413 2350 465 2390 qui
482 2356 544 2377 non
557 2352 690 2386 gemeret
709 2340 854 2372 desiderio
873 2341 953 2369 mei:
972 2339 1057 2377 cujus
1073 2335 1202 2368 consilio

242 2392 315 2424 cum
326 2391 496 2422 universam
506 2387 643 2427 rempub.
654 2393 720 2415 tum
730 2382 917 2421 illamvipsam
929 2380 1034 2410 urbem
1051 2380 1202 2408 memine-

242 2444 309 2466 rant
326 2433 384 2464 effe
401 2433 556 2463 servatam.
580 2438 628 2459 me
649 2428 784 2457 inaurata
791 2423 894 2460 statua
909 2422 1068 2453 donarant:
1091 2430 1141 2450 me
1154 2429 1204 2459 pa-

244 2486 367 2508 tronum
378 2484 474 2506 unum
484 2473 667 2503 adsciverant
678 2479 683 2498 t
694 2469 710 2498 a
720 2477 770 2497 me
779 2468 807 2497 se
819 2467 925 2496 habere
934 2466 1044 2497 vitam,
1057 2462 1203 2494 fortunas,

242 2519 357 2549 liberos
366 2515 596 2548 arbitrabantur:
609 2521 659 2542 me
669 2511 700 2540 &
712 2509 887 2550 praesentem
897 2515 999 2537 contra
1010 2505 1204 2535 latrocinium

246 2570 333 2591 tuum
344 2560 403 2590 suis
413 2558 559 2589 decretis,
578 2553 738 2596 legatisque
755 2550 972 2582 defenderunt,
994 2547 1203 2578 &absentem

245 2604 380 2644 principe
391 2597 598 2638 Cn.Pompejo
608 2595 754 2626 referente
765 2613 773 2627 ,
786 2593 818 2624 &
828 2593 864 2623 de
874 2600 998 2631 corpore
1009 2588 1126 2630 reipub.
1137 2597 1205 2618 tuo-

247 2653 315 2675 rum
326 2643 468 2673 scelerum
480 2641 537 2670 tela
547 2639 708 2669 revellente
720 2656 728 2670 ‚
749 2643 934 2666 revocarunt·
960 2635 1009 2662 An
1020 2641 1050 2662 tu
1061 2640 1121 2661 eras
1130 2639 1205 2659 con-

249 2685 294 2716 sul
305 2706 312 2719 ‚
333 2683 404 2715 cum
418 2686 450 2713 in
461 2683 570 2713 Palatio
581 2690 648 2710 mea
662 2679 773 2709 domus
789 2677 924 2709 ardebat,
944 2685 1008 2705 non
1018 2672 1204 2712 casualiquo,

250 2727 299 2757 sed
314 2724 424 2767 ignibus
438 2723 553 2763 injeffhs,
565 2721 723 2764 instigante
733 2729 760 2750 te
773 2723 782 2749 ?
805 2717 929 2759 Ecquod
944 2719 976 2746 in
989 2717 1043 2746 hac
1057 2715 1128 2745 urbe
1142 2722 1206 2742 ma-

246 2769 296 2809 jus
306 2777 451 2808 umquam
463 2765 638 2796 incendium
653 2763 730 2796 fuit,
750 2763 800 2792 cui
818 2771 883 2791 non
901 2759 1007 2790 consul
1025 2757 1207 2788 subvenerit?

250 2813 290 2843 At
307 2819 339 2840 tu
356 2810 411 2840 'illo
429 2809 494 2848 ipso
511 2816 645 2847 tempore
661 2804 739 2845 apud
755 2804 872 2834 socrum
891 2811 975 2832 tuam
991 2799 1082 2840 prope
1099 2799 1114 2829 a
1128 2798 1205 2827 meis

248 2851 364 2883 aedibus
376 2872 385 2884 ,
406 2852 490 2893 cujus
505 2849 634 2879 domum
648 2848 683 2877 ad
700 2856 800 2876 meam
816 2843 1050 2875 exhauriendam
1062 2838 1208 2881 patefece-

250 2903 294 2925 ηε
305 2913 314 2927 ,
326 2892 443 2923 sedebas
454 2902 516 2922 nori
527 2889 693 2920 exstin&or
702 2908 710 2921 ‚
723 2887 771 2918 sed
781 2886 885 2917 auetor
895 2884 1028 2915 incendii
1040 2904 1048 2917 ,
1060 2885 1092 2914 &
1102 2881 1208 2913 arden-

251 2937 307 2967 teis
326 2934 414 2965 saccis
432 2933 519 2963 furiis
529 2932 683 2963 Clodianis
699 2929 786 2970 paent‘:
804 2930 865 2969 ipse
883 2928 990 2958 consul
1008 2923 1205 2955 ministrabas.

195 2986 238 3010 12
253 2981 302 3009 An
320 2975 396 3008 verb
411 2975 529 3015 reliquo
544 2984 678 3014 tempore
698 2971 855 3002 consulem
875 2979 902 3001 te
920 2970 1081 3011 quisquam
1098 2967 1208 2998 duxit?

587 130 655 178 M.
724 124 1094 173 TULLti
1156 118 1711 165 cici-inorme

1208 197 1366 246 quisquam
1377 194 1432 224 tibi
1442 197 1538 234 paruit
1547 200 1558 226 ?
1566 198 1720 239 quisquam
1731 197 1765 228 in
1774 197 1885 229 curiam
1895 196 2029 229 venienti
2039 196 2168 229 assurre-

1208 242 1276 270 xit?
1294 240 1450 284 quisquam
1464 239 1634 269 consulenti
1647 240 1888 280 respondendum
1899 241 2035 280 putavit?
2053 250 2164 270 nume-

1208 281 1317 312 randus
1335 279 1377 326 eit
1394 279 1550 326 ille-annus
1566 280 1694 322 denique
1710 285 1743 312 in
1761 283 1865 323 repub.
1880 282 1952 313 cuin
1968 280 2170 312 obmutuiss'ec

1210 325 1346 370 senatus,
1363 320 1714 367 judiciaconticuissent,
1735 333 1898 355 moererent
1907 325 1979 354 boni
1992 344 2001 357 ‚
2021 324 2166 354 vislatm·

1210 368 1283 396 cinii
1294 363 1385 412 vestri
1396 371 1458 409 tota
1466 363 1538 393 urbe
1549 365 1697 399 volitaret,
1708 376 1803 407 neque
1813 369 1888 397 civis
1898 376 1976 396 unus
1987 376 2023 396 ex
2034 367 2171 398 civitate2.

1210 407 1259 439 sed
1275 409 1333 446 ips-i
1346 413 1450 452 civitas
1463 414 1517 435 tuo
1527 425 1536 439 ‚
1555 406 1720 453 &·Gabinii
1730 408 1829 438 sceleri
1841 429 1849 442 ,
1870 409 2023 448 furorique
2033 405 2171 438 ceffiffett

1212 453 1250 479 At
1262 458 1299 495 nc
1310 457 1375 494 tum
1386 446 1511 487 quidem
1521 447 1662 478 emersisti
1673 470 1681 483 ,
1702 450 1848 479 lutulente
1858 451 2015 480 Caesonine
2026 469 2034 483 ,
2055 459 2092 479 ex
2109 449 2171 478 mi-

1212 492 1345 536 serrimis
1356 497 1466 534 naturae
1476 498 1534 519 tuae
1544 490 1677 521 sordibus
1688 512 1696 524 ,
1712 491 1784 521 cum
1806 491 1961 532 experrecta
1980 492 2091 520 tandem
2107 491 2173 519 vir-

1215 541 1260 562 tm
1270 529 1421 579 clarissimi
1430 532 1488 560 viri
1498 551 1506 565 ,
1527 532 1661 562 celeriter
1675 534 1707 562 δε
1721 543 1827 562 verum
1839 535 1972 562 amicum
1984 552 1992 565 ‚
2014 533 2045 562 δε
2054 532 2171 571 optime

1216 583 1361 605 meritum
1371 582 1484 606 civem,
1498 573 1530 602 &
1539 573 1625 603 suum
1637 573 1797 614 pristinum
1809 584 1927 604 morem
1938 572 2103 614 requisivit:
2116 583 2173 603 ne-

1216 626 1273 658 que
1283 615 1327 646 est
1337 615 1387 644 ille
1397 617 1443 644 vii·
1452 613 1547 655 pasius
1559 635 1567 648 ,
1588 618 1620 645 in
1635 626 1667 646 ea
1680 617 1828 656 republica
1839 626 1929 656 quarn
1939 617 2000 655 ipse
2010 615 2174 647 decorarat»

1217 669 1304 707 atque
1315 666 1435 688 auxerat
1445 677 1452 691 ‚
1472 657 1584 687 diutius
1594 657 1761 688 vestrorum
1773 658 1916 688 scelerum
1928 657 2041 697 pestem
2053 658 2175 687 morari:

1217 709 1403 747 curii'tanicn¹
1415 699 1466 742 'ille
1479 719 1486 733 ‚
1509 700 1732 740 qualiscumque
1744 699 1785 729 est
1796 721 1803 734 ‚
1823 702 1874 741 qui
1889 699 1931 729 est
1945 699 1981 729 ab
1996 709 2059 729 uno
2074 708 2101 729 te
2114 701 2177 727 im-

1218 742 1363 789 probitate
1373 742 1472 770 Vie‘tus
1484 761 1492 775 ,
1510 742 1658 772 Gabinius
1669 763 1676 776 ‚
1687 742 1881 783 collegitipse
1892 742 1920 772 se
1929 743 1984 771 vix
1998 751 2003 770 :
2021 741 2070 771 sed
2081 741 2178 771 colle-

1219 793 1265 831 git·
1282 792 1382 814 tamen
1394 802 1402 815 ‚
1423 783 1456 812 δε
1472 793 1575 814 contra
1594 786 1680 814 suum
1692 784 1834 814 Clodium
1845 804 1854 818 ,
1873 785 2008 823 primurn
2029 782 2181 816 simulate»,

1221 825 1330 872 deinde
1348 833 1410 874 non
1425 825 1577 860 libentem
1596 826 1631 856 ad
1643 835 1814 856 extremum
1833 835 1936 856 tamen
1949 835 2003 865 pro
2014 827 2071 855 Cn.
2083 827 2178 854 Pom-

1222 877 1291 908 pelo
1303 877 1371 896 vere
1384 885 1393 914 ’.
1412 868 1665 909 vehementerque
1675 871 1828 909 pugna-iit.
1850 877 1911 908 quo
1926 867 2049 908 quidem
2064 868 2096 895 in
2114 866 2180 905 spe-

1224 909 1341 957 §laculo
1353 918 1427 938 mira
1435 910 1541 949 populi
1552 912 1686 940 Romani
1695 911 1817 950 aequitas
1827 918 1895 940 erat.
1919 917 1981 938 uret
1994 918 2100 939 eorum
2114 916 2182 947 pei·-

1224 950 1289 981 isset
1299 971 1307 983 ‚
1327 960 1479 998 tamquam
1491 951 1595 981 lanista
1607 973 1614 986 ,
1635 954 1666 981 in
1677 952 1825 991 ejusmodi
1840 953 1900 991 pari
1916 952 2034 981 lucrum
2048 949 2113 979 fieri
2126 959 2183 988 pu-

1226 993 1321 1040 tabat:
1343 994 1549 1022 immortalem
1567 993 1637 1024 vero
1654 994 1801 1035 quaestum
1813 1015 1821 1027 ‚
1843 992 1863 1023 si
1882 1002 2004 1034 uterque
2022 990 2184 1022 cecidisset.

1226 1035 1281 1081 Sed
1293 1034 1344 1081 ille
1354 1043 1456 1082 tamen
1465 1035 1566 1081 agebat
1574 1036 1686 1076 aliquid
1699 1047 1704 1065 :
1724 1036 1861 1066 tuebatur
1876 1034 2082 1065 amstoritatern
2102 1033 2187 1063 sum-

1230 1087 1274 1105 mi
1284 1086 1351 1106 viri.
1375 1078 1504 1115 eratipsc
1515 1077 1669 1108 sceleratus
1680 1097 1689 1111 ,
1711 1087 1770 1108 erat
1778 1078 1937 1119 gladiator:
1958 1087 2029 1107 cum
2045 1075 2186 1106 scelerato

1228 1127 1331 1164 tamen
1341 1118 1398 1164 '.&
1407 1128 1475 1147 cum
1486 1120 1547 1157 pari
1556 1119 1717 1159 gladiatore
1727 1121 1885 1159 pugnabat.
1910 1122 1959 1149 Tu
1969 1119 2082 1148 scilicet
2090 1117 2186 1146 homo

1231 1160 1387 1206 religiosus
1399 1179 1407 1192 ,
1430 1159 1462 1188 &
1478 1159 1592 1190 sanetus
1602 1181 1609 1193 ‚
1631 1160 1730 1190 foedus
1741 1180 1750 1194 ,
1769 1161 1850 1201 quod
1863 1170 1933 1190 meo
1942 1161 2082 1200 sanguine
2094 1161 2127 1187 in
2136 1167 2189 1197 pa-

1232 1200 1335 1248 stione
1358 1203 1581 1248 provinciarum
1603 1204 1695 1232 iceras
1713 1222 1722 1236 ‚
1749 1202 1882 1244 frangere
1903 1200 2040 1231 noluisti.
2075 1207 2191 1229 caverat

1233 1252 1326 1290 enirn
1338 1241 1391 1272 sibi
1409 1242 1461 1272 ille
1479 1243 1610 1273 sororius
1630 1244 1765 1277 adulter,
1786 1253 1836 1278 ut,
1857 1242 1878 1273 si
1894 1244 1950 1273 tibi
1967 1243 2126 1283 pecuniam
2139 1260 2147 1274 ,
2169 1238 2190 1270 si

1231 1293 1396 1331 exercitum
1409 1304 1418 1318 ‚
1438 1282 1629 1324 sipecuniam
1640 1295 1769 1325 ereptam
1780 1296 1819 1316 ex
1831 1287 1904 1326 reip.
1913 1284 2076 1315 visceribus
2091 1282 2191 1313 dedis-

1231 1328 1291 1360 set,
1312 1336 1457 1356 omnium
1466 1327 1589 1357 suorum
1605 1329 1748 1358 scelerum
1764 1329 1881 1358 socium
1897 1337 1942 1361 te,
1963 1326 2193 1365 adjutoremque

1232 1368 1385 1416 praeberes.
1409 1371 1511 1409 Itaque
1528 1372 1561 1399 in
1579 1370 1635 1399 illo
1651 1370 1785 1401 tumultu
1800 1369 1886 1399 frabh
1902 1368 2011 1399 fasces:
2030 1367 2107 1397 istus
2117 1368 2189 1406 ipse:

1232 1410 1370 1451 quotidie
1388 1411 1464 1444 tela,
1484 1411 1614 1451 lapidem,
1634 1412 1732 1453 fugae:
1752 1412 1951 1452 deprehensus
1970 1411 2099 1450 denique
2118 1417 2191 1439 cum

1232 1454 1312 1483 ferro
1329 1452 1364 1482 ad
1384 1453 1519 1483 senatum
1541 1455 1584 1498 is,
1605 1464 1697 1494 quem
1707 1454 2000 1494 aan-Pompejum
2013 1453 2196 1482 interimen-

1233 1494 1518 1545 dumxcollocatum
1540 1495 1627 1526 tuisse
1647 1496 1808 1527 constabat.
1851 1499 1890 1526 Et
1907 1497 1973 1536 quis
1992 1493 2108 1525 audivit
2127 1501 2191 1522 non

1235 1536 1331 1584 modo
1353 1535 1506 1567 astionem
1528 1538 1658 1578 aliquam
1675 1558 1684 1572 ,
1712 1548 1763 1568 aut
1779 1538 1959 1568 relationem
1978 1557 1989 1570 ,
2016 1535 2067 1566 sed
2084 1544 2193 1565 vocem

1236 1588 1367 1624 omnino
1380 1598 1388 1612 ‚
1403 1588 1453 1625 aut
1462 1580 1614 1619 querelam
1627 1583 1730 1610 tuam?
1753 1580 1994 1610 Consulemtum
2005 1588 2032 1608 te
2041 1576 2127 1606 fuiffe
2137 1580 2197 1616 pu-'

1237 1629 1297 1654 tas,
1318 1630 1403 1660 cujus
1421 1631 1455 1668 rii
1473 1623 1622 1661 imperio,
1644 1623 1696 1662 qui
1708 1621 1845 1662 rempub.
1856 1621 1972 1651 senatus
1981 1618 2193 1650 austeritatem

1236 1663 1360 1710 servarat
1369 1682 1377 1696 ‚
1387 1665 1411 1710 ¹2
1419 1662 1560 1704 idemque
1573 1665 1607 1693 in
1615 1666 1699 1694 Italia
1708 1665 1760 1704 qui
1771 1664 1891 1693 omneis
1901 1663 2042 1692 omnium
2055 1661 2195 1701 gentium

1237 1713 1342 1752 parteis
1356 1704 1450 1750 tribus
1465 1707 1626 1750 triumphis
1639 1705 1835 1739 devinxerat,
1858 1706 1884 1734 is
1901 1705 1930 1734 se
1951 1705 1983 1734 'in
1999 1701 2109 1745 publico
2128 1698 2197 1731 tuti>

1239 1746 1339 1776 statuit
1347 1745 1404 1775 esse
1414 1756 1477 1776 non
1488 1746 1569 1786 posse
1581 1750 1591 1775 ?
1614 1751 1662 1777 An
1674 1756 1738 1777 turn
1749 1747 1836 1776 eratis
1846 1746 1984 1776 consules
1993 1764 2002 1778 ,
2013 1743 2086 1774 cum
2097 1764 2105 1776 ,
2120 1751 2197 1783 qua-

1239 1797 1368 1828 cumque
1381 1787 1418 1817 de
1432 1798 1461 1817 re
1474 1788 1602 1818 verbum
1616 1788 1712 1818 facere
1725 1790 1879 1828 coeperatis
1888 1807 1897 1821 ‚
1917 1796 1967 1817 aut
1978 1785 2086 1816 referre
2099 1785 2135 1815 ad
2150 1784 2198 1814 se-

1240 1838 1344 1874 natum
1359 1840 1368 1863 3
1391 1828 1519 1859 cuneius
1537 1830 1614 1860 ordo
1627 1831 1822 1864 reclamabat,
1842 1828 2094 1869 ostendebatque,
2114 1825 2197 1857 nihil.

1240 1870 1297 1901 esse
1311 1881 1365 1901 vos
1381 1870 1517 1916 adiuro&
1538 1870 1593 1902 nisi
1612 1872 1694 1912 prius
1712 1872 1749 1902 de
1768 1882 1818 1902 me
1835 1869 2021 1903 retulissetis?
2045 1869 2117 1900 curn
2126 1877 2197 1901 vos,

1237 1923 1424 1961 quamquam¹
1440 1913 1553 1944 icedere
1571 1913 1708 1944 obstriffi
1727 1914 1912 1945 tenebamini
1931 1933 1940 1947 ‚
1969 1921 2070 1943 tamen
2091 1919 2199 1950 cupere

1239 1965 1294 1985 vos
1304 1955 1441 2000 diceretis
1452 1976 1462 1989 ,
1476 1955 1524 1986 sed
1536 1956 1599 1998 lege
1610 1955 1774 1996 impediri?
1791 1966 1857 1997 quae
1868 1956 1917 1986 lex
1926 1955 2048 1995 privatis
2060 1953 2201 1983 homini.-

1240 1997 1296 2046 bus
1315 1996 1374 2045 esse
1393 1997 1443 2027 Iex
1461 2008 1525 2028 non
1543 1998 1719 2032 videbatur,
1738 1997 1837 2028 inusta
1845 1998 2022 2038 perserv05,
2043 1994 2137 2025 incisa
2145 2002 2200 2033 per

1241 2050 1306 2070 vim
1318 2059 1327 2073 ,
1347 2038 1484 2079 imposita
1501 2050 1553 2080 per
1569 2041 1761 2071 latrocinium
1774 2060 1782 2074 ,
1800 2040 1916 2070 sublato
1932 2039 2053 2072 senatu,
2073 2035 2163 2077 pulsis
2181 2033 2200 2065 ὲ

1240 2081 1309 2112 foro
1328 2082 1418 2130 bonis
1437 2082 1581 2113 omnibus
1593 2103 1604 2117 ,
1626 2091 1708 2122 capta
1725 2082 1831 2122 repub.
1850 2091 1953 2112 contin
1970 2081 2089 2111 omneis
2106 2079 2198 2119 leges,

1242 2124 1329 2155 nullo
1338 2125 1441 2171 scripta
1451 2134 1543 2153 more.-
1554 2126 1630 2155 hanc
1639 2125 1730 2166 quise
1740 2134 1872 2155 metuere
1882 2124 2018 2154 dicerent
2026 2143 2035 2156 ,
2046 2120 2198 2152 consules,

1241 2176 1306 2198 non
1316 2166 1414 2214 dicam
1425 2168 1522 2197 animi
1532 2168 1696 2197 hominum
1708 2188 1717 2200 ‚
1738 2167 1786 2197 sed
1795 2165 1860 2196 fasti
1872 2186 1881 2200 ‚
1900 2166 1955 2196 ulli
1971 2164 2046 2194 ferre
2063 2160 2200 2203 possunt?

1243 2212 1345 2242 Nam,
1364 2206 1385 2238 fi
1402 2209 1488 2238 illam
1506 2210 1604 2250 legem
1624 2219 1690 2239 non
1707 2209 1867 2249 putabitis,
1888 2217 1954 2248 quae
1973 2214 2034 2236 erat
2047 2212 2151 2235 contra
2163 2211 2201 2232 o-

1240 2252 1342 2282 mneis
1352 2251 1431 2292 leges
1441 2270 1450 2284 ,
1464 2251 1632 2281 indemnati
1641 2253 1717 2281 civis
1727 2271 1736 2284 ‚
1751 2260 1836 2291 atque
1846 2250 1951 2290 integri
1960 2248 2063 2286 capitis
2074 2266 2082 2279 ,
2097 2245 2215 2275 bono-.-

1240 2302 1369 2332 rumque
1380 2292 1535 2323 tribunitia
1543 2293 1720 2333 proscriptio
1733 2303 1738 2321 ;
1758 2293 1811 2321 hac
1824 2301 1925 2321 tamen
1934 2287 2070 2320 obstricti
2085 2286 2202 2327 pastio-

1242 2344 1283 2382 ne
1293 2334 1479 2379 tenebamini
1491 2345 1497 2363 2
1516 2336 1584 2375 quis
1593 2344 1648 2364 vos
1659 2343 1724 2363 non
1736 2332 1832 2364 mode>
1842 2332 1980 2363 consules
1991 2350 1999 2365 ,
2020 2330 2068 2361 sed
2088 2328 2202 2359 liberos

1241 2374 1329 2421 fuisse
1339 2382 1423 2414 putet
1431 2395 1440 2408 ‚
1454 2385 1584 2416 quorum
1596 2385 1683 2405 mens
1692 2372 1924 2417 fueritoppress'a
1934 2374 2060 2414 praemio
2069 2392 2078 2406 ,
2100 2371 2203 2411 lingua

1242 2416 1378 2465 aditi-ieta
1396 2417 1533 2447 mercede
1556 2420 1567 2447 ?
1596 2420 1649 2448 Sin
1667 2417 1754 2447 illam
1772 2427 1826 2447 vos
1847 2417 1904 2447 soli
1923 2417 2021 2457 legem
2040 2413 2200 2454 putabitis:

1242 2459 1399 2507 quisquam
1410 2469 1467 2489 vos
1476 2459 1613 2490 consules
1625 2468 1695 2490 tunc
1704 2458 1790 2489 fuiffe
1801 2479 1810 2493 ‚
1831 2468 1882 2489 aut
1895 2468 1976 2488 nunc
1990 2454 2049 2486 effe
2066 2454 2204 2486 consula-

1243 2511 1300 2531 reis
1311 2509 1395 2547 putet
1406 2521 1423 2534 ‚v
1434 2503 1484 2542 qui
1497 2502 1560 2541 ejus
1572 2503 1700 2532 civitatis
1710 2522 1718 2535 ‚
1737 2503 1772 2532 iri
1783 2511 1840 2542 qua
1849 2503 1881 2531 in
1891 2501 2064 2540 principum
2073 2505 2203 2528 numero

1244 2544 1336 2589 vultis
1346 2541 1404 2572 elle
1415 2564 1423 2577 ‚
1436 2545 1588 2584 nonleges
1599 2564 1607 2577 ,
1622 2554 1686 2574 non
1697 2543 1829 2574 instituta
1838 2564 1846 2577 ,
1861 2552 1925 2572 non
1935 2550 2037 2572 mores
2047 2561 2055 2575 ,
2066 2549 2129 2570 non
2141 2539 2204 2577 jura

1245 2593 1339 2614 nori-'u
1350 2589 1361 2614 Ρ
1373 2588 1433 2616 *An
1444 2606 1452 2619 ‚
1472 2584 1544 2616 cum
1556 2585 1826 2626 proficiscebamini
1841 2584 1970 2625 paludati
1982 2585 2018 2613 in
2032 2581 2204 2623 provincias

1243 2628 1290 2657 vel
1310 2635 1423 2662 eintaS,
1445 2628 1496 2658 vel
1513 2637 1627 2668 ereptas
1640 2648 1648 2662 ‚
1672 2628 1810 2658 consules
1829 2637 1883 2657 vos
1901 2626 2058 2667 quisquam
2077 2623 2205 2664 putavit?

1244 2673 1345 2710 Itaque
1357 2689 1365 2702 ³
1387 2671 1476 2700 credo
1487 2690 1496 2704 ,
1518 2669 1538 2700 si
1551 2669 1655 2700 minus
1668 2669 1836 2710 frequentia
1852 2669 1900 2699 sua
1915 2666 2045 2699 vestrum
2057 2661 2204 2706 egressum

1245 2711 1381 2741 ornando
1393 2732 1401 2745 ‚
1421 2722 1509 2753 atque
1519 2711 1713 2742 celebrando:
1733 2719 1766 2740 ar
1783 2709 1923 2740 ominibus
1939 2709 2040 2750 [Ziltem
2059 2706 2148 2739 bonu,
2170 2712 2205 2735 ut

1245 2754 1399 2784 consules:
1420 2764 1485 2785 non
1502 2752 1672 2784 tristiffimis
1682 2774 1690 2788 ‚
1710 2763 1743 2783 ut
1753 2752 1864 2783 hosteis
1874 2773 1882 2786 ,
1899 2762 1947 2782 :iut
1957 2749 2124 2791 proditores
2134 2757 2204 2786 pro-

1246 2795 1450 2836 sequebantur.
1484 2799 1573 2827 Tune
1594 2798 1686 2827 etiam.
1701 2816 1710 2829 ‚
1733 2793 1987 2827 immanissimum
1999 2811 2008 2825 ,
2030 2800 2062 2820 ac
2080 2786 2204 2819 foediffi-

1246 2848 1334 2867 muni
1345 2839 1517 2870 monstrum
1527 2858 1536 2871 ,
1552 2839 1637 2868 ausus
1647 2848 1677 2867 es
1689 2848 1793 2867 meum
1804 2834 1961 2867 discessum
1973 2833 2062 2864 illum
2073 2851 2082 2865 ⁷
2097 2830 2204 2862 testem

1246 2880 1362 2910 sceleris
1373 2901 1381 2916 ,
1394 2881 1620 2912 &crudelitatis
1630 2889 1686 2909 tuae
1697 2900 1705 2913 ,
1719 2878 1875 2909 maledieti
1888 2877 1920 2906 ὃς
1930 2874 2123 2906 contumeliae
2136 2873 2206 2902 loco

1245 2932 1360 2962 ponere
1378 2927 1389 2953 ?
1411 2926 1481 2964 Qo
1500 2922 1624 2963 quidem
1644 2931 1778 2961 tempore
1798 2921 1880 2959 cepi,
1902 2921 1930 2949 P.
1945 2921 1975 2948 C,
1997 2916 2130 2946 fructum
2147 2917 2207 2944 imf-

1247 2964 1508 2997 mortalemvestri
1517 2965 1551 2994 in
1561 2974 1610 2994 me
1621 2983 1631 2998 ‚
1644 2963 1677 2993 &
1686 2965 1798 2994 amoris
1808 2982 1817 2996 ,
1834 2960 1979 3001 &judicii
1991 2971 1999 2993 3
2017 2961 2067 3000 qui
2079 2967 2144 2987 non
2156 2955 2207 2986 ad*-

1920 3010 1925 3014 ·
2071 3006 2209 3035 murmu-

289 3110 312 3128 1.
331 3103 399 3127 Omni
407 3101 472 3132 afficio
482 3099 565 3125 ruendo
575 3118 583 3130 ,
594 3102 739 3133 maxirneque
750 3118 757 3129 ‚
768 3099 794 3124 id
801 3099 861 3133 quod
869 3099 908 3124 vis
918 3099 1016 3124 nominis
1025 3097 1075 3129 1¹th
1082 3096 1209 3129 pne-scribit
1227 3099 1229 3103 ¹

247 3138 347 3169 niyvubl.
359 3135 518 3169 consulem-dm]
528 3154 531 3155 ν
540 3135 606 3164 Hice
617 3134 694 3160 verba
713 3143 802 3160 ouinia
812 3143 882 3160 nuuc
900 3135 1017 3170 prinnini
1027 3132 1153 3159 Ciceroni
1164 3141 1208 3157 ac·
1224 3145 1227 3168 j

247 3172 358 3207 acciunt,
369 3180 468 3202 erutae
479 3170 537 3199 Pal.
552 3170 603 3199 sec.
613 3180 698 3209 neque
708 3170 788 3208 longe
800 3170 878 3198 aliter
889 3169 974 3198 codex
986 3168 1148 3205 Turingicus
1161 3186 1170 3201 ,
1180 3174 1211 3195 ut
1224 3169 1227 3199 l

1251 3095 1278 3120 ¹&
1290 3093 1409 3127 prodidit
1419 3089 1582 3119 Gulielmius
1593 3089 1679 3116 noster
1690 3097 1746 3124 cap.
1804 3086 1836 3112 :id
1848 3085 2044 3112 Truciileiituin
2056 3083 2153 3111 Plauti..

1309 3150 1314 3155 .
1333 3130 1438 3162 Idemque
1447 3130 1472 3153 in
1482 3129 1555 3152 ltalia
1565 3128 1605 3160 qui
1614 3125 1718 3160 omnm]
1739 3123 1854 3159 Egregie
1866 3122 1974 3157 conjicit
1985 3119 2146 3149 Gulielmius
2158 3119 2208 3152 ,fi-

1249 3166 1342 3200 demque
1350 3168 1377 3192 in
1385 3166 1473 3196 italia,
1482 3165 1524 3198 qui
1532 3170 1620 3189 omnes.

1286 3139 1302 3154 2

2118 3199 2143 3220 3.
2154 3190 2220 3218 Cum

2215 1498 2254 1532 13

2225 2790 2269 2824 ¹4
