2250 3358
663 124 726 181 H
800 143 822 181 1

901 144 1503 188 STORIA.

2010 160 2072 197 21

120 221 212 271 griffi
226 221 338 256 Roma
349 213 556 264 ejiciuntur,
571 213 781 262 Glaucippus
793 214 976 263 excipitur.
997 220 1088 254 Hoc
1125 216 1266 266 fingulae
1286 232 1387 256 voces
1406 233 1609 269 praeconum
1623 246 1632 263 ‚
1655 221 1710 260 sed
1723 235 1792 259 una
1806 234 1890 260 voce
1903 227 2085 264 universus

119 279 257 320 quoque
275 278 367 301 anno
379 264 531 299 Catilina
551 263 724 299 accusatus
746 263 794 298 est
806 264 1073 310 repetundarum

119 319 138 354 :i
148 320 179 352 P.
189 315 315 351 Clodio
327 312 550 350 adolescente,
562 312 688 360 Cicero
701 324 764 359 pro
778 312 908 352 Coelio,
920 315 955 348 δε
967 313 1073 347 Asco-

116 365 200 400 nius.
229 365 303 398 Reo
329 361 371 397 de
386 361 541 408 pecuniis
553 360 750 407 repetundis
762 383 772 397 ‚
794 360 953 395 Catilinae
965 360 1073 396 advo-

113 422 208 448 catus
221 410 286 446 fuit
298 412 498 457 Torquatus
511 408 629 444 consul
641 434 651 449 ,
666 421 728 456 pro
742 408 844 444 Sulla.
856 408 1002 444 Clodius
1015 422 1072 445 ac-

112 459 247 496 cusator
257 458 276 494 a
289 457 438 494 Catilina
449 457 632 506 pecuniam
645 456 774 505 accepit
786 481 796 497 ‚
820 467 860 492 ut
872 457 1073 505 ⁵turpissime

111 507 401 558 praevaricaretur.
427 506 469 541 de
481 506 623 554 Harusp.
634 505 719 555 resp.

110 621 115 624 ι
170 577 265 611 Anno
282 571 369 609 urbis
391 583 592 609 Dchxx1x.
612 571 766 609 Ciceronia
787 581 895 607 me.
916 570 1022 607 Coss.

214 677 254 712 L·
276 676 480 724 JULIUS
507 620 726 711 (ζῗέιὲἷζῐζ,
754 674 797 709 C.
826 674 965 710 MAR-

379 725 512 760 CIUS
538 723 799 758 FIGULUS.

108 821 110 824 .
213 791 274 825 OS
285 789 440 825 consules
453 787 612 823 nominat
623 787 749 822 Cicero
759 799 821 835 pro
832 787 936 823 Sulla.
949 785 1066 822 iisdem

112 793 241 877 Hse
254 837 360 873 filiolo
373 836 513 872 audium
526 835 641 872 scribit
653 835 791 871 lib·1.ad
804 835 970 883 Att-Qia
982 848 1065 871 vero

107 899 218 923 annus
229 885 473 932 XL111.legibus
485 885 652 920 Romanis
664 884 849 920 consularis
862 884 942 925 fuit,
952 895 991 920 ut
1002 884 1064 919 Ci-

106 946 189 970 cero
202 933 320 981 Philip·
333 945 364 975 5.
379 933 529 970 ostendit
540 959 549 975 ,
562 933 640 969 ideo
654 933 780 968 Cicero
791 933 861 967 hoc
872 945 965 968 anno
977 944 1065 968 con-

106 982 254 1018 -sulatum
266 982 398 1030 petivit,
411 982 454 1017 de
465 995 536 1030 quo
548 995 610 1028 pro
623 981 740 1017 Coelio
751 981 865 1030 inquit
876 995 883 1016 :
896 981 1064 1030 Deinceps

104 1029 174 1069 fuit
185 1043 293 1066 annus
307 1054 317 1068 ‚
328 1043 398 1080 quo
410 1043 476 1079 ego
490 1030 705 1073 consulatum
717 1030 834 1078 petivi.
852 1032 893 1065 In
906 1030 1062 1066 consula-

105 1089 160 1114 tus
174 1079 341 1126 petitione
349 1080 406 1116 sex
416 1079 659 1126 competitores
671 1079 796 1114 Cicero
805 1077 938 1118 habuit,
950 1079 1063 1114 P.Sul-

103 1127 239 1175 -picium
251 1127 396 1163 Galbam
413 1151 424 1166 ,
440 1131 480 1164 L.
494 1127 653 1175 Sergium
665 1127 851 1163 Catilinam
865 1152 874 1167 ‚
898 1127 939 1162 C.
954 1129 1064 1162 Anto-

104 1175 206 1211 nium
217 1201 227 1216 ,
240 1178 280 1212 L.
290 1176 444 1212 Caffium
457 1176 663 1224 Longinum
676 1202 686 1218 ,
705 1174 992 1223 Qornificium
1006 1201 1014 1217 ‚
1030 1178 1064 1213 ὃ(

103 1225 148 1262 C.
169 1224 344 1261 Licinium
367 1225 595 1261 Sacerdotem.
627 1224 671 1260 de
693 1225 819 1273 quibus
838 1225 1005 1261 Asconius
1028 1225 1063 1261 in

103 1273 226 1309 oratii]
237 1273 444 1321 tog.cand.&
452 1274 623 1320 Qicero
632 1273 675 1310 de
685 1273 852 1322 petitione
861 1274 953 1309 cons.
964 1273 1000 1308 in
1010 1274 1062 1309 his

105 1322 233 1368 patritii
245 1322 315 1358 duo
328 1322 426 1358 fueru
433 1334 482 1363 nt,
497 1322 654 1363 RGalba,
666 1325 700 1359 ὅτ.
711 1322 913 1358 L.Catilina.
930 1322 973 1358 de
981 1323 1061 1370 qui—
1093 1335 1094 1338 ¹

103 1370 169 1406 bus
183 1370 307 1406 Cicero
328 1384 389 1417 pro
402 1373 570 1407 Murena:
602 1370 740 1407 Etenim
752 1370 839 1406 mihi
855 1370 916 1417 ipsi
927 1371 1061 1410 accidit,

103 1429 144 1454 ut
154 1430 235 1454 curn
247 1419 382 1455 duobus
393 1420 543 1468 patriciis
553 1446 563 1461 ‚
572 1420 679 1456 altero
691 1419 947 1468 improbissimo
958 1430 1060 1468 atque

101 1467 333 1506 audacissimo,
343 1467 450 1504 altero
462 1468 709 1505 modestiffimo
721 1480 821 1517 atque
833 1469 968 1516 optimo
982 1469 1058 1505 viro

100 1526 252 1564 peterem
263 1540 274 1554 ‚
286 1516 436 1565 superavi
448 1528 564 1554 tamen
579 1517 748 1565 dignitate
760 1517 948 1553 Catilinam
960 1542 969 1558 ,
981 1530 1059 1565 gra-

101 1565 149 1601 tia
160 1565 315 1601 Galbam.
329 1566 423 1602 Cum
432 1577 548 1603 autem
560 1567 596 1603 in
609 1567 679 1602 dies
692 1566 830 1603 licentia
841 1566 988 1602 ambitus
1000 1580 1060 1602 au-

101 1624 243 1661 geretur
254 1625 392 1663 propter
403 1615 610 1664 praecipuam
623 1615 781 1651 Catilinae
793 1617 828 1652 &
839 1615 984 1652 Antonii
997 1628 1058 1652 au-

102 1662 234 1698 daciam
246 1686 256 1701 ,
280 1664 454 1700 censuerat
473 1664 605 1701 senatus
618 1688 628 1703 ‚
649 1676 690 1701 ut
711 1664 766 1701 lex
789 1664 938 1700 ambitus
959 1665 1060 1701 anila

100 1711 206 1747 etiam
217 1724 298 1748 cum
317 1725 420 1760 poena
430 1712 586 1750 ferretur.
610 1713 667 1749 cui
680 1713 728 1749 rei
740 1712 822 1748 cum
837 1717 907 1761 Q·
920 1713 1059 1750 Mucius

102 1759 284 1796 Orestinus
295 1761 502 1810 tribunuspl.
512 1762 745 1799 interceffiffet
756 1786 765 1801 2
777 1763 931 1810 graviter
942 1763 1058 1799 senatu

99 1808 378 1846 intercessionem
400 1810 551 1850 ferente,
572 1811 698 1847 Cicero
710 1810 858 1847 surrexit
881 1835 890 1849 ‚
903 1821 1004 1859 atque
1022 1812 1057 1847 in

98 1857 289 1893 coitionem
302 1859 458 1895 Catilinae
471 1862 506 1897 δε
519 1860 662 1897 Antonii
682 1860 841 1896 investus
854 1859 903 1895 est
914 1883 925 1898 .
945 1860 1059 1896 habita

100 1906 257 1942 oratione
268 1907 305 1942 in
318 1918 398 1955 toga
409 1908 563 1946 candida.
594 1909 761 1946 Utebatur
777 1908 872 1944 enim
885 1909 953 1944 hoc
965 1919 1056 1945 tem-

99 1966 183 1997 pore
199 1955 435 2001 magistratum
451 1969 569 2005 petens
586 1958 730 1994 candida
739 1968 822 2005 toga
832 1969 937 2006 quam
947 1958 1055 2007 Poly-

99 2000 176 2036 bius
188 2002 208 2037 l.
226 2014 278 2037 10.
292 1998 434 2038 vigam
447 2005 615 2050 λοιμιπςοίν
627 2006 796 2042 nominat.
824 2009 912 2042 Eam
922 2007 1054 2041 oratio-

96 2061 178 2084 nem
204 2075 214 2090 ,
249 2049 349 2095 cujus
373 2051 565 2097 fragmenta
590 2054 680 2098 apud
707 2053 896 2089 Alconium
921 2053 1054 2090 exstant

97 2096 305 2144 thilian.
323 2098 346 2132 l.
357 2109 385 2141 3.
398 2110 426 2132 c.
438 2110 472 2141 9.
494 2110 598 2135 vocat
608 2099 736 2134 librum
748 2100 783 2134 in
796 2101 1055 2146 competitores,

96 2158 202 2193 quem
213 2146 500 2193 vituperationem
512 2148 692 2183 continere
703 2147 748 2182 ait
759 2170 767 2185 ‚
780 2149 813 2183 &
824 2158 941 2182 tamen
954 2147 992 2182 in
1004 2148 1054 2183 se-

95 2205 180 2230 natu
189 2194 254 2229 esse
265 2194 422 2231 habitum
434 2195 513 2231 loco
525 2196 709 2231 sententiae.
725 2195 875 2231 Catilina
880 2194 955 2243 jam
966 2208 1054 2232 con-

96 2243 228 2279 vocatis
247 2243 286 2278 iis
299 2266 309 2281 ‚
332 2244 457 2292 quibus
470 2245 623 2281 maxima
636 2243 848 2280 neceffitudo
860 2270 870 2285 ‚
893 2246 929 2281 δε
942 2244 1054 2292 pluri·

96 2304 195 2327 mum
216 2291 362 2327 audaciae
380 2292 512 2334 inerat,
532 2292 717 2329 confilium
727 2292 827 2329 suum
839 2294 1054 2339 exposuerat,

93 2340 191 2386 quod
213 2353 272 2388 per
285 2340 440 2377 Fulviam
459 2342 496 2377 in
517 2342 644 2390 vulgus
662 2342 836 2389 prolatum
851 2367 861 2383 ,
885 2341 920 2377 in
933 2342 1052 2390 primis

96 2389 204 2425 studia
222 2389 344 2425 homin
351 2402 409 2426 um
423 2390 579 2427 accendit
591 2392 632 2427 ad
651 2390 869 2426 consulatum
881 2390 1050 2427 mandan-

94 2437 181 2474 dum
195 2440 244 2473 M.
257 2437 377 2473 Tullio
388 2439 549 2475 Ciceroni
562 2466 571 2481 ‚
583 2451 623 2476 ut
632 2438 764 2476 Sallust.
776 2439 897 2475 scribit.
923 2441 1050 2489 itaque,

93 2487 141 2522 ait
153 2486 316 2522 Asconius
330 2512 339 2528 ‚
365 2487 490 2524 Cicero
505 2488 624 2525 consul
638 2488 802 2524 omnium
815 2487 982 2524 consensu
997 2489 1048 2525 fa-

93 2535 170 2571 etus
182 2535 229 2570 est
241 2561 251 2576 ,
267 2536 437 2572 Antonius
449 2538 600 2584 pauculis
613 2536 777 2573 centuriis
789 2536 976 2573 Catilinam
992 2538 1046 2574 su·

93 2584 233 2632 pei-avit.
259 2584 371 2632 &ipse
388 2585 424 2620 in
438 2585 594 2622 Pisonem
609 2599 615 2621 :
642 2588 701 2622 Me
713 2585 839 2622 cuneta
853 2585 948 2622 Italia
959 2610 971 2625 ,
990 2599 1047 2623 me

91 2644 214 2668 omnes
225 2632 373 2674 ordines,
383 2646 440 2669 me
452 2635 609 2671 universa
617 2634 739 2670 civitas
751 2647 823 2671 non
833 2634 926 2682 prius
938 2635 1047 2671 tabel-

93 2681 125 2716 la
136 2706 146 2721 ‚
166 2693 212 2729 qu
218 2682 272 2716 arn
284 2693 371 2717 voce
382 2682 532 2730 priorem
543 2683 722 2720 consulem
733 2683 928 2719 declaravit.
956 2686 1044 2720 Item

92 2729 232 2776 Agraria
241 2729 398 2767 secunda.
417 2731 476 2767 Est
486 2732 573 2768 illud
586 2731 833 2780 amplissimum
846 2757 856 2773 ,
869 2732 965 2780 quod
977 2733 1045 2769 hoc

91 2778 229 2813 honore
250 2789 292 2814 ex
319 2780 422 2815 novis
443 2781 644 2817 hominibus
669 2781 825 2829 primum
848 2793 904 2817 me
926 2782 1046 2818 multis

90 2825 288 2873 posthabitis
299 2826 472 2868 affecistis,
491 2829 586 2878 quod
606 2829 718 2878 prima
736 2829 927 2878 petitione,
950 2831 1045 2879 quod

89 2887 182 2910 anno
197 2886 288 2913 meo,
295 2876 350 2911 sed
362 2887 477 2914 tamen
488 2877 766 2926 magnificentius
776 2888 878 2927 atque
889 2879 1043 2915 ornatius

89 2923 155 2959 esse
167 2922 227 2958 illo
240 2923 326 2959 nihil
337 2926 446 2973 potest
457 2952 467 2968 ,
490 2926 584 2975 quod
596 2928 681 2963 meis
691 2927 840 2963 comitiis
850 2939 922 2963 non
935 2928 1043 2964 tabel-

88 2971 159 3008 lam
180 2972 354 3009 vindicem
375 2975 484 3011 tacitae
505 2975 669 3012 libertatis
682 3000 693 3015 ‚
712 2975 767 3012 sed
780 2988 904 3012 vocem
926 2977 1042 3013 vivam

66 3026 67 3029 ’
88 3032 158 3067 prae
172 3020 270 3056 vobis
283 3021 434 3059 indicem
448 3023 636 3061 vestrarum
652 3038 732 3073 erga
743 3037 800 3061 me
819 3025 1042 3062 voluntatum

88 3079 127 3102 ac
139 3066 330 3105 studiorum
339 3071 471 3108 tulistis.
491 3072 537 3109 ita
562 3086 605 3109 ue
616 3086 674 3109 me
687 3086 759 3110 non
769 3084 924 3109 extrema
932 3074 1041 3111 tribus

89 3114 341 3166 suffragiorum,
350 3120 405 3158 sed
415 3121 542 3171 primii
573 3122 578 3127 '
594 3121 697 3164 vestri
709 3122 896 3162 concursus
906 3146 917 3167 ,
928 3135 1042 3173 neque

475 3223 555 3267 4

1124 278 1200 313 pop.
1214 270 1259 303 R.
1269 268 1446 306 consulem
1459 270 1654 307 declaravit.
1675 274 1753 307 Hoc
1767 285 1858 308 anno
1872 274 2080 315 Ciceronem

1125 314 1326 358 QQalh‘um
1336 318 1378 354 de
1387 319 1516 355 ambitu
1530 319 1715 355 defendisse
1726 332 1766 356 ut
1777 326 1936 368 putemdl
1944 323 2083 361 sconius

1123 359 1202 396 facit
1215 375 1221 395 :
1232 366 1289 409 qui
1305 366 1341 401 in
1354 379 1437 403 orat.
1451 367 1487 403 in
1498 378 1580 414 toga
1590 368 1735 404 candida
1746 370 1861 405 scribit
1871 394 1882 408 ,
1893 371 2008 417 postea
2020 372 2082 408 de-

1121 406 1256 444 fensum
1272 414 1336 462 efl'e
1349 416 1512 451 Gallium.
1528 418 1657 452 Praetor
1668 417 1778 453 fuerat
1790 431 1882 454 anno
1897 419 2080 466 superiore:

1122 456 1189 490 hoc
1208 464 1292 493 vero
1311 470 1468 509 tempore
1482 465 1526 501 de
1544 465 1676 501 ambitu
1689 466 1862 502 accusatus
1876 467 1941 503 fuit
1954 492 1965 508 ,
1985 472 2082 518 quod

1120 515 1277 551 praeturae
1290 509 1489 546 candidatus
1500 512 1581 548 cum
1594 513 1676 550 effet
1686 537 1696 551 ‚
1709 514 1955 561 gladiatorium
1968 517 2080 555 dedis-

1119 551 1185 605 set,
1210 555 1334 591 auclor
1351 557 1527 595 Asconius.
1554 563 1689 598 Eodem
1701 576 1793 599 anno
1810 564 1896 600 illud
1912 567 2081 603 memoria

1117 600 1265 656 dignum
1278 604 1432 641 accidisse
1442 607 1508 641 Dio
1521 609 1634 646 scribit
1646 611 1742 660 quod
1753 611 1791 653 is,
1802 613 1862 661 qui
1873 613 1975 650 Sullae
1982 615 2080 662 juffu

1119 650 1325 704 Lucretium
1338 655 1511 690 occiderat
1522 680 1530 695 ‚
1543 658 1577 692 &
1588 659 1671 694 alius
1685 688 1693 700 ‚
1714 661 1774 708 qui
1788 662 1918 697 multos
1931 663 2078 711 proscri«

1117 708 1193 746 ptos
1218 701 1434 738 interfecerat
1446 729 1454 743 ‚
1481 703 1528 738 rei
1542 704 1634 741 inter
1647 706 1779 744 sicarios
1797 709 1877 746 fasti
1891 712 1926 747 δε
1945 712 2059 748 conde
2070 733 2085 739 -

1118 748 1226 783 mnati
1239 749 1317 785 sunt
1328 774 1339 788 ‚
1358 751 1500 787 auc‘lore
1514 755 1548 787 in
1565 755 1784 802 primisJulio
1798 759 1930 795 Caesire
1940 783 1950 798 ‚
1963 760 2022 796 ubi
2037 764 2079 797 L.

1117 796 1310 833 Bellienum
1322 822 1331 836 ,
1344 801 1378 835 ὃς
1392 800 1598 836 L.Luscium
1611 801 1791 849 significari
1801 829 1810 843 ‚
1823 819 1867 844 ex
1878 808 2027 844 Asconio
2041 811 2078 845 in

1117 855 1201 880 orat.
1219 859 1283 892 pro
1296 847 1434 894 Ligario
1450 848 1570 896 scripsi.
1597 850 1655 886 ubi
1671 851 1796 887 Cicero
1810 855 1854 890 ait
1867 881 1876 895 ‚
1901 856 2076 894 Sullanam

1114 893 1352 932 crudelitatem
1375 896 1395 932 a
1418 897 1457 933 C.
1473 898 1605 934 Caesttre
1626 899 1693 934 effe
1717 900 1936 942 vindicatam.
1964 906 2079 944 Cael'ar

1113 942 1209 978 enim
1233 944 1301 979 hoc
1318 958 1410 981 anno
1424 946 1460 981 in
1478 946 1670 984 exercenda
1690 948 1733 984 de
1751 948 1872 986 ficariis
1890 954 2079 998 quaestione

1115 1002 1172 1026 eos
1184 1004 1326 1041 quoque
1337 993 1538 1032 ficariorum
1549 1008 1699 1032 numero
1712 998 1844 1037 habuit,
1857 1001 1915 1046 qui
1934 1004 2078 1048 proscri-

1115 1049 1234 1087 ptione
1254 1041 1301 1076 ob
1322 1041 1425 1078 relata
1444 1043 1576 1079 civium
1590 1047 1837 1083 Romanorum
1850 1049 1958 1095 capita
1971 1063 2076 1098 pecu·

1113 1088 1186 1123 nias
1207 1101 1250 1125 ex
1270 1092 1389 1126 aerario
1411 1104 1613 1140 acceperant
1622 1119 1632 1134 ,
1652 1094 1794 1130 auclore
1807 1098 1987 1134 Suetonio.
2014 1102 2079 1136 Eas

1113 1137 1199 1172 vero
1215 1139 1374 1186 pecunias
1387 1142 1439 1177 M.
1452 1141 1624 1177 Catonem
1638 1142 1844 1191 quaestorem
1865 1158 1959 1181 anno
1979 1147 2077 1195 supe-

1111 1184 1202 1222 riore
1212 1212 1221 1228 ‚
1236 1188 1341 1224 Cotta
1352 1190 1386 1225 δε
1399 1191 1581 1239 Torquato
1595 1202 1690 1226 coss.
1701 1192 1804 1228 etiam
1817 1194 1964 1241 exegisse
1974 1218 1984 1233 ‚
1997 1196 2078 1232 Plu-

1111 1235 1248 1272 tarchus
1261 1236 1298 1272 in
1309 1237 1444 1277 Catone
1456 1239 1579 1275 scribit·
1609 1242 1733 1287 Neque
1745 1241 1857 1277 solum
1873 1243 1940 1278 hoc
1955 1255 2078 1292 praeter

1110 1283 1314 1331 opinionem
1326 1286 1562 1323 multitudinis
1575 1288 1729 1324 accidiss'e
1740 1290 1808 1325 Dio
1819 1290 1874 1328 ait,
1889 1304 2012 1329 verum
2026 1305 2077 1330 et-

1111 1333 1178 1368 iam
1202 1334 1297 1381 quod
1310 1334 1460 1371 Catilina
1472 1360 1483 1375 ‚
1506 1337 1566 1384 qui
1580 1337 1769 1391 permultos
1791 1340 1809 1374 a
1822 1339 1916 1376 Sulla
1929 1342 2075 1389 proscri—

1108 1391 1186 1429 ptos
1207 1382 1380 1419 occiderat
1393 1410 1402 1426 ‚
1424 1384 1461 1419 in
1475 1383 1650 1432 judicium
1671 1385 1840 1423 adduftus
1855 1391 1889 1424 δε
1901 1390 2075 1427 absolutus

1108 1429 1185 1466 fuit·
1211 1441 1312 1480 atque
1325 1433 1392 1468 hoc
1404 1432 1452 1468 est
1464 1433 1550 1468 illud
1560 1433 1739 1482 judicium
1751 1461 1761 1476 ‚
1785 1436 1821 1471 in
1831 1449 1901 1485 quo
1915 1439 2075 1477 Catilinae

1110 1480 1330 1527 Torquatum
1344 1494 1417 1516 non
1432 1481 1573 1518 adfuisse
1586 1508 1595 1523 ‚
1616 1486 1698 1519 cum
1711 1484 1860 1521 adeffent
1872 1487 1997 1528 ceteri,
2010 1489 2074 1524 Ci—

1107 1539 1187 1563 cero
1208 1541 1269 1576 pro
1282 1529 1374 1566 Sulla
1392 1529 1488 1566 dicit.
1515 1531 1700 1568 Catilinam
1716 1532 1734 1568 a
1747 1535 1787 1569 L.
1802 1535 1952 1571 Lucullo
1969 1548 2072 1574 reum

1107 1576 1199 1612 inter
1210 1576 1346 1614 ficarios
1357 1578 1488 1615 faiium
1501 1579 1576 1628 post
1586 1581 1933 1629 repulsam‚Ast:onius
1945 1584 2074 1622 scribit.

1109 1626 1188 1661 Fuit
1199 1626 1268 1662 hoc
1280 1640 1372 1663 anno
1384 1628 1504 1664 censor
1516 1631 1554 1665 L.
1566 1630 1727 1666 Aurelius
1740 1631 1844 1668 Cotta
1857 1655 1867 1670 ‚
1884 1643 1924 1669 ut
1935 1633 2072 1671 Plutar-

1107 1675 1193 1710 chus
1215 1676 1251 1711 in
1267 1676 1439 1712 Cicerone
1460 1676 1618 1715 ostendit.
1646 1680 1762 1727 itaque
1780 1682 1819 1718 L.
1832 1681 1938 1717 Cotta
1960 1682 2074 1720 homo

1109 1724 1283 1760 censorius
1302 1725 1430 1761 dicitur
1441 1749 1451 1764 ‚
1470 1739 1532 1772 pro
1552 1726 1661 1763 domo
1682 1728 1750 1766 sua.
1777 1731 1947 1766 Extremo
1966 1731 2074 1780 hujus

1105 1773 1187 1808 anni
1197 1773 1311 1809 mense
1322 1774 1523 1812 P.Servilius
1534 1776 1661 1812 Rullus
1671 1776 1880 1826 tribunuspl.
1893 1778 1982 1815 inito
1995 1793 2073 1816 man

1106 1821 1247 1869 gistratu
1261 1822 1373 1870 legem
1385 1824 1552 1871 agrariam
1566 1825 1801 1873 promulgavit
1811 1849 1821 1865 ³
1832 1837 1870 1862 ut
1881 1826 2072 1865 decemviri

1106 1871 1242 1906 stimmo
1254 1883 1335 1907 cum
1348 1871 1494 1919 imperio
1508 1885 1718 1916 crearentur,
1727 1874 1836 1923 quiin
1850 1876 1906 1912 sua
1920 1877 2070 1925 potesta-

1105 1930 1139 1955 te
1151 1921 1284 1956 }taliam
1296 1931 1406 1957 totam
1418 1946 1427 1961 ‚
1440 1922 1577 1969 Syriam
1589 1923 1784 1959 universam
1795 1950 1805 1964 ,
1818 1937 1924 1973 eaque
1937 1926 2072 1966 omnia,

1131 1981 1183 2004 uae
1197 1968 1323 2005 virtute
1337 1970 1489 2017 Pompeii
1503 1983 1620 2006 recens
1638 1972 1783 2019 imperio
1797 1974 1961 2009 Romano
1974 1974 2070 2020 adje-

1106 1982 1160 2053 ‹clta
1173 2030 1269 2053 erant
1282 2042 1291 2055 2
1303 2019 1489 2061 haberent3
1502 2019 1693 2055 venderent
1704 2020 1872 2067 quidquid
1885 2022 2070 2069 publicum

1105 2066 1225 2113 populi
1240 2068 1346 2100 Rom.
1357 2065 1437 2101 effet
1449 2082 1458 2109 5
1471 2065 1667 2113 judicarent
1679 2067 1722 2103 de
1733 2068 1897 2104 omnibus
1912 2093 1922 2107 ‚
1933 2071 1977 2106 de
1987 2072 2070 2120 qui·-

1103 2112 1166 2146 bus
1177 2113 1238 2158 ipfi
1252 2114 1381 2148 vellent
1392 2136 1402 2150 ‚
1413 2114 1542 2149 exsules
1556 2114 1719 2161 ejicerent
1729 2139 1738 2153 ,
1751 2116 1904 2153 colonias
1916 2118 2069 2156 deduce-

1103 2170 1181 2194 rent
1192 2185 1202 2199 ‚
1214 2161 1397 2207 pecuniam
1409 2173 1451 2197 ex
1467 2162 1586 2197 aerario
1598 2175 1758 2210 caperent
1772 2188 1780 2200 ‚
1802 2164 1926 2201 milites
1940 2192 1948 2205 ,
1969 2168 2068 2216 quod

1103 2220 1189 2255 opus
1201 2208 1366 2244 haberent
1379 2233 1389 2246 ,
1412 2210 1666 2246 conscriberent
1678 2235 1688 2249 ,
1701 2215 1734 2248 8<
1746 2212 1885 2249 alerent.
1913 2217 1996 2252 Haec
2008 2229 2068 2252 ca-

1103 2268 1173 2304 pita
1193 2257 1275 2304 legis
1295 2257 1434 2304 agrariae
1448 2259 1648 2295 Plutarchus
1667 2260 1703 2295 in
1717 2260 1888 2298 Cicerone
1903 2265 2066 2302 recenset:

1101 2304 1215 2352 ipsein
1228 2307 1455 2343 Orationibus
1466 2307 1565 2355 plura
1576 2309 1748 2348 habeased
1759 2323 1837 2358 quae
1848 2311 1891 2347 ad
1900 2313 1973 2349 haec
1985 2327 2065 2363 pcr-

1101 2364 1244 2390 tineant.

1194 2424 1290 2457 Anno
1311 2419 1397 2456 urbis
1422 2432 1531 2488 ”0³2-
1554 2423 1712 2459 Ciceronia-
1744 2433 1849 2460 κων.
1873 2435 1971 2461 coss.

1137 2525 1188 2560 M.
1216 2481 1719 2563 TULLIUSstlCellHC'ER
1737 2529 1771 2564 O
1797 2555 1807 2570 ,
1847 2530 1889 2565 C.
1924 2533 2026 2568 AV·-

1448 2577 1481 2610 T
1495 2577 1530 2610 O
1545 2577 1578 2611 N
1594 2577 1608 2611 1
1622 2578 1655 2611 U
1669 2578 1701 2612 S.

1088 2636 1420 2718 xI<ALJanuarii
1434 2640 1559 2675 Cicero
1574 2639 1604 2675 se
1614 2641 1801 2693 Rernpubl·
1814 2642 1974 2691 accepisse
1985 2642 2059 2692 ple—

1188 2698 1270 2722 nam
1281 2687 1520 2726 solicitudinis,
1533 2689 1670 2736 plenam
1684 2690 1831 2732 timoris,
1844 2691 1879 2726 in
1893 2705 1960 2740 qua
1972 2692 2060 2727 nihil

1097 2734 1177 2770 effet
1189 2734 1292 2776 mali,
1305 2736 1393 2771 nihil
1405 2736 1548 2776 adversi,
1559 2738 1654 2786 quod
1666 2751 1740 2774 non
1752 2738 1837 2775 boni
1851 2751 2059 2782 metuerent,

1095 2781 1250 2830 improbi
1264 2783 1496 2832 exspe&arent
1507 2809 1518 2825 ,
1530 2786 1576 2822 ait
1589 2788 1744 2834 Agraina..
1775 2789 1867 2824 Nam
1880 2788 2061 2837 tribunipl.

1096 2841 1136 2867 ut
1149 2832 1218 2867 Dio
1230 2832 1363 2872 scribit,
1376 2834 1466 2870 nacti
1476 2835 1673 2871 Antonium
1684 2847 1760 2872 cos.
1771 2836 1928 2872 moribus
1941 2836 2000 2873 fibi
2013 2837 2058 2872 fi-

1094 2879 1308 2925 millimum3
1322 2882 1448 2929 partim
1457 2882 1583 2919 liberos
1596 2896 1720 2920 eorum
1732 2909 1742 2923 ‚
1762 2885 1821 2932 qui
1836 2885 1855 2921 a
1868 2885 1962 2921 Sulla
1973 2898 2055 2934 pro-

1094 2928 1205 2976 scripti
1219 2955 1229 2970 ,
1249 2931 1428 2967 honorum
1442 2932 1609 2980 petitione
1620 2932 1746 2981 privati
1757 2944 1854 2970 erant
1864 2957 1874 2972 2
1894 2933 1937 2969 ad
1948 2933 2060 2981 magi-

1093 2976 1215 3013 stratus
1239 2977 1477 3018 adducebant.
1496 2981 1623 3028 partim
1646 2983 1682 3017 P.
1695 2983 1788 3017 Paeto
1801 3005 1811 3020 2
1832 2984 1867 3019 δε
1889 2982 2058 3018 Cornelio

1094 3025 1197 3061 Sullae
1211 3051 1221 3067 ,
1244 3026 1398 3075 quicum
1412 3029 1484 3077 ipso
1496 3029 1678 3066 damnatus
1697 3033 1829 3071 fuerat,
1853 3030 2056 3066 senatoriam

1095 3073 1300 3121 dignitatem
1315 3076 1539 3114 restituebant
1551 3103 1561 3119 ‚
1581 3089 1684 3127 atque
1703 3089 1741 3115 ut
1761 3078 1976 3126 magistratus
1991 3090 2056 3125 ge-

1093 3134 1168 3162 rere
1194 3123 1328 3173 peffent
1351 3151 1362 3170 ,
1397 3126 1642 3177 permittebant
1670 3139 1678 3162 ε
1711 3126 1768 3165 alii
1794 3139 1900 3166 novas
1924 3126 2055 3163 tabulas

1573 3177 1607 3223 (C
1625 3173 1656 3221 3)
1969 3184 2055 3221 1210·
