2297 3389
257 149 517 197 ORArro
554 162 626 194 DE
663 149 831 195 LEGE
869 149 1206 202 AGRAniA,
1242 161 1502 196 CONTRA
1546 147 1840 200 th.LuM.

80 230 297 266 formidolosa,
317 240 409 273 quam
429 228 577 272 questuosa
587 230 758 269 concursatio
775 230 983 261 decemviralis
993 233 1044 260 fu-

82 284 147 306 tura
157 272 199 308 sit,
213 283 277 304 non
290 273 399 303 videtis
410 272 420 298 ?
430 271 639 301 Hereditatum
651 271 860 303 obeundarum
871 272 964 305 causa,
975 274 1043 312 qui-

81 317 137 349 bus
158 326 213 346 vos
231 316 393 356 legationes
412 311 550 346 dedistis,
572 313 672 353 qui&
690 315 796 353 privati
812 333 820 347 ,
841 314 874 344 &
891 315 1042 353 privatum

80 358 117 389 ad
129 359 286 400 negotium
295 357 434 386 exierunt
447 375 456 388 ‚
478 364 541 384 non
554 356 699 385 maximis
709 355 817 395 opibus
828 375 836 388 ‚
854 365 950 395 neque
961 355 1045 385 sum-

83 410 135 431 ma
143 399 316 430 auctoritate
324 396 439 437 praediti
451 416 461 430 ‚
474 405 576 426 tamen
586 397 694 427 auditis
704 395 841 437 pi·ofe<?to
853 417 860 430 ‚
879 397 969 438 quam
980 405 1044 438 gra-

82 452 135 472 ves
146 450 252 472 eorum
261 439 406 470 adventus
417 438 503 468 sociis
514 438 618 469 vestris
628 437 686 469 esse
698 439 817 470 soleant.
834 438 1042 481 Qamobrem

82 483 155 524 quid
170 482 278 523 putatis
291 479 467 521 impendere
478 481 533 511 hac
543 481 606 522 lege
615 480 760 511 omnibus
770 481 910 523 gentibus
925 481 1045 511 terroris

83 527 118 556 &
129 525 199 554 mali
209 544 217 558 ,
230 521 301 553 cum
311 525 472 553 mittantur
482 524 515 553 in
523 523 628 553 orbem
638 531 781 554 terrarum
792 523 957 553 decemviri
962 523 1045 562 sum-

81 576 126 596 mo
137 576 201 596 cum
211 565 336 607 imperio,
349 565 467 595 summa
476 574 547 595 cum
557 567 677 595 avaritia
688 585 696 599 ,
712 563 889 606 infinitaque
899 566 1043 594 omnium

79 618 180 639 rerum
192 607 366 647 cupiditate?
376 616 506 647 quorum
517 605 589 636 cum
599 607 743 637 adventus
751 606 940 646 graves,ch
949 605 1040 636 fasces

78 647 272 681 formidolosi
287 668 296 682 ‚
320 657 385 679 tum
405 647 477 678 vero
495 648 646 688 judicium
657 668 666 682 ,
685 659 717 679 ac
725 648 851 689 potestas
861 650 916 678 erit
926 658 989 677 non
1000 647 1044 677 fe-

80 691 180 723 renda.
212 690 315 720 licebit
331 693 416 720 enim
428 710 437 724 ,
458 690 539 731 quod
556 690 730 724 videbitur,
752 690 910 730 publicum
926 689 1044 728 judica-

82 743 127 764 re:
150 731 418 774 quodjudicarint‚
439 732 579 762 vendere.
612 734 702 762 etiam
720 732 796 762 illud
808 752 816 765 ,
837 730 919 773 quod
940 732 1042 760 homi-

82 784 137 806 nes
147 773 238 806 sanffl
249 784 312 804 non
323 773 434 804 facient
445 794 453 808 ,
476 774 666 816 utpecmiiam
678 774 820 815 accipiant
830 793 838 807 ‚
860 784 892 801 ne
901 772 1023 801 vendant
1033 783 1044 799 .-

81 826 183 848 tamen
203 815 234 847 id
253 818 289 847 iis
302 817 396 856 ipsum
416 826 468 856 per
477 816 574 856 legem
586 815 699 845 licebit.
723 816 796 845 hinc
814 825 868 845 vos
885 824 957 856 quas
976 815 1044 855 spo-

79 859 230 892 liationes,
243 868 315 899 quas
325 857 480 898 paffiones
492 877 500 889 ,
519 867 610 897 quam
621 856 753 898 denique
769 859 802 887 in
813 857 959 887 omnibus
969 857 1044 887 locis

79 901 334 931 nundinationem
343 901 429 939 juris,
442 908 474 928 ac
483 897 675 928 fortunarum
685 898 749 928 fore
767 901 877 939 putatis
889 901 899 928 ?
919 901 1040 929 Etenim

78 943 163 984 quod
177 944 326 982 superiore
334 950 415 981 parte
425 941 498 980 legis
509 938 693 980 praefinitum
704 939 763 970 fuit
773 961 781 974 ‚
793 941 874 971 Sulla
885 962 893 974 ,
906 941 938 970 ὃ(
949 943 1041 971 Pom-

78 986 149 1024 peio
161 983 345 1016 consulibus,
356 982 387 1012 id
398 982 497 1011 rursus
507 982 650 1015 liberum,
671 981 887 1023 infinitumque
897 982 1039 1012 fecerunt.

41 1035 65 1066 4
76 1027 169 1068 Jubet
187 1023 310 1055 eosdem
320 1024 507 1054 decemviros
518 1033 568 1053 om
574 1024 662 1054 nibus
673 1027 747 1064 agris
761 1025 890 1064 publicis
902 1034 1041 1066 pergran-

78 1068 115 1098 de
135 1066 262 1107 vestigal
277 1067 429 1103 imponere,
459 1074 492 1095 ut
508 1065 602 1095 iidem
623 1065 733 1106 poffint
748 1066 780 1096 δε
800 1067 923 1096 liberare
942 1075 1037 1107 agros,

77 1118 155 1150 quos
165 1108 368 1139 commodum
388 1105 440 1141 sit,
454 1108 505 1141 δε,
524 1107 676 1148 quosipfis
687 1108 787 1142 libeat,
799 1109 958 1148 publicare.
981 1118 1042 1148 quo

77 1153 111 1181 in
126 1150 241 1189 judicio
257 1150 381 1190 perspici
400 1159 465 1179 non
479 1149 592 1189 potest,
613 1149 716 1179 utrum
736 1150 881 1184 severim,
897 1150 1041 1184 acerbi0r3

77 1202 115 1224 an
127 1192 294 1234 benignitas
305 1212 314 1225 ,
332 1190 524 1232 quaestuosior
540 1190 574 1221 sit
585 1190 692 1221 futura.
715 1195 791 1222 Sunt
808 1202 909 1222 tamen
929 1193 961 1221 in
982 1201 1043 1222 tota

78 1235 143 1277 lege
159 1236 352 1274 exceptiones
365 1233 431 1264 dua:
443 1254 450 1266 ,
472 1243 535 1263 non
547 1242 608 1263 tarn
619 1235 729 1274 iniquae
745 1254 753 1268 ,
774 1234 864 1275 quam
879 1234 1038 1274 fitspiciofae.

78 1278 192 1316 excipit
209 1277 241 1306 in
251 1275 391 1317 venffigah
405 1275 595 1315 imponendo
606 1295 614 1309 ,
638 1286 742 1316 agrum
753 1279 985 1306 Recentoricum
997 1277 1042 1306 si-

76 1319 234 1349 ciliensem
249 1328 254 1346 :
279 1319 312 1347 in
326 1317 494 1347 vendendis
503 1319 578 1357 agris
590 1336 598 1349 ,
611 1327 663 1347 eos
678 1327 762 1358 agros
772 1338 780 1352 ‚
802 1318 839 1347 de
850 1318 960 1358 quibus
974 1328 1041 1348 cau*

78 1369 145 1391 tum
160 1358 193 1390 sit
209 1359 334 1389 foedere.
360 1360 393 1388 hi
404 1358 512 1388 suntin
523 1358 621 1388 Africa
633 1378 640 1392 ‚
662 1361 713 1400 qui
723 1359 759 1389 ab
771 1360 943 1399 Hiempsale
952 1357 1041 1399 poffi-

76 1402 194 1433 dentur.
220 1400 278 1431 Hic
293 1410 395 1441 quaero
405 1420 414 1433 ,
430 1399 449 1429 fi
466 1400 631 1439 Hiempsali
642 1400 708 1430 satis
723 1400 765 1431 est
777 1410 900 1431 cautum
914 1400 1037 1434 foedere,

78 1444 112 1474 &
122 1444 336 1474 Recentoricus
355 1451 431 1483 ager,
451 1443 580 1481 privatus
590 1441 648 1472 est:
669 1443 743 1483 quid
754 1445 909 1473 attinuerit
920 1444 1018 1482 excipi
1031 1445 1041 1472 ?

77 1484 122 1516 sm
134 1485 167 1516 &
175 1484 275 1515 foedus
285 1483 360 1513 illud
371 1483 459 1513 habet
468 1484 598 1524 aliquam
610 1483 844 1518 dubitationem,
861 1485 893 1515 &
902 1495 969 1526 ager
978 1487 1040 1515 Re-

77 1528 247 1558 centoricus
265 1526 377 1556 dicitur
389 1535 626 1567 nonnumquam
637 1524 694 1556 effe
705 1527 845 1566 publicus
862 1538 867 1556 z
881 1537 973 1569 quem
984 1537 1040 1567 pu-

78 1577 121 1600 tet
132 1568 376 1599 existimaturum
396 1571 406 1587 ¹
427 1567 498 1597 duas
508 1568 605 1598 causas
615 1570 648 1598 in
659 1569 732 1598 orbe
741 1578 886 1599 terrarum
903 1577 1039 1609 repertas,

77 1611 188 1653 quibus
197 1612 285 1652 gratis
302 1616 452 1650 parceret?
474 1613 488 1628 ²
499 1612 530 1640 N
534 1620 591 1639 unc
600 1610 739 1651 quisnam
758 1620 818 1641 tam
833 1610 980 1642 abstrusus
990 1611 1040 1641 us-

77 1662 169 1694 quam
188 1662 337 1682 nummus
346 1651 466 1682 videtur
477 1672 485 1685 ,
506 1662 599 1693 quem
619 1662 684 1683 non
700 1653 851 1683 archimen
862 1654 983 1694 hujusce
997 1653 1041 1683 le—

78 1697 123 1736 gis
132 1693 310 1724 olfecerint?
328 1695 517 1734 provincias,
537 1696 672 1725 civitates
692 1695 816 1729 liberas,
835 1695 949 1729 socios,
962 1697 1040 1726 arni—

79 1745 131 1766 cos
143 1756 151 1770 ‚
169 1745 250 1777 reges
259 1735 387 1776 denique
396 1737 596 1766 exhauriunt:
612 1736 778 1767 admovent
789 1747 898 1767 manus
909 1737 1041 1779 vestiga-

78 1778 158 1809 libus
174 1778 280 1818 populi
289 1779 433 1808 Romani.
457 1787 522 1808 non
532 1777 575 1809 est
585 1778 663 1808 satis.
692 1782 704 1806 3
718 1778 839 1813 Audite,
851 1779 950 1810 audite
967 1789 1036 1813 vos,

78 1822 132 1861 qui
148 1817 332 1859 ampliffimo
347 1820 472 1859 populi,
495 1820 668 1861 senatusque
684 1821 802 1860 judicio
821 1823 969 1852 exercitus
985 1822 1039 1851 ha-

78 1860 198 1895 buistis,
210 1861 243 1891 &
252 1860 330 1891 bella
338 1859 470 1902 geffistis.
493 1871 580 1902 Qipn
602 1872 647 1891 AD
669 1871 833 1901 QntMQii:
854 1873 1038 1897 »flaverit-r,

76 1904 249 1945 pervenerit
259 1923 268 1935 ,
288 1912 327 1932 ex
339 1902 452 1942 pi'aeda‚
466 1913 505 1933 ex
513 1903 667 1934 manubiis
679 1924 688 1938 ,
713 1915 752 1935 ex
769 1915 841 1935 auro
860 1907 1019 1935 coronario
1031 1926 1040 1940 ‚

77 1944 162 1987 quod
181 1954 279 1985 neque
296 1944 491 1974 consumtum
518 1946 551 1974 in
563 1955 768 1976 monumento
780 1967 788 1980 ,
810 1957 907 1987 neque
922 1948 954 1977 in
971 1957 1042 1977 aera-

76 1989 157 2018 rium
170 1987 297 2017 relatum
309 1984 358 2020 fit,
379 1986 410 2016 id
420 1985 455 2016 ad
465 1986 654 2017 decemviros
665 1987 768 2017 referri
787 1988 884 2027 jubet.
908 1991 977 2019 Hoc
993 1999 1042 2019 ca-

75 2031 139 2071 pite
150 2029 245 2059 multa
257 2029 372 2068 sperant
384 2038 389 2057 :
407 2029 439 2058 in
451 2030 571 2058 omneis
580 2029 784 2069 imperatores,
798 2029 977 2071 heredesque
990 2040 1041 2060 eo-

79 2080 149 2101 rum
159 2069 331 2112 quaestionem
342 2070 394 2100 suo
412 2070 527 2109 judicio
539 2079 713 2110 comparant
725 2080 731 2100 :
752 2070 801 2101 sed
812 2073 977 2102 maximam
989 2081 1040 2111 pe-

78 2114 202 2143 cuniam
213 2112 240 2143 se
249 2112 265 2142 a
274 2110 381 2142 Fausto
390 2112 536 2142 ablaturos
547 2112 733 2143 arbitrantur.
749 2123 841 2154 quam
851 2114 966 2144 causam
979 2114 1040 2144 sus—

79 2157 178 2195 cipere
195 2154 285 2194 jurati
294 2153 413 2193 judices
424 2154 608 2187 noluerunt,
625 2156 699 2184 hanc
713 2154 760 2185 isti
771 2154 933 2185 decemviri
946 2156 1040 2186 susce·

77 2206 156 2237 pere.
179 2195 292 2226 idcirco
310 2194 326 2224 a
332 2194 486 2234 judicibus
505 2193 622 2225 fortass'e
640 2195 864 2236 praetermiffam
883 2195 941 2227 effe
960 2197 1038 2228 arbi-

77 2246 206 2271 trantur,
219 2236 301 2278 quod
310 2235 344 2266 sit
353 2235 420 2276 ipsis
430 2237 580 2267 reservata.
605 2237 726 2267 Deinde
739 2240 830 2268 etiarn
849 2239 879 2267 in
896 2239 1038 2281 reliquum

76 2286 185 2323 tempus
201 2277 426 2320 diligentiffime
446 2279 556 2313 sancit,
575 2288 623 2313 ut,
646 2280 728 2321 quod
745 2280 1040 2321 quisqueimperator

76 2322 183 2352 habeat
198 2323 334 2362 pecunia:
345 2341 354 2354 ‚
374 2322 510 2360 protinus
523 2321 558 2351 ad
573 2321 761 2352 decemviros
771 2322 891 2353 deierat.
918 2326 978 2353 Hic
997 2333 1037 2354 ta-

77 2373 152 2394 men
169 2365 282 2404 excipit
290 2362 492 2403 Pompejum3
512 2361 666 2394 simillime
677 2384 685 2398 ‚
707 2373 739 2394 ut
752 2365 830 2394 mihi
847 2364 983 2400 videtur,
995 2374 1037 2395 at-

76 2416 135 2447 que
144 2407 177 2436 in
187 2405 239 2436 illa
249 2406 314 2447 lege
326 2426 334 2438 ‚
346 2414 403 2445 qua
413 2407 562 2447 peregrini
576 2408 677 2437 Roma
692 2407 853 2446 ejiciuntur
864 2427 873 2441 ,
894 2409 1036 2448 Glaucip-

76 2458 132 2488 pus
150 2449 305 2488 excipitur.
328 2457 392 2477 non
405 2449 490 2478 enim
500 2448 552 2478 hac
563 2451 740 2488 exceptione
754 2458 832 2479 unus
846 2448 973 2480 afficitur
985 2451 1036 2480 be-

77 2487 209 2523 neficio,
226 2488 301 2519 4sed
312 2498 389 2518 unus
400 2489 538 2531 privatur
548 2489 666 2529 injuria.
689 2490 745 2521 Sed
757 2493 804 2520 cui
819 2492 976 2522 manubias
988 2502 1035 2522 re-

78 2532 189 2565 mittit,
209 2532 299 2570 hujus
309 2530 463 2573 veffigalia
478 2531 605 2562 invadit.
625 2532 713 2572 jubet
730 2534 813 2562 enim
834 2543 1014 2564 PECUNxAM
1025 2554 1034 2567 ‚

76 2572 157 2614 fiqua
178 2572 243 2613 post
261 2582 318 2602 nos
337 2574 474 2603 consules
503 2576 564 2603 5ex
583 2576 672 2604 novis
696 2573 892 2615 ve&igalibus
911 2577 1034 2615 recipia-

76 2624 134 2650 tur,
145 2615 198 2646 hac
209 2616 252 2645 uti
261 2614 459 2646 decemviros.
482 2613 570 2657 Qasr
581 2614 654 2647 verb
663 2626 729 2646 non
738 2617 942 2658 intelligamus
952 2637 961 2652 ,
974 2619 1036 2648 haec

1964 163 2059 216 375

1089 239 1141 259 eos
1160 228 1316 272 νεὼς-11111
1327 251 1335 265 ‚
1348 242 1413 273 quae
1426 234 1483 263 Cn.
1496 234 1658 274 Pompejus
1669 233 1851 270 adiunxerit,
1864 235 1995 267 vendere
2004 248 2058 267 co-

1090 273 1189 311 gitare.
1218 272 1336 303 Videtis
1356 284 1414 309 iam
1426 277 1456 305 P.
1470 277 1502 305 C.
1524 274 1540 295 ⁶
1558 276 1705 307 omnibus
1716 278 1813 311 rebus,
1826 278 1971 310 &modis
1981 289 2055 309 cori-
2071 290 2090 319 5

1090 311 1250 347 struit-am,
1271 314 1304 344 &
1324 326 1526 348 coacervatam
1543 321 1703 358 pecuniam
1723 319 1967 351 decemviralem.
1991 323 2054 351 Mi-

1092 362 1201 382 nuetur
1211 355 1298 394 hujus
1308 360 1575 396 pecuniaeinvidia.
1598 362 1794 393 consumetur
1815 365 1899 393 enim
1919 364 1952 393 111
1969 373 2054 404 agro-

1091 404 1156 423 rum
1166 396 1342 426 emtionibus.
1366 400 1501 439 Optime.
1525 404 1602 443 Qiis
1612 413 1682 445 ergo
1701 414 1782 435 emet
1800 415 1885 447 agros
1904 404 1996 435 istos?
2016 407 2053 435 ii-

1092 436 1163 466 dem
1174 435 1354 468 decemviri:
1368 450 1399 470 tu
1410 443 1501 473 Rulle
1510 442 1626 481 (iniffos
1638 448 1721 476 euim
1733 445 1810 477 facio
1822 448 1948 488 ceteros)
1957 457 2054 481 emes,

1091 487 1169 519 quos
1181 479 1284 525 voles:
1305 481 1416 510 vendes
1428 492 1504 523 quos
1523 486 1622 515 voles:
1642 497 1805 529 utrumque
1821 491 1931 519 horum
1951 488 2051 522 facies.

1091 528 1194 561 quanti
1204 521 1300 550 voles.
1323 524 1415 552 Cavct
1426 526 1510 555 enim
1522 528 1568 556 vii·
1577 530 1722 567 optimus,
1742 541 1779 560 ne
1797 540 1877 562 emat
1889 532 1924 561 ab
1941 533 2050 562 invito-

1089 560 1169 602 quasi
1188 561 1260 592 vero
1279 573 1342 593 non
1367 565 1573 606 intelligamus
1589 588 1597 600 2
1617 570 1653 598 ab
1670 572 1768 601 invito
1787 583 1887 603 emere
1904 594 1912 607 ,
1933 574 2054 612 injurio-

1084 605 1152 643 ficm
1170 602 1244 634 effe:
1263 604 1299 635 ab
1317 615 1380 636 non
1398 608 1515 641 invito,
1527 609 1718 650 qtiicstuofiam.
1744 617 1898 653 Qantum
1917 616 1972 645 tibi
1991 618 2052 657 agri

1090 645 1222 679 vendet,
1242 646 1359 676 utalios
1369 650 1528 682 omittam,
1542 651 1722 682 socertuus?
1743 656 1792 688 Sc,
1815 655 1834 685 si
1853 667 1908 697 ego
1927 658 1991 694 ejus
2010 668 2052 687 ae-

1090 689 1234 727 quitatem
1244 690 1340 718 animi
1350 690 1446 729 probe
1457 693 1550 724 novi,
1567 693 1677 723 vendet
1695 705 1758 725 non
1779 699 1902 728 invitus.
1932 694 2053 729 Facient

1089 728 1172 758 idem
1186 731 1275 759 ceteri
1292 730 1436 765 libenter,
1458 742 1490 763 ut
1505 732 1661 773 poffiffionis
1683 736 1825 767 invidiam
1841 741 1957 780 pecnnia
1976 752 2052 770 com-

1088 778 1217 816 mutent:
1235 773 1390 812 accipiant,
1401 774 1483 815 quod
1500 777 1646 815 cupiunt:
1667 777 1749 811 dent,
1770 782 1851 820 quod
1862 784 1988 812 retinere
1998 785 2053 813 vii:

1087 811 1220 852 possunt.
1244 816 1337 845 Nunc
1352 816 1510 856 prospicite
1529 820 1672 848 omniurn
1692 829 1794 850 rerum
1814 821 1985 858 infinitam,
2007 834 2052 855 at-

1089 865 1146 895 que
1159 855 1378 887 intolerandam
1400 858 1564 889 licentiam.
1591 863 1720 891 Pecunia
1732 862 1832 893 coieka
1854 863 1896 894 est
1914 865 1948 895 ad
1967 876 2052 906 agros

1088 897 1253 927 emendos:
1276 900 1296 928 ii
1306 898 1398 938 porro
1418 900 1453 930 ab
1464 902 1569 931 invitis
1586 912 1651 933 non
1668 913 1818 934 ementur.
1842 908 1871 935 Si
1891 908 2052 937 consense-

1090 941 1151 968 rint
1160 938 1333 979 poss'ess'ores
1352 951 1415 971 non
1425 942 1565 976 vendere,
1582 944 1655 984 quid
1666 944 1804 976 futurum
1824 947 1887 977 est?
1910 947 2051 978 referetur

1086 982 1238 1020 pecunia?
1261 992 1324 1012 non
1344 984 1424 1012 licet.
1448 987 1605 1024 exigetur?
1621 996 1713 1022 vetat.
1738 987 1853 1018 Verum
1874 988 1952 1019 esto:
1978 991 2050 1018 mim

1086 1021 1147 1056 eff,
1160 1023 1295 1064 quodnon
1309 1025 1364 1054 emi
1378 1025 1458 1065 poffit
1469 1038 1478 1060 3
1489 1027 1518 1067 si
1531 1035 1647 1056 rantum
1664 1029 1726 1063 des,
1748 1038 1889 1071 qnantum
1902 1031 1974 1060 velit
1985 1042 2052 1060 ven-

1085 1065 1171 1093 ditor.
1194 1067 1365 1105 spoliemus
1382 1068 1488 1098 orbem
1508 1078 1669 1104 terrarum,
1690 1072 1857 1102 vendamus
1874 1073 2051 1115 veetigtlia,

1086 1105 1280 1152 effundamus
1290 1110 1436 1143 aerarium,
1449 1119 1491 1144 ut,
1502 1111 1688 1152 locupletatis
1695 1123 1744 1143 aut
1754 1114 1888 1148 invidiae,
1900 1124 1950 1145 aut
1959 1115 2051 1154 pesti-

1085 1148 1186 1179 lentiae
1204 1148 1607 1193 possessbribiis,agritamen
1620 1164 1767 1185 emantur.
1787 1156 1945 1197 Qidtum
1960 1161 2049 1198 ?quae

1087 1193 1143 1221 erit
1154 1192 1187 1220 in
1196 1190 1268 1221 istos
1279 1202 1362 1233 agros
1376 1193 1539 1224 1161111811οἓ
1558 1205 1624 1236 qua:
1635 1198 1726 1226 totius
1737 1199 1778 1227 rei
1794 1201 1881 1231 ratio,
1899 1209 1985 1240 atque
1996 1200 2050 1229 de<-

1086 1233 1228 1272 scriptio?
1243 1236 1474 1266 DEDUCENTuR
1485 1257 1493 1270 ‚
1505 1238 1622 1278 inquit,
1649 1248 1818 1269 COLONIAE.
1831 1245 1844 1268 7
1855 1243 1938 1280 Qot
1952 1245 2051 1282 ?quo-

1087 1284 1155 1304 rum
1169 1275 1356 1306 hominum?
1373 1279 1405 1306 in
1416 1288 1481 1318 quae
1494 1279 1558 1309 loca
1569 1282 1578 1308 ?
1589 1281 1656 1321 quis
1666 1283 1749 1310 enim
1762 1292 1824 1311 non
1833 1284 1932 1315 videt,
1953 1285 1985 1313 in
1998 1294 2050 1313 co-

1088 1317 1180 1346 loniis
1195 1315 1250 1347 effe
1263 1318 1325 1348 haec
1335 1322 1440 1350 omnia
1455 1319 1686 1352 consideranda?
1706 1323 1779 1353 Tibi
1790 1334 1846 1353 nos
1858 1345 1866 1357 ,
1885 1325 1976 1355 Rulle
1987 1346 1995 1358 ,
2016 1325 2050 1355 Ex:

1087 1358 1149 1388 istis
1168 1361 1227 1388 tuis
1241 1380 1248 1392 .
1267 1360 1373 1390 harum
1384 1364 1527 1392 omnium
1541 1373 1641 1393 rerum
1660 1366 1930 1400 machinatoribus,
1954 1376 2049 1396 totam

1086 1400 1201 1430 Italiam
1217 1403 1368 1431 inermem
1391 1403 1549 1434 tradituros
1572 1405 1747 1437 existimasti
1767 1427 1776 1440 ‚
1799 1418 1890 1448 quam
1909 1406 2051 1448 praesidiis

1087 1440 1329 1473 confirmaretis?
1347 1444 1479 1475 coloniis
1498 1450 1700 1487 occuparetis?
1719 1450 1865 1479 omnibus
1886 1450 1986 1479 vinclis
2002 1450 2052 1479 de-

1088 1483 1229 1518 vinctam,
1243 1485 1477 1517 &constrictam
1489 1490 1649 1519 teneretis?
1671 1490 1733 1521 Ubi
1748 1492 1832 1521 enim
1852 1500 1990 1526 cavetur,
2012 1502 2051 1522 ne

1087 1526 1119 1555 in
1128 1527 1268 1568 Janiculo
1277 1528 1433 1558 coloniam
1443 1529 1630 1562 constituatis
1641 1534 1651 1560 ?
1660 1542 1698 1562 ne
1709 1532 1816 1562 urbem
1827 1533 1904 1564 hanc
1914 1533 1986 1564 urbe
1995 1534 2053 1564 alia

1087 1578 1234 1608 premere,
1245 1578 1331 1610 atque
1346 1580 1448 1611 urgere
1457 1570 1590 1611 possitis?
1613 1576 1689 1604 Non
1697 1573 1854 1609 faciemus,
1865 1577 1974 1617 inquit.
1988 1577 2052 1607 Pri-

1088 1609 1176 1640 mum
1194 1611 1311 1641 nescio:
1334 1612 1443 1643 deinde
1465 1615 1578 1644 timeo:
1597 1614 1750 1655 postremo
1769 1626 1834 1646 non
1843 1618 2053 1652 committam,

1087 1661 1120 1682 ut
1136 1651 1221 1688 vestro
1236 1652 1361 1691 beneficio
1375 1653 1487 1694 potius,
1497 1655 1589 1696 quam
1600 1656 1685 1693 nostro
1695 1657 1801 1699 consilio
1813 1658 1894 1698 fiilvi
1910 1658 1967 1689 este
1981 1661 2053 1700 pos-

1088 1693 1188 1724 fimus.
1212 1694 1303 1735 Qod
1313 1694 1385 1725 vero
1401 1705 1494 1726 totam
1505 1698 1622 1728 Italiam
1633 1698 1739 1729 vestris
1758 1701 1880 1730 colonis
1896 1702 2051 1741 complere
2065 1708 2090 1740 6

1086 1736 1226 1766 voluistis
1239 1757 1247 1770 ,
1271 1737 1302 1767 id
1312 1738 1485 1777 cujusmodi
1504 1737 1590 1774 esset,
1609 1735 1834 1772 3neminemne
1843 1741 1982 1773 nostrum
2000 1745 2052 1773 in-

1086 1778 1280 1809 teneatur-um
1295 1779 1543 1811 existimavistis?
1558 1783 1709 1822 Scriptum
1725 1782 1769 1813 est
1783 1786 1866 1814 enim
1880 1795 1885 1813 ε
1910 1794 1987 1824 QiAE
2013 1795 2052 1816 m

1089 1830 1302 1855 MUNICIPIA,
1328 1831 1480 1863 QAsQiJ:
1503 1833 1541 1852 1N
1565 1833 1731 1855 COLONlAs
1754 1835 1967 1857 DECEM-Vtar
1993 1837 2053 1858 vz—

1085 1873 1188 1896 ωΝτ,
1222 1872 1402 1893 DEDucANT
1435 1874 1579 1895 conouos
1598 1885 1607 1899 ,
1640 1875 1721 1906 Q19s
1751 1877 1882 1897 vanni-r
1902 1878 1908 1897 :
1931 1878 1972 1898 ετ
2005 1875 2052 1899 iis

1086 1913 1193 1935 Aenos
1216 1914 1421 1939 ASStGNENT,
1436 1915 1551 1947 Qmus
1575 1917 1613 1937 rN
1636 1918 1732 1938 noeis
1753 1918 1898 1939 vamur:
1919 1919 1964 1943 ut,
1975 1908 2049 1941 cum

1086 1956 1179 1977 totam
1190 1947 1307 1977 Italiam
1322 1948 1471 1977 militibus
1493 1948 1550 1978 suis
1569 1951 1759 1989 occuparint,
1779 1950 1867 1981 vobis
1876 1960 1942 1982 non
1952 1951 2050 1982 modo

1087 1988 1239 2030 dignitatis
1249 1988 1423 2022 retinendae,
1435 1989 1483 2019 sed
1498 2000 1536 2020 ne
1546 1990 1691 2021 libertatis
1700 1991 1824 2032 quidem
1843 1994 2050 2033 recuperandae

1085 2031 1148 2070 spes
1166 2030 1362 2070 relinquatur.
1387 2034 1485 2071 Atque
1505 2033 1569 2062 haec
1588 2032 1603 2062 a
1622 2043 1673 2062 me
1689 2034 1907 2073 suspicionibus
1927 2035 2051 2065 &con-

1082 2071 1197 2111 jestura
1213 2082 1427 2114 coarguuntur.
1447 2073 1516 2113 Jam
1535 2076 1637 2104 omnis
1656 2076 1799 2105 omnium
1817 2076 1940 2106 tolletur
1949 2087 2049 2107 error:

1082 2114 1146 2153 jam
1169 2113 1266 2154 aperte
1287 2113 1463 2147 ostendent,
1489 2113 1542 2144 fibi
1562 2125 1680 2146 nomen
1693 2117 1782 2156 hujus
1800 2118 1926 2157 reipubl.
1946 2118 2049 2149 sedem

1086 2156 1178 2189 urbis,
1192 2165 1279 2196 atque
1292 2157 1430 2196 imperii:
1449 2155 1581 2197 denique
1604 2159 1661 2188 hoc
1680 2159 1828 2198 templum
1839 2161 1927 2200 Jovis
1937 2162 2048 2200 optimi

1086 2199 1234 2231 maximi,
1255 2206 1339 2238 atque
1358 2198 1434 2228 hanc
1452 2208 1550 2228 arcem
1564 2202 1707 2230 omniurn
1725 2203 1861 2242 gentium
1880 2201 2047 2241 displicere.

1084 2242 1215 2279 Capuam
1235 2238 1342 2269 deduci
1360 2239 1489 2269 colonos
1510 2241 1631 2271 volunt.
1661 2242 1747 2272 illam
1767 2242 1874 2272 urbem
1891 2244 1962 2273 huic
1981 2244 2049 2275 urbi

1085 2282 1184 2311 rursus
1193 2290 1344 2321 opponere
1354 2301 1363 2314 ‚
1384 2281 1458 2311 illuc
1470 2291 1540 2321 opes
1552 2283 1614 2312 suas
1625 2283 1738 2314 deferre
1749 2304 1757 2318 ‚
1780 2285 1813 2314 ὃς
1830 2285 1940 2326 imperii
1953 2296 2049 2315 nomm

1084 2323 1230 2363 transferre
1251 2325 1393 2364 cogitant.
1416 2325 1469 2364 qui
1480 2325 1563 2354 locus
1573 2335 1691 2366 propter
1702 2326 1867 2357 ubertatem
1886 2338 2023 2369 agrorum
2037 2349 2047 2362 ,

1084 2366 1355 2406 abundantiamque
1366 2376 1466 2396 rerum
1477 2369 1632 2402 omnium,
1654 2369 1833 2408 superbiam,
1848 2369 1879 2399 &
1890 2370 2049 2400 crudelita-

1084 2417 1145 2438 tem
1169 2406 1301 2449 genuisse
1318 2408 1442 2438 dicitur:
1464 2408 1507 2438 ibi
1520 2409 1615 2439 nostri
1635 2407 1757 2445 colons,
1778 2411 1887 2441 deleth
1898 2412 1933 2442 ad
1953 2422 2048 2442 omne

1081 2449 1196 2480 facinus
1210 2470 1217 2483 ‚
1238 2449 1444 2480 adecemviris
1453 2451 1690 2482 collocabuntur.
1715 2456 1769 2486 Et,
1783 2453 1889 2487 credo,
1916 2462 1983 2491 QA
2008 2464 2047 2484 m

1083 2502 1170 2522 unns.
1188 2493 1347 2526 homines,
1360 2494 1392 2522 in
1408 2494 1500 2522 veteri
1512 2493 1655 2534 dignitate
1667 2515 1675 2528 ‚
1694 2493 1872 2535 fortunaque
1890 2505 1950 2524 nati
1965 2516 1973 2528 ,
1995 2506 2048 2525 co-

1081 2536 1161 2574 piam
1183 2544 1282 2564 rerum
1296 2534 1449 2564 moderate
1463 2533 1539 2564 ferre
1557 2546 1622 2565 non
1633 2545 1783 2575 poterunt,
1796 2539 1827 2565 in
1846 2546 1880 2566 ea
1900 2535 1948 2567 isti
1964 2536 2049 2573 vestri

1077 2576 1224 2615 satellites,
1237 2575 1372 2606 modeste
1383 2576 1577 2606 insolentiam
1591 2578 1673 2607 suam
1682 2578 1895 2607 continebunt.
1917 2579 2048 2615 Maiores

1082 2617 1177 2649 nostri
1187 2621 1284 2659 Capua
1295 2617 1478 2659 magistratus
1489 2638 1497 2652 ‚
1516 2618 1650 2649 senatum
1661 2639 1670 2653 ‚
1689 2618 1849 2650 consilium
1867 2629 2047 2655 commune,

1936 2673 2043 2693 omnia

117 2725 140 2742 ¹.
158 2718 226 2741 Dum
234 2716 317 2747 cau-liu
328 2717 353 2739 in
361 2715 412 2739 orbe
421 2720 542 2740 terrarum
561 2723 667 2748 repertas
679 2735 686 2747 ,
706 2718 791 2749 quibu!
806 2717 883 2749 grmis
899 2718 1035 2751 parceret]

75 2752 171 2779 Gratia
189 2759 282 2785 magua
292 2749 407 2776 Claudio
418 2750 535 2777 Puteauo
548 2769 556 2783 ,
576 2751 648 2786 cujus
669 2753 783 2778 rationes
796 2752 929 2778 Lambiuo
947 2762 1039 2779 manus

76 2794 233 2818 tenuerunt,
244 2795 276 2812 ue
287 2785 373 2812 locum
385 2786 461 2812 istum
473 2786 565 2813 misere
576 2788 751 2820 ti·uncai·et‚&
765 2788 797 2814 siC
808 2796 893 2815 tamen
906 2789 1042 2816 Monstro-

77 2823 163 2850 lienfis
175 2822 221 2849 ille
232 2832 282 2848 non
293 2821 428 2848 adsecutus
439 2822 475 2848 est
485 2822 601 2849 :tuftoris
612 2824 692 2850 nostri
704 2832 830 2851 mentem.

113 2868 142 2886 ι.
162 2863 232 2885 Nunc
240 2859 348 2893 quisnam
360 2866 408 2883 tam
418 2860 617 2893 abstrufiaes‚&c.]
638 2861 706 2886 Pan.
716 2860 779 2887 duo.
792 2863 859 2896 (nec
868 2862 938 2888 enim
951 2861 1040 2897 plures

78 2894 138 2922 sunt
149 2895 194 2930 qui
204 2895 269 2920 hanc
278 2893 381 2921 servent
391 2895 538 2921 orationem
550 2904 557 2928 ,l
570 2896 663 2921 tandem
673 2898 803 2930 abstrusi-is.

118 2939 144 2983 -Ῡι,
164 2930 266 2958 (Audite
277 2949 284 2961 ,
295 2931 375 2956 audite
383 2940 437 2962 riios,
450 2934 492 2965 qni
501 2932 567 2965 fisa]
579 2933 636 2958 Vox
647 2933 781 2967 geminata
792 2943 859 2960 nunc
868 2934 984 2969 primum
995 2943 1039 2960 ac-

79 2967 150 2994 eecit
160 2966 233 2992 libris
244 2966 337 2992 nosti-is
349 2986 357 2998 ,
368 2968 382 2992 a
393 2967 449 2992 Pal.
461 2966 510 2992 see.
520 2968 548 2993 Sc
560 2969 708 3003 Turiugico
719 2969 783 2995 Erfii
790 2969 830 2995 111.

115 3011 143 3037 4,
163 3002 207 3028 Sed
214 3005 400 3034 umatpri—vatur
407 3004 525 3037 injuria]
539 3003 682 3030 Lambinus
692 3004 825 3037 obtrudit,
832 3007 986 3039 prohibemn-
997 3005 1040 3033 sed

81 3038 146 3065 [ene
157 3036 227 3073 quod
237 3036 322 3069 addit,
333 3037 360 3063 id
372 3038 457 3066 facere
467 3039 588 3066 omnibus
599 3041 627 3066 3:
640 3050 648 3064 1
657 3040 754 3076 ulgatis
765 3042 791 3067 Sc
804 3041 860 3067 niss'.
871 3043 973 3069 invitis.

119 3083 145 3107 5.
164 3077 204 3099 Ex
213 3073 277 3099 novis
285 3075 441 3107 vefflgalibm
451 3076 607 3110 recipiatur]
628 3077 669 3102 Ita
679 3076 739 3103 edd.
753 3085 818 3104 vett.
829 3079 867 3104 ita
877 3078 944 3105 Pali.
957 3080 1039 3105 Lam-

80 3108 238 3144 binus-iussit
249 3108 447 3136 rescriberemus
460 3130 467 3142 ,
478 3114 610 3145 reficiatur.
630 3113 772 3148 quojure?

118 3148 144 3172 6.
165 3146 277 3171 Omnibus
287 3146 495 3181 rcbus&moi.¹is.]
515 3147 660 3175 Lambinus
680 3151 829 3180 ratlandus-3
851 3150 936 3176 minus
951 3149 1036 3180 bene3

75 3192 128 3215 ,uec
136 3181 313 3218 suffragantur
323 3180 395 3209 libri.
414 3185 458 3210 Res
468 3182 597 3221 intelligit
609 3203 617 3218 ‚
628 3184 722 3221 quibus
735 3185 908 3215 conficeretur
919 3188 1038 3221 1111111113

1081 2720 1154 2744 niellus
1166 2738 1174 2750 ‚
1185 2719 1293 2745 consilia
1303 2719 1416 2763 ‚·quibus
1429 2721 1454 2745 iu
1465 2720 1522 2745 cad.
1534 2720 1695 2746 conficienda
1705 2720 1870 2746 nitebantur.
1883 2722 1991 2747 Guls'elm.

1117 2762 1143 2789 7.
1164 2757 1223 2789 ,Θεοί
1235 2759 1245 2782 ?
1262 2764 1359 2789 quw-um
1368 2756 1511 2789 hominum]
1535 2757 1577 2782 Est
1587 2758 1601 2782 a
1613 2755 1766 2789 conjeffturii
1776 2756 1931 2782 Beruardini
1944 2757 1998 2783 Lau
2005 2767 2046 2783 re—

1082 2789 1164 2821 dani,
1184 2792 1226 2817 cui
1238 2791 1309 2817 favet
1321 2793 1336 2817 ii
1348 2790 1456 2818 secunda
1468 2801 1544 2818 iiiaiiu
1557 2792 1640 2819 Palat.
1652 2792 1701 2818 sec.
1713 2794 1756 2828 qui
1768 2793 1839 2828 prius
1851 2792 1975 2819 habuerat
1986 2793 2023 2819 bis
2037 2813 2046 2825 ‚

1082 2827 1184 2859 Qorirm
1194 2831 1204 2853 ἒ
1222 2837 1319 2861 quorum
1327 2829 1455 2859 hominum,
1465 2828 1516 2857 dfe.
1536 2829 1616 2864 vulgo
1626 2837 1682 2855 erat
1694 2848 1702 2860 ‚
1721 2831 1771 2861 Qo
1782 2833 1792 2855 ?
1810 2839 1906 2862 quorum
1916 2831 2030 2855 (sonzinum
2041 2841 2047 2854 .—

1083 2862 1244 2898 quodetiam
1256 2863 1334 2889 habet
1344 2873 1397 2898 quo
1408 2862 1432 2889 se
1444 2870 1550 2890 tueatur
1562 2884 1569 2896 ‚
1591 2866 1717 2901 praecipue
1732 2865 1790 2891 loco
1800 2866 1870 2891 infr-i
1881 2865 1949 2891 libro
1959 2866 2047 2892 altero

1083 2909 1138 2934 cap.
1149 2907 1195 2934 27.
1207 2898 1228 2925 f.
1250 2900 1382 2926 Puteanus
1394 2909 1498 2934 quoque
1515 2901 1647 2936 vulgatam
1667 2902 1702 2928 im
1725 2909 1805 2936 tigri-‚it
1816 2921 1823 2932 ‚
1847 2900 1955 2928 addito:
1977 2904 2026 2934 532.st
2037 2921 2046 2933 ,

1084 2935 1141 2961 heic
1151 2945 1202 2961 non
1216 2935 1341 2971 fignificat
1353 2936 1438 2961 locum
1452 2955 1460 2966 ‚
1480 2943 1509 2961 iit
1520 2936 1560 2962 illi
1570 2945 1666 2973 putant
1677 2957 1684 2969 ‚
1716 2937 1746 2963 'td
1758 2936 1881 2973 quorsum
1895 2956 1902 2967 ‚
1922 2947 2000 2973 quain
2012 2938 2046 2964 ob

1083 2970 1275 3007 caiistiin,qiieni
1287 2971 1318 2997 ad
1330 2971 1420 2997 finem.
1441 2980 1500 2997 nam
1511 2972 1536 2998 ’111
1547 2974 1657 3000 coloniis
1668 2973 1839 3003 deducendis.
1851 2983 1910 2999 euin
1920 2974 2042 3004 :stitutum

1084 3007 1168 3034 caulis
1180 3008 1204 3034 in
1217 3008 1310 3044 primis
1320 3006 1475 3034 considerari
1485 3010 1636 3045 oportebat,
1646 3018 1754 3046 propter
1765 3019 1827 3045 quas
1838 3010 1948 3035 coloni-,e
1958 3009 2044 3036 dedu-

1083 3051 1216 3070 cerentur.
1237 3043 1268 3070 de
1280 3044 1373 3079 quibus
1385 3044 1507 3078 Sigonius
1518 3044 1550 3071 de
1561 3047 1750 3082 Aiitiquojure
1763 3046 1857 3071 itziliae.
1869 3045 1966 3071 emilam
1983 3056 2043 3073 iero

1084 3079 1182 3106 Rullus
1194 3080 1220 3106 iu
1230 3082 1326 3106 Senatu
1338 3079 1448 3115 probare
1460 3080 1581 3108 *oluerat
1590 3082 1622 3109 ad
1633 3082 1839 3109 exhauriendam
1851 3082 1953 3117 plebe-ni
1967 3082 2044 3110 urba-

1083 3125 1153 3142 nam.
1166 3115 1197 3142 fic
1206 3126 1249 3149 quo
1260 3116 1370 3141 iumitui·
1383 3125 1410 3142 ιν
1419 3117 1550 3150 .Verrina‚
1561 3119 1625 3145 item
1638 3119 1701 3145 lib.v
1710 3128 1744 3144 ii.
1759 3119 1807 3154 Ep.
1819 3117 1938 3150 11111141.

1120 3151 1147 3177 S.
1162 3154 1280 3177 Neminem
1289 3154 1390 3184 nostrum
1399 3154 1566 3180 intellefburum
1575 3155 1774 3187 existimavistis]
1789 3155 1829 3180 list
1842 3156 1856 3179 ii
1871 3153 1925 3179 [³211.
1938 3153 1986 3179 sec⁴
1999 3162 2044 3179 ne-

1082 3196 1132 3223 que
1143 3187 1222 3216 aliter
1231 3187 1329 3217 Latine
1340 3187 1467 3225 loquendi
1477 3191 1545 3219 ratio
1555 3192 1666 3228 patitur.
1677 3191 1749 3227 prius
1759 3190 2045 3249 publicati,exiliis-vtjtrg.

1939 3234 1948 3252 1
1958 3245 1961 3248 .
1972 3232 2017 3258 ‘ml‘
