2297 3389
477 96 742 156 Ona-rio
790 120 908 154 rizo
953 108 1081 157 Sex.

124 193 207 240 qubd
217 191 356 227 nondum
367 189 402 222 ad
411 199 507 230 remp.
519 186 618 219 acceffi
627 209 635 222 ,
645 188 693 219 vel
704 188 808 228 xgnofti
817 189 998 228 adolescentia
1008 200 1084 221 meae

121 240 248 280 poterit:
265 231 378 266 tametfi
394 242 459 263 non
473 229 569 261 mode>
579 229 754 271 ignoscendi
764 233 842 267 ratio
853 250 861 264 ,
879 229 1081 262 verumetiam

120 277 320 321 cognoscendi
335 273 521 305 consuetudo
536 273 598 312 jam
608 272 646 302 de
657 273 779 302 civitate
787 270 900 302 sublata
910 272 962 302 est.
987 276 1082 303 Acce-

121 320 168 352 dit
175 321 227 350 illa
236 327 357 360 quoque
365 316 447 346 caula
455 335 466 349 ‚
483 313 566 356 quod
578 314 593 344 a
600 315 705 344 ceteris
715 311 837 343 foifitan
846 315 886 343 ita
894 315 1024 353 petitum
1034 313 1077 348 sit,

121 370 156 393 ut
164 361 296 391 dicerent
305 378 314 392 ‚
334 359 525 388 ututrumvis
536 355 620 395 fizlvo
630 356 716 394 officio
727 356 756 385 se
764 354 858 385 facere
866 353 949 395 posse
957 356 1080 386 arbitra·

119 411 234 434 rentur.
256 399 272 431 a
283 407 440 430 meantem
448 401 471 429 ii
479 397 704 429 contenderunt
712 418 722 430 ,
739 398 792 438 qui
809 396 886 437 apud
898 406 948 427 me
957 397 990 427 &
1000 399 1079 427 ami-

118 445 197 478 citia,
208 443 242 473 &
249 440 416 474 beneficiis,
428 441 460 471 &
469 440 615 482 dignitate
624 439 794 480 plurimum
803 437 934 480 possunt,
945 448 1078 479 quorum

118 496 175 528 ego
184 494 282 526 neque
289 483 529 514 benivolentiam
539 492 604 524 erga
614 492 665 512 me
673 483 808 523 ignorare
818 500 827 515 ,
845 491 902 511 nec
918 479 1079 512 au&orita—

82 537 104 563 2
119 535 181 559 tem
191 527 352 567 aspernari,
366 534 423 554 nec
433 525 623 555 voluntatem
634 524 783 565 negligere
790 523 927 561 debeam.
971 525 1030 553 His
1042 522 1078 553 de

117 567 209 602 causis
226 577 282 609 ego
303 568 373 598 huic
389 567 480 597 causae
494 575 637 607 patronus
647 565 766 599 exstiti,
784 575 850 595 non
860 564 973 595 electus
983 575 1074 599 unus,

115 611 318 653 quimaximo
329 610 464 650 ingenio,
475 608 524 639 sed
534 607 657 638 relictas
669 618 706 638 ex
717 607 927 647 omnibus,qui
939 608 1074 636 minimo

115 652 250 694 periculo
265 650 382 691 postem
401 651 499 681 dicere
510 661 515 680 :
534 660 632 690 neque
642 651 686 680 uti
696 650 763 680 satis
774 648 865 678 firmo
875 648 1011 688 praesidio
1021 648 1075 678 de-

113 693 217 726 sensus
225 696 305 725 Sext.
317 693 445 724 Roscius
455 713 464 727 ,
484 702 591 723 verum
603 691 646 721 uti
657 701 696 721 ne
708 692 840 721 omnino
850 689 980 720 desertus
990 688 1072 721 essct.

114 733 245 768 Forsitan
253 736 390 776 quaeratis
397 755 406 768 ‚
418 736 470 776 qui
479 733 532 764 iste
541 736 636 763 terror
643 731 677 763 sit
687 752 696 766 ,
717 732 750 766 δε
757 742 823 772 quae
834 740 914 762 tanta
922 731 1069 765 formido,

112 787 179 822 quae
187 785 232 807 tot
241 797 250 811 ,
261 787 294 807 ac
305 777 389 807 taleis
398 778 479 807 viros
487 774 631 815 impediat
639 793 648 808 ,
658 783 721 815 quo
733 777 836 804 minus
845 783 900 814 pro
910 775 1004 813 capite
1016 794 1024 806 ‚
1039 774 1072 804 δε

89 836 95 840 -
109 816 245 850 ὶοῑτιιῃὶε
253 817 373 849 alterius
382 837 390 852 ,
403 815 662 859 quemadmodum
670 816 872 849 consuerunt,
890 825 944 846 cau
950 816 1009 845 sam
1018 826 1072 846 ve—

113 861 171 892 lint
181 860 287 891 dicere.
310 860 400 902 Qod
410 859 504 890 adhuc
512 868 567 889 vos
576 860 712 899 ignorare
722 868 787 888 non
798 859 913 888 mirum
924 857 966 887 est
975 877 984 891 ‚
1001 867 1071 897 pro-

111 911 210 944 pterea
218 901 303 943 quod
313 900 453 932 consulto
462 901 497 932 ab
506 900 733 933 accusatoribus,
745 901 809 937 ejus
816 901 869 933 rei,
880 910 946 940 quae
955 899 1071 930 confla-

110 946 157 975 vit
164 945 222 974 hoc
229 943 391 984 judicium,
400 942 519 973 mentio
528 941 606 973 faeta
616 952 681 972 non
691 941 741 972 est.
754 945 829 982 Qae
840 951 887 971 res
898 952 930 972 ea
940 941 1002 972 est?
1015 941 1071 972 bo-

110 995 149 1017 na
157 987 246 1025 patris
254 985 375 1024 hujusce
384 988 451 1016 Sex.
461 985 577 1017 Roscii,
590 995 656 1025 quae
667 985 736 1014 sunt
746 984 876 1025 sexagies
887 994 967 1024 :quae
977 983 1013 1013 de
1023 985 1071 1013 vi-

109 1037 144 1058 ro
151 1025 312 1057 fortissimo
321 1046 329 1060 ,
348 1024 550 1057 &clariffimo
561 1047 569 1060 ,
580 1028 616 1056 L.
627 1026 709 1056 Sulla
718 1045 727 1059 ‚
746 1036 839 1066 quem
851 1026 977 1055 honoris
986 1026 1070 1055 causa

109 1070 242 1100 nomino
250 1088 258 1102 ,
278 1068 397 1098 duobus
407 1069 545 1099 millibus
555 1066 723 1098 nummum
735 1068 752 1097 s
748 1078 762 1097 e
773 1067 845 1097 dicit
853 1066 957 1096 emiffe
965 1066 1068 1097 adole-

109 1111 192 1142 scens
201 1110 249 1141 vel
258 1108 482 1150 potentiffimus
490 1111 549 1141 hoc
557 1119 693 1151 tempore
702 1108 810 1139 nostr-a:
826 1110 954 1139 civitatis
965 1129 973 1143 ‚
992 1111 1066 1139 Luc.

109 1151 268 1184 Cornelius
277 1152 500 1193 Chrysogonus.
524 1154 553 1182 1s
563 1151 578 1182 a
588 1152 677 1182 vobis
688 1171 696 1185 ‚
713 1152 723 1190 j
728 1151 830 1181 udices
840 1171 849 1184 ,
860 1152 917 1181 hoc
926 1150 1068 1191 postulat,

107 1203 153 1228 ut,
165 1195 310 1235 quoniam
319 1195 352 1224 in
358 1194 487 1224 alienam
499 1196 658 1234 pecuniam
669 1203 731 1223 tam
742 1194 863 1233 plenam
873 1211 882 1227 ,
896 1202 983 1234 atque
993 1203 1069 1233 pra:-

107 1236 217 1268 claram
226 1255 235 1270 ,
255 1237 327 1266 nullo
330 1236 397 1275 jure
405 1236 546 1266 invaserit
554 1257 562 1269 ‚
583 1237 792 1277 quoniamque
810 1237 837 1265 ei
855 1237 989 1275 pecuniae
1009 1243 1069 1266 vita

106 1281 176 1310 Sex.
184 1278 289 1308 Roscii
298 1278 423 1312 obstare,
436 1287 521 1319 atque
531 1276 652 1308 officere
662 1277 798 1308 videatur
807 1298 815 1311 ‚
826 1277 948 1308 deleatis
959 1287 996 1307 ex
1004 1279 1063 1308 ani-

107 1329 163 1350 mo
173 1319 224 1352 suo
233 1320 435 1360 suspicionem
446 1330 585 1353 omnem,
598 1328 777 1360 metumque
788 1320 910 1350 tollatis.
928 1320 997 1353 sese,
1010 1321 1068 1349 hoc

63 1387 65 1389 .
108 1361 259 1393 incolumi
269 1381 278 1395 ,
296 1372 364 1392 non
382 1362 537 1392 arbitratur
553 1362 644 1401 hujus
661 1362 835 1392 innocentis
845 1362 1066 1400 patrimonium

107 1413 168 1435 tam
179 1403 333 1443 amplum,
354 1404 387 1434 δε
395 1403 552 1443 copiosum
561 1402 643 1443 poffe
655 1403 793 1433 obtinere
804 1414 809 1432 τ
830 1407 841 1423 ¹
853 1403 996 1433 damnato
1005 1423 1014 1437 ‚
1033 1404 1066 1433 &

56 1450 59 1455 '
107 1444 204 1486 eje&o
214 1465 223 1479 ‚
235 1445 328 1485 sperat
336 1445 365 1476 se
375 1444 473 1486 Ροίῖὲο
485 1446 568 1486 quod
576 1445 692 1487 adeptus
701 1443 744 1475 ef?
748 1453 798 1486 per
802 1444 891 1484 fi-elus
899 1465 910 1478 ‚
931 1445 962 1474 id
961 1452 1010 1486 per
1018 1445 1064 1474 lu-

106 1487 223 1517 auriam
236 1486 373 1527 effundere
396 1496 484 1530 atque
499 1488 690 1518 consumere.
723 1489 816 1517 Hunc
832 1485 886 1517 fibi
904 1497 942 1516 cx
961 1489 1066 1518 animo

108 1529 172 1561 seru
194 1529 300 1563 ulum,
340 1531 372 1559 ui
391 1530 420 1560 se
437 1530 501 1559 dies
514 1528 691 1570 no&eisque
701 1527 879 1559 stimulatae
887 1530 995 1571 pungit
1006 1550 1015 1563 ‚
1033 1538 1067 1560 ut

107 1570 172 1602 evel
185 1571 257 1604 atis,
275 1539 423 1611 postulat:
440 1575 454 1591 ²
464 1579 497 1601 ut
504 1571 538 1601 ad
549 1572 625 1602 hanc
636 1572 719 1601 suam
728 1570 876 1611 praedam,
900 1579 961 1601 tam
982 1570 1066 1602 nefa-

106 1615 182 1644 riam
192 1632 201 1647 ,
212 1612 363 1651 adjutores
371 1623 427 1644 vos
438 1611 653 1654 profiteamini.
675 1615 706 1644 Si
715 1613 804 1643 vobis
813 1623 898 1654 aequa
906 1633 914 1646 ‚
927 1613 959 1643 &
969 1613 1066 1643 hone-

105 1653 318 1695 &postulatio
326 1654 455 1689 videtur,
468 1657 475 1693 j
481 1656 582 1686 udices
593 1667 598 1685 :
616 1665 673 1698 ego
683 1664 788 1686 contra
796 1654 921 1685 brevem
933 1654 1066 1695 postula-

106 1696 225 1728 tionem
241 1695 332 1727 affero
342 1717 352 1731 ‚
378 1698 411 1728 &
431 1697 602 1738 (quomodo
621 1698 699 1727 mihi
716 1696 888 1738 persuadeo)
910 1696 1065 1738 aliquanto

107 1740 287 1780 sequiorem.
330 1737 469 1770 Primum
481 1739 497 1769 a
507 1740 705 1782 Chrysogono
713 1748 795 1779 peto,
806 1748 840 1769 ut
848 1741 991 1779 pecunia,
1002 1738 1066 1769 for-

105 1781 243 1821 cunisque
251 1780 362 1811 nostris
372 1790 534 1812 contentus
544 1779 588 1815 sit,
594 1781 812 1822 sanguinem&
822 1782 919 1810 vitam
928 1791 961 1809 ne
967 1789 1045 1823 petat
1055 1792 1067 1808 .-

105 1821 237 1852 deindea
247 1823 336 1853 vobis
345 1843 353 1856 ,
368 1824 487 1863 judices
497 1843 505 1857 ,
526 1833 559 1853 ut
567 1824 726 1854 audacium
735 1823 836 1854 sceleri
845 1821 980 1853 resistatis
988 1843 997 1857 ‚
1016 1825 1067 1853 in-

105 1865 283 1894 nocentium
292 1865 492 1896 calamitatem
501 1866 618 1899 levetis,
630 1865 664 1896 &
675 1867 708 1895 in
715 1865 800 1895 causa
809 1868 876 1895 Sex.
888 1865 1003 1898 Roscii,
1014 1875 1066 1905 pe-

103 1905 247 1938 riculum,
257 1906 333 1947 quod
339 1907 369 1935 in
378 1908 476 1936 omneis
484 1908 657 1941 intenditur,
670 1907 858 1947 propulsetis.
883 1905 975 1948 Qod
987 1905 1008 1936 si
1018 1916 1068 1937 aut

104 1947 191 1977 causa
199 1948 341 1977 criminis
350 1967 358 1981 ‚
370 1957 421 1978 aut
428 1948 501 1978 faeti
509 1949 638 1988 suspicio
647 1969 655 1983 ‚
666 1958 715 1979 aut
724 1948 868 1991 quaelibet
877 1949 1009 1988 denique
1018 1949 1066 1979 vel

106 1989 239 2018 minima
249 1997 295 2018 res
303 1991 482 2028 reperietur,
505 1990 703 2030 quamobrem
719 1990 879 2020 videantur
896 1990 941 2019 illi
959 1994 1062 2020 3non-

104 2029 184 2060 nihil
195 2038 295 2060 tamen
304 2032 337 2060 in
345 2029 508 2061 deferendo
516 2033 644 2061 nomine
654 2032 745 2062 secuti
756 2043 765 2066 3
785 2029 938 2071 postremo
957 2029 978 2060 fi
992 2040 1065 2071 prae-

103 2080 149 2102 tet
157 2081 222 2102 eam
233 2072 373 2111 praedam,
384 2083 476 2113 quam
484 2073 561 2106 dixi,
571 2073 737 2114 quidquam
747 2072 828 2103 aliud
836 2072 928 2103 causae
938 2074 1067 2102 invene-

101 2114 168 2145 ritis
180 2123 185 2142 :
204 2123 268 2143 non
287 2115 458 2145 recusamus
467 2135 477 2149 ,
499 2116 574 2155 quin
590 2115 715 2144 illorum
735 2114 858 2144 libidini
875 2118 942 2144 Sex.
964 2115 1068 2145 Roscii

102 2157 163 2186 vita
170 2154 300 2186 dedatur.
326 2154 369 2186 fin
379 2156 460 2187 aliud
469 2166 484 2186 a
506 2158 564 2186 itur
572 2157 650 2186 nihil
661 2175 669 2187 ‚
679 2155 736 2186 nisi
746 2175 755 2189 ,
775 2165 808 2186 ut
817 2158 853 2185 iis
863 2166 895 2185 ne
904 2156 976 2197 quid
982 2156 1062 2197 defit,

94 2195 207 2240 quibus
220 2198 290 2237 fictis
306 2198 380 2227 nihil
397 2197 461 2227 eff:
479 2167 504 2227 (ξ
517 2199 575 2228 hoc
584 2196 683 2228 solum
693 2199 753 2228 hoc
761 2206 897 2237 tempore
906 2208 1064 2239 pugnatur,

107 2248 141 2270 ut
165 2239 201 2269 ad
225 2239 310 2269 illam
329 2241 465 2280 opimam
478 2261 487 2273 ,
509 2239 740 2281 praeclaramque
759 2240 888 2279 praedam
907 2239 1064 2269 damnatio

104 2283 170 2312 Sex.
180 2282 297 2315 Roscii,
312 2283 395 2312 velut
404 2283 557 2316 cumulus,
568 2281 685 2312 accedat
697 2293 702 2311 :
714 2291 819 2311 nonne
829 2280 901 2311 cum
912 2281 1007 2312 multa
1017 2284 1066 2312 in-

106 2322 206 2365 digna,
217 2331 282 2353 turn
290 2324 340 2353 vel
350 2324 409 2354 hoc
416 2322 659 2364 indignissimum
670 2323 723 2357 est,
732 2333 787 2353 vos
797 2322 926 2353 idoneos
936 2322 1064 2358 habitos,

102 2373 156 2406 per
165 2375 296 2406 quorum
315 2365 474 2396 sententias
482 2385 491 2399 ,
507 2365 614 2406 jusque
633 2365 794 2403 jurandum
814 2364 846 2395 id
865 2363 1063 2406 assequantur,

103 2407 187 2448 quod
203 2415 286 2437 antea
302 2406 356 2447 ipfi
372 2407 478 2438 scelere
490 2406 611 2437 &ferro
621 2405 731 2448 afl‘equi
741 2407 948 2438 consuerunt?
965 2409 1017 2449 qui
1026 2417 1065 2438 ex

101 2450 222 2479 civitate
239 2449 271 2478 in
290 2450 426 2479 senatum
445 2458 566 2490 propter
581 2448 756 2490 dignitatem
766 2469 775 2483 ‚
795 2459 833 2479 ex
852 2449 953 2480 senatu
963 2450 997 2479 in
1006 2451 1064 2480 hoc

105 2487 265 2520 confilium
275 2490 384 2521 delecti
393 2490 462 2521 estis
469 2498 578 2532 propter
582 2491 765 2531 severitatem
775 2512 783 2524 ,
794 2491 829 2521 ab
837 2491 884 2521 his
894 2491 952 2522 hoc
959 2490 1065 2531 postu-

103 2531 162 2562 lare
173 2532 315 2562 homines
326 2530 442 2563 ficarios
453 2553 463 2566 ‚
473 2542 560 2574 atque
568 2533 744 2574 gladiatores
753 2553 764 2568 ,
774 2543 840 2563 non
848 2532 944 2563 modo
954 2542 988 2563 ut
997 2533 1063 2574 sup-

105 2574 194 2614 plicia
202 2576 297 2605 vitent
307 2595 316 2609 ,
335 2585 400 2615 quae
410 2574 426 2605 a
437 2575 524 2605 vobis
533 2585 587 2615 pro
597 2573 755 2605 maleficiis
765 2575 823 2605 suis
832 2583 966 2604 metuere
976 2583 1063 2616 atque

106 2616 222 2646 horrere
240 2615 351 2646 debent
362 2626 368 2645 :
394 2626 500 2647 verum
511 2618 600 2647 etiam
611 2625 644 2647 ut
652 2620 670 2643 4
678 2617 781 2657 spoliis
790 2618 872 2647 Sexti
883 2618 940 2647 hoc
946 2616 1063 2655 judicio

68 2673 93 2706 4
107 2659 213 2692 ornati,
223 2657 361 2699 :iustique
371 2657 544 2689 discedant?
574 2659 632 2688 His
652 2658 689 2688 de
708 2658 795 2688 rebus
813 2660 900 2690 tantis
908 2678 918 2693 ‚
943 2667 1063 2700 tamque

103 2698 262 2739 atrocibus,
275 2710 373 2742 neque
384 2700 450 2730 satis
459 2710 510 2735 me
520 2699 688 2732 commode
696 2700 805 2735 dicere,
817 2710 854 2730 ne
879 2711 915 2730 ue
925 2700 993 2731 satis
1001 2711 1065 2742 gia-

106 2742 182 2771 viter
191 2745 333 2785 conqueri
344 2762 352 2776 ‚
365 2752 461 2782 neque
471 2742 538 2772 satis
549 2741 641 2772 libere
652 2741 809 2773 vociferari
817 2710 899 2782 posse
911 2742 1062 2784 intelligo.

105 2783 406 2814 Nameommoditati
416 2786 576 2825 ingenium
588 2803 597 2816 ,
608 2785 741 2826 gravitati
751 2791 817 2814 aetas
829 2803 838 2818 ‚
848 2783 978 2814 libertati
987 2793 1065 2814 tem-

104 2833 176 2866 pora
185 2825 253 2855 sunt
261 2825 494 2866 impedimento.
517 2828 587 2856 Huc
597 2826 708 2856 accedit
717 2826 854 2867 summus
864 2826 959 2860 timor,
971 2836 1062 2867 quem

105 2867 183 2896 mihi
193 2876 304 2902 natum,
313 2867 470 2909 pudorque
479 2877 567 2898 meus
577 2868 710 2899 attribuit
717 2887 727 2902 ‚
746 2868 780 2898 &
789 2866 884 2899 vestra
892 2868 1022 2910 dignitas
1032 2869 1064 2898 &

69 1749 86 1782 u}

1117 108 1351 160 Roscio
1395 113 1716 163 Ananim.
1990 131 2084 164 201

1125 193 1171 221 vis
1180 193 1427 230 adversariorum,
1439 195 1472 227 &
1479 199 1547 227 Sex.
1557 195 1660 228 Roscii
1668 193 1808 236 pericula.
1838 196 2025 237 Qpropter
2033 204 2092 228 von

1125 242 1191 267 oro,
1201 244 1287 276 atque
1298 237 1431 272 obsecro,
1439 238 1569 278 judices,
1581 247 1615 269 ut
1623 238 1733 269 attente
1746 258 1755 271 ‚
1768 237 1906 278 bonaque
1916 247 1988 268 cum
1998 240 2091 270 venit

1123 276 1212 306 verba
1223 288 1289 308 mea
1297 279 1433 311 audiatis.
1465 280 1536 311 Fide
1547 300 1556 315 ,
1581 281 1782 321 sapientiaque
1800 278 1895 310 vestra
1909 277 2004 310 fretus
2020 280 2092 320 plus

1122 320 1223 347 oneris
1236 319 1360 355 sustuli,
1380 321 1472 362 quarn
1481 321 1556 352 ferre
1571 332 1620 352 me
1629 320 1711 367 poffe
1722 320 1872 362 intelligo.
1895 321 1954 352 hoc
1974 331 2052 352 onus
2066 320 2089 352 fl

1122 366 1176 401 yos
1187 359 1284 400 aliqua
1293 372 1331 392 ex
1341 372 1420 402 parte
1429 364 1597 395 allevabitis
1609 384 1616 398 ‚
1628 367 1722 395 ieram
1736 382 1744 397 ,
1756 372 1789 393 ut
1796 372 1903 403 potero
1913 361 2020 399 ,studio
2033 383 2041 397 ,
2053 363 2089 394 &2

1121 398 1257 434 mdustria
1268 422 1276 434 ‚
1291 403 1406 441 judices
1418 426 1427 438 ,
1445 404 1487 435 sm
1499 405 1514 435 a
1525 406 1614 436 vobis
1624 405 1667 444 (id
1679 405 1762 446 quod
1772 415 1835 436 non
1845 405 1942 445 spero)
1953 404 2067 436 deserar
2079 416 2088 436 ;

1120 446 1221 471 tamen
1233 445 1338 474 animo
1349 455 1412 475 non
1429 446 1578 481 deficiam,
1591 447 1624 478 ὃς
1633 447 1675 481 id,
1686 446 1768 488 quod
1779 447 1891 487 suscepi
1903 467 1911 481 ‚
1923 447 2021 488 quoad
2030 457 2090 488 po-

1119 483 1351 529 tero-perferam,
1364 486 1447 526 quod
1457 487 1477 517 si
1487 488 1614 528 perferre
1626 499 1689 518 non
1700 498 1807 529 potero
1819 489 1950 529 :opprimi
1959 500 2002 518 me
2011 499 2091 520 onero

1118 524 1199 561 officii
1211 525 1295 559 malo.
1308 527 1400 567 quam
1411 529 1441 558 id
1450 549 1458 561 ,
1472 530 1554 569 quod
1564 532 1642 560 mihi
1651 541 1723 561 cum
1736 530 1794 561 fide
1804 531 1896 560 semel
1906 530 2088 571 impositum

1118 564 1162 613 est
1170 585 1178 598 ‚
1199 575 1248 613 aut
1257 577 1376 607 propter
1383 569 1531 609 pefidiam
1540 571 1584 611 abj
1589 573 1664 601 icere
1675 593 1683 606 ‚
1699 581 1749 602 aut
1756 581 1877 612 propter
1886 572 2088 612 infirmitatem

1117 617 1212 637 animi
1222 608 1382 649 deponere.
1406 614 1451 641 Te
1462 622 1582 653 quoque
1594 623 1786 653 magnopere,
1798 616 1842 644 M.
1856 616 1961 648 Fanni,
1970 615 2086 655 quaes0.

1118 657 1150 678 ut
1162 669 1171 683 ‚
1192 651 1313 690 qualem
1332 660 1360 681 te
1373 652 1431 687 iam
1442 662 1526 683 antea
1536 655 1650 693 populo
1663 658 1806 686 Romano
1816 655 1966 695 praebuisti
1978 676 1986 690 ,
2009 666 2086 689 cum

1116 691 1186 720 huic
1198 691 1279 722 idem
1289 693 1552 734 quaestionijudex
1564 694 1696 735 praeefl'es
1707 717 1714 730 ,
1733 697 1824 727 talem
1835 707 1863 727 te
1874 698 2005 728 &nobis
2018 719 2026 732 ,
2048 698 2083 729 δε

1115 734 1229 772 populo
1238 736 1384 765 Romano
1392 736 1452 765 hoc
1460 745 1594 776 tempore
1606 739 1769 777 impertias.
1812 742 1929 781 Qanta
1940 740 2079 774 multitu·
2098 740 2123 772 5

1114 773 1154 804 do
1166 775 1331 807 hominum
1342 780 1517 808 convenerit
1527 778 1561 808 ad
1583 779 1639 808 hoc
1654 779 1807 818 judicium
1818 800 1825 814 ,
1843 781 1943 811 vides:
1961 792 2027 823 quae
2045 780 2085 813 sit

1114 820 1259 848 omnium
1270 819 1445 849 mortalium
1456 819 1648 860 exspeStatio,
1661 830 1726 861 qua:
1736 822 1891 860 cupiditas,
1904 832 1935 853 ut
1943 825 2033 856 acria.
2045 834 2084 853 ac

1106 858 1207 897 fhvera
1216 860 1415 898 judiciafiant
1427 882 1434 894 .
1454 862 1606 903 intelligis.
1639 864 1749 902 Longo
1761 865 1917 894 intervallo
1928 865 2080 902 judicium

1114 901 1192 930 inter
1200 900 1315 932 ficarios
1326 903 1384 933 hoc
1392 902 1529 943 primum
1540 906 1744 934 committitur
1754 924 1762 938 ‚
1777 903 1849 935 cum
1859 907 1972 937 interea
1983 907 2081 938 caedes

1112 942 1325 985 indignissima:
1338 965 1346 978 ,
1366 947 1568 986 maximaeque
1585 945 1670 976 fadhe
1689 944 1754 976 sint.
1784 949 1898 977 Omnes
1909 949 1984 978 hanc
1994 959 2083 989 quae-

1112 983 1243 1015 stionem
1254 995 1283 1016 te
1293 996 1417 1026 praetore
1429 987 1465 1016 de
1476 986 1642 1018 manifestis
1654 986 1810 1018 maleficiis
1820 1009 1828 1022 ‚
1840 989 2082 1031 quotidianoque

1112 1026 1254 1066 sanguine
1273 1028 1374 1058 5haud
1392 1028 1541 1059 remissius
1556 1031 1669 1069 sperant
1678 1029 1821 1060 futuram.
1853 1033 1920 1072 Qa
1928 1030 2080 1062 vocifera-

1112 1069 1195 1098 tione
1206 1070 1237 1099 in
1247 1070 1481 1109 ceteris-judiciis
1492 1073 1670 1102 accusatores
1681 1073 1724 1101 uti
1732 1071 1963 1107 consueverunt,
1975 1083 2008 1103 ea
2018 1082 2081 1103 nos

1111 1110 1170 1139 hoc
1182 1119 1317 1151 tempore
1329 1114 1454 1146 utimur,
1464 1115 1516 1154 qui
1527 1115 1642 1143 causam
1654 1113 1798 1143 dicimus.
1832 1116 1966 1144 Petimus
1976 1114 2026 1145 abs
2036 1124 2079 1149 te,

1110 1153 1155 1181 M.
1169 1155 1264 1183 Fanni
1277 1174 1285 1187 ,
1306 1153 1321 1184 a
1333 1154 1476 1195 vobisque
1488 1175 1496 1188 ,
1510 1155 1517 1192 j
1521 1155 1621 1186 udices
1632 1175 1640 1189 ,
1653 1165 1685 1185 ut
1695 1156 1785 1196 quam
1795 1155 1928 1184 acerrime·
1938 1155 2082 1196 maleficia

1109 1193 1254 1224 vindicetis
1261 1208 1273 1222 .·
1295 1204 1328 1226 ut
1336 1195 1427 1237 quam
1437 1195 1595 1227 fortissime
1608 1197 1787 1228 hominibus
1796 1196 1993 1228 audaciffimis
2004 1197 2077 1228 resi-

1112 1236 1192 1266 statis
1204 1247 1209 1265 z
1222 1246 1255 1267 ut
1264 1238 1322 1268 hoc
1332 1240 1470 1278 cogitetis
1480 1259 1488 1271 ‚
1502 1238 1557 1269 nifi
1567 1241 1600 1269 in
1612 1240 1665 1269 hac
1673 1240 1756 1269 causa
1769 1260 1776 1272 ,
1787 1241 1839 1280 qui
1849 1238 1945 1270 vester
1953 1241 2078 1271 animus

1109 1277 1143 1308 sit
1151 1298 1159 1312 ,
1173 1277 1336 1310 ostendetis
1348 1300 1356 1313 ,
1377 1279 1415 1310 eo
1425 1291 1620 1321 prorumpere
1628 1282 1793 1311 hominum
1803 1281 1999 1321 cupiditatem
2010 1302 2019 1315 ,
2040 1282 2078 1314 δε

1108 1320 1202 1351 scelus
1214 1341 1223 1355 ,
1239 1322 1272 1352 &
1280 1322 1433 1354 audaciam
1444 1343 1452 1357 ‚
1468 1333 1499 1354 ur
1508 1333 1572 1353 non
1583 1321 1679 1353 modo
1689 1322 1768 1353 clam
1777 1343 1785 1356 ,
1806 1322 1911 1353 verum
1921 1325 2012 1353 etiam
2025 1322 2076 1354 hic

1107 1365 1141 1392 in
1150 1362 1218 1394 foro
1228 1383 1236 1397 ,
1247 1373 1316 1394 ante
1325 1363 1455 1395 tribunal
1466 1375 1553 1395 tuum
1567 1385 1576 1399 ,
1587 1367 1629 1395 M.
1642 1367 1755 1398 Fanni,
1770 1373 1838 1394 ante
1846 1365 1936 1405 pedes
1946 1365 2076 1398 vestros.

1103 1404 1230 1446 judices,
1244 1407 1322 1436 inter
1333 1407 1394 1446 ipsa
1403 1407 1540 1438 subsellia
1549 1407 1642 1438 caedes
1653 1406 1760 1437 futurae
1771 1405 1836 1436 sint.
1865 1409 1989 1436 Etenim
1999 1407 2077 1448 quid.

1105 1447 1187 1478 aliud
1197 1447 1256 1477 hoc
1266 1447 1380 1486 judicio
1391 1457 1522 1479 tentatur
1532 1469 1540 1483 ‚
1563 1447 1619 1480 nisi
1629 1458 1660 1479 ut
1670 1447 1701 1478 id
1712 1448 1779 1487 fieri
1788 1448 1873 1477 liceat
1892 1452 1903 1477 ἓ
1927 1449 2078 1480 Accusant

1104 1492 1145 1522 ii.
1164 1491 1216 1530 qui
1227 1491 1260 1519 in
1269 1488 1404 1521 fortunas
1415 1491 1504 1530 hujus
1515 1491 1688 1521 invaserunt
1701 1501 1706 1519 ·.
1729 1491 1845 1521 causam
1855 1489 1963 1520 dicitis
1977 1511 1985 1523 ,
2004 1492 2072 1524 cui,

1104 1540 1211 1573 praeter
1218 1531 1428 1566 calamitatem,
1440 1533 1517 1562 nihil
1526 1533 1721 1574 reliquerunt.
1750 1531 1897 1562 Acculant
1907 1533 1929 1561 ii
1942 1552 1950 1566 ,
1961 1532 2077 1573 quibus

1106 1572 1204 1604 occidi
1214 1581 1326 1613 patrem
1338 1577 1418 1604 Sext.
1431 1574 1553 1608 Roscii,
1565 1575 1648 1605 bono
1659 1574 1718 1604 fuit
1730 1584 1735 1602 ;
1756 1574 1874 1604 causam
1885 1573 1991 1604 dicitis
2001 1594 2009 1607 ‚
2022 1574 2076 1604 c'u'i

1106 1626 1170 1646 non
1180 1614 1276 1645 modo
1287 1614 1406 1647 luCtum
1418 1626 1501 1646 mors
1511 1619 1599 1656 patris
1608 1616 1708 1647 attulit
1717 1636 1725 1649 ,
1746 1614 1855 1646 verum
1866 1617 1956 1646 etiam
1967 1614 2074 1657 egesta-

1106 1666 1170 1687 tem.
1203 1657 1378 1688 Accusantii
1389 1678 1397 1692 ‚
1417 1660 1471 1699 qui
1487 1659 1570 1688 hunc
1587 1658 1830 1699 ipsumjugulare
1840 1657 1958 1688 summe
1969 1660 2074 1699 cupie-

1105 1708 1192 1730 runt:
1212 1699 1330 1731 causam
1341 1699 1414 1730 dicit
1425 1703 1450 1730 is
1460 1721 1468 1734 ‚
1489 1702 1543 1741 qui
1557 1702 1648 1730 etiarn
1671 1699 1706 1730 ad
1725 1699 1784 1730 hoc
1801 1699 1899 1740 ipsum
1916 1698 2073 1739 judicium

1104 1752 1174 1772 cum
1186 1739 1322 1781 praefidio
1332 1744 1436 1776 venit,
1456 1752 1495 1772 ne
1504 1740 1554 1773 hic
1565 1742 1679 1772 ibidem
1688 1749 1757 1772 ante
1768 1741 1873 1771 oculos
1882 1741 1996 1772 vestros
2007 1750 2072 1771 tru-

1105 1783 1230 1814 cidetur.
1253 1785 1396 1825 Denique
1405 1784 1539 1815 accusant
1549 1785 1571 1814 ii
1583 1804 1591 1819 ,
1604 1794 1680 1825 quos
1688 1783 1820 1824 populus
1828 1784 1938 1823 poscit:
1951 1783 2070 1814 causant

1106 1826 1179 1856 dicit
1190 1827 1215 1855 is
1226 1846 1236 1859 ,
1278 1827 1309 1856 ui
1326 1835 1404 1856 unus
1420 1825 1544 1856 relidens
1561 1836 1600 1856 ex
1617 1826 1743 1856 illorum
1759 1825 1960 1856 nefariacaede
1971 1825 2068 1856 restat-

1106 1871 1204 1908 Atque
1215 1876 1248 1897 ut
1270 1867 1375 1898 acilius
1386 1868 1553 1909 intelligere
1562 1866 1676 1908 pollitis
1686 1888 1693 1900 ,
1702 1866 1820 1907 judices
1828 1887 1836 1900 ‚
1847 1877 1879 1896 ea
1888 1886 1896 1899 ‚
1915 1877 1982 1908 quae
1992 1866 2071 1899 ῑηὸτα

1106 1910 1183 1943 sunt,
1196 1909 1367 1950 indigniora
1376 1907 1444 1943 effe,
1456 1910 1547 1951 quam
1558 1911 1622 1939 haec
1632 1910 1709 1942 sunt,
1722 1918 1789 1949 quae
1798 1908 1947 1938 dicimus:
1963 1908 1998 1939 ab
2008 1910 2071 1939 ini-

1104 1953 1149 1981 tio
1158 1971 1167 1984 ‚
1186 1959 1230 1980 res
1240 1951 1500 1991 quemadmodum
1511 1950 1589 1993 gesta
1601 1949 1634 1981 fit
1645 1971 1653 1984 ,
1673 1950 1762 1980 vobis
1774 1959 1963 1990 exponemus
1977 1961 1983 1979 x
2007 1960 2073 1990 quo

1103 1992 1221 2022 facilius
1231 1992 1264 2022 δε
1273 1993 1363 2031 hujus
1372 1993 1508 2022 hominis
1518 1990 1756 2023 innocentissimi
1767 1992 1899 2022 miserias
1912 2011 1920 2025 ,
1941 1991 1975 2022 &
1994 1992 2069 2021 illo-

1104 2044 1172 2064 rum
1191 2033 1345 2063 audaciam
1362 2035 1542 2076 cognoscere
1559 2032 1673 2074 poffitis
1681 2054 1690 2067 ,
1715 2033 1748 2063 &
1768 2034 1836 2076 reip.
1857 2032 2064 2062 calamitatem.

1104 2079 1171 2106 Sex.
1182 2075 1323 2108 Roscius,
1334 2084 1416 2115 pater
1424 2076 1557 2116 hujusce,
1570 2078 1728 2115 municeps
1737 2077 1899 2105 Amerinus
1910 2074 1980 2108 fuit,
1992 2074 2063 2107 cum
2085 2073 2110 2107 6

1102 2127 1210 2158 genere
1219 2137 1227 2150 ,
1241 2117 1273 2146 ὅσ
1283 2118 1440 2147 nobilitate
1450 2137 1460 2150 ,
1479 2117 1512 2147 &
1522 2119 1649 2157 pecunia
1660 2127 1725 2147 non
1734 2115 1828 2147 modo
1839 2117 1881 2146 sui
1893 2119 2069 2157 municipii,

1102 2157 1210 2188 verum
1221 2160 1311 2188 ctiam
1322 2159 1387 2197 ejus
1396 2160 1556 2189 vicinitatis
1566 2158 1654 2190 facile
1665 2160 1791 2199 primus,
1803 2167 1869 2189 tum
1880 2160 1970 2200 gratia
1979 2168 2070 2199 atque

1106 2201 1243 2240 hospitiis
1260 2199 1370 2230 florens
1390 2202 1555 2231 hominum
1574 2199 1845 2231 nobiliffimorum.
1885 2203 1966 2230 Nam
1992 2210 2066 2230 curn

1104 2242 1256 2276 Metellis,
1279 2243 1432 2277 Serviliis,
1453 2243 1646 2282 Scipionibus
1664 2252 1724 2273 erat
1741 2244 1843 2272 cinon
1855 2240 1950 2272 modo
1963 2242 2069 2282 hospi-

1104 2285 1182 2314 tium
1195 2304 1203 2317 ,
1221 2282 1329 2314 verum
1339 2286 1429 2314 etiam
1441 2284 1624 2315 domesticus
1633 2285 1703 2315 usus
1714 2304 1722 2318 ,
1735 2284 1767 2314 δε
1776 2283 1962 2315 consuetudo
1975 2294 1980 2313 :
1994 2293 2070 2324 quas

1104 2325 1280 2367 (utaequum
1289 2324 1344 2366 est)
1354 2324 1495 2360 familias,
1512 2325 1685 2361 honestatis,
1695 2325 1965 2366 amplitudinisque
1976 2327 2069 2367 gratia

1104 2369 1248 2398 nomino.
1271 2369 1369 2408 itaque
1379 2378 1417 2397 ex
1427 2368 1485 2398 suis
1496 2368 1642 2398 omnibus
1654 2368 1827 2398 commodis
1841 2369 1889 2396 hoc
1903 2366 2068 2407 fhlumfilio

1102 2409 1152 2438 reli
1174 2410 1229 2438 uit.
1243 2419 1313 2440 nam
1322 2412 1541 2449 patrimonium
1552 2409 1709 2441 domestici
1719 2409 1874 2450 praedones
1884 2411 1915 2439 vi
1926 2418 2064 2448 ereptum

1103 2421 1251 2492 possident
1261 2462 1266 2480 z
1278 2450 1367 2485 fama,
1378 2452 1410 2482 &
1419 2453 1478 2482 vita
1489 2453 1662 2482 innocentis
1672 2452 1708 2482 ab
1719 2450 2068 2491 hospitibus‚amicisque

1103 2495 1231 2534 paternis
1241 2492 1422 2523 defenditur.
1435 2495 1494 2523 Hic
1502 2504 1573 2524 cum
1583 2495 1816 2532 omnitempore
1825 2492 1991 2522 nobilitatis
2001 2492 2070 2522 fau-

1103 2545 1151 2566 tor
1159 2533 1270 2569 fuiss'et,
1285 2544 1349 2565 tum
1362 2536 1419 2565 hoc
1429 2536 1560 2565 tumultu
1570 2537 1725 2576 proximo,
1736 2544 1807 2564 cum
1818 2536 1962 2564 omniurn
1974 2533 2070 2564 nobi-

1104 2578 1180 2607 lium
1191 2577 1331 2618 dignitaS,
1343 2577 1376 2607 &
1386 2577 1460 2607 salus
1470 2579 1502 2607 in
1514 2577 1676 2608 discrimen
1686 2578 1822 2611 veniret,
1837 2584 2066 2616 ρ’·ε-ετοιτετετοε

1103 2621 1136 2649 in
1147 2628 1180 2649 ea
1189 2621 1342 2649 vicinitate
1352 2629 1417 2648 eam
1426 2628 1538 2659 partem
1549 2639 1557 2653 ‚
1568 2619 1745 2659 causamque
1755 2628 1842 2659 opera
1853 2638 1860 2652 ‚
1873 2617 1972 2648 studio
1983 2638 1992 2652 ‚
2010 2628 2066 2649 au-

1105 2660 1241 2691 &oritate
1260 2660 1408 2690 defendit.
1442 2663 1564 2691 Etenim
1584 2670 1727 2690 RECTUM
1747 2669 1903 2690 PUTABAT
1914 2680 1922 2694 ‚
1944 2670 1998 2700 pro
2011 2670 2068 2690 eo-

1105 2712 1173 2733 rum
1183 2701 1337 2732 honestate
1350 2703 1377 2731 se
1387 2712 1517 2742 pugnare
1528 2722 1536 2736 ,
1554 2711 1673 2742 propter
1681 2712 1757 2743 quos
1769 2703 1829 2742 ipse
1838 2700 2067 2732 honestiffimus

1104 2746 1181 2774 inter
1206 2744 1274 2774 suos
1293 2744 1513 2774 numerabatur.
1545 2743 1737 2786 Posteaquam
1757 2743 1886 2774 vi&01·ia
1902 2743 2067 2775 constituta

1104 2785 1147 2816 est
1155 2806 1164 2820 ‚
1186 2786 1222 2816 ab
1231 2786 1379 2826 armisque
1388 2784 1557 2816 recessimus
1569 2796 1575 2815 :
1604 2796 1674 2816 cum
1692 2785 1943 2826 proscriberentur
1960 2787 2066 2815 homi-

1105 2837 1156 2858 nes
1168 2847 1177 2861 ,
1196 2836 1284 2868 atque
1293 2837 1331 2857 ex
1342 2830 1430 2858 omni
1439 2829 1560 2868 regione
1568 2837 1741 2867 caperentur
1751 2847 1760 2861 ‚
1779 2829 1801 2856 ii
1813 2848 1822 2860 ‚
1843 2829 1894 2868 qui
1905 2827 2065 2867 adversarii

1103 2868 1191 2900 fuisse
1200 2869 1378 2910 putabantur
1390 2880 1395 2899 :
1415 2879 1475 2900 erat
1484 2869 1536 2900 ille
1546 2871 1656 2900 Rornae
1666 2868 1807 2910 frequens
1820 2881 1825 2899 ;
1843 2879 1928 2910 atque
1939 2871 1971 2899 in
1981 2869 2063 2903 foro,

1983 2911 2062 2941 &in

145 2973 155 2992 ι
164 2985 170 2992 .
188 2968 304 2992 Damnata
312 2966 341 2996 ὠ·
349 2967 620 3002 ejeHosperatsepoffi.]
632 2968 659 2994 S.
669 2966 787 2994 Viditoris
798 2967 827 2993 δυ
836 2965 1001 3001 PalLspmae.
1013 2976 1062 2994 un-

102 2997 140 3027 de
151 2999 261 3028 faciebat
272 3002 434 3029 Gulielmius
446 3006 515 3036 ,spes
524 3006 568 3030 m.

142 3044 171 3062 ι..
191 3039 219 3062 Ut
229 3038 261 3062 ad
267 3038 401 3071 hancfitam
407 3039 523 3071 praedam,
531 3039 599 3074 gn]
610 3038 654 3065 sic
663 3038 732 3066 Pan.
741 3038 770 3065 δε
779 3039 808 3064 8.
816 3037 935 3065 Υὶᾶοτίς
946 3038 975 3065 Sc
986 3045 1063 3065 vetu-

1141 2975 1169 3000 4.
1189 2969 1267 3001 spoliis
1276 2971 1341 2993 Sexti
1350 2968 1480 3001 [votjstdtcio
1488 2969 1593 3002 ornari]
1606 2967 1711 3003 Vulgati
1726 2988 1732 2998 ‚
1743 2972 1797 2993 Sex.
1807 2969 1890 3002 Roscii.
1909 2967 1951 2994 sed
1964 2976 2063 2995 nomeu

1104 3003 1218 3031 alterum
1231 3013 1282 3030 nou
1293 3003 1328 3029 est
1339 3004 1364 3029 in
1377 3003 1431 3029 l'all
1439 3024 1444 3029 .
1455 3011 1500 3029 aut
1510 3003 1599 3030 codice
1610 3005 1637 3030 5.
1648 3003 1776 3031 Viktoris.

1145 3049 1170 3072 5.
1190 3039 1264 3064 Haud
1272 3041 1487 3073 remtffiursperant
1493 3040 1632 3074 sicimam]
1653 3039 1720 3065 Pall.
1731 3039 1824 3066 nostris
1836 3039 1863 3064 8<
1874 3038 1935 3065 edd.
1946 3039 2064 3076 antiquis

99 3070 144 3098 ,ste
155 3072 216 3098 cufi.
236 3073 348 3106 conjecit
358 3075 546 3102 Hotomaunus
558 3095 567 3109 ‚
585 3076 658 3108 &ad
665 3076 727 3102 hanc
736 3094 746 3108 ,
764 3073 836 3111 quod
854 3075 968 3112 arripuit
985 3074 1062 3102 avide
1109 3084 1162 3102 non
1172 3074 1241 3101 adest
1251 3075 1324 3100 haud.
1345 3074 1494 3111 habentque
1512 3075 1625 3110 demiffius
1635 3075 1687 3101 five
1697 3075 1817 3109 dimiffiur.
1839 3077 1865 3100 S.
1877 3075 1993 3105 Visstoris
2006 3094 2015 3107 ‚
2026 3075 2067 3102 dt·

98 3106 253 3134 Lambinus
263 3108 370 3144 aliique.

140 3150 171 3186 β.
183 3145 379 3174 Nonnihiltamen
386 3147 413 3175 in
422 3147 620 3185 deserendossc]
631 3148 693 3179 Vox
702 3153 782 3176 tamen
790 3156 844 3183 nou
850 3147 890 3180 vest
898 3146 927 3177 iu
937 3147 984 3177 Pal
990 3153 1064 3176 .tert.

1111 3112 1205 3147 mtffivi.
1225 3112 1308 3147 supra
1317 3111 1398 3140 etiam
1409 3120 1461 3141 non
1472 3111 1646 3148 agnoscebant
1657 3112 1866 3148 praepositionem
1877 3112 1913 3139 de.

1592 3184 1615 3211 C
1635 3191 1649 3211 c
1977 3180 2066 3215 μῆνα
