2301 3395
203 115 270 173 28
667 103 749 159 nt
825 99 1161 158 Tuntii

198 209 283 238 cum
303 195 376 233 aliis
398 192 571 232 exsulibus
589 192 763 232 restitutus
776 191 852 228 fuit.
879 190 1026 239 Philippi
1047 203 1076 226 2.
1114 192 1165 226 De

198 246 256 284 sua
268 244 466 281 defensione
479 244 554 279 Cic.
568 256 630 290 pro
642 243 750 278 domo
763 243 808 293 ita
821 240 934 292 inquit
949 253 955 274 z
985 242 1082 275 Hora
1093 238 1165 275 for-

199 295 280 332 taffe
299 295 389 331 sexti
405 294 472 330 diei
494 291 631 340 questus
649 292 724 327 sum
744 291 779 325 in
795 290 933 337 judieio
946 288 1081 324 cumC.
1093 291 1165 323 An·

200 344 344 380 tonium
365 343 534 389 collegam
549 354 667 376 meum
681 339 904 375 defenderem
916 363 926 378 ,
951 337 1108 386 quaedam
1124 336 1167 371 de

200 393 324 441 republ
350 405 425 440 quae
440 392 526 426 mibi
548 391 615 426 visa
627 390 703 425 sunt
716 414 723 427 ‚
748 386 790 422 ad
805 387 895 422 illius
907 386 1019 422 milei-i
1033 386 1167 422 causam

200 453 394 490 pertinere,
416 442 489 475 haec
502 439 661 474 homines
675 436 825 483 improbi
839 435 880 472 ad
895 435 1059 484 quosdam
1073 433 1167 469 viros

199 490 308 527 fortes
321 491 425 536 longe
437 489 554 527 aliter,
575 498 675 533 atque
690 486 709 520 a
723 497 778 519 me
789 485 882 520 dista
893 494 989 520 erant
1003 510 1012 524 ‚
1033 483 1167 519 detule-

200 550 306 576 runt:
333 539 418 574 hora
442 549 534 572 nona
550 561 556 572 .
581 534 641 569 illo
664 534 736 582 ipso
762 533 818 568 die
829 557 838 571 ‚
858 544 896 568 tu
921 545 954 568 es
977 532 1168 580 adoptatus.

197 588 298 625 Hinc
312 587 498 623 Suetonius
513 586 545 620 in
559 583 654 633 Julio
670 596 677 618 :
702 583 874 618 Cicerone
886 580 1064 629 injudicio
1078 594 1168 630 quo-

201 637 283 674 dam
296 636 496 684 deplorante
508 644 708 681 temporum
719 631 843 667 statum
856 657 864 671 ‚
874 633 909 666 P.
918 630 1086 666 Clodium
1100 643 1167 665 ini-

196 685 337 722 micum
350 683 422 731 ejus
436 682 560 718 frustra
566 680 777 730 jampridem
791 680 809 715 a
820 679 972 728 pambus
982 679 1022 715 ad
1036 678 1169 727 plebem

199 733 343 770 transire
364 733 534 768 nitentem
547 757 555 771 ,
579 730 703 765 eodem
723 729 779 764 die
792 755 799 769 ‚
825 730 977 776 horaque
991 741 1083 763 nona
1097 738 1168 763 tra-

200 784 314 819 duxit.
344 779 495 817 Transiit
508 779 655 815 Clodius
669 778 709 813 ad
722 778 856 825 plebem
871 777 1058 823 adoptione
1070 801 1079 815 ‚
1092 789 1168 824 quae

198 831 374 878 arrogatio
387 830 529 865 dicitur.
557 828 736 874 adoptatus
750 827 815 862 fuit
827 827 845 862 a
856 829 889 861 Ρ.
902 825 1057 874 Fontejo.
1081 838 1169 860 con-

198 891 253 916 tra
265 892 370 929 quam
383 878 606 926 adoptionem
622 878 749 911 Cicero
764 889 825 923 pro
846 875 954 913 domo
975 875 1031 910 sua
1051 873 1170 921 dispu-

197 940 258 965 tat.
287 929 329 964 de
341 927 460 963 eadem
476 929 664 962 Suetonius
679 924 713 959 iii
728 924 872 960 Tiberio
888 938 894 958 z
919 925 952 958 P.
963 923 1109 959 Clodius
1125 922 1171 957 ob

199 976 448 1026 expellendum
465 976 549 1011 urbe
562 975 775 1010 Ciceronem
788 971 921 1022 plebejo
936 971 1071 1007 homini
1086 995 1094 1009 ‚
1118 982 1169 1006 at-

196 1039 269 1076 que
289 1026 392 1062 etiam
406 1036 488 1061 natu
506 1024 637 1059 minori
659 1036 695 1058 in
718 1022 942 1070 adoptionem
954 1021 984 1056 se
996 1020 1099 1056 dedit.
1129 1022 1168 1055 In

197 1077 265 1112 hac
285 1075 471 1123 adoptione
485 1073 596 1108 Cael'ar
610 1073 720 1118 legem
736 1071 914 1107 Curiatam
933 1070 1013 1105 tulit
1025 1093 1034 1107 ‚
1063 1070 1168 1103 Poni-

199 1123 296 1172 pejus
310 1125 345 1159 in
359 1122 509 1171 auspicio
521 1121 587 1157 fuit
600 1147 608 1161 ‚
621 1120 750 1168 epist.7.
764 1123 797 1156 &
819 1132 869 1155 12.
881 1120 973 1154 lib.2.
986 1117 1027 1153 ad
1043 1120 1112 1153 Att.
1127 1117 1169 1152 de

195 1173 334 1220 liarusp.
345 1173 426 1221 resp.
439 1171 578 1207 Tullius
592 1171 706 1205 menie
718 1168 825 1214 Aprili
841 1170 876 1204 &
888 1166 982 1215 Majo
996 1178 1093 1219 extra
1108 1179 1164 1202 ui·-

198 1223 282 1258 bem
295 1221 392 1257 Antii
408 1248 413 1259 ‚
432 1221 467 1256 in
483 1218 690 1266 Poinpejano
709 1242 718 1256 2
733 1217 918 1253 Formiano
932 1243 940 1256 ,
964 1219 999 1252 δε
1014 1215 1167 1262 Arpinati

200 1271 239 1307 in
263 1271 368 1306 literis
390 1270 478 1305 vixit
496 1283 502 1304 ;
526 1268 642 1316 ibique
662 1266 756 1315 epist.
769 1278 925 1315 quartam
945 1265 1168 1313 &sequentes

203 1319 365 1369 usquead
383 1324 432 1355 18.
449 1318 543 1353 lib.2.
556 1319 595 1352 ad
612 1316 769 1351 Atticum
782 1315 882 1351 misit.
911 1315 1027 1349 Attico
1042 1313 1168 1349 deinde

201 1369 241 1405 in
253 1368 401 1417 Epirum
414 1366 572 1416 profedffi
586 1392 594 1405 ‚
614 1367 739 1401 Cicero
754 1366 783 1400 se
796 1367 950 1399 Romam
962 1363 1089 1409 recepit
1102 1388 1111 1402 ‚
1135 1364 1168 1398 ἂ

200 1431 243 1454 ea
255 1441 264 1456 ‚
286 1430 363 1466 quae
376 1417 412 1452 iii
425 1415 642 1464 sequentibus
653 1413 801 1461 epistolis
817 1413 981 1460 leguntur
993 1438 1002 1452 ‚
1026 1411 1068 1447 ad
1081 1411 1167 1447 Atti-

197 1479 286 1503 cum
300 1465 436 1513 scripsit.
467 1463 630 1500 Consiliis
643 1463 788 1511 publicis
801 1462 903 1498 nullis
915 1488 922 1500 ‚
937 1472 975 1497 ut
985 1460 1036 1496 ‘est
1047 1473 1098 1508 ep.
1112 1473 1166 1504 23.

198 1516 369 1552 ,intererat
382 1539 391 1552 ,
414 1524 600 1561 totumque
625 1513 657 1548 se
675 1512 717 1547 ad
738 1511 906 1547 foreniem
920 1522 1060 1557 operam
1072 1510 1164 1545 labo-

202 1577 351 1613 remque
363 1563 570 1598 contulerat.
598 1563 696 1596 Tum
707 1561 924 1596 A-Thermus
935 1559 986 1594 bis
999 1560 1170 1594 Cicerone

202 1613 412 1650 defendente
423 1611 596 1646 absolutus
611 1609 658 1645 est
672 1636 680 1651 ,
695 1622 756 1658 pro
770 1610 902 1645 Flacco.
920 1610 1017 1644 Tum
1030 1620 1171 1657 quoque

201 1661 407 1700 L.Valerius
422 1660 561 1695 Flaccus
572 1685 581 1701 ,
594 1659 654 1708 qui
668 1672 711 1694 ex
723 1670 871 1706 praetura
882 1685 890 1699 ‚
905 1671 1011 1707 quam
1025 1659 1169 1693 Cicero-

199 1725 249 1748 ne
261 1711 402 1746 consule
414 1709 557 1757 gesserat
571 1735 580 1750 ,
605 1708 716 1744 Asiam
729 1708 946 1756 provinciam
960 1707 1169 1747 obtinuerat,

199 1760 223 1797 31
234 1763 276 1796 D.
288 1759 395 1795 Laelio
407 1758 677 1806 repetundarum
688 1758 863 1794 accusatus
874 1781 882 1795 ‚
897 1759 914 1793 εἰ
925 1755 1168 1802 QHortensio

198 1811 241 1846 ἃ.
254 1812 301 1845 Μ.
316 1808 489 1844 Cicerone
510 1806 667 1843 defensus
686 1806 746 1842 est.
773 1806 955 1842 Ciceronis
975 1817 1086 1841 oratio
1106 1818 1168 1841 ex-

199 1858 265 1894 stat
279 1871 286 1893 z
300 1857 343 1893 de
355 1855 530 1893 Hortensii
545 1855 744 1892 defenfione
760 1855 840 1892 vide
852 1854 1007 1903 epist.ult
1019 1855 1103 1891 lib.2
1126 1854 1167 1889 ad

197 1910 275 1944 Att.
302 1909 383 1942 Hoc
395 1918 488 1941 anno
502 1906 697 1941 P.Vatinius
708 1930 716 1944 ‚
732 1905 840 1954 quiin
853 1904 979 1939 Dionis
992 1904 1087 1939 libris
1101 1903 1165 1939 Πέ-

200 1956 327 1992 ’πῆυΘν
340 1954 486 1989 Α’τὶνιΘ·
499 1966 571 1989 non
586 1953 658 1989 fine
671 1954 800 1990 mendo
813 1952 1016 1989 nominatur
1027 1977 1037 1990 ‚
1058 1953 1171 1988 tribu-

200 2017 269 2042 nus
282 2004 324 2051 pl.
341 2003 467 2039 Caesari
480 2003 613 2038 consuli
625 2002 662 2038 in
678 2003 777 2038 omni
797 2015 834 2037 re
846 2002 1012 2037 obscurus
1025 2001 1072 2037 est
1085 2026 1094 2040 ‚
1116 2014 1172 2036 ea-

198 2066 271 2102 que
282 2052 381 2099 gessit
390 2076 399 2090 2
411 2065 488 2100 quae
500 2052 519 2087 a
531 2051 705 2086 Cicerone
717 2051 752 2086 in
765 2051 1040 2098 interrogatione
1054 2063 1089 2085 in
1104 2051 1170 2085 Va·

200 2102 334 2137 tinium
356 2100 671 2147 reprehenduntur.
701 2102 794 2145 Lege
805 2099 944 2133 Vatinia
956 2099 1078 2132 Caesari
1098 2098 1175 2131 data

203 2151 243 2185 in
260 2148 545 2197 quinquennium
564 2147 630 2183 fuit
644 2147 755 2189 Gallia
767 2146 908 2181 citerior
919 2157 1006 2180 curn
1018 2144 1173 2192 Illyrico:

205 2201 240 2235 δε
251 2198 362 2241 tribus
377 2196 578 2244 legionibus
593 2219 602 2233 ,
621 2196 747 2244 quibus
760 2197 903 2230 Senatus
917 2193 1066 2228 Galliam
1085 2193 1174 2227 ulte-

203 2248 337 2284 riorem
351 2258 433 2281 cum
445 2245 508 2281 alia
521 2244 660 2292 legione
671 2243 795 2291 adjecit
805 2269 815 2284 ,
827 2243 896 2278 Dio
910 2242 966 2277 lib.
976 2254 988 2285 3
997 2246 1027 2277 8.
1043 2241 1176 2276 Plutar-

206 2297 308 2336 chus,
323 2297 524 2333 Suetonius,
537 2296 570 2330 &
584 2292 729 2328 Orosius
742 2293 799 2328 l.6.
812 2304 878 2330 c.7.
895 2294 934 2327 In
947 2292 1017 2326 hoc
1029 2290 1175 2338 imperio

205 2343 319 2381 Caesar
333 2343 545 2379 Ciceronem
563 2341 623 2377 sibi
643 2341 796 2388 legatum
810 2341 876 2376 effe
889 2339 1026 2376 volebat
1038 2363 1048 2377 ‚
1073 2338 1129 2374 lib·
1146 2351 1175 2374 2.

202 2394 247 2429 ad
261 2396 418 2428 Atticum
432 2391 639 2439 epist-19.&
649 2389 743 2439 epist.
763 2395 814 2437 13.
843 2393 873 2426 A
886 2389 1016 2425 Caesare
1028 2414 1037 2429 ,
1050 2388 1177 2436 inquit,

202 2442 307 2478 valde
319 2441 505 2476 liberaliter
515 2440 649 2475 invitor
659 2440 696 2475 in
713 2438 922 2487 legationem
933 2437 1028 2474 illam
1040 2463 1048 2475 ‚
1061 2436 1122 2471 fibi
1135 2448 1174 2472 ut

198 2490 271 2526 -fim
283 2491 423 2537 legatus-
450 2492 484 2525 &
495 2489 537 2525 de
549 2488 740 2537 provinciis
754 2499 828 2524 cos.
856 2490 915 2524 Me
926 2511 935 2525 ,
946 2497 985 2522 ut
998 2486 1057 2521 sibi
1072 2485 1175 2521 effem

205 2539 338 2585 legatus
351 2563 361 2578 ‚
387 2551 459 2573 non
482 2538 594 2573 solum
616 2536 717 2573 suasit
728 2561 737 2575 ‚
761 2549 885 2572 verum
906 2535 1008 2572 etiam
1031 2534 1176 2582 rogavit.

207 2587 342 2623 Consul
355 2587 386 2621 C
389 2587 467 2622 aesar
480 2586 571 2633 leges
584 2586 708 2622 multas
720 2585 801 2621 tulit
813 2611 823 2626 ,
851 2598 928 2634 quae
940 2585 983 2620 ab
994 2584 1064 2631 ipso
1073 2584 1173 2632 Juliae

202 2637 287 2673 sunt
299 2635 480 2684 appellatae·
507 2636 551 2670 de
563 2635 689 2683 quibus
701 2634 771 2670 Dio
791 2634 850 2670 lib.
870 2638 921 2678 38.
946 2636 980 2670 &
991 2632 1119 2668 Cicero
1133 2631 1176 2668 de

192 2712 196 2717 .
209 2685 321 2721 harus
332 2684 415 2730 resp.
443 2686 540 2719 Tum
550 2708 560 2722 ‚
574 2682 777 2731 legesJulias
790 2694 912 2719 contra
925 2681 1071 2731 auspicia
1082 2681 1174 2721 latas,

207 2735 245 2772 ὃ(
257 2734 314 2769 hic
327 2736 360 2769 δε
374 2733 411 2768 in
421 2732 653 2768 concionibus
666 2732 793 2768 dicere.
822 2732 923 2768 Tulit
936 2741 1098 2780 praeterea
1112 2754 1123 2768 ‚
1137 2740 1175 2766 ut

199 2795 291 2829 *ager
301 2782 500 2828 Campanus
515 2781 553 2817 iis
567 2807 576 2823 ‚
601 2780 661 2828 qui
674 2791 790 2816 ternos
802 2781 958 2827 pluresve
969 2780 1094 2816 liberos
1113 2779 1172 2814 ha·

207 2831 342 2868 herent,
353 2829 578 2871 divideretur,
593 2829 778 2865 Suetonius
792 2831 826 2865 &
839 2828 1004 2877 Vellejus.
1026 2829 1175 2864 Curato—

198 2891 262 2916 -res
273 2880 377 2915 etiam
388 2905 398 2919 ,
411 2880 471 2927 qui
484 2891 582 2926 agros
593 2878 790 2914 dividerent
802 2904 810 2919 ‚
824 2878 1005 2914 constituit
1019 2877 1176 2925 Viginti-

208 2928 307 2967 viros
322 2940 365 2964 ex
380 2927 419 2963 iis
432 2951 442 2966 ‚
455 2928 515 2975 qui
527 2927 695 2975 plurimos
707 2928 857 2962 honores
867 2927 1038 2975 geffiffent
1052 2949 1062 2964 2
1075 2937 1178 2975 atque

208 2976 253 3017 ad
273 2989 349 3012 eam
369 2988 444 3011 rem
457 2988 563 3024 quam
578 2977 731 3012 maxime
745 2975 861 3011 idonei
882 2976 989 3012 essent
1002 3002 1012 3018 ‚
1033 2976 1177 3012 auctore

206 3025 326 3062 Dione
337 3025 438 3061 initio
452 3024 531 3060 libri
548 3028 601 3068 38.
615 3023 804 3060 Suetonius
815 3037 956 3074 quoque
970 3026 1006 3062 in
1018 3023 1176 3073 Augusto

210 3075 283 3111 XX
297 3074 389 3110 viros
412 3085 537 3121 agrum
549 3074 769 3121 Campanum
793 3073 883 3120 plebi
902 3075 995 3123 Julia
1014 3074 1089 3121 lege
1122 3072 1176 3108 di-

199 3121 320 3164 vvififfe
331 3147 342 3166 ‚
354 3122 415 3162 ait.
437 3124 480 3160 In
492 3123 544 3160 his
555 3121 623 3160 fuit
637 3121 843 3160 Cosconius.
869 3135 941 3172 quo
953 3133 1098 3162 mortuo
1113 3122 1190 3166 Ci-,

1881 106 1901 120 ἱ

1240 97 1746 158 thERoN1s

1211 202 1291 227 cero
1304 190 1340 228 in
1353 188 1424 238 ejus
1437 190 1557 227 locum
1569 191 1733 228 invitatus
1753 190 1821 227 fuit
1832 217 1840 232 ‚
1854 190 1947 238 epist.
1963 202 2013 234 19.
2025 191 2081 228 lib*¹
2095 203 2123 229 2·
2137 192 2178 229 ad

1214 243 1280 275 Att.
1293 239 1329 275 in
1350 240 1468 276 iisdem
1489 240 1556 275 fuit
1568 241 1636 276 Cn.
1654 240 1864 276 Tremellius
1878 241 2015 282 Scrofa,
2039 254 2110 289 quo
2132 241 2178 278 de

1213 290 1322 324 Varro
1339 288 1432 324 lib-1.
1446 289 1488 324 de
1501 289 1582 324 rust.
1593 301 1699 337 cap.2.
1713 289 1873 325 nominat
1886 289 2023 326 eosdem
2039 290 2178 326 Fronti-

1211 350 1275 373 nus
1289 340 1323 373 ὃς
1335 337 1464 373 Plinius
1478 337 1643 386 lib.7.cap
1658 350 1712 380 52.-
1727 338 1792 374 Sed
1807 338 1931 374 Cicero
1948 338 2017 374 XX
2029 338 2180 375 virutum

1210 386 1424 433 repudiavit,
1438 386 1534 435 quod
1548 384 2028 434 Qinc'Ttilianuslib.12.cap-
2046 400 2072 422 i·
2097 387 2181 423 scri-

1210 434 1260 470 bit
1272 458 1281 473 ,
1294 437 1328 470 &
1346 436 1413 480 ipse
1424 447 1514 481 epa.
1527 435 1621 478 lib.9.
1632 435 1674 471 ad
1688 436 1841 472 Atticum
1854 435 1897 470 de
1910 437 1932 470 C
1943 436 2040 471 aesare
2051 435 2181 485 inquit,

1213 482 1399 529 Repudiari
1419 483 1450 519 {e
1473 494 1590 518 totum
1607 507 1616 521 ‚
1643 484 1753 531 magis
1776 484 1880 520 etiam
1906 486 2012 532 quim
2035 483 2122 520 olim
2145 485 2182 520 in

1214 532 1399 567 XXviratu
1413 531 1570 579 putabit,
1591 544 1630 567 ac
1642 532 1726 568 solet
1740 558 1749 572 ,
1772 545 1855 568 cum
1868 532 1898 567 le
1911 543 2035 580 purgat
2045 557 2054 570 ,
2075 533 2111 568 in
2124 545 2182 569 me

1213 580 1374 616 conferre
1394 593 1540 617 omnem
1563 580 1706 617 illorum
1726 591 1927 629 temporum
1949 582 2088 630 culpam
2103 595 2111 618 :
2136 582 2184 618 ita

1214 642 1269 665 me
1285 628 1347 664 fibi
1368 629 1465 665 fuisse
1480 629 1666 665 inimicum
1678 656 1687 670 ‚
1713 641 1752 665 ut
1765 642 1809 665 ne
1821 631 1993 665 honorem
2008 630 2150 678 quidem
2162 629 2183 668 a

1214 678 1244 714 se
1265 679 1418 725 accipere
1441 678 1578 715 vellem·
1605 678 1803 714 Paterculus
1817 691 1960 727 quoque
1972 679 2007 714 in
2020 688 2181 715 comme*

1214 728 1410 763 moratione
1433 727 1556 763 exsulii
1569 727 1749 763 Ciceronis
1764 727 1858 763 addit
1875 741 1881 762 :
1907 730 1986 762 Hoc
2013 726 2072 762 fibi
2095 741 2183 764 con-

1213 777 1349 812 traxisle
1364 775 1545 812 videbatur
1557 777 1683 812 Cicero
1697 802 1706 816 ,
1730 776 1826 825 quod
1841 776 1931 811 inter
1944 777 2113 811 XXviros
2127 776 2182 812 di-

1215 824 1366 860 videndo
1379 838 1461 871 agro
1475 825 1657 872 Campano
1670 824 1735 860 effe
1753 824 1925 860 noluisset·
1953 826 2023 860 Hic
2036 825 2182 873 scrupu—

1216 873 1289 908 lum
1302 872 1415 920 injicit
1427 873 1538 908 oratio
1558 873 1602 909 de
1622 874 1812 921 provinciis
1825 875 1911 909 Cos.
1927 873 1962 909 iri
1975 886 2043 922 qua
2052 874 2181 909 Cicero

1214 922 1259 957 ait
1270 948 1278 961 ,
1293 921 1324 957 se
1336 924 1355 957 a
1371 922 1502 958 Caesare
1515 921 1614 958 fuisse
1626 934 1789 969 rogatum
1799 947 1808 960 ‚
1819 934 1857 958 ut
1869 922 2181 971 quinqueviratum

1214 970 1384 1018 acciperet
1398 994 1408 1009 ,
1431 983 1584 1020 eumque
1595 972 1628 1007 se
1639 971 1870 1007 obstinatione
1884 971 2032 1019 quadam
2044 971 2181 1008 senten—

1213 1018 1268 1054 tiae
1291 1018 1491 1067 repudiasse.
1521 1031 1683 1068 praeterea
1707 1020 1930 1068 quinqueviri
1955 1021 2185 1057 nominantur

1214 1067 1306 1114 epist·
1322 1081 1351 1112 7.
1365 1068 1419 1103 lib.
1434 1080 1463 1104 2.
1475 1067 1517 1103 ad
1529 1070 1599 1104 Att-
1613 1072 1702 1105 Sunt
1717 1068 1781 1105 viri
1795 1068 1982 1105 dofflssiini
1997 1093 2008 1107 ‚
2030 1068 2066 1104 in
2080 1069 2184 1105 rebus

1213 1116 1384 1152 Romanis
1397 1117 1647 1163 cognoscendis
1660 1117 1722 1154 diu
1733 1118 1958 1166 multumque
1971 1118 2091 1154 vei-fiiri
2103 1142 2113 1157 ,
2122 1118 2183 1167 qui

1213 1165 1365 1201 scribunt
1378 1166 1547 1201 Caesarem
1569 1166 1609 1202 ad
1631 1166 1899 1203 aestimationem
1923 1168 1994 1214 agri
2009 1167 2182 1215 Campani

1216 1214 1388 1250 XXviros
1400 1213 1534 1250 creasse·
1561 1226 1599 1250 ac
1614 1226 1777 1263 praeterea
1788 1215 1954 1264 quinque,
1965 1216 2024 1264 qui
2040 1215 2185 1252 aestima-

1214 1274 1289 1299 tuni
1303 1262 1510 1300 divssderent-
1539 1265 1631 1299 Dant
1655 1264 1705 1299 illi
1727 1264 1869 1313 quidem
1889 1263 2013 1300 testem>
2033 1277 2070 1300 in
2094 1266 2184 1300 hanc

1214 1325 1287 1348 rem
1301 1312 1472 1348 Dionem:
1488 1312 1542 1347 sed
1559 1313 1661 1349 verba
1672 1339 1680 1352 ‚
1693 1313 1818 1361 quibus
1831 1314 1900 1349 hoc
1911 1313 2182 1353 demonstretur,

1213 1362 1249 1397 in
1264 1362 1384 1398 Graeca
1396 1361 1469 1410 ejus
1482 1360 1622 1397 historia
1633 1361 1792 1397 invenire
1804 1362 1965 1410 equidem
1977 1362 2187 1403 adhucmul-

1216 1411 1245 1447 la
1255 1412 1364 1458 potui.
1380 1410 1544 1447 Comitiis
1556 1410 1747 1447 tribunitiis
1761 1411 1944 1448 PClodius
1957 1411 2103 1448 Pulcher
2114 1411 2182 1448 tri-

1214 1460 1328 1496 bunus
1340 1459 1386 1509 pl.
1402 1460 1511 1497 fastus
1528 1459 1594 1496 fuit
1613 1473 1717 1508 opera
1729 1460 1888 1499 Caesaris,
1913 1472 1954 1496 ut
1975 1461 2089 1497 scribit
2101 1460 2184 1500 Dio,

1215 1512 1248 1545 &
1262 1510 1466 1546 Plutarchus
1478 1511 1514 1545 in
1528 1510 1668 1546 Caesare.
1685 1509 1755 1546 Etsi
1767 1520 1883 1546 autem
1895 1508 2036 1558 Pompej
2043 1522 2081 1545 us
2095 1510 2184 1545 Clo-

1213 1558 1312 1594 dium
1330 1559 1430 1594 omni
1443 1559 1607 1595 cautione
1619 1585 1629 1600 ‚
1642 1559 1774 1595 foedere
1786 1585 1796 1600 ,
1819 1559 2040 1595 execratione
2055 1558 2183 1594 devin-

1214 1618 1310 1643 xerat
1323 1633 1332 1649 ‚
1350 1608 1438 1643 nihil
1450 1608 1486 1643 in
1500 1608 1681 1644 tribunatu
1695 1618 1818 1644 contra
1831 1608 2042 1643 Ciceronem
2053 1607 2119 1643 effe
2131 1607 2184 1643 fa-

1215 1656 1356 1693 &urum
1370 1681 1380 1695 ,
1404 1667 1444 1692 ut
1455 1656 1503 1692 est
1516 1670 1579 1704 pro
1593 1657 1712 1693 Sextio
1728 1671 1735 1693 :
1763 1656 1820 1692 ille
1831 1667 1948 1692 tamen
1966 1657 2003 1692 in
2026 1655 2095 1692 fide
2107 1668 2183 1692 non

1216 1705 1340 1742 mansit
1356 1719 1363 1741 ε
1386 1706 1441 1741 sed
1453 1705 1616 1742 tribunus
1629 1706 1673 1755 pl.
1687 1706 1797 1742 faetus
1810 1731 1819 1746 ,
1831 1706 2006 1742 continuo
2021 1705 2051 1741 se
2063 1705 2100 1741 in
2118 1705 2183 1741 Ci-'

1214 1768 1379 1791 ceronem
1392 1755 1578 1791 convertit.
1608 1768 1676 1804 qua
1689 1755 1733 1790 de
1743 1767 1780 1790 re
1799 1754 1955 1791 dicemus
1968 1778 1978 1793 ‚
1998 1753 2021 1789 fi
2034 1754 2127 1802 prius
2140 1754 2183 1789 il-

1215 1804 1275 1840 lud
1299 1804 1586 1840 admonuerimus
1608 1828 1619 1842 ‚
1647 1805 1743 1839 hunc
1763 1802 1908 1839 tertium
1929 1803 2027 1838 fuiffe
2049 1815 2184 1839 annum

1216 1853 1350 1901 imperii
1367 1857 1436 1900 Q.
1452 1853 1632 1888 Ciceronis
1644 1853 1682 1888 in
1695 1851 1782 1887 Afia.
1809 1864 1880 1900 quo
1897 1851 1939 1887 ad
1951 1851 2039 1886 duos
2052 1852 2186 1898 priores

1216 1901 1393 1950 adjiintSto,
1409 1901 1591 1937 M Cicero
1607 1900 1783 1948 epistolam
1797 1900 1890 1935 illam
1902 1900 2185 1949 pulcherrimam,

1216 1964 1294 1998 quae
1307 1950 1354 1987 est
1367 1950 1477 1997 prima
1491 1950 1548 1985 hb.
1560 1963 1570 1985 i
1580 1950 1632 1985 -ad
1644 1952 1809 1989 Fratrem,
1822 1948 1926 1989 misit,
1938 1949 1976 1984 in
1988 1961 2057 1996 qua
2065 1949 2186 1985 omnia

1218 2011 1386 2048 praecepta
1398 2000 1487 2035 bene
1506 1997 1784 2034 administrandae
1797 1997 1987 2044 provinciae
2007 1997 2052 2032 ita
2072 1998 2184 2042 perse—

1217 2050 1337 2096 quitur
1349 2073 1358 2086 ,
1384 2059 1423 2083 ut
1444 2048 1591 2094 amplius
1614 2047 1702 2082 nihil
1725 2046 1855 2091 requiri
1879 2045 1989 2090 poffit.
2020 2044 2184 2091 Ejusdem

1217 2097 1298 2129 anni
1310 2095 1443 2128 ultiniis
1456 2094 1631 2127 mensibus
1650 2091 1778 2139 scripfit
1804 2091 1985 2138 epistolam
1999 2092 2185 2130 secundam

1219 2142 1260 2178 ad
1275 2143 1427 2183 Fratrem
1439 2164 1450 2178 ‚
1462 2151 1501 2176 ut
1513 2153 1555 2177 ex
1569 2144 1576 2174 i
1581 2141 1637 2191 psa
1652 2139 1886 2189 cognoscitur.
2176 2160 2179 2180 ;

1324 2245 1419 2278 Anno
1430 2240 1517 2278 urbis
1531 2246 1670 2338 ncch.
1690 2243 1846 2279 Ciceronis
1859 2252 1961 2279 xux.
1975 2241 2084 2279 Coss.

1650 2301 1776 2329 uerunt,

1254 2343 1709 2393 L.CALPURN1US
1735 2357 1865 2391 Piso
1893 2356 2150 2393 cAEsom-

1427 2405 1960 2445 Nus,A.GAssinius

1226 2486 1483 2567 PRAE'roiuzs
1507 2485 1611 2534 hujus
1637 2486 1717 2522 anni
1740 2485 1759 2521 ἐι
1771 2487 1941 2522 Suetonio
1963 2484 2104 2534 inJulio
2117 2497 2185 2520 no-

1295 2534 1475 2571 minantur
1485 2534 1570 2573 duo,
1583 2535 1821 2571 C.Memmius
1832 2561 1841 2576 ,
1854 2537 1889 2572 δι
1901 2534 2130 2571 L.Domitius.
2143 2534 2187 2569 C-

1221 2584 1433 2618 Memmium
1446 2593 1627 2628 praetorem
1648 2597 1690 2621 ex
1713 2584 1788 2631 lege
1803 2584 1936 2620 Licinia
1953 2583 2101 2632 &Junia
2111 2581 2185 2618 edi-

1220 2632 1322 2671 xisse,
1348 2643 1386 2667 ut
1399 2632 1558 2668 Vatinius
1580 2632 1704 2669 adeiset
1721 2633 1775 2669 die
1787 2632 1963 2669 tricesimo
1975 2658 1985 2673 ‚
2006 2633 2132 2667 Cicero
2147 2630 2186 2666 in

1220 2680 1403 2716 Vatinium
1417 2681 1462 2716 ait
1476 2694 1483 2716 ;
1510 2682 1583 2717 Piso
1596 2706 1605 2720 ,
1630 2684 1665 2718 δε
1679 2682 1847 2718 Gabinius
1873 2682 1951 2718 sunt
1962 2680 2034 2717 duo
2045 2678 2188 2719 funesti,

1219 2743 1292 2766 non
1302 2730 1470 2768 consules,
1479 2729 1535 2765 sed
1547 2730 1697 2767 latrones
1708 2742 1810 2780 atque
1820 2734 1993 2766 everiores
2003 2728 2085 2778 reip.
2098 2741 2188 2776 quos

1218 2779 1285 2814 suis
1297 2777 1475 2814 coloribus
1489 2780 1616 2815 Cicero
1637 2780 1756 2816 multis
1777 2780 1861 2815 locis
1881 2778 2038 2827 depinxit
2052 2791 2060 2814 t
2087 2788 2128 2814 ut
2147 2777 2186 2813 in

1218 2838 1303 2864 orat.
1316 2827 1391 2874 post
1402 2827 1554 2864 reditum
1564 2853 1573 2866 ‚
1586 2842 1652 2877 pro
1664 2828 1774 2865 domo
1790 2854 1799 2869 ‚
1815 2841 1877 2876 pro
1890 2828 2010 2864 Sextio
2023 2852 2033 2867 ‚
2046 2826 2090 2862 de
2101 2838 2187 2875 pro-

1220 2877 1343 2913 vinciis
1357 2876 1442 2912 Cos.
1457 2878 1491 2912 in
1507 2877 1665 2914 Pisonem
1676 2904 1685 2919 ‚
1698 2880 1734 2914 δε
1746 2877 1837 2913 alibi·
1850 2876 1912 2912 His
1925 2875 2123 2912 consulibus
2133 2874 2185 2910 se-

1218 2926 1380 2962 dentibus
1394 2951 1403 2966 ,
1417 2925 1688 2974 inspeStantibus
1701 2952 1710 2967 ‚
1733 2938 1835 2976 atque
1844 2924 1928 2961 adeo
1941 2922 2187 2972 adjuvantibus

1222 2977 1269 3011 M.
1280 2974 1419 3010 Tullius
1441 2975 1663 3011 conservator
1683 2976 1798 3023 patriae
1818 2974 1838 3011 a
1855 2972 2108 3010 sceleratissimo
2119 2972 2186 3007 tri-

1218 3023 1315 3059 buno
1328 3022 1416 3072 pleb.
1430 3022 1466 3058 in
1483 3023 1654 3060 exsulium
1677 3024 1808 3072 ejeCms
1827 3022 1886 3059 est.
1914 3021 2063 3057 Clodius
2075 3020 2186 3062 enim,

1218 3082 1257 3109 ut
1269 3072 1335 3108 Dio
1351 3071 1409 3107 lib.
1426 3075 1479 3115 38.
1492 3072 1611 3108 scribit
1620 3097 1630 3111 ‚
1652 3073 1674 3108 s
1689 3085 1785 3109 crans
1798 3096 1808 3111 ‚
1821 3071 1920 3110 fiicile
1931 3070 1964 3107 se
1975 3069 2188 3106 Ciceronem

1218 3121 1479 3173 oppress‘urum,
1502 3120 1527 3159 fi
1546 3120 1641 3171 prius
1668 3132 1830 3163 enatum,
1853 3119 1984 3170 equites
2003 3120 2038 3157 ὃ(
2049 3117 2194 3204 plebffini
