2297 3389
675 142 900 189 Ltalffi

112 224 258 269 defendere.
283 223 480 257 Committere
489 221 582 264 igitur
590 230 660 252 eum
670 232 734 252 non
746 220 922 252 fidelissimis
934 224 1069 254 homini-

118 271 174 301 bus
185 270 298 300 noluit:
311 266 398 297 fimul
409 263 489 306 quod
499 264 535 294 ab
543 264 594 293 illa
603 271 682 303 parte
693 263 771 293 urbis
782 264 911 294 navibus
921 263 1016 293 aditus
1027 274 1065 295 ex

114 312 176 342 alto
192 310 243 341 est.
265 307 471 350 Qamobrem
487 307 541 346 qui
560 304 677 335 nostros
695 304 842 335 exercitus
853 305 925 344 saepe
936 306 1070 335 excluse-

115 354 181 383 iant
190 372 198 386 ,
211 353 247 382 iis
265 348 385 381 claustra
399 347 459 377 loci
469 346 688 377 committenda
697 356 761 376 non
772 345 966 376 existimavit.
991 346 1069 377 Vide

115 393 189 435 quid
200 389 310 422 interfit
321 392 399 420 inter
408 397 489 418 tuam
501 387 673 422 libidinem,
689 388 898 428 majorumque
908 387 1068 417 austorici-

115 440 178 466 vtem
191 436 283 463 :inter
291 440 427 462 amorem
438 449 447 463 ‚
468 428 662 470 furoremque
672 438 758 460 tuum
771 449 778 463 ,
791 430 823 459 &
835 431 960 459 iliorum
969 427 1065 458 consi-

115 476 193 506 lium
203 495 210 507 ,
220 482 305 514 atque
312 472 510 512 prudentiam.
533 471 583 501 Illi
592 471 708 501 aditum
718 471 813 501 litoris
824 470 1009 510 Syracusanis
1017 469 1068 500 ad-

115 523 270 546 emerunt:
284 523 315 544 tu
327 515 514 543 maritimum
525 514 688 552 imperium
698 510 872 542 conceffisti.
894 513 944 541 Illi
955 511 1067 541 habim-
1087 537 1090 566 Ι

115 558 189 588 rein
198 566 234 586 eo
244 555 311 585 loco
321 555 544 594 syracusanum,
555 564 617 594 quo
627 564 717 584 naves
726 553 862 584 accedere
871 552 998 593 possent,
1010 563 1067 582 no·
1087 569 1089 578 ι

115 599 250 629 luerunt:
262 605 295 626 tu
305 595 434 629 claffi,&
443 596 570 625 navibus
580 596 793 635 Syracusanum
806 593 922 635 praeefse
932 593 1064 624 voluisti.

114 639 224 681 quibus
233 639 279 668 illi
290 638 371 668 urbis
381 638 398 668 s
395 647 437 667 uae
449 646 561 677 partem
572 637 748 667 ademerunt
759 657 767 670 ,
778 639 814 666 iis
825 646 856 666 tu
867 635 959 666 nostri
971 638 1068 675 impe-

114 682 152 712 rii
161 689 274 721 partem
285 679 392 709 dedisti
404 689 409 707 ς
429 679 461 709 &
474 699 482 712 ,
497 688 628 719 quorum
640 679 791 708 sociorum
801 687 890 717 opeia
899 678 1068 717 Syracusani
1088 691 1089 719 1

117 723 207 753 nobis
217 720 300 751 dieto
309 721 462 751 audientes
472 721 489 750 s
487 729 539 750 unt
547 740 555 753 ‚
578 729 628 749 eos
638 720 822 759 Syracusanis
836 718 909 748 αἰέἐο
921 718 1070 747 aredienteis

58 771 98 804 33
118 761 176 802 effe
192 761 308 803 jussisti.
335 766 344 782 ¹
358 762 513 803 Egreditur
527 763 721 800 Centuripina
737 760 918 802 quadriremi
929 761 1069 790 Cleome-

116 815 169 836 nes
179 804 195 834 ὲ
206 814 294 844 portu
306 815 311 833 :
329 804 460 844 sequitur
468 802 620 843 segestam
630 804 715 832 navis
726 822 734 835 ‚
754 802 947 833 Tindaritana
958 822 966 835 ,
990 804 1068 831 Her·
1087 829 1088 842 ¹

114 846 237 878 bitensis
247 866 255 880 ,
269 842 462 875 Heracliensis
471 864 479 877 ,
493 843 725 883 Apolloniensis,
738 844 903 874 Haluntina
913 863 921 877 ,
933 844 1070 882 praeclara
1086 843 1088 858 ⁸

115 887 211 919 claffis
224 890 255 917 in
266 888 392 927 speciem
406 896 410 914 z
422 885 471 916 scd
481 887 571 925 inops
580 905 588 918 ,
601 885 634 914 &
643 884 764 915 infirma
773 905 781 918 ‚
791 894 910 926 propter
919 883 1067 915 dimissio-

116 939 189 960 nem
199 937 462 969 propugnatorum,
474 935 558 967 atque
570 927 731 968 remigum.
754 928 887 957 Tamdiu
898 929 930 956 in
941 928 1068 966 imperio

116 972 171 1003 suo
182 969 299 1000 class'em
311 969 363 999 iste
372 977 478 1009 praetor
487 968 616 1009 diligens
627 968 719 1001 vidit,
734 968 877 1008 quamdiu
888 970 1067 998 convivium

116 1014 180 1052 ejus
190 1009 449 1052 flagitiosissimum
461 1009 649 1049 praetervec'ta
658 1009 710 1040 est.
733 1011 791 1050 ipse
801 1019 913 1043 autem,
926 1009 1067 1049 quivistis
1086 1011 1088 1016 ⁴

117 1053 223 1084 multis
232 1052 338 1082 diebus
349 1062 413 1081 non
423 1050 505 1085 effer,
517 1060 582 1081 tum
594 1051 622 1081 se
632 1060 732 1081 tamen
745 1054 778 1081 in
787 1051 983 1091 conspetsshim
995 1060 1069 1080 11111-

115 1093 153 1127 ris
161 1094 317 1135 paullisper
330 1093 422 1123 dedit.
448 1094 536 1122 Stetit
549 1093 678 1123 soleatus
696 1102 804 1133 praetor
820 1093 924 1132 populi
935 1094 1068 1122 Romani

115 1146 185 1168 cum
197 1136 288 1176 pallio
297 1144 444 1175 purpureo
453 1154 461 1167 ‚
474 1136 633 1175 tunicaque
645 1135 743 1168 talari,
764 1135 929 1163 muliercula
940 1135 1024 1162 nixus
1036 1135 1067 1162 in

115 1179 212 1209 litore.
233 1179 300 1219 Jam
313 1178 369 1206 hoc
380 1176 443 1216 ipso
454 1175 544 1205 istum
554 1176 662 1206 vestitu
672 1177 773 1210 Siculi,
786 1177 924 1216 civesque
933 1177 1066 1205 Romani

114 1220 258 1261 permulti
279 1219 353 1258 saepe
374 1217 528 1247 viderunt.
563 1216 755 1258 Posteaquam
775 1218 909 1257 paullum
928 1215 1069 1257 proveEla

115 1259 211 1292 classis
221 1259 280 1294 est,
302 1260 335 1289 &
347 1261 518 1298 Pachynum
531 1260 639 1299 quinto
657 1259 706 1289 die
725 1259 854 1300 denique
871 1259 989 1299 appulsa
1007 1257 1065 1287 est:

115 1303 296 1342 nautaefame
306 1299 395 1330 wadii
404 1321 412 1334 ,
430 1300 540 1330 radices
555 1302 722 1339 palmarum
740 1300 898 1341 agrestium
910 1321 918 1334 ‚
941 1308 1067 1341 quarum

114 1353 175 1375 erat
185 1346 217 1373 in
227 1344 287 1373 illis
299 1343 371 1372 locis
383 1362 391 1375 ‚
405 1340 476 1373 ficut
493 1343 525 1371 in
536 1351 642 1383 magna
652 1351 730 1381 parte
740 1343 848 1372 Siciliae
857 1362 864 1375 ‚
881 1341 1045 1371 multitudo
1057 1360 1065 1374 ,

113 1385 296 1426 colligebant
305 1404 313 1417 ,
326 1384 358 1414 δε
370 1384 415 1412 his
426 1383 527 1413 mise'ri
536 1403 544 1416 ,
557 1383 723 1424 perditique
733 1384 894 1413 alebantur.
927 1384 1067 1413 Cleome-

953 157 1019 190 IN
1065 141 1445 189 C.VERREM.

113 1437 167 1457 nes
175 1436 274 1457 autem
284 1445 292 1459 ,
303 1427 355 1466 qui
369 1425 495 1455 alterum
505 1425 532 1454 se
543 1427 667 1454 Verrem
677 1423 749 1455 cum
762 1425 879 1455 luxuria
890 1445 898 1458 ‚
910 1433 996 1465 atque
1013 1434 1065 1454 ne-

114 1469 209 1510 quitia
218 1488 227 1501 ,
248 1476 314 1497 tum
325 1475 414 1496 ctiam
426 1467 556 1506 imperio
567 1486 576 1499 ,
595 1475 725 1506 putaret:
745 1464 881 1497 fimilirer
890 1476 970 1497 totos
982 1466 1045 1496 dies
1058 1485 1066 1499 ,

58 1515 74 1548 3
83 1516 104 1548 4
115 1511 148 1540 in
158 1510 244 1539 litore
254 1508 442 1538 tabernaculo
453 1506 557 1547 posito,
569 1508 748 1547 perpotabat.
767 1511 843 1538 Ecce
853 1517 953 1538 autem
962 1517 1068 1548 repen-

114 1550 144 1582 te
155 1571 165 1585 ,
180 1550 263 1580 ebrio
274 1550 437 1580 Cleomene
448 1569 456 1583 ,
477 1550 675 1579 esurientibus
685 1551 787 1580 ceteris
798 1570 806 1583 ‚
823 1552 976 1580 nuntiatur
988 1551 1065 1589 pira-

114 1602 211 1624 tarum
222 1593 322 1622 naveis
333 1590 389 1621 ess'e
399 1593 432 1620 in
441 1600 530 1631 portu
540 1589 655 1621 Ediffae.
668 1601 737 1621 nam
748 1593 789 1621 ita
798 1593 823 1621 is
834 1593 916 1622 locus
926 1594 1066 1621 nomina-

115 1642 171 1665 tur.
194 1633 294 1663 nostra
301 1641 401 1662 autem
410 1631 500 1662 claffis
512 1642 570 1662 erat
581 1643 614 1662 in
623 1642 711 1672 portu
722 1634 860 1673 Pachyni.
886 1633 1065 1663 Cleomenes

113 1684 214 1706 autem
226 1695 234 1708 ‚
254 1674 337 1716 quod
347 1683 408 1704 erat
418 1673 549 1704 terrestre
557 1673 727 1714 praefidium
737 1684 801 1704 non
816 1685 843 1703 re
851 1694 860 1709 ,
880 1675 928 1705 sed
939 1675 1046 1704 nomine
1057 1693 1066 1707 ,

113 1717 241 1757 sperabat
251 1737 259 1750 ,
271 1719 307 1746 iis
317 1716 480 1749 militibus,
491 1726 568 1757 quos
580 1725 618 1746 ex
626 1726 662 1746 eo
672 1716 739 1746 loco
749 1714 917 1746 dedux1ffet
928 1737 936 1749 ,
947 1716 1067 1755 explere

113 1759 142 1790 se
153 1767 316 1788 numerum
327 1766 483 1787 nautarum
493 1777 501 1791 ,
513 1758 703 1798 &remigum
714 1757 806 1798 posse.
830 1760 957 1798 Reperta
967 1757 1009 1788 cst
1019 1767 1065 1787 ea—

114 1799 184 1831 dem
202 1799 287 1830 istius
301 1799 436 1829 bominis
453 1797 611 1829 avarissimi
629 1801 704 1829 ratio
723 1802 757 1829 in
775 1798 914 1839 praesidiis
924 1820 933 1834 ,
951 1809 1016 1840 quae
1034 1800 1066 1828 in

111 1839 262 1881 classibus.
285 1849 355 1870 nam
375 1850 455 1871 erant
472 1842 608 1881 perpauci
625 1841 750 1881 reliqui,
771 1843 920 1882 ceterique
938 1839 1064 1872 dimiss'i.

111 1884 251 1922 Princeps
262 1882 440 1912 Cleomenes
449 1884 482 1911 in
490 1883 669 1923 quadriremi
679 1884 874 1923 Centuripina
883 1884 999 1913 malum
1010 1883 1067 1912 eri-

111 1926 159 1966 gi,
171 1925 236 1954 vela
248 1922 329 1957 fieri,
344 1922 464 1963 praecidi
477 1924 617 1954 anchoras
632 1926 804 1964 imperavit:
825 1925 858 1954 81
868 1923 956 1954 simul
966 1944 974 1958 ,
995 1933 1027 1953 ut
1038 1924 1064 1953 se

110 1967 200 1996 ceteri
219 1965 410 2005 sequerentur
418 1985 426 1998 ‚
447 1963 465 1993 fi
469 1974 564 2005 gnum
583 1964 644 1995 dati
659 1966 669 2004 j
674 1964 752 1995 uffir.
787 1968 860 1996 Haec
870 1967 1065 2005 Centuripina

112 2009 197 2037 navis
211 2014 270 2035 erat
278 2005 449 2035 incredibili
459 2006 605 2036 celeritate
614 2007 700 2036 velis.
712 2016 782 2036 nam
793 2007 862 2036 scire
872 2006 929 2037 isto
940 2016 1062 2052 praetore

112 2057 207 2079 nemo
221 2056 333 2087 poterat
342 2068 350 2080 ,
365 2050 379 2066 ²
390 2047 461 2087 quid
471 2056 596 2087 quaeque
605 2050 688 2077 navis
698 2049 774 2076 remis
782 2047 876 2077 facere
885 2047 994 2088 posset:
1013 2046 1064 2077 etsi

111 2090 146 2120 in
155 2091 207 2119 hac
217 2088 397 2129 quadriremi
407 2098 526 2128 propter
535 2090 685 2119 honorem
696 2109 704 2122 ,
716 2089 748 2119 &
757 2091 880 2129 gratiam
892 2090 1066 2119 Cleomenis

112 2132 247 2161 minime
257 2130 348 2159 multi
357 2132 484 2170 remiges
496 2151 504 2162 ,
527 2130 560 2160 &
570 2132 683 2160 milites
694 2130 823 2160 deerant.
847 2132 985 2161 Evolarat
999 2132 1062 2171 jam

112 2171 130 2203 ὲ
141 2170 302 2211 conspeclm
316 2170 377 2201 fere
394 2170 512 2211 fugiens
521 2171 717 2211 quadriremis
728 2192 736 2205 ,
751 2170 822 2202 cum
834 2174 924 2202 etiam
937 2181 1006 2202 tunc
1018 2183 1066 2202 ce-

113 2221 182 2244 terae
191 2223 280 2243 naves
291 2213 343 2242 suo
354 2214 386 2242 in
400 2213 469 2242 loco
484 2213 697 2243 moliebantur.
722 2216 790 2243 Erat
808 2215 927 2244 animus
946 2216 977 2243 in
995 2214 1064 2243 reli-

111 2256 188 2296 quis.
210 2262 392 2295 quamquam
404 2263 486 2284 erant
494 2255 578 2294 pauci
587 2274 595 2288 ‚
607 2264 730 2295 quoquo
741 2254 834 2284 modo
846 2255 903 2285 sese
914 2265 959 2285 res
975 2255 1062 2285 habe—

112 2295 161 2327 bat
170 2316 178 2330 ,
188 2305 317 2337 pugnare
328 2304 428 2325 tamen
440 2296 467 2325 se
477 2296 555 2324 velle
563 2296 729 2326 clamabant
742 2306 747 2324 z
767 2296 799 2326 &
809 2317 817 2329 ,
833 2297 914 2342 quod
925 2298 1065 2338 reliquum

114 2337 196 2371 vita,
210 2339 383 2377 viriumque
393 2336 488 2366 fames
497 2336 614 2370 fecerat,
626 2337 657 2367 id
667 2336 745 2367 ferro
754 2337 943 2377 potissimum
961 2339 1063 2368 redde·

113 2388 144 2410 re
153 2379 302 2409 volebant.
325 2376 415 2417 de
434 2377 643 2408 siCleomenes
660 2389 724 2408 non
743 2387 825 2409 tanto
841 2389 908 2409 ante
927 2378 1062 2420 fugisset,

113 2420 212 2461 aliqua
219 2420 254 2451 ad
266 2418 460 2450 resistendum
470 2421 543 2450 ratio
553 2418 661 2450 fuisset.
684 2429 743 2450 erat
754 2422 837 2450 enirn
850 2421 909 2451 sola
919 2422 968 2450 illa
980 2424 1061 2451 navis

113 2461 256 2493 constrata
266 2481 274 2496 ,
287 2461 368 2491 &ita
379 2471 484 2503 magna
493 2481 502 2495 ‚
514 2470 546 2490 ut
552 2461 756 2502 propugnaculo
770 2464 873 2492 ceteris
885 2461 978 2502 posset
995 2462 1060 2492 eil'e.

115 2513 180 2549 quae
191 2523 200 2538 ,
211 2501 232 2532 si
242 2506 273 2532 in
281 2502 456 2543 praedonum
468 2512 565 2544 pugna
575 2503 733 2533 versaretur
741 2523 749 2536 ,
769 2504 849 2533 urbis
860 2503 948 2533 instar
958 2505 1063 2534 habere

113 2542 192 2576 'inter
199 2544 271 2574 illos
280 2546 415 2585 piraticos
426 2554 623 2584 myoparones
631 2544 797 2574 videretur:
818 2545 866 2575 sed
877 2555 947 2575 tunc
957 2548 1062 2585 inopes

111 2585 210 2618 reli&i
223 2586 238 2616 a
246 2586 319 2616 duce
327 2605 335 2619 ‚
347 2585 546 2627 praefeffimque
556 2584 648 2616 claflis
658 2606 665 2619 ‚
685 2585 815 2616 eundem
826 2586 986 2616 necessario
996 2598 1063 2617 cui·-

114 2628 180 2658 sum
191 2636 289 2657 tenere
298 2636 459 2667 coepei‘unt.
482 2627 622 2658 Pelorum
632 2628 743 2662 versus,
755 2637 785 2657 ut
796 2628 856 2667 ipse
870 2629 1059 2662 Cleomenes,

112 2670 154 2703 ita
162 2671 250 2700 ceteri
259 2670 444 2709 navigabant.
468 2679 564 2709 neque
582 2671 613 2698 hi
632 2678 731 2699 tamen
749 2677 807 2698 tam
819 2670 994 2709 praedonum
1014 2669 1060 2699 fu-

113 2710 231 2752 giebant
240 2712 386 2750 impetum
400 2730 408 2743 ,
426 2709 517 2751 quam
528 2713 738 2750 imperatorem
750 2711 955 2751 sequebantur.
979 2714 1062 2741 Tum

114 2752 277 2793 utquisque
287 2754 319 2781 in
329 2750 396 2793 fuga
405 2751 583 2792 postremus,
594 2753 775 2791 ita‘periculo
784 2762 920 2792 princeps
930 2763 998 2783 erat.
1009 2763 1062 2793 po—

114 2791 252 2834 stremam
264 2795 346 2822 enim
357 2803 507 2834 quamque
521 2803 628 2823 navem
643 2795 741 2834 piratae
749 2803 878 2833 primam
889 2794 1062 2825 adorieban-

115 2842 171 2864 tur.
201 2836 240 2865 ita
255 2836 351 2874 prima
370 2835 610 2864 Haluntinorum
624 2837 709 2866 navis
729 2837 840 2875 capitur
850 2856 858 2869 ,
877 2838 924 2866 cui
944 2846 1063 2875 praeerat

116 2876 298 2907 Haluntinus
307 2895 316 2910 ,
328 2877 423 2907 homo
432 2877 545 2907 nobilis
554 2897 563 2910 ‚
571 2877 742 2908 Philarchus
754 2888 758 2906 :
770 2888 860 2918 quem
871 2878 906 2908 ab
916 2879 977 2907 illis
986 2888 1060 2918 prae-
1079 2878 1083 2923 Ι

152 3013 176 3032 1.
195 3008 318 3040 Egreditur
325 3010 481 3041 Centuripina
498 3007 614 3042 triremi]
636 3007 729 3042 Cujac.
748 3009 876 3042 Egreditur
893 3012 919 3035 in
939 3011 1062 3041 Cenmn'p.

115 3041 202 3069 forsan
212 3052 263 3068 non
274 3043 372 3078 inepte.

150 3086 178 3103 ι.
196 3079 260 3110 Qid
275 3088 365 3112 queque
377 3079 448 3104 nmis
459 3080 526 3106 remis
538 3081 619 3115 safer:
631 3081 726 3114 pqffit]
747 3080 878 3106 Lambino
888 3080 943 3107 olet
954 3079 1064 3116 gloss'am

115 3113 361 3147 vocabulumfaccrc.
382 3115 445 3140 1111111
457 3115 523 3141 1111111
535 3114 620 3142 minus
632 3135 640 3146 ‚
651 3116 716 3142 item
727 3116 884 3142 Gulielin'io.

152 3155 166 3184 3
173 3168 179 3174 .
188 3147 350 3182 Ckmpri'mim
360 3150 583 3186 advesperasceret]
595 3151 670 3179 idem
681 3150 777 3186 codex,
788 3151 990 3187 invesparaficret.
1001 3160 1063 3185 pto-

1116 220 1248 254 donibus
1262 223 1424 253 Locrenses
1438 221 1539 263 postea
1553 221 1663 265 publice*
1679 223 1868 254 redemerunt:
1884 234 1922 256 ex
1939 235 2001 266 quo
2017 237 2075 257 vos

1113 265 1212 302 priore
1224 263 1343 293 afflone
1349 273 1448 303 jurato
1463 274 1525 295 rem
1546 275 1673 295 omnem
1686 287 1694 299 ‚
1714 267 1889 308 causamque
1912 268 2073 308 cognostis.

1091 315 1094 348 3
1113 304 1223 334 deinde
1233 305 1456 344 Apolloniensis
1475 309 1558 337 navis
1570 309 1698 347 capitur,
1725 309 1758 339 &
1768 309 1831 348 ejus
1841 307 1999 348 praefeEtus
2010 312 2074 340 An-

1114 346 1270 384 thropinus
1280 347 1436 377 occiditur.
1470 350 1542 378 Haec
1556 348 1629 378 dum
1641 358 1769 391 aguntur
1781 370 1789 383 ,
1808 351 1919 381 interea
1931 351 2072 381 Cleome-
2094 356 2137 388 35

1113 395 1166 415 nes
1179 388 1237 421 jam
1249 386 1282 417 ad
1294 388 1390 423 Pelori
1402 389 1471 419 litus
1485 399 1656 429 pervenerat
1667 401 1672 420 :
1684 392 1748 430 jam
1758 392 1816 422 sese
1827 394 1858 422 in
1869 400 1975 423 terram
1987 393 2002 422 ἐ
2015 403 2069 423 na-

1115 428 1145 455 vi
1156 427 1278 466 ejecerat
1290 448 1298 460 ,
1317 430 1598 472 quadrirememque
1609 434 1641 462 in
1652 433 1711 462 salo
1723 431 1920 463 fluetus-ntem
1937 435 2070 476 relique-

1114 476 1165 513 rat.
1190 468 1312 509 Reliqui
1331 470 1462 508 praese-{ti
1481 483 1622 507 navium,
1644 483 1715 504 cum
1733 476 1766 504 in
1786 484 1892 505 terram
1910 477 2072 516 imperator

1112 508 1217 546 extffit,
1229 511 1300 555 etim
1312 510 1363 550 ipsi
1375 521 1471 551 neque
1484 523 1655 553 repugnare,
1671 525 1769 556 neque
1779 518 1854 546 mari
1865 515 1992 557 effugere
2003 518 2070 548 ullo

1113 551 1207 580 mido
1216 549 1333 590 possent
1344 571 1352 584 ‚
1373 553 1496 591 appulsis
1508 555 1541 584 ad
1557 556 1695 586 Pelorum
1707 558 1833 587 navibus
1842 578 1850 590 ,
1868 558 2068 590 Cleomenem

1109 592 1257 632 persecuti
1276 592 1351 622 sunt.
1383 596 1472 624 Tunc
1482 596 1656 634 praedonum
1670 598 1733 628 dux
1746 600 1907 633 Heracleo,
1926 602 2048 640 repente
2059 621 2069 635 ,

1114 643 1217 673 praeter
1226 633 1308 673 spem
1320 654 1328 667 ,
1341 635 1452 674 nonfim
1464 637 1571 665 virture
1582 658 1589 669 ,
1611 638 1659 668 sed
1670 638 1753 669 istius
1763 643 1882 671 avaritia
1891 661 1900 674 ‚
1919 644 2070 683 nequitia-

1110 685 1168 716 que
1178 674 1277 705 vif'tor
1287 695 1295 708 ,
1311 674 1428 705 classem
1440 677 1671 716 pulcherrimam
1682 682 1784 720 populi
1796 684 1930 712 Romani
1948 685 1979 714 in
1997 685 2069 714 litus

1110 716 1265 756 expulsam
1278 737 1286 750 ,
1301 717 1333 747 &
1343 716 1479 755 ejestaim
1496 718 1587 748 3cum
1599 722 1734 759 primum
1746 722 1990 762 advesperasceret
2000 746 2008 759 ‚
2019 727 2069 755 in-

1111 757 1260 788 flammari
1272 778 1280 791 ‚
1300 758 1483 799 incendique
1505 759 1594 794 1111111.
1625 764 1651 790 O
1662 771 1777 802 tempus
1794 765 1938 795 miserum
1951 787 1958 800 ,
1981 775 2068 807 atque

1109 799 1248 829 acerbum
1257 801 1420 839 provinciae
1430 801 1548 831 Siciliae!
1565 801 1583 832 ὁ
1593 803 1690 833 casum
1702 806 1791 834 illum
1802 806 1906 836 multis
1917 809 2066 838 innocen-

1110 841 1189 871 tibus
1198 841 1407 872 calamitosum
1419 861 1427 875 ,
1438 851 1524 883 atque
1534 842 1689 874 funestum
1703 847 1708 874 l
1722 844 1740 875 ὃ
1752 845 1834 876 istius
1844 850 2019 888 nequitiam,
2031 860 2065 880 ac

1108 882 1327 922 turpitudinem
1340 881 1526 923 singularem!
1552 887 1632 920 Una,
1643 894 1730 927 atquc
1740 887 1842 917 eadem
1856 898 1917 918 nox
1928 899 1996 924 erat,
2007 901 2066 931 qua

1109 933 1217 963 praetoi·
1235 927 1347 954 amoris
1366 924 1523 964 turpiffimi
1542 925 1682 960 flamma,
1706 937 1740 958 ac
1756 927 1846 958 classis
1857 932 1961 969 populi
1971 934 2064 962 Rom.

1108 966 1284 1005 ρι’-,1110011111
1296 966 1437 996 incendio
1448 966 1653 1009 conflagrabat.
1674 967 1804 1000 Affertur
1814 970 1904 1000 noste
1914 974 2066 1012 intempe-

1113 1006 1153 1037 st]
1161 1009 1255 1048 gravis
1268 1008 1390 1043 hujusce
1405 1009 1476 1038 mali
1487 1012 1612 1039 nuntius
1622 1011 1788 1050 Syracusasz
1805 1014 1932 1042 curritur
1945 1014 1979 1043 ad
1992 1024 2068 1053 prae-

1109 1051 1222 1078 torium
1232 1069 1240 1083 ,
1262 1047 1325 1089 qu‘o
1347 1048 1437 1079 istum
1458 1050 1474 1080 ὲ
1493 1054 1637 1082 convivio
1655 1052 1711 1082 illo
1728 1053 1867 1093 praeclaro
1887 1054 2065 1086 reduxerant

1109 1089 1209 1130 paullo
1220 1099 1287 1121 ante
1299 1091 1426 1119 mulieres
1437 1102 1506 1121 cum
1524 1103 1610 1123 cantu
1623 1113 1630 1126 ‚
1650 1103 1736 1135 atque
1755 1095 1942 1134 symphonia.
1977 1098 2068 1127 Cleo-

1111 1142 1226 1165 menes,
1238 1142 1420 1173 quamquam
1431 1143 1493 1163 nox
1502 1143 1572 1167 erat,
1585 1144 1685 1165 tamen
1696 1138 1726 1165 in
1737 1136 1860 1176 publico
1870 1136 1928 1167 effe
1938 1148 2001 1168 non
2012 1149 2064 1168 au—

1110 1173 1178 1203 det:
1199 1174 1328 1203 includit
1344 1175 1373 1204 se
1389 1174 1474 1204 domi
1488 1186 1493 1204 t
1514 1186 1609 1216 neque
1622 1177 1718 1207 aderat
1729 1188 1821 1212 uxor,
1842 1188 1907 1218 quae
1919 1180 2067 1210 consolari

1110 1216 1269 1245 hominem
1281 1217 1314 1245 in
1325 1216 1412 1246 malis
1423 1215 1526 1256 poll'et.
1558 1219 1656 1257 Hujus
1673 1228 1771 1248 autem
1791 1220 1921 1259 praeclari
1937 1222 2068 1261 impera⁶

1109 1259 1182 1286 toris
1194 1259 1233 1287 ita
1244 1266 1302 1287 emt
1312 1258 1409 1288 severa
1418 1259 1504 1288 domi
1522 1259 1677 1299 disciplina
1688 1281 1696 1293 ,
1717 1263 1792 1290 utin
1803 1271 1831 1290 re
1843 1270 1921 1291 tanta
1932 1282 1939 1295 ,
1959 1264 1991 1292 in
2003 1272 2064 1292 tam

1104 1300 1194 1338 gravi
1212 1299 1308 1327 nuntio
1327 1308 1420 1328 nemo
1431 1300 1650 1331 admitteretur:
1672 1312 1764 1332 nemo
1774 1301 1845 1332 ess'et
1856 1322 1863 1335 ‚
1886 1306 1937 1344 qui
1948 1304 2068 1335 audere:

1109 1350 1158 1370 aut
1167 1340 1370 1370 dormientem
1381 1343 1507 1371 excitare
1517 1361 1525 1375 ‚
1537 1351 1586 1372 aut
1595 1344 1782 1382 inteipellare
1791 1345 1977 1384 vigilantem.
1993 1347 2062 1387 Jim

1109 1380 1181 1411 vero
1192 1402 1199 1415 ,
1214 1392 1245 1411 re
1255 1381 1291 1411 ab
1301 1382 1444 1412 omnibus
1455 1385 1572 1424 cognita
1582 1405 1590 1417 ‚
1611 1385 1801 1415 concursabat
1811 1387 1882 1415 urbe
1893 1395 1953 1416 tota
1965 1390 2044 1417 maxi

1109 1433 1159 1453 ma
1169 1423 1342 1453 multitudo.
1355 1433 1419 1453 non
1429 1426 1524 1459 enim,
1537 1423 1608 1456 sicut
1617 1436 1702 1456 antea
1710 1427 1896 1457 consuetudo
1908 1437 1978 1460 erar,
1989 1439 2061 1468 prae-

1108 1464 1226 1494 donum
1239 1465 1403 1495 adventum
1415 1464 1594 1507 significabat
1612 1469 1681 1508 ignis
1699 1468 1831 1507 &specula
1848 1469 1977 1499 sublatus
1989 1490 1996 1502 ‚
2015 1478 2063 1500 aut

1109 1507 1229 1536 tumulo
1239 1527 1247 1541 ‚
1264 1506 1312 1536 sed
1324 1505 1447 1537 flamma
1458 1518 1495 1537 ex
1506 1509 1568 1547 ipso
1579 1508 1721 1539 incendio
1732 1513 1856 1539 navium
1867 1511 1900 1540 δῦ
1909 1511 2060 1541 calamita-

1109 1557 1171 1578 tem
1188 1556 1354 1588 acceptam,
1376 1549 1408 1578 &
1426 1551 1593 1589 periculum
1612 1551 1764 1591 reliquum
1784 1552 1950 1581 nuntiabat.
1981 1551 2058 1583 Cum
2084 1549 2126 1590 36

1109 1598 1218 1629 praetor
1233 1597 1428 1630 quaereretur3
1449 1591 1635 1622 &constaret
1647 1612 1654 1625 ,
1675 1594 1703 1621 ei
1721 1594 1877 1622 neminem
1896 1593 2059 1624 nuntiasse·

1110 1631 1143 1661 fit
1153 1631 1187 1661 ad
1198 1631 1326 1661 domurn
1338 1632 1401 1671 ejus
1411 1642 1479 1662 cum
1491 1634 1621 1663 clamore
1631 1634 1790 1664 concuisus
1801 1655 1809 1667 ‚
1821 1643 1906 1675 atque
1918 1636 2062 1675 impetus.

1110 1676 1193 1703 Tum
1214 1672 1267 1703 iste
1279 1674 1422 1704 excitatus
1436 1676 1515 1704 exit:
1534 1674 1617 1704 audit
1633 1685 1696 1704 rem
1707 1685 1834 1705 ornnem
1845 1686 1882 1705 ex
1893 1678 2064 1707 Timarchi-

1109 1714 1144 1745 de
1158 1726 1163 1744 :
1176 1715 1275 1756 sagum
1292 1715 1391 1744 sumit.
1415 1716 1614 1755 Lucebatjam
1625 1716 1686 1746 fere
1700 1727 1704 1746 :
1717 1717 1851 1756 procedit
1861 1720 1892 1747 in
1904 1719 2039 1748 medium
2051 1738 2060 1751 2

1108 1758 1192 1790 vini,
1214 1757 1331 1789 somni,
1353 1755 1443 1796 stupri
1461 1758 1578 1797 plenus.
1614 1760 1770 1799 Excipitur
1781 1759 1818 1788 ab
1828 1760 1973 1789 omnibus
1985 1761 2064 1800 ejus-—

1109 1797 1195 1828 modi
1204 1798 1335 1828 clamore
1343 1817 1351 1831 ‚
1370 1807 1402 1828 ut
1412 1799 1439 1827 ei
1450 1799 1643 1839 Lampsaceni
1653 1801 1777 1840 periculi
1787 1799 1953 1831 similitudo
1969 1803 2066 1832 versa-

1107 1849 1187 1869 retur
1196 1848 1264 1869 ante
1274 1840 1389 1869 oculos.
1410 1840 1468 1870 hoc
1478 1842 1568 1870 etiam
1580 1842 1675 1880 majus
1686 1843 1742 1871 hoc
1751 1841 1908 1872 videbatui·
1918 1863 1926 1876 ,
1939 1843 2021 1884 quod
2032 1847 2066 1874 in

1108 1881 1180 1911 odio
1191 1879 1282 1910 simili
1298 1881 1452 1910 multitudo
1466 1883 1629 1913 hominum
1644 1883 1705 1912 haec
1715 1892 1774 1913 eiat
1784 1885 1927 1914 maxima.
1953 1889 1970 1911 4
1979 1888 2063 1915 Tum

1107 1922 1191 1952 istius
1201 1922 1264 1952 aeta
1274 1924 1607 1953 commemorabantur:
1619 1933 1683 1954 tum
1695 1923 1838 1966 flagitiosa
1849 1925 1901 1954 illa
1910 1928 2062 1956 convivia:

1106 1972 1172 1994 turn
1195 1964 1417 2003 appellabantur
1442 1964 1458 1993 a
1479 1965 1675 1995 multitudine
1698 1966 1840 1995 mulieres
1860 1969 2062 1998 nominatim:

1107 2014 1173 2035 tum
1184 2005 1366 2045 quaerebatur
1377 2015 1414 2034 ex
1424 2006 1488 2044 ipso
1497 2007 1656 2045 pala:ii,tot
1665 2006 1727 2036 dies
1738 2009 1911 2041 continuos,
1924 2017 1974 2047 per
1982 2019 2061 2049 quos

1107 2056 1274 2087 numquam
1286 2047 1365 2075 visus
1375 2045 1444 2076 ess'et
1455 2066 1462 2079 ,
1484 2046 1533 2075 ubi
1544 2047 1643 2086 fuiss'er
1654 2068 1662 2080 ,
1677 2048 1747 2088 quid
1756 2047 1847 2088 egrffer
1859 2053 1869 2077 ἓ
1890 2058 1954 2079 tum
1964 2053 2063 2090 impe-

1107 2097 1224 2127 perator
1241 2088 1276 2118 ab
1295 2087 1353 2117 isto
1368 2087 1536 2127 praepositus
1547 2092 1726 2119 Cleomenes
1744 2089 1942 2131 flagitabatur:
1963 2101 2061 2132 neque

1108 2129 1271 2170 quidquam
1289 2128 1412 2169 propius
1431 2128 1473 2159 est
1492 2129 1604 2160 faustum
1624 2151 1632 2164 ‚
1661 2131 1753 2171 quam
1772 2141 1804 2162 ut
1824 2131 1899 2162 illud
1920 2133 2064 2163 Uticense

1108 2172 1285 2210 exemplum
1296 2171 1332 2200 de
1344 2171 1506 2203 Hadriano,
1519 2171 1724 2202 transferretur
1733 2174 1892 2212 Syracusas,
1903 2183 1936 2204 ut
1946 2179 2006 2203 duo
2018 2175 2062 2204 se-

1106 2213 1208 2252 pulcra
1217 2213 1346 2242 duorum
1356 2221 1518 2251 praetorum
1529 2214 1738 2253 improborum
1751 2234 1758 2248 ‚
1771 2215 1940 2256 duabusque
1951 2217 1981 2245 in
1991 2226 2061 2255 pro-

1106 2256 1215 2283 vinciis
1226 2253 1485 2283 constituerentur.
1504 2256 1611 2284 verum
1623 2256 1720 2285 habita
1730 2255 1770 2286 est
1781 2256 1797 2286 a
1807 2256 2002 2286 multitudine
2013 2268 2061 2286 ra-

1107 2302 1145 2324 tio
1166 2296 1289 2336 remporia
1301 2315 1308 2328 ,
1329 2295 1426 2325 habita
1437 2294 1479 2324 est
1493 2296 1633 2324 tummim
1643 2316 1651 2330 ,
1670 2297 1769 2328 habita
1787 2300 1877 2328 etiam
1892 2298 2041 2339 dignitate,-
2052 2319 2061 2333 ,

1107 2336 1396 2377 existimationisque
1406 2340 1580 2367 communis
1594 2358 1601 2370 ‚
1618 2337 1699 2378 quod
1710 2340 1735 2368 is
1750 2338 1792 2369 est
1802 2349 1968 2370 conventus
1977 2343 2062 2380 Syra-

1106 2377 1179 2408 cusis
1189 2380 1303 2408 civium
1313 2380 1538 2412 Romanorum,
1551 2389 1583 2408 ut
1595 2389 1657 2409 non
1670 2380 1763 2410 modo
1773 2381 1823 2410 illa
1834 2384 1999 2421 provincia,
2011 2392 2062 2411 ve-

1106 2419 1174 2449 rum
1185 2421 1274 2450 etiam
1286 2421 1338 2449 hac
1347 2420 1450 2460 repub.
1463 2419 1649 2462 digniffimus
1660 2421 1856 2452 existimetur.
1869 2421 2062 2454 Confirmant

1104 2460 1157 2501 ipsi
1173 2462 1219 2494 se,
1238 2461 1344 2491 cumis
1363 2463 1528 2491 etiamtum
1541 2462 1731 2493 semisomnis
1751 2463 1896 2503 stuperet:
1915 2474 1995 2494 arma
2012 2475 2060 2495 ca-

1106 2506 1209 2543 piunt:
1231 2512 1329 2532 totum
1340 2502 1440 2532 forum
1455 2523 1463 2536 ,
1481 2513 1565 2543 atque
1576 2504 1702 2534 insulam
1714 2524 1722 2537 ,
1738 2515 1803 2545 qua:
1813 2504 1855 2534 est
1866 2506 1945 2535 urbis
1957 2516 2062 2548 magna

1105 2555 1168 2584 pars
1180 2565 1187 2578 ,
1201 2545 1364 2584 complent.
1403 2547 1503 2574 Unam
1516 2545 1597 2574 illam
1612 2546 1702 2574 solam
1714 2545 1836 2576 noc'lem
1853 2547 2007 2586 praedones
2024 2548 2062 2578 ad.

1106 2587 1245 2617 Pelorum
1263 2587 1442 2615 commorati
1454 2606 1462 2618 ,
1484 2595 1552 2615 cum
1565 2586 1725 2616 {unianteis
1736 2589 1823 2617 etiarn
1836 2587 1946 2618 nostras
1958 2591 2061 2619 naveis

1105 2626 1300 2669 reliquiffenr,
1313 2627 1448 2656 accedere
1460 2629 1608 2665 incipiunt
1618 2627 1651 2657 ad
1663 2629 1821 2667 Syracusas.
1846 2632 1907 2671 Qi
1919 2630 2059 2661 videlicet

1107 2671 1178 2710 saepe
1196 2667 1341 2699 audissent
1353 2688 1360 2701 ,
1384 2669 1459 2698 nihil
1479 2667 1536 2697 css‘e
1555 2669 1726 2707 pulchrius,
1744 2670 1834 2711 quim
1853 2672 2075 2711 Syracusarum·-

1106 2714 1219 2741 moenia
1231 2730 1238 2744 ,
1251 2720 1283 2740 ac
1294 2719 1406 2749 portus.
1432 2709 1597 2743 statuerant,
1611 2710 1679 2743 sese,
1692 2709 1711 2740 si
1723 2722 1753 2741 ea
1763 2715 1852 2742 Verre
1861 2723 1983 2752 praetore
1996 2724 2059 2744 non

1105 2751 1261 2784 vidissent,
1282 2761 1437 2793 numquam
1456 2750 1502 2788 csse
1520 2761 1549 2778 vt
1568 2762 1636 2779 uros.
1661 2755 1703 2782 Ac
1722 2753 1821 2792 primo
1834 2755 1868 2784 ad
1888 2755 1939 2785 illa
1956 2754 2056 2786 aestiva

1106 2797 1239 2835 praetoris
1249 2793 1409 2826 accedunt,
1431 2793 1524 2832 ips-nn
1534 2794 1618 2822 iilam
1629 2793 1662 2823 ad
1674 2803 1786 2833 partem
1797 2795 1893 2825 litoris
1906 2817 1913 2830 ,
1935 2797 1986 2826 ubi
2001 2796 2053 2827 iste

1105 2847 1155 2877 per
1165 2846 1216 2866 eos
1226 2835 1287 2865 dies
1299 2854 1305 2867 ,
1319 2834 1512 2863 tabernaculis
1524 2832 1623 2873 positis
1633 2855 1641 2868 ,
1654 2834 1742 2865 castra
1753 2836 1878 2867 luxuriae
1888 2838 2054 2868 collocarat.

1103 2888 1194 2921 quem
1205 2875 1303 2918 postea
1311 2877 1400 2917 quarn
1410 2877 1532 2906 inanem
1549 2876 1652 2906 locum
1669 2875 1861 2909 offenderunt
1871 2899 1880 2913 ‚
1905 2881 1937 2909 δε
1947 2889 2054 2919 praeto-

1995 2931 2060 2952 rem

1102 3008 1217 3044 bumqne
1230 3006 1343 3033 videtur,

1137 3053 1165 3077 4.
1185 3046 1239 3069 Tum
1249 3046 1314 3074 istim
1325 3045 1380 3068 aeva
1390 3044 1648 3077 commemorabammn]
1662 3045 1804 3072 Memmius
1819 3045 1925 3072 Frricus
1936 3045 2062 3072 coniicic·

1102 3080 1146 3106 brit
1157 3081 1374 3105 commemorabatur
1383 3097 1390 3109 ,
1409 3085 1437 3103 ut
1449 3078 1555 3113 iuquam
1561 3089 1570 3105 1·
1581 3079 1613 3106 dc
1623 3091 1726 3108 auiioeuo
1745 3081 1793 3108 illo
1804 3082 1895 3108 littore
1906 3077 1998 3118 probo.
2018 3081 2060 3106 di-

1104 3115 1193 3152 splicet
1204 3115 1272 3141 cuim
1286 3115 1321 3140 ita
1332 3122 1424 3149 quater
1435 3116 1516 3150 repeti
1529 3124 1606 3141 voces
1615 3117 1704 3145 eadem
1717 3117 1904 3146 terminatione
1917 3137 1925 3151 ‚
1937 3126 1993 3154 quae
2003 3116 2061 3143 sua-

1109 3152 1162 3180 vius
1173 3151 1386 3186 exponier-cumi>
1398 3159 1442 3186 per
1452 3150 1625 3179 infinitivum.

1951 3197 1972 3216 1.
1985 3189 2064 3214 Homi-
