2302 3353
577 145 670 177 DE

90 223 237 259 praecepta
245 221 394 257 ponentur
405 223 410 242 :
426 211 464 243 fic
472 211 578 245 statuo,
589 220 623 242 ut
633 213 666 242 in
674 213 776 243 ceteris
786 211 895 242 artibus
906 211 977 242 cum
989 221 1046 244 tra-

94 259 157 289 dita
165 259 232 289 sunt
241 257 332 297 cujus
344 265 380 286 ue
389 257 457 286 artis
464 254 630 293 difficiuima
642 274 650 286 ,
661 254 783 293 reliqua,
794 255 862 294 quia
871 261 921 282 aut
929 253 1047 283 facilio-

94 310 138 334 ra,
148 298 311 331 autfimilia
331 305 385 331 int,
397 296 471 326 tradi
481 305 545 325 non
557 294 671 325 necefl'e
682 294 741 325 est:
763 304 795 325 ut
805 297 837 324 in
847 293 961 334 pilitum
973 315 981 328 ,
994 298 1046 334 qui

91 342 230 372 vhominis
238 339 366 379 speciem
376 339 497 379 pingere
506 336 706 376 perdidicerit,
721 341 731 356 ¹
742 335 824 376 poffe
835 346 905 366 eum
917 337 1048 375 cujusvis

94 382 255 415 velformae
267 400 276 414 ‚
288 381 336 410 vel
347 381 436 410 aetatis
449 400 457 412 ‚
470 377 582 409 etiamsi
592 389 656 408 non
666 378 803 409 didicerit
812 398 820 411 ,
833 379 954 418 pingere
967 388 973 406 :
995 387 1049 407 ne-

93 433 150 465 que
159 421 217 453 effe
223 421 403 462 periculum,
414 422 467 462 qui
476 420 609 454 leonem,
620 429 669 451 aut
678 429 795 450 taurum
807 422 909 461 pingat
920 418 1047 460 egregie,

93 475 132 498 ne
149 463 233 494 idem
251 465 285 493 in
302 463 407 494 multis
426 463 492 493 aliis
509 462 748 503 quadrupedibus
766 461 861 492 facere
870 471 935 490 non
944 459 1048 501 poffit:

93 515 209 546 NEQE
228 515 285 534 asr-
304 507 434 535 omni'no
446 515 489 536 ars
500 505 559 534 ulla
570 524 579 537 ,
601 506 633 534 in
643 514 700 545 qua
709 506 814 534 omnia
824 523 832 537 ,
853 513 918 544 quae
929 503 980 532 illa
989 511 1049 532 arte

93 546 173 581 effici
190 545 329 587 possunt,
351 546 367 577 a
388 546 511 577 defitore
531 546 696 576 tradantur:
719 546 768 576 sed
778 547 829 586 qui
840 547 1005 585 primarum
1015 543 1048 573 &

89 598 238 620 certarum
248 598 348 619 rerum
358 599 465 630 genera
473 589 532 628 ipsa
541 587 720 621 didicerunt,
732 588 844 628 reliqua
852 596 918 616 non
927 588 1047 615 incom-

93 630 187 662 mode
196 631 426 671 persequuntur:
447 634 461 649 ²
473 629 609 660 similiter
616 629 740 660 arbitror
750 649 758 660 ,
780 631 812 657 in
822 629 876 658 hac
888 626 945 657 sive
957 629 1047 657 ratio—

91 683 142 706 ne.
154 670 211 701 sive
222 674 435 702 exercitatione
446 671 577 704 dicendi,
588 673 640 711 qui
649 671 733 700 illam
745 672 809 699 vim
820 669 940 708 adeptus
951 667 984 698 sit
996 689 1003 700 .
1016 677 1047 698 ut

90 723 196 744 eorum
208 715 336 743 menteis
347 734 355 746 ‚
378 716 431 754 qui
442 722 492 743 aut
501 713 538 743 de
547 722 607 751 rep.
618 721 666 741 aut
676 711 712 741 de
723 710 811 750 ipsius
822 711 908 740 rebus
921 730 929 743 ,
950 709 1046 756 autde

89 758 138 790 iis,
149 764 250 786 contra
258 765 333 796 quos
344 775 353 789 ‚
366 764 416 785 aut
424 765 477 794 pro
486 753 594 795 quibus
605 753 699 786 dicat,
711 763 781 782 011111
793 753 890 792 aliqua
899 751 1045 781 statuendi

88 796 229 839 potestate
239 797 359 827 audiant
368 817 377 830 ,
397 797 432 827 ad
444 797 529 826 suurn
539 795 695 825 arbitrium
705 804 828 824 movere
837 791 943 837 possit,
964 794 1045 822 hunc

89 839 126 869 de
146 847 209 869 toto
228 839 283 868 illo
302 848 409 879 genere
417 838 595 877 reliquarum
607 838 782 866 orationum
793 845 856 865 non
865 836 932 875 plus
942 832 1046 875 quaesi-

91 889 193 911 turum
207 879 264 910 ess'e
295 879 346 909 uid
358 879 434 909 dicat
444 899 452 911 ,
463 877 553 918 quarn
565 878 751 917 Polycletum
763 878 851 907 illurn
863 897 871 910 ,
885 876 957 907 cum
969 878 1047 905 Her-

30 926 44 951 1
55 927 73 960 7
92 923 190 952 culem
202 920 280 962 finge
302 929 339 953 at,
354 919 611 960 quemadmodum
622 920 746 959 pellem,
757 928 806 949 aut
816 919 941 959 hydram
952 916 1046 958 finge-

91 966 237 997 ret,etiam
246 961 267 991 fi
278 963 340 992 haec
349 971 504 1002 nunquam
514 961 668 1000 separatim
677 961 771 991 facere
780 959 938 990 didicisset.
959 962 1045 990 Turn

91 1005 212 1035 Catulus
223 1015 228 1032 z
248 1002 384 1034 Praeclare
395 1004 474 1033 mihi
484 1002 605 1036 videris,
620 1005 746 1036 Antoni,
757 1001 885 1043 posuisse
894 1010 962 1032 ante
972 1011 1044 1031 ocu-

90 1047 136 1076 los
144 1065 153 1080 ‚
171 1044 243 1086 quid
253 1044 362 1074 discere
373 1053 521 1084 oporteret
530 1054 600 1074 eum
611 1064 619 1077 ,
640 1047 693 1086 qui
711 1054 811 1074 orator
828 1042 898 1074 esset
915 1043 1043 1076 1111111113,

93 1091 107 1116 8
118 1087 190 1129 quid
199 1088 288 1116 etiam
299 1084 320 1115 si
329 1095 393 1116 non
402 1084 550 1116 didicisset
560 1105 569 1118 ,
581 1096 619 1116 ex
629 1097 666 1116 eo
676 1106 684 1120 ,
696 1086 777 1128 quod
787 1083 956 1118 didicisset,
968 1083 1045 1114 affu—

89 1137 193 1160 meret.
216 1126 368 1157 deduxisti
387 1129 470 1157 enim
487 1136 585 1157 totum
595 1128 755 1158 hominem
768 1130 800 1157 in
811 1127 872 1158 duo
881 1125 982 1157 solum
994 1136 1044 1167 ge-

91 1180 162 1201 nera
171 1170 331 1202 causarum.
343 1178 436 1199 cetera
445 1170 676 1200 innumerabilia
687 1171 905 1202 exercitationi,
919 1169 951 1198 &
962 1167 1044 1197 simi-

91 1211 214 1242 litudini
223 1210 378 1251 reliquisti.
401 1210 457 1241 Sed
466 1210 580 1244 videto,
594 1221 631 1241 ne
642 1214 675 1241 in
685 1211 747 1242 istis
758 1211 875 1241 duobus
885 1210 1042 1252 generibus

90 1253 184 1293 hydra
192 1252 246 1282 tibi
257 1251 290 1282 sit
301 1273 310 1285 .
324 1253 356 1282 &
365 1253 450 1292 pellis
461 1263 467 1282 :
491 1253 634 1283 Hercules
646 1262 745 1283 autem
754 1273 762 1286 ‚
777 1253 810 1283 &
820 1253 873 1283 alia
883 1262 971 1292 opera
979 1261 1044 1281 ma—

88 1295 155 1335 jora
163 1315 175 1328 ,
194 1304 232 1324 ne
243 1295 276 1324 in
296 1294 356 1323 illis
375 1293 462 1324 rebus
472 1314 481 1327 ,
502 1304 572 1334 quas
588 1297 788 1334 praetermittis
798 1314 806 1328 ,
826 1295 1042 1334 relinquantur.

95 1339 170 1366 Non
187 1345 273 1365 enim
292 1337 369 1365 mihi
382 1338 483 1365 minus
493 1337 590 1375 operis
601 1336 720 1366 videtur
728 1336 764 1366 de
776 1335 918 1366 universis
928 1337 1045 1376 generi-

93 1377 149 1409 bus
166 1387 264 1409 rerum
274 1396 283 1410 ‚
299 1376 391 1417 quarn
409 1376 446 1406 de
465 1375 649 1418 singulorum
669 1376 758 1407 causis
770 1398 778 1411 ‚
800 1388 832 1408 ac
844 1378 944 1407 multo
953 1378 1044 1406 etiam

94 1419 192 1458 majus
202 1418 238 1448 de
247 1427 350 1448 natura
357 1418 483 1448 deorum
494 1437 502 1451 ‚
523 1418 613 1459 quarn
623 1419 660 1449 de
669 1420 835 1448 hominum
845 1419 950 1449 litibus
963 1417 1045 1448 dice—

90 1470 134 1493 re.
156 1462 232 1490 Non
241 1459 283 1489 est
292 1461 330 1489 ita
338 1480 346 1493 ‚
368 1461 467 1500 inquit
475 1462 635 1490 Antonius.
662 1461 760 1491 dicam
769 1463 854 1490 enim
863 1461 919 1490 tibi
930 1460 1044 1493 Catule,

94 1511 160 1533 non
169 1509 229 1531 tarn
239 1500 345 1532 dostus
355 1521 364 1534 ,
384 1503 474 1543 quam
487 1501 529 1540 (id
539 1501 619 1542 quod
630 1501 672 1532 est
682 1504 789 1542 majus)
799 1510 934 1544 expertus,
969 1504 1045 1531 Om-

94 1545 182 1575 nium
191 1546 352 1573 ceterariim
361 1553 462 1572 rerum
471 1546 576 1576 oratio,
588 1544 764 1574 mihicrede
773 1564 781 1577 ,
793 1546 879 1574 ludus
891 1543 933 1574 est
943 1545 1045 1573 homi-

95 1587 128 1616 ni
138 1595 202 1615 non
210 1584 321 1618 hebeti,
331 1594 429 1625 neque
439 1587 631 1615 inexercitato
642 1606 651 1619 ,
664 1595 760 1627 neque
770 1588 986 1616 communium
997 1586 1046 1614 lit-

94 1635 222 1658 terarum
233 1645 242 1660 ,
264 1626 296 1656 &
313 1626 461 1666 politioris
479 1627 670 1657 humanitatis
688 1630 811 1668 experri.
843 1630 875 1657 in
894 1627 1045 1657 causarum

91 1667 341 1700 contentionibus
359 1677 504 1708 magnum
524 1668 567 1698 est
582 1668 733 1709 quoddam
752 1679 825 1710 opus
835 1689 844 1702 ‚
866 1679 950 1710 atque
968 1668 1045 1698 haud

95 1710 238 1743 sciam,an
247 1709 283 1739 de
292 1710 433 1739 humanis
444 1710 582 1750 operibus
593 1716 682 1752 longe
692 1713 863 1741 maximum
877 1722 881 1739 z
895 1713 926 1740 in
937 1710 1046 1751 quibus

95 1753 142 1782 vis
152 1752 273 1780 oratoris
303 1751 457 1793 lerumque
467 1752 502 1781 ab
512 1753 658 1792 imperitis
668 1753 749 1782 exitu
760 1773 769 1786 ,
791 1753 826 1785 (φ
835 1751 959 1781 υὶῑὲονιά
965 1752 1048 1792 judi-

94 1801 187 1826 catur,
198 1792 250 1822 ubi
259 1803 274 1822 a
296 1791 337 1822 est
346 1802 475 1823 armatus
484 1793 674 1827 adversarius,
685 1796 737 1835 qui
746 1793 780 1824 sit
789 1795 821 1824 &
830 1793 983 1824 feriendus
992 1813 1000 1827 ,
1014 1793 1047 1822 &

94 1833 299 1874 repellendus:
322 1834 374 1864 ubi
382 1835 457 1874 saepe
466 1837 502 1868 is,
514 1837 565 1875 qui
573 1837 615 1865 rei
626 1835 770 1865 dominus
778 1835 894 1865 futurus
904 1835 947 1865 est
958 1855 965 1868 ,
977 1835 1048 1865 alie-

94 1885 165 1909 nus,
176 1884 260 1917 atque
270 1877 358 1905 iratus
369 1896 378 1909 ,
390 1885 439 1906 aut
447 1878 538 1906 etiam
548 1878 661 1907 amicus
670 1877 833 1907 adversario
842 1897 849 1911 ,
863 1878 1048 1908 &inimicus

95 1917 153 1948 nbi
164 1916 217 1950 est,
228 1915 299 1946 cum
309 1925 358 1947 aut
367 1917 519 1947 docendus
530 1920 555 1948 is
565 1918 617 1952 est,
627 1928 677 1949 aut
686 1919 887 1952 dedocendus,
899 1927 948 1948 aut
956 1920 1049 1958 repri-

96 1958 228 1990 mendus
239 1977 247 1991 ,
268 1966 318 1987 aut
327 1958 494 1988 incitandus
505 1979 513 1992 ,
532 1968 582 1989 aut
590 1962 677 1989 omni
687 1962 801 1990 ratione
810 1961 845 1990 ad
856 1969 973 1999 tempus
985 1979 993 1993 ,
1013 1960 1048 1990 ad

94 1999 216 2030 ‚causam
226 2000 360 2029 oratione
372 1999 570 2029 moderandus
583 2011 588 2028 :
601 2003 632 2029 in
642 2011 703 2041 quo
714 2002 786 2040 saepe
796 2001 1001 2031 benivolentia
1013 2001 1047 2030 ad

96 2040 205 2071 odium
217 2060 225 2074 ,
240 2040 348 2070 odium
361 2049 459 2070 autem
469 2040 504 2071 ad
516 2041 753 2071 benivolentiam
763 2042 974 2072 deducendum
986 2041 1029 2072 est
1042 2053 1046 2070 :

95 2083 150 2124 qui
160 2091 299 2122 tanquam
309 2082 528 2112 machinatione
538 2083 712 2123 aliqua,tum
722 2084 756 2114 ad
766 2084 950 2113 severitatem
963 2103 971 2116 ,
983 2091 1048 2113 tum

97 2123 134 2154 ad
143 2121 346 2153 remiffionem
356 2125 451 2152 animi
463 2142 471 2157 ,
483 2132 548 2153 tum
559 2125 593 2154 ad
604 2123 753 2154 tristitiam
763 2144 772 2158 ,
792 2134 857 2155 111111
867 2125 902 2154 ad
912 2125 1047 2154 laetitiam

97 2163 141 2195 est
150 2164 404 2205 contorquendus.
435 2166 583 2194 Omnium
603 2166 815 2195 sententiarum
833 2168 972 2207 gravitate
983 2185 991 2199 ,
1013 2176 1048 2195 o-

96 2207 221 2236 mnium
230 2205 390 2236 verborum
401 2206 582 2246 ponderibus
593 2205 635 2236 est
645 2207 801 2237 utendum.
823 2207 939 2237 accedat
958 2217 1048 2247 opor—

98 2255 140 2278 tet
147 2246 223 2276 actio
233 2249 320 2282 varia,
330 2248 503 2281 vehemens,
514 2248 601 2287 plena
609 2250 714 2282 animi,
726 2249 812 2288 plena
823 2249 951 2289 spiritus,
961 2251 1048 2288 plena

98 2288 210 2320 doloris
221 2309 230 2322 ‚
251 2290 338 2329 plena
347 2291 486 2319 veritatis.
509 2292 546 2319 In
555 2290 602 2320 his
613 2291 751 2329 operibus
761 2289 849 2331 siquis
860 2291 943 2320 illam
955 2300 1046 2321 artem

93 2330 374 2370 comprehenderit,
396 2339 445 2365 ut,
467 2339 607 2372 tanquam
615 2332 732 2362 Phidias
744 2352 752 2365 ,
772 2335 919 2362 Minervae
931 2331 1046 2373 signum

97 2370 214 2403 efficere
223 2370 308 2412 poffit
320 2383 325 2401 1
348 2382 412 2402 nori
430 2372 498 2403 sane
509 2393 517 2407 ,
537 2373 796 2415 quemadmodum
807 2376 839 2403 in
849 2374 954 2414 clypeo
965 2374 1047 2404 idem

31 2411 77 2457 [18
99 2414 148 2444 ille
157 2413 263 2444 artifex
272 2417 392 2444 minora
400 2414 450 2444 illa
460 2424 546 2454 opera
553 2418 647 2446 iacere
657 2415 748 2445 discat
757 2436 765 2449 ,
778 2415 930 2446 laborabit.
964 2419 1047 2447 Tum

97 2455 234 2486 Catulus:
255 2457 325 2528 Qigp
343 2455 396 2486 ista
413 2457 542 2496 majora,
562 2467 594 2487 ac
614 2457 798 2488 mirabiliora
815 2457 928 2492 fecisti,
949 2468 986 2488 eo
997 2468 1047 2487 me

97 2497 287 2537 majorexspe
319 2499 379 2527 atio
391 2506 471 2528 tenet
481 2510 489 2532 5
507 2499 686 2539 quibusnam
696 2500 859 2530 rationibus
873 2521 881 2534 ,
902 2500 1047 2541 quibusve

94 2541 247 2581 praeceptis
265 2549 297 2570 ea
315 2548 393 2570 tanta
409 2541 455 2570 vis
475 2549 662 2580 comparetur
669 2560 677 2575 ‚
702 2550 766 2571 non
777 2541 837 2583 quo
848 2552 913 2572 mea
944 2542 1046 2571 uidem

93 2581 157 2620 jam
176 2578 288 2610 interfit
305 2580 415 2622 (neque
433 2583 517 2611 enim
535 2591 601 2612 aetas
619 2583 650 2613 id
669 2593 736 2613 mea
745 2582 904 2617 desiderat,
965 2583 1046 2614 aliud

98 2621 247 2662 quoddam
258 2632 351 2663 genus
361 2623 479 2653 dicendi
492 2634 548 2654 nos
568 2624 659 2654 secuti
677 2625 778 2655 sumus
790 2645 798 2658 ‚
818 2628 869 2666 qui
878 2636 1045 2666 numquam

99 2663 255 2694 sententias
272 2664 307 2694 de
327 2664 465 2694 manibus
482 2665 619 2705 judicum
630 2685 638 2699 ,
651 2668 679 2696 vi
692 2666 818 2707 quadam
831 2669 974 2697 marionis
994 2677 1046 2697 ex-

98 2703 236 2735 torsimus
248 2726 257 2738 ,
267 2716 299 2736 ac
309 2708 406 2745 potius
418 2707 536 2745 placatis
547 2717 651 2737 eorum
663 2710 771 2737 animis
782 2728 790 2742 ,
803 2717 920 2738 tantum
931 2729 939 2742 ‚
952 2719 1045 2751 quan-

99 2754 165 2775 tum
174 2745 225 2785 ipfi
232 2749 426 2786 patiebantur,
437 2749 614 2788 accepimus)
623 2749 671 2779 sed
681 2759 782 2779 tamen
791 2749 844 2780 ista
854 2759 912 2784 tua,
924 2751 1043 2781 nullum

96 2787 132 2818 ad
144 2788 229 2819 usum
240 2798 477 2823 meum‚tantum
485 2791 658 2831 cognoscendi
661 2789 754 2827 stadio
764 2791 906 2822 adduftus
916 2795 1045 2834 requiro.

134 2902 156 2920 ι.
174 2895 235 2928 ‘Poffi
252 2904 302 2921 eum
319 2897 444 2930 cupi-fiola]
468 2896 589 2924 Lambini
601 2897 682 2924 1015110
694 2917 702 2929 ,
722 2907 800 2933 quani
819 2899 893 2926 libris
911 2907 1042 2936 acceptam

94 2927 149 2956 fert
167 2938 175 2960 3
196 2940 247 2958 non
266 2940 399 2968 comparet
416 2933 443 2959 in
461 2933 604 2960 Gallicanis
624 2934 763 2961 Gulielniii
783 2954 791 2967 ,
810 2942 855 2962 aut
874 2935 960 2963 l'alat.
979 2937 1045 2963 meis

96 2973 202 2996 novem.

123 3009 157 3040 J..
176 3004 287 3028 Similiter
295 3004 425 3039 arbitron]
444 3006 566 3032 Memmii
575 3006 710 3034 chartaceo
720 3006 788 3034 abest
799 3010 923 3040 arbitror,
939 3008 1045 3035 Guliel-

94 3043 148 3068 rrno
159 3037 272 3065 volente.

133 3080 159 3105 3.
177 3074 241 3105 Qi'd
255 3077 324 3100 ctiam
335 3076 412 3109 finon
424 3077 508 3112 ,&c.]
530 3079 570 3105 Ita
579 3077 636 3104 mss.
647 3088 738 3106 ornnes
751 3099 758 3112 ‚
779 3080 806 3105 δε
817 3078 900 3106 editio
910 3079 1024 3106 Vi&orii
1038 3098 1045 3110 ,

97 3106 151 3149 {1313
163 3107 226 3148 :id-eo
237 3111 358 3145 primitus
368 3112 437 3141 01111;
452 3122 484 3142 ne
493 3114 520 3142 id
532 3133 540 3147 ‚
551 3123 611 3142 cum
621 3114 762 3150 Lamblssos
773 3115 864 3143 R0b01'
868 3123 895 3144 ²⁰
905 3115 975 3144 forte
986 3117 1045 3143 εἰς’

94 3150 180 3177 13312110
190 3152 358 3181 ΙΠῚΡΠῖΕΪΠΠΞι

750 131 1191 181 ORATORE
1266 136 1436 183 Lrn.
1486 138 1586 186 114

1087 218 1119 246 N
1121 226 1154 247 ec
1165 217 1243 247 mihi
1255 227 1330 257 opus
1340 217 1383 249 est
1394 221 1498 250 Graeco
1507 220 1609 262 aliquo
1618 219 1741 252 (1061010
1751 241 1759 256 ,
1776 221 1828 264 qui
1839 220 1917 254 mihi
1926 225 2045 264 pervul-

1086 266 1150 296 gata
1159 268 1302 299 praecepta
1309 259 1445 291 decantet
1454 282 1462 295 ‚
1475 260 1545 292 cum
1558 263 1618 303 ipse
1629 273 1797 305 numquam
1808 264 1910 295 forum
1921 286 1929 299 ,
1951 276 2043 296 num-

1087 308 1177 343 quam
1187 300 1444 340 ullumjudicium
1454 303 1636 344 adspexerit3
1656 314 1689 335 ut
1697 308 1906 346 Peripateticus
1926 308 1977 337 ille
1997 308 2045 337 di-

1087 347 1163 368 citur
1180 341 1325 371 Phormio
1337 353 1342 371 z
1362 343 1433 373 cum
1445 346 1597 377 Hannibal
1607 348 1781 389 Carthagine
1790 349 2043 389 expulsus‚Ephe-

1089 379 1155 409 sum
1167 380 1201 409 ad
1212 384 1398 414 Antiochum
1410 386 1537 417 venisset
1545 389 1645 418 exsul:
1668 398 1781 431 proque
1798 400 1835 420 eo
1847 411 1855 423 ‚
1876 389 1958 431 quod
1979 393 2044 429 eius

1090 430 1206 468 nomen
1215 431 1274 452 exat
1285 433 1390 470 magna
1400 428 1476 466 apud
1487 432 1610 459 omneis
1619 430 1713 471 gloria
1723 451 1731 465 ,
1758 434 1900 462 invitatus
1920 431 1991 462 ess‘et
2009 433 2044 462 ab

1089 462 1256 502 hospitibus
1268 464 1337 497 suis,
1348 475 1380 496 ut
1391 477 1471 501 eum,
1483 480 1574 510 quern
1585 471 1661 505 dixi,
1672 471 1692 502 si
1702 473 1803 507 vellet,
1814 473 1928 504 audiret
1940 485 1944 502 t
1957 484 2043 504 cum-

1089 513 1146 544 que
1158 504 1186 551 se
1196 514 1262 534 non
1272 506 1354 535 nolle
1364 508 1484 539 dixisset
1495 531 1503 543 ,
1526 512 1641 542 locutus
1652 513 1708 543 effe
1717 514 1826 545 dicitur
1834 516 1930 545 homo
1940 518 2045 556 copio—

1089 547 1136 592 sus
1146 545 1261 592 aliquot
1270 547 1355 576 horas
1367 548 1404 577 de
1414 551 1600 589 imperatoris
1610 553 1713 586 officio
1724 577 1732 590 ‚
1756 557 1789 587 &
1800 557 1836 587 de
1845 559 1934 587 omni
1944 568 1973 587 re
1984 559 2046 587 mi-

1086 587 1176 632 litari.
1201 591 1286 617 Tum
1298 608 1305 621 ,
1317 588 1388 618 cum
1398 594 1504 624 ceteri,
1516 596 1567 633 qui
1578 595 1665 626 illum
1676 598 1838 633 audierant,
1850 601 2045 629 vehementer

1086 627 1180 658 essent
1191 628 1328 660 1101061311
1339 650 1348 664 ,
1360 632 1529 671 quaerebant
1541 635 1575 664 ab
1588 638 1767 672 Hannibale,
1780 640 1925 680 quidnam
1937 641 1996 681 ipse
2009 641 2046 670 de

1086 670 1141 699 illo
1152 671 1495 711 philosophojudicaret.
1519 673 1567 704 hic
1578 679 1685 708 Poenus
1697 700 1705 713 ‚
1726 691 1787 712 non
1800 681 1915 722 optime
1927 683 2041 715 Graece.

1085 711 1134 741 sed
1146 721 1246 742 tamen
1257 713 1349 743 libere
1362 714 1542 754 respondiss’e
1554 716 1655 751 fertur,
1675 722 1787 751 multos
1801 723 1827 752 se
1838 723 1948 754 deliros
1960 725 2044 754 senes

1085 754 1158 792 saepe
1177 752 1299 784 vidisse:
1320 755 1368 785 sed
1388 758 1439 796 qui
1459 760 1552 798 magis
1563 778 1572 792 ,
1591 760 1708 799 ‘squam
1720 764 1863 794 Phormio
1876 786 1883 798 ,
1897 766 2041 798 deliraret,

1084 793 1191 825 vidisse
1201 798 1371 826 neminem.
1383 800 1490 839 Neque
1502 801 1672 830 mehercule
1685 804 1801 841 injuria.
1814 807 1887 845 quid
1899 809 1982 836 enim
1993 816 2042 836 aut

1084 838 1273 877 arrogantius,
1284 847 1334 868 aut
1344 839 1489 880 loquacius
1499 839 1562 870 ficri
1573 844 1680 881 potuit,
1693 844 1784 884 quam
1798 848 1978 881 Hannibali,
1990 851 2042 888 qui

1086 887 1130 908 tot
1148 889 1243 908 annos
1263 879 1299 909 de
1317 882 1446 920 imperio
1460 892 1529 912 cum
1539 884 1654 923 populo
1664 887 1808 916 Romano
1819 891 1961 918 omnium
1972 900 2046 931 gen-

1086 922 1164 950 tium
1173 920 1288 951 ν1ἑ1010
1300 921 1430 952 certasset
1440 943 1447 956 ,
1470 926 1610 954 Graecum
1622 927 1782 957 hominem
1793 947 1800 961 ,
1813 931 1864 968 qui
1876 940 2044 971 numquam

1086 961 1204 992 hostem
1216 982 1224 996 ,
1237 973 1406 1004 numquam
1419 964 1507 996 castra
1517 965 1651 1001 vidisset,
1665 978 1833 1009 numquam
1846 971 1974 1011 denique
1985 975 2045 1001 mi—

1086 1006 1203 1034 nimam
1213 1014 1326 1044 partem
1338 1006 1429 1035 ullius
1440 1007 1554 1046 publici
1575 1012 1708 1039 muneris
1726 1010 1863 1052 attigisset
1875 1032 1884 1044 ,
1906 1022 2046 1052 praccepta

1086 1045 1122 1075 de
1132 1055 1162 1075 re
1172 1047 1296 1076 militari
1307 1047 1374 1077 dare
1388 1051 1397 1076 ?
1409 1051 1477 1078 Hoc
1489 1050 1566 1079 mihi
1576 1049 1670 1081 facere
1685 1062 1793 1082 omnes
1807 1052 1864 1086 isti,
1876 1056 1929 1094 qui
1941 1054 1976 1083 de
1987 1064 2046 1084 arte

1085 1087 1392 1128 dicendipraecipiunt
1403 1109 1411 1123 ‚
1432 1090 1583 1120 videntur.
1607 1093 1688 1132 quod
1698 1096 1782 1123 enim
1794 1093 1846 1134 ipsi
1856 1097 1970 1134 experti
1981 1106 2045 1125 non

1086 1129 1163 1162 sunt.
1177 1128 1207 1158 id
1218 1129 1328 1160 docent
1338 1140 1459 1161 ceteros.
1484 1132 1532 1162 sed
1544 1133 1602 1163 hoc
1614 1136 1716 1164 minus
1726 1134 1844 1165 fortasse
1853 1137 2045 1177 errant‚quod

1085 1181 1149 1200 non
1159 1180 1196 1204 te,
1209 1179 1241 1200 ut
1251 1172 1468 1206 Hannibalem,
1481 1174 1529 1204 sed
1539 1185 1646 1214 pueros
1659 1197 1666 1209 ,
1679 1186 1728 1207 aut
1736 1177 1973 1208 adolescentulos
1985 1179 2043 1211 do-

1084 1222 1147 1242 cere
1157 1221 1310 1243 conantur.
1356 1217 1439 1244 Erras
1451 1216 1553 1246 Catule
1566 1237 1573 1250 ,
1595 1219 1694 1258 inquit
1705 1221 1866 1249 Antonius.
1891 1230 1961 1250 nam
1972 1231 2043 1261 ego-

1086 1263 1148 1284 met
1159 1256 1191 1283 111
1202 1255 1384 1295 multosjam
1397 1257 1597 1288 Phormiones
1607 1259 1711 1289 incidi.
1736 1262 1811 1302 Qis
1826 1262 1910 1291 enim
1919 1261 2044 1292 0111110-

1085 1306 1152 1325 rum
1164 1298 1338 1326 Graecorum
1349 1318 1356 1330 ,
1372 1300 1424 1339 qui
1436 1309 1621 1340 quemquam
1633 1300 1770 1331 nostrum
1781 1302 1945 1343 quidquam
1956 1304 2046 1334 intel-

1085 1338 1173 1378 ligere
1193 1338 1370 1368 arbitretur?
1390 1343 1434 1369 Ac
1452 1342 1529 1370 mihi
1551 1342 1675 1382 quidem
1694 1353 1759 1373 non
1773 1346 1813 1374 ita
1830 1344 1950 1375 molesti
1962 1346 2042 1379 sunt,

1083 1378 1171 1409 facile
1189 1382 1309 1409 omneis
1319 1383 1469 1421 perpetior
1480 1402 1488 1414 ‚
1510 1383 1542 1412 &
1561 1383 1687 1423 perfero.
1710 1395 1781 1414 narn
1791 1394 1840 1415 aut
1850 1386 1962 1427 aliquid
1973 1385 2044 1416 affe·

1086 1429 1175 1454 runt,
1196 1421 1276 1466 quod
1288 1423 1365 1451 mihi
1376 1433 1439 1452 non
1450 1423 1618 1464 displiceat:
1637 1435 1688 1456 aut
1699 1425 1835 1457 efficiunt
1844 1447 1854 1460 ,
1877 1437 1909 1457 ut
1920 1439 1969 1458 me
1979 1438 2044 1459 non

1087 1461 1222 1492 didiciflc
1233 1464 1326 1491 mmm
1335 1466 1609 1504 poem'tear.dimitto
1618 1476 1718 1497 autem
1728 1478 1780 1498 eos
1789 1479 1854 1499 non
1865 1478 1925 1500 tam
1936 1478 2046 1500 contu-

1086 1504 1223 1537 meliose,
1234 1504 1324 1545 quam
1334 1507 1551 1546 philosophum
1561 1509 1650 1538 illum
1662 1510 1824 1544 Hannibal,
1838 1511 1870 1540 &
1881 1521 1917 1541 eo
1927 1510 2044 1542 fortasse

1084 1546 1151 1585 plus
1168 1545 1263 1576 habeo
1282 1549 1373 1576 etiam
1394 1551 1524 1590 negotii:
1547 1549 1595 1579 sed
1617 1559 1717 1581 tamen
1728 1551 1770 1581 est
1779 1557 1886 1583 eorum
1896 1552 2044 1587 doetrina,

1085 1595 1232 1628 quantum
1242 1598 1296 1629 ego
1300 1589 1431 1628 judicare
1440 1589 1571 1630 poss‘um,
1584 1592 1771 1632 perridicula.
1798 1594 1950 1624 Dividunt
1959 1598 2043 1625 enim

1087 1638 1179 1658 totam
1191 1639 1255 1659 rem
1266 1632 1299 1659 in
1308 1630 1379 1660 duas
1388 1634 1494 1671 parteis
1506 1652 1514 1666 ,
1537 1635 1569 1662 in
1580 1634 1670 1663 causae
1689 1635 1918 1666 controversiam
1930 1656 1938 1669 ,
1960 1637 1992 1667 &
2012 1639 2045 1667 in

1087 1670 1271 1711 quaestionis.
1291 1673 1413 1702 Causam
1424 1675 1571 1713 appellant
1580 1695 1588 1708 ,
1600 1685 1664 1705 rem
1675 1675 1799 1715 positam
1811 1680 1841 1707 in
1853 1678 2042 1718 disceptatio-

1087 1723 1248 1746 neretum,
1261 1713 1293 1744 &
1305 1714 1501 1746 controversia
1514 1727 1519 1745 ι
1531 1716 1736 1757 Qaestionem
1747 1727 1857 1753 autem,
1870 1723 1883 1746 5
1892 1730 1954 1749 rem
1965 1719 2044 1760 posi-

1089 1764 1160 1788 tam,
1173 1757 1206 1784 in
1215 1753 1332 1785 infinita
1341 1755 1536 1787 dubitatione.
1553 1761 1600 1788 De
1611 1760 1695 1789 causa
1706 1769 1847 1800 praecepta
1856 1761 1927 1791 dant
1938 1772 1943 1790 1
1955 1763 1990 1791 de
2001 1762 2044 1792 al-

1089 1805 1147 1826 tera
1157 1805 1237 1836 parte
1247 1796 1368 1826 dicendi
1379 1800 1492 1828 mirum
1502 1797 1655 1830 silentium
1667 1800 1716 1831 est.
1750 1805 1891 1843 Denique
1910 1805 2044 1844 quinque

1089 1837 1204 1868 faciunt
1213 1836 1293 1879 quasi
1304 1840 1440 1870 membra
1449 1841 1638 1881 eloquentiae‚
1654 1844 1789 1872 invenire
1799 1845 1872 1884 quid
1884 1844 1963 1875 dicas
1974 1865 1982 1878 ,
1996 1856 2044 1875 in-

1091 1888 1179 1910 venta
1188 1880 1469 1919 disponere-‚deinde
1479 1892 1582 1912 ornare
1593 1884 1702 1917 verbis,
1713 1884 1780 1924 post
1790 1888 1945 1916 mernoriae
1956 1897 2044 1917 man-

1089 1921 1155 1951 dare
1165 1941 1174 1955 ,
1195 1930 1260 1951 111111
1280 1921 1314 1951 ad
1326 1931 1496 1953 extremum
1506 1934 1589 1965 agere
1599 1944 1607 1958 ,
1629 1934 1661 1954 ac
1671 1929 1862 1964 pronuntiare
1875 1937 1880 1955 :
1900 1938 1964 1957 rem
1976 1928 2044 1958 sane

1090 1972 1154 1992 non
1164 1962 1356 1992 reconditam.
1380 1966 1455 2006 Qis
1474 1967 1558 1994 enirn
1576 1966 1635 1995 hoc
1654 1976 1718 1996 nori
1737 1967 1786 1997 sua
1803 1969 1906 2007 sponte
1924 1969 2044 2002 viderit,

1090 2006 1246 2033 neminem
1256 2002 1337 2044 pofl'e
1347 2013 1411 2044 apte
1422 2005 1518 2035 dicere
1530 2026 1538 2039 ,
1558 2005 1613 2036 nifi
1623 2007 1656 2036 δι’.
1665 2007 1737 2047 quid
1747 2008 1858 2038 diceret
1869 2029 1877 2042 ,
1890 2010 1923 2040 δε
1932 2011 2043 2050 quibus

1089 2045 1187 2075 verbis
1198 2065 1207 2078 ,
1227 2045 1259 2075 ὃς
1269 2055 1329 2086 quo
1340 2046 1445 2075 ordine
1456 2046 1567 2077 diceret
1577 2068 1585 2080 ,
1605 2048 1725 2079 haberet
1741 2049 1774 2079 &
1793 2060 1825 2080 ea
1837 2050 2020 2081 meminisset
2033 2055 2045 2081 ?

1090 2089 1188 2126 Atque
1196 2087 1261 2116 haec
1270 2096 1326 2127 ego
1337 2097 1399 2116 non
1410 2089 1594 2127 reprehendo
1607 2099 1612 2118 :
1636 2090 1683 2119 sed
1694 2100 1759 2120 ante
1768 2092 1872 2121 oculos
1883 2091 1975 2132 posita
1984 2091 2043 2122 effe

1089 2127 1206 2160 dico,ut
1216 2137 1262 2157 eas
1272 2129 1344 2157 item
1354 2138 1502 2169 quattuor,
1512 2132 1656 2171 quinque,
1668 2131 1755 2162 sexve
1765 2136 1881 2172 parteis,
1893 2134 1941 2164 vel
1952 2136 2043 2164 etiam

1090 2170 1201 2209 septem
1222 2168 1378 2210 (quoniam
1396 2171 1480 2200 aliter
1497 2172 1533 2201 ab
1551 2173 1616 2201 aliis
1630 2172 1814 2215 digeruntur)
1834 2176 1866 2204 in
1875 2185 1945 2216 quas
1955 2175 1997 2206 est
2007 2176 2044 2206 ab

1090 2212 1136 2240 his
1155 2212 1257 2240 omnis
1276 2213 1371 2241 oratio
1392 2210 1555 2242 distributa.
1585 2214 1699 2255 Jubent
1707 2217 1791 2245 enim
1803 2217 1922 2246 exordiri
1933 2219 1972 2247 ita
1982 2237 1990 2251 ,
2012 2226 2044 2248 ut

1091 2262 1172 2286 eum,
1184 2254 1236 2292 qui
1246 2252 1353 2286 audiat,
1363 2253 1549 2284 benevolum
1560 2255 1648 2285 nobis
1656 2255 1808 2291 faciamus,
1821 2259 1853 2288 &
1863 2258 2043 2292 docilem,&

1091 2302 1238 2324 attentum
1251 2304 1255 2321 :
1279 2294 1400 2324 Deinde
1419 2305 1483 2325 rem
1501 2306 1613 2326 narrare
1625 2318 1633 2330 ‚
1654 2299 1692 2328 ita
1699 2307 1732 2328 ut
1739 2298 1906 2330 verisimilis
1917 2303 2045 2331 nan-atio

1090 2334 1123 2365 sit
1133 2355 1141 2368 ,
1163 2344 1298 2375 utaperta
1308 2356 1316 2369 ,
1337 2346 1370 2366 ut
1378 2337 1476 2366 brevis
1489 2348 1494 2366 :
1518 2337 1587 2368 Post
1597 2348 1695 2368 autem
1705 2340 1830 2370 dividere
1839 2342 1953 2372 causam
1967 2362 1974 2375 ‚
1994 2351 2044 2373 aut

1089 2387 1254 2417 proponere
1268 2389 1273 2406 ·.
1293 2377 1392 2408 nostra
1402 2377 1580 2410 confirmare
1589 2383 1770 2422 argumentis
1780 2402 1788 2415 ,
1810 2393 1841 2412 ac
1859 2383 2023 2413 rationibus
2036 2394 2042 2413 :

1089 2419 1198 2449 deinde
1208 2422 1354 2449 contraria
1363 2419 1498 2450 refutare.
1529 2424 1614 2451 Tum
1633 2431 1732 2452 eutem
1750 2424 1799 2453 alii
1817 2423 2042 2455 conclusionem

1089 2462 1243 2494 orationis,
1256 2461 1288 2491 &
1300 2460 1375 2502 quasi
1381 2463 1582 2502 perorationem
1591 2464 1739 2493 collocant
1751 2474 1754 2492 :
1775 2465 1825 2494 alii
1833 2465 1949 2504 jubent,
1960 2475 2045 2497 ante-

1088 2502 1179 2543 quam
1189 2512 1352 2543 peroretur,
1365 2503 1502 2537 ornandi,
1516 2514 1566 2534 aut
1573 2505 1698 2545 augendi
1708 2506 1801 2539 causa,
1813 2506 1926 2547 digredi
1940 2507 2041 2538 :dein⁴

1088 2545 1124 2574 de
1138 2544 1315 2574 concludere
1326 2565 1333 2578 ‚
1355 2555 1386 2574 ac
1406 2555 1550 2585 perorare.
1582 2548 1631 2575 Ne
1642 2547 1703 2576 haec
1714 2547 1836 2586 quidem
1847 2549 2042 2588 reprehendo.

1089 2587 1157 2616 sunt
1167 2588 1250 2616 enim
1265 2588 1415 2616 concinne
1427 2586 1594 2616 distributa:
1615 2587 1663 2616 sed
1673 2596 1783 2622 tamen,
1797 2589 1826 2619 id
1837 2590 1917 2630 quod
1929 2590 2044 2621 necesse

1087 2626 1145 2657 fuit
1154 2628 1332 2657 hominibus
1342 2628 1511 2667 expertibus
1520 2630 1660 2662 veritatis,
1673 2639 1736 2659 non
1746 2631 1850 2669 perire.
1871 2634 1945 2674 Qae
1956 2635 2041 2663 enim

1086 2678 1229 2709 praecepta
1238 2671 1455 2709 principiorum
1467 2689 1475 2702 ,
1488 2669 1520 2699 &
1531 2672 1733 2700 narrationum
1744 2670 1802 2702 effe
1812 2673 1973 2704 volucrunt
1984 2695 1992 2708 ,
2013 2685 2046 2706 ea

1088 2714 1120 2740 in
1133 2720 1203 2740 totis
1213 2711 1399 2740 orationibus
1409 2711 1476 2740 sunt
1484 2712 1692 2742 conservanda.
1703 2716 1783 2743 Nam
1796 2724 1851 2755 ego
1861 2716 1940 2745 mihi
1952 2716 2043 2746 ben„-

1089 2753 1195 2782 volum
1216 2752 1345 2789 judicem
1365 2751 1480 2781 facilius
1497 2752 1591 2782 facere
1614 2752 1733 2794 poss'um
1748 2757 1875 2787 incursu
1887 2760 2043 2792 orationis,

1089 2794 1179 2835 quam
1191 2793 1262 2824 cum
1274 2796 1377 2824 omnia
1388 2793 1455 2824 sunt
1466 2794 1613 2826 inaudita:
1633 2795 1765 2827 docilem
1774 2806 1885 2832 autem,
1898 2808 1961 2828 non
1970 2798 2044 2830 cum

1953 2842 2046 2881 polli-

1125 2908 1153 2931 4.
1171 2901 1249 2932 Qum
1259 2902 1363 2925 'Phormio
1374 2900 1509 2933 deliraret]
1524 2899 1589 2926 l’all.
1601 2900 1653 2926 duo
1663 2901 1691 2926 ὅτ
1704 2901 1775 2927 Pith.
1786 2902 1850 2928 item
1862 2904 1974 2929 Memm.
1985 2903 2047 2929 dult-

1091 2938 1176 2961 Hnrer.
1197 2944 1280 2970 neque
1291 2935 1322 2960 ab
1333 2944 1365 2960 eo
1375 2934 1534 2961 abliorruiss'e
1547 2934 1650 2962 videtur
1661 2937 1832 2963 Gulielmius.

1128 2980 1141 3004 5
1149 2992 1154 2997 .
1175 2973 1328 3004 Rcmposttam
1338 2973 1363 2995 in
1372 2974 1468 3004 infinita
1480 2972 1647 3006 dubitativum]
1668 2974 1743 2998 Stant
1753 2973 1784 2998 ab
1795 2974 1841 2999 hac
1850 2973 1965 3001 10810110
1977 2975 2046 3001 Pall.

1091 3008 1258 3043 posteriores.
1278 3007 1377 3041 primus
1390 3006 1476 3037 habet,
1493 3009 1639 3041 rempofitam
1649 3011 1674 3033 iri
1686 3011 1783 3042 infinita
1792 3009 1908 3043 division&
1917 3011 2047 3036 dubitatio-

1091 3053 1129 3068 ne.
1148 3042 1252 3068 secund.
1263 3052 1309 3066 rem
1325 3044 1418 3075 pcfimm
1434 3045 1555 3075 infinitam
1573 3044 1688 3077 dmifionis
1698 3046 1853 3077 diibittirionc5
1873 3046 2007 3081 quomodo
2017 3048 2046 3072 ἅτ

1092 3079 1163 3104 Ρ1111.
1176 3088 1233 3104 nain
1247 3079 1422 3104 Meminimus
1431 3080 1551 3112 infinitam
1560 3079 1664 3105 Aiffionis
1675 3081 1826 3106 dubitatione.
1842 3082 1986 3108 Lambinus
1998 3091 2047 3107 ex-

1093 3114 1177 3139 hibuit
1188 3114 1261 3140 nobis
1275 3133 1282 3146 ‚
1300 3117 1326 3139 in
1342 3114 1502 3147 disceptatione
1513 3117 1589 3148 finita
1608 3126 1684 3141 rtrum
1702 3117 1911 3151 controrcrfiirum.
1931 3117 2000 3144 unde
2018 3116 2047 3142 id

1092 3150 1227 3187 sumpserit
1239 3169 1247 3184 ,
1259 3159 1290 3177 nc
1301 3150 1423 3178 meminit
1433 3149 1539 3186 quidem
1553 3150 1671 3180 verbulo.

1537 3187 1567 3213 M
1587 3195 1603 3213 2
1959 3196 1983 3215 ι.
1993 3188 2051 3213 '1271-
