2379 3400
267 151 388 188 ηις,
656 123 721 172 M.
815 118 1181 166 TULL11

263 215 425 249 dicendum
446 206 566 250 putasti,
591 205 733 245 quoniam
754 201 790 231 de
809 199 955 240 religione
965 196 1044 237 leges
1054 193 1220 240 proposue-

266 270 308 290 ms
323 253 504 287 :faciendum
519 248 572 278 tibi
583 246 623 276 cst
635 266 642 278 ‚
665 254 714 276 ut,
727 240 947 283 magistratibus
958 239 1021 280 lege
1034 235 1216 283 constitutis,

265 302 302 331 dt·
313 295 447 338 porcstitt·
461 313 468 325 ‚
481 300 544 321 tum
556 288 664 327 dejure
679 286 818 324 disputes.
843 284 887 311 M.
901 282 1018 312 Faciam
1030 279 1159 309 breV1ter
1171 297 1179 311 ,
1197 275 1219 307 si

267 340 405 376 consequi
425 342 567 375 potuero:
582 339 651 359 nani
672 326 806 368 pluribus
825 323 923 354 verbis
942 319 1050 362 scripsit
1060 320 1095 351 ad
1104 329 1218 361 patrem

307 439 316 456 ι
325 449 330 454 .
349 431 395 455 (At
406 426 490 459 dejure
499 430 590 448 nature
601 423 699 451 cogitare
713 426 757 451 pcr
766 426 806 443 nos
818 425 889 451 arque
900 415 1000 450 dicere]
1022 411 1227 455 Expeditiflirpa

271 468 324 492 brec
337 465 421 489 Turn.
436 460 516 486 leftio
527 469 556 484 uu
570 467 583 483 u
595 456 669 483 libris
682 454 723 485 fit,
735 453 830 480 nescio.
843 462 873 479 an
886 450 1100 488 quandoquidem
1112 459 1145 476 ex
1157 447 1229 485 ipius-

271 500 341 529 simis
354 497 467 534 vestigiis
481 496 594 531 vulg-itm
606 492 729 520 lenimus
742 497 817 517 eruta
827 490 863 517 est
875 498 884 521 ς
905 487 999 516 habeat
1008 487 1053 514 has
1063 485 1135 514 sedes
1146 484 1232 521 ejec‘hi.

611 592 704 654 M.
782 591 1185 653 TULLII

277 696 1241 1017 ΟΡΡΙῖ

448 1062 1234 1150 MARCUM

1275 111 1828 158 cicazonzs

1259 201 1346 224 tuum
1360 193 1403 222 M.
1412 191 1523 232 Junius
1533 187 1641 220 sodalis
1651 208 1660 222 .
1677 186 1772 228 perite
1784 208 1794 223 .
1806 198 1878 221 meo
1890 188 2014 231 quidem
2023 185 2140 230 judicio
2151 206 2161 221 2
2181 186 2219 217 δε

1259 235 1428 276 diligenter.
1440 236 1451 252 ¹
1464 235 1502 263 At
1512 231 1548 262 de
1555 232 1622 271 jure
1632 240 1743 262 naturae
1753 233 1880 272 cogitare
1891 241 1943 271 pei·
1953 240 2112 272 n0s‚atque
2123 230 2223 260 dicere

1261 277 1409 308 debemus
1430 274 1467 304 de
1482 275 1547 313 jure
1565 272 1671 313 populi
1689 275 1729 303 R.
1752 283 1820 314 quae
1836 273 1940 304 reliam
1950 275 2018 304 sunt
2032 294 2041 308 ‚
2065 274 2097 304 δε
2109 272 2222 303 tradita.

1263 322 1299 350 A.
1311 320 1358 350 Sic
1368 315 1507 358 profecio
1517 314 1625 347 censeo
1636 324 1642 344 z
1653 314 1686 345 &
1698 314 1727 345 id
1738 315 1849 356 ipsum,
1860 315 1944 356 quod
1951 315 2038 362 dicis,
2050 325 2087 345 ex
2093 313 2202 355 speEko.

1249 411 1257 497 ι
1270 395 1381 474 νιηὲὶῗ
1391 404 1613 445 implicitiffima:
1634 414 1661 435 ae
1670 407 1697 434 de
1708 408 1764 442 jure
1773 412 1866 434 natura
1883 408 1982 441 cogitari
1994 414 2036 440 ptr
2049 416 2089 434 nos
2098 407 2128 456 &t
2136 415 2185 442 φα
2193 406 2232 433 dh·

1272 457 1320 475 CCV(
1345 457 1355 474 C
1371 456 1446 474 emu7.
2126 449 2133 457 ¹

1281 587 1897 651 CicERoNis

1271 695 2205 1017 ielis,

1386 1057 2067 1141 FILIUM,

757 1184 1144 1243 LIBER
1256 1180 1764 1239 PRIMUS.

494 1299 526 1322 ³-
560 1283 750 1320 UAMQAM
771 1286 799 1308 te
815 1298 823 1312 ‚
842 1279 945 1308 Marce
969 1275 1034 1309 fili,
1055 1273 1243 1312 annumjam

520 1330 531 1337 ·
561 1323 735 1354 audientem
762 1322 936 1359 Cratippum
958 1338 967 1352 ,
993 1317 1083 1357 idque
1103 1317 1243 1348 Athenis,

562 1364 713 1396 abundare
723 1371 840 1404 oportet
850 1361 1006 1402 praeceptis
1016 1379 1025 1393 ‚
1039 1356 1243 1397 institutisque

525 1440 534 1448 s
565 1406 765 1447 philosophiae
777 1425 785 1439 ‚
796 1413 917 1445 propter
927 1403 1080 1433 summam
1091 1399 1123 1430 &
1133 1397 1244 1429 dueto-

565 1451 606 1479 ris
619 1448 826 1479 au&oritatem
839 1466 847 1480 ‚
868 1445 901 1476 &
914 1444 997 1476 urbis
1008 1454 1017 1477 ;
1027 1450 1160 1483 quorum
1171 1441 1244 1471 alter

510 1514 537 1527 tx,
567 1500 595 1521 te
608 1491 729 1520 scientia
739 1499 842 1530 augere
853 1485 961 1528 potest,
974 1486 1064 1516 altera
1074 1483 1226 1523 exemplis
1238 1492 1245 1511 ι

444 1534 461 1551 ”
514 1546 534 1553 »-
570 1532 790 1571 tamen‚utipse
800 1530 835 1560 ad
847 1538 947 1559 meam
960 1527 1120 1558 utilitatem
1131 1525 1247 1564 semper

278 1586 351 1609 cum
371 1576 483 1606 Graecis
503 1575 609 1603 Latina
628 1575 778 1611 conjunxi
805 1591 814 1605 ,
833 1580 932 1611 neque
948 1569 979 1600 id
999 1571 1032 1599 in
1055 1566 1247 1607 philosophia

278 1617 383 1651 solum
396 1637 404 1650 ,
418 1616 466 1647 sed
478 1617 568 1645 etiam
578 1616 611 1645 in
622 1613 742 1644 dicendi
753 1613 970 1643 exercitatione
982 1609 1040 1640 feci
1052 1620 1057 1638 :
1074 1613 1083 1629 ¹
1097 1607 1179 1638 idem
1189 1606 1245 1637 tibi

279 1660 388 1692 censeo
407 1657 580 1688 faciendum
594 1676 602 1690 ‚
629 1665 660 1686 ut
671 1665 721 1696 par
733 1653 769 1685 fis·
780 1657 814 1684 in
824 1653 976 1694 utriusque
994 1652 1139 1681 orationis
1150 1647 1242 1679 facul-

280 1711 350 1734 tate.
374 1702 472 1742 Qam
489 1699 617 1740 quidem
630 1697 665 1728 ad
675 1707 740 1728 rem
752 1717 760 1731 ‚
776 1706 842 1730 nos,
855 1696 864 1734 (
877 1704 909 1726 ut
919 1693 1084 1732 videmur)
1100 1699 1245 1739 magnum

280 1743 441 1776 attulimus
460 1741 673 1781 adjumentum
684 1738 864 1769 horninibus
874 1736 984 1767 nostris
996 1755 1005 1769 ‚
1029 1744 1062 1765 ut
1072 1743 1137 1764 non
1149 1732 1245 1762 modo

283 1788 455 1816 Graecaruni
470 1783 636 1813 litterarum
651 1781 738 1811 rudes
751 1800 759 1814 ,
781 1779 829 1810 sed
840 1780 931 1808 etiam
945 1776 1027 1807 ἀοᾶἰ
1037 1795 1046 1809 ,
1057 1776 1245 1815 aliquantum

282 1827 312 1859 se
331 1826 508 1857 arbitrentur
518 1824 641 1864 adeptos
652 1826 666 1842 ²
677 1823 712 1855 &¹
720 1822 759 1851 ad
770 1820 918 1850 dicendum
928 1839 936 1853 ,
957 1818 993 1851 ό·
1003 1815 1245 1862 adjudicandum.

283 1867 491 1909 Qamobrem
511 1866 606 1896 disces
625 1874 656 1895 tu
673 1865 799 1905 quidem
810 1863 824 1893 a
834 1863 967 1902 principe
978 1860 1068 1899 hujus
1077 1859 1169 1888 aetatis
1179 1858 1248 1897 phi-

281 1910 495 1950 losophorum‚
506 1908 539 1939 &
549 1905 804 1947 disces,quamd1u
816 1904 901 1935 voles
914 1914 918 1932 :
931 1901 1047 1932 tamdiu
1056 1909 1158 1931 autern
1170 1898 1250 1929 velle

285 1952 409 1983 debebis
427 1971 437 1985 ‚
458 1949 556 1992 quoad
578 1959 606 1979 te
618 1969 626 1983 ‚
645 1957 792 1990 quantum
811 1944 950 1987 proficias
963 1964 972 1978 ,
993 1953 1057 1973 non
1075 1940 1247 1982 poenitebit.

283 1994 341 2026 Sed
354 2003 456 2024 tamen
471 1991 572 2023 nostra
583 1992 684 2033 legens
694 2010 704 2025 ,
724 1999 788 2021 non
800 1987 935 2019 multum
945 1986 961 2017 a
972 1986 1176 2026 Peripateticis
1182 1982 1249 2025 Jlis-

288 2036 425 2066 fidentia:
438 2036 585 2076 quoniam
596 2035 714 2074 utrique
726 2052 735 2067 ,
760 2031 792 2062 &
803 2031 948 2062 Socratici
958 2047 968 2062 ,
988 2028 1021 2059 δι’
1033 2027 1180 2058 Platonici
1191 2022 1250 2072 effe

286 2078 431 2109 volumus
445 2088 450 2106 z
467 2077 503 2107 de
516 2076 605 2107 rebus
616 2074 685 2116 ipfis
697 2083 778 2105 utere
791 2072 983 2113 tuojudicio:
1002 2069 1083 2100 nihil
1094 2070 1178 2099 enim
1190 2076 1249 2097 im—

285 2119 397 2162 pedio:
419 2121 588 2149 orationem
611 2127 711 2148 autem
734 2117 873 2147 Latinam
894 2111 1033 2155 profeffl)
1044 2110 1178 2152 legendis
1192 2118 1248 2139 no-

288 2161 355 2194 siris
372 2159 483 2192 efficies
501 2161 681 2201 pleniorem.
707 2161 773 2190 Nec
793 2156 865 2188 vero
884 2164 1053 2198 arroganter
1063 2155 1123 2184 hoc
1131 2151 1249 2183 ditium

287 2202 457 2235 existimari
480 2203 584 2233 velim.
609 2205 690 2232 Nam
708 2198 943 2241 philosophandi
961 2198 1116 2229 scientiam
1138 2203 1251 2224 conce-

289 2245 364 2277 dens
375 2246 482 2276 multis
494 2255 498 2260 ·
512 2243 593 2286 quod
602 2243 645 2274 est
654 2243 781 2274 oratoris
790 2243 946 2283 proprium
959 2260 969 2274 ,
992 2239 1059 2279 apte
1070 2258 1079 2272 ‚
1094 2235 1250 2269 distincte,

290 2297 457 2329 ornateque
467 2287 565 2318 dicere
576 2306 584 2321 ‚
598 2288 745 2328 quoniam
756 2286 788 2315 in
800 2293 835 2314 eo
849 2282 950 2314 studio
960 2290 1077 2312 aetatem
1088 2275 1250 2311 consumfi,

290 2329 315 2360 si
332 2330 365 2360 id
386 2331 464 2361 mihi
475 2328 591 2360 affumo
603 2349 612 2362 ‚
631 2328 736 2358 videor
746 2327 777 2357 id
789 2326 918 2365 meojure
927 2323 1060 2366 quodam
1072 2321 1168 2352 modo
1177 2329 1252 2351 ven-

291 2371 398 2402 dicare.
421 2371 631 2413 Qamobrem
653 2378 833 2411 magnopere
845 2378 872 2398 te
881 2368 987 2397 hortor
998 2385 1007 2400 ‚
1020 2366 1064 2395 mi
1075 2367 1181 2395 Cicero
1193 2382 1203 2397 ‚
1222 2371 1255 2393 ut

293 2423 359 2444 non
379 2410 481 2444 l‘oli‘im
502 2415 654 2444 orationes
665 2422 745 2442 meas
756 2431 765 2445 ‚
784 2409 833 2441 sed
847 2411 900 2440 hos
915 2417 1007 2439 etiam
1018 2408 1054 2438 de
1064 2405 1255 2446 philosophia

293 2455 389 2486 libros
399 2474 408 2489 2
430 2458 444 2484 3
470 2457 523 2496 qui
539 2456 602 2495 jam
626 2457 653 2485 se
674 2454 736 2484 illis
747 2452 810 2484 fere
824 2459 980 2493 aequarunt
991 2470 1000 2484 ,
1023 2448 1156 2479 studiose
1167 2449 1254 2489 legas.

297 2499 351 2527 Vis
362 2500 444 2528 enim
456 2497 576 2528 dicendi
587 2497 684 2537 major
694 2495 736 2526 est
747 2498 778 2526 in
791 2495 853 2524 illis
867 2505 872 2523 ;
884 2493 933 2524 sed
944 2494 1002 2524 hoc
1012 2501 1135 2533 quoque
1149 2488 1257 2520 colen'-

296 2539 372 2569 dum
390 2539 431 2570 est
449 2539 612 2581 aequabile,
637 2539 880 2579 &temperatum
891 2537 1037 2566 orationis
1047 2542 1153 2574 genus.
1178 2535 1214 2563 Et
1226 2530 1257 2561 id

296 2581 422 2622 quidem
440 2583 563 2613 nemini
586 2581 678 2613 video
704 2582 882 2613 Graecorum
901 2578 999 2610 adhuc
1020 2572 1179 2617 contigiffe
1197 2581 1260 2620 ,tut

1284 1272 1367 1304 idem
1385 1281 1514 1313 utroque
1527 1273 1560 1303 in
1569 1282 1680 1313 genere
1691 1270 1838 1302 laboraret
1849 1290 1858 1305 ‚
1885 1270 2113 1312 sequereturque
2124 1267 2157 1301 &
2170 1269 2247 1302 illud

1282 1315 1401 1346 forense
1419 1314 1561 1348 dicendi,
1589 1314 1622 1345 δε
1640 1315 1699 1345 hoc
1719 1315 1858 1354 quietum
1881 1312 2053 1353 disputandi
2065 1310 2245 1353 genus:nifi

1283 1356 1363 1387 forte
1384 1359 1561 1387 Demetrius
1579 1356 1736 1387 Phalereus
1753 1356 1787 1385 in
1807 1357 1864 1386 hoc
1885 1364 2014 1385 numero
2025 1353 2247 1395 haberipotest,

1263 1411 1264 1414 ¹
1284 1399 1449 1439 disputator
1471 1398 1591 1429 subtilis
1604 1419 1613 1432 ‚
1634 1406 1736 1429 orator
1760 1407 1866 1437 parum
1885 1398 2067 1428 vehemens:
2086 1396 2183 1427 dulcis
2205 1405 2251 1428 ta·

1263 1419 1265 1464 l
1285 1451 1380 1476 mcn;
1399 1450 1433 1471 ut
1455 1439 1657 1481 Theophrasti
1677 1439 1859 1479 discipulum
1878 1436 1971 1480 possis
1983 1438 2152 1481 agnoscere.
2177 1441 2247 1469 Nos

1285 1492 1385 1514 autem
1404 1492 1554 1524 quantum
1571 1484 1603 1512 in
1614 1491 1742 1523 utroque
1753 1480 1971 1521 profecerimus
1981 1501 1990 1514 ,
2014 1481 2144 1511 aliorum
2157 1478 2250 1519 fitju·

1286 1525 1422 1555 dicium:
1443 1524 1695 1564 utrumquecerte
1716 1523 1809 1553 secuti
1831 1523 1943 1552 sumus.
1967 1522 2116 1562 Equidem
2138 1522 2250 1552 &Pla-

1290 1575 1394 1596 tonem
1414 1564 1560 1595 existimo
1574 1584 1583 1598 ,
1606 1568 1623 1592 4
1641 1562 1659 1594 fi
1678 1573 1772 1606 genus
1790 1562 1909 1594 forense
1922 1563 2044 1594 dicendi
2055 1562 2177 1594 tra&are
2190 1573 2250 1593 vo-

1287 1605 1395 1641 luisset,
1407 1605 1577 1648 graviffime
1587 1626 1596 1640 ,
1608 1606 1642 1636 &
1654 1603 1856 1646 copiosissime
1866 1603 1992 1646 potuifl‘e
2003 1605 2101 1635 dicere
2115 1616 2120 1634 z
2138 1605 2171 1635 &
2183 1607 2251 1636 De-

1288 1648 1479 1679 mosthenem
1493 1668 1502 1681 ,
1524 1646 1545 1678 fi
1568 1648 1638 1681 illa,
1658 1657 1725 1688 quae
1745 1647 1761 1677 a
1776 1647 1899 1677 Platone
1912 1647 2075 1680 didicerat,
2098 1645 2250 1679 tenuisset·

1263 1672 1267 1735 l
1288 1691 1321 1721 &
1332 1690 1529 1730 pronuntiare
1543 1687 1685 1719 voluiffet
1695 1708 1704 1722 ,
1723 1689 1827 1718 ornate.
1839 1707 1848 1721 ‚
1863 1688 2076 1728 splendideque
2084 1688 2181 1720 facere
2190 1698 2251 1729 po·

1265 1737 1267 1773 ξ
1286 1730 1381 1763 tuifle.
1405 1731 1585 1772 Eodemque
1596 1729 1690 1760 modo
1699 1729 1735 1760 de
1746 1728 1908 1760 Aristotele
1918 1749 1927 1763 ‚
1953 1729 1986 1760 δε
1994 1730 2232 1769 Isocratejudico
2245 1739 2254 1760 ε

1290 1783 1422 1814 quorum
1435 1781 1560 1813 uterque
1571 1773 1624 1802 suo
1635 1770 1734 1802 studio
1746 1770 1909 1802 delestatus
1922 1791 1931 1806 ‚
1941 1770 2099 1802 contemfit
2110 1772 2251 1802 alterum.

1265 1824 1267 1845 ⁴,
1291 1815 1348 1846 sed
1376 1813 1448 1844 cum
1468 1812 1631 1845 statuissem
1641 1813 1756 1855 aliquid
1768 1814 1826 1844 hoc
1837 1822 1973 1854 ternpore
1982 1813 2017 1845 ad
2028 1823 2056 1844 te
2065 1813 2205 1847 scribere,
2218 1813 2251 1844 &

1288 1857 1385 1887 multa
1407 1855 1529 1896 posthac
1542 1876 1551 1891 ‚
1577 1856 1615 1886 ab
1632 1866 1670 1886 eo
1688 1855 1781 1886 ordiri
1810 1855 1896 1885 volui
1918 1856 2052 1886 maxime
2072 1876 2083 1890 ‚
2114 1856 2196 1897 quod
2217 1856 2253 1887 δε

1290 1908 1371 1930 aetati
1390 1907 1448 1929 tuae
1466 1896 1539 1929 effer
1558 1896 1743 1939 aptissimum
1756 1917 1766 1932 ,
1789 1900 1802 1925 5
1821 1898 1853 1928 &
1871 1897 2041 1928 auElmritati
2057 1907 2146 1928 nieae.
2170 1900 2253 1928 Nam

1288 1940 1359 1972 cum
1373 1942 1468 1971 multa
1477 1939 1533 1971 sint
1542 1943 1575 1971 in
1585 1940 1777 1981 philosophia
1787 1939 1819 1970 &
1829 1942 1939 1980 gravia,
1954 1940 1987 1970 δε
1997 1940 2096 1974 utilia,
2105 1939 2252 1974 accurate.

1288 1984 1471 2024 copioseque
1481 1983 1497 2013 a
1507 1983 1697 2023 philosophis
1706 1982 1852 2022 disputata
1864 2002 1873 2016 ,
1884 1981 2028 2013 latissime
2037 1991 2135 2022 patere
2144 1982 2256 2012 viden-

1290 2034 1338 2056 tur
1358 2035 1411 2060 ea,
1428 2035 1496 2067 quae
1515 2024 1552 2056 de
1570 2023 1681 2055 officiis
1700 2025 1803 2055 tradita
1824 2024 1952 2058 abillis,
1974 2024 2161 2064 &praecepta
2172 2023 2253 2054 sunt.

1290 2070 1322 2098 N
1332 2077 1355 2099 o
1366 2078 1388 2098 ι.
1398 2078 1419 2097 ι,
1429 2077 1452 2098 Α
1467 2069 1553 2098 enim
1565 2070 1634 2099 vitae
1643 2076 1720 2108 pars,
1732 2076 1831 2108 neque
1841 2066 1970 2106 publicis
1981 2086 1991 2101 ,
2004 2076 2102 2107 neque
2111 2067 2235 2106 privatis
2247 2075 2256 2095 z

1291 2120 1391 2151 neque
1407 2108 1574 2141 forensibus
1588 2130 1599 2144 ,
1620 2119 1717 2151 neque
1739 2108 1915 2139 domesticis
1933 2111 1966 2138 in
1987 2109 2074 2139 rebus
2089 2119 2095 2138 2
2115 2118 2213 2149 neque
2231 2105 2254 2137 fi

1294 2161 1395 2183 tecum
1411 2162 1476 2193 agas
1495 2151 1568 2194 quid
1580 2172 1589 2187 ‚
1609 2161 1708 2193 neque
1733 2149 1752 2181 fi
1774 2160 1845 2182 cum
1858 2151 1949 2181 altero
1959 2151 2134 2184 contrahas,
2153 2158 2257 2181 vacare

1293 2192 1398 2225 officio
1407 2193 1519 2235 potest:
1540 2195 1573 2224 in
1584 2204 1680 2235 eoque
1691 2192 1821 2225 colendo
1831 2191 1883 2224 sita
1893 2195 1963 2223 vitae
1975 2192 2016 2224 est
2030 2192 2168 2223 honestas
2182 2201 2259 2222 om-

1294 2239 1342 2266 nis
1350 2257 1361 2270 ,
1381 2237 1459 2268 &in
1471 2236 1656 2277 negligendo
1667 2235 1833 2276 turpitudo.
1858 2238 1955 2275 Atque
1965 2236 2027 2266 haec
2038 2234 2162 2275 quidem
2173 2244 2259 2275 quae-

1294 2278 1352 2311 stio
1361 2282 1539 2310 communis
1549 2277 1592 2308 est
1601 2280 1745 2309 omnium
1755 2277 2019 2318 philosophorum.
2029 2280 2097 2318 quis
2107 2275 2149 2306 est
2157 2278 2254 2309 enim,

1294 2323 1347 2362 qui
1368 2321 1462 2351 nullis
1485 2318 1579 2351 officii
1591 2322 1747 2361 praeceptis
1759 2319 1908 2350 tradendis
1913 2318 2106 2361 philosbphum
2113 2318 2141 2348 se
2152 2317 2258 2348 audeat

1292 2365 1410 2403 dicere?
1431 2362 1489 2394 Sed
1499 2363 1516 2393 s
1514 2372 1568 2392 unt
1578 2363 1738 2393 nonnullae
1747 2361 1914 2402 disciplinae
1925 2381 1933 2394 ,
1956 2370 2022 2401 quae
2030 2358 2190 2400 propositis
2202 2359 2260 2389 bo-

1297 2416 1407 2436 norum
1422 2425 1431 2439 ‚
1444 2405 1477 2436 &
1488 2406 1640 2436 malorum
1654 2403 1777 2436 finibus,
1791 2400 1808 2422 ⁶
1819 2401 1958 2433 officium
1968 2412 2062 2432 omne
2074 2408 2258 2441 pervertunt.

1297 2457 1367 2478 nam
1387 2450 1439 2488 qui
1464 2447 1619 2478 summum
1631 2446 1748 2476 bonum
1762 2444 1911 2479 instituit,
1937 2454 1969 2475 ut
1980 2444 2058 2474 nihil
2073 2443 2260 2474 habeatcum

1296 2491 1407 2520 virtute
1416 2488 1618 2529 conjunaum
1631 2500 1640 2523 3
1651 2488 1742 2529 idque
1757 2487 1814 2517 suis
1823 2487 1999 2518 commodis
2012 2507 2020 2520 ,
2032 2496 2096 2516 non
2107 2484 2263 2516 honestate

1281 2540 1284 2546 ·
1301 2534 1436 2562 metitur:
1447 2533 1496 2561 hic
1511 2529 1530 2560 si
1541 2528 1594 2562 fibi
1604 2530 1667 2571 'ipse
1677 2529 1893 2564 consentiam&
1910 2539 1975 2559 non
1989 2528 2143 2559 interdum
2153 2535 2268 2558 naturae

1299 2574 1435 2606 bonitate
1453 2578 1468 2604 7
1488 2575 1624 2606 vincatur
1638 2592 1647 2608 ‚
1667 2582 1766 2614 neque
1785 2573 1952 2605 amicitiam
1963 2570 2061 2602 colere
2074 2568 2185 2612 possit,
2205 2578 2264 2642 :fige

2173 2621 2208 2653 1¹²
2247 2624 2264 2633 '⁶

303 2707 415 2760 {Ivem
427 2709 470 2734 ribi
480 2707 552 2740 censeo
560 2707 724 2742 faciendum]
744 2707 863 2734 Malebat
873 2704 1036 2733 Gulielmius
1047 2705 1126 2732 iridem
1140 2723 1148 2737 ‚
1160 2703 1264 2732 secutus

362 2743 439 2770 fidem
451 2743 561 2770 suffridi
572 2744 732 2780 Petreii‚qui
744 2744 781 2771 ita
790 2744 818 2771 in
831 2743 889 2770 mss.
899 2742 951 2769 suis
962 2741 1085 2778 reperisse
1098 2742 1206 2768 testatus
1217 2741 1264 2768 est.

303 2784 330 2805 at
340 2778 482 2805 Lambinus
503 2780 669 2815 praeponebat
687 2784 752 2807 item.
773 2789 821 2807 nos
838 2778 1030 2807 adhaerebimus
1047 2778 1157 2814 vulgato
1171 2797 1180 2810 ‚
1198 2777 1263 2804 dum

303 2813 421 2841 nascatur
432 2814 554 2856 Dissatoi·
565 2816 659 2852 aliquis
670 2817 792 2852 legitime
802 2816 903 2848 satius,
916 2816 931 2842 ἐι
942 2825 996 2852 quo
1004 2815 1148 2842 doceamur
1158 2823 1263 2841 verum.

305 2859 364 2891 uani
377 2851 488 2877 Palatini
507 2852 586 2878 nostri
597 2852 729 2880 adhaerent
749 2852 859 2879 Ιεξὶίοηὶ
879 2860 999 2888 receptae.
1026 2852 1148 2879 ceterum
1169 2850 1265 2877 memi-

304 2893 377 2913 nerit
387 2885 472 2912 leelor
484 2905 492 2917 ‚
501 2896 545 2926 ⁴me
556 2895 659 2915 tautum
671 2888 826 2916 cousuluisse
838 2889 952 2916 Palatia.
962 2888 1029 2916 duos
1041 2898 1050 2920 ;
1071 2897 1130 2915 cum
1141 2887 1265 2914 innume-

304 2931 349 2965 :9³
361 2922 468 2964 liaberet
478 2922 639 2963 Bibliotheca
652 2925 809 2952 Eleaoralis
821 2944 831 2958 ‚
848 2925 916 2953 duos
933 2926 1042 2962 inquam
1058 2932 1127 2952 notae
1144 2924 1264 2960 optimae.

305 2958 469 2985 Gulielmiua
482 2960 544 2984 vero
555 2967 620 2986 citat
629 2961 815 2989 Coloniensem
826 2962 853 2988 ὃ(
865 2962 1061 2989 Fabricianum.
1071 2962 1137 2988 item
1149 2961 1214 2987 V.&
1228 2961 1264 2986 D.

303 3003 353 3036 per
363 2994 494 3021 Merulam
514 2994 623 3022 collatos
634 3015 643 3028 ,
662 3004 692 3024 ut
710 2999 738 3025 ὅτ
757 3005 883 3034 excerpta
892 2998 1049 3032 Carrionis5
1066 2997 1183 3034 denique
1193 2998 1266 3029 Cru-

308 3039 426 3058 ceianum
439 3032 585 3065 exemplar.
1242 3054 1244 3063 Ι

342 3075 370 3108 ²:
389 3069 422 3093 Εῐ
430 3067 464 3108 fid
472 3067 592 3107 dicad-¹¹*
601 3067 630 3098 &⁴
639 3069 855 3105 adjudicandum]
873 3071 998 3104 Palatini,
1010 3072 1036 3097 8<
1048 3070 1093 3097 sex
1105 3067 1265 3096 membraiiae

305 3103 447 3130 Gulielmii
462 3122 470 3135 ,
480 3112 531 3129 uua
542 3102 631 3130 littera
640 3105 763 3140 amplius.
773 3106 903 3138 discendum
916 3126 924 3139 ‚
936 3117 1020 3143 neque
1030 3107 1052 3134 ei
1065 3104 1229 3142 displicebat.

344 3147 370 3175 3.
383 3140 586 3181 ,Qijamsefflie-
597 3140 650 3172 ser?
667 3141 814 3175 quarunt]
836 3143 936 3169 Vocula
948 3144 975 3177 se
987 3162 995 3175 ,
1014 3153 1067 3170 non
1078 3143 1114 3170 est
1126 3142 1151 3169 iu
1163 3142 1267 3178 aliquot

304 3175 447 3213 ›¹ng
460 3193 469 3208 ›
487 3174 651 3211 exclusitque
661 3175 719 3205 Γλι-
731 3185 770 3215 Pr·
789 3177 952 3217 putabatque
962 3179 1083 3209 Gulielm‘
1088 3199 1094 3208 .
1104 3176 1246 3207 delendam
1257 3185 1268 3211 i

1288 2716 1289 2723 κ
1304 2703 1369 2731 item
1384 2702 1509 2730 Gifanius
1522 2700 1549 2728 in
1561 2699 1651 2728 Indice
1661 2698 1835 2731 Lucretiam,
1846 2697 1878 2725 acl
1891 2697 2001 2724 verbum
2012 2698 2099 2726 locam
2109 2701 2139 2722 ut
2148 2692 2267 2730 capiatur

1303 2749 1395 2777 equare
1404 2741 1540 2771 πειθηῖικῶς,
1552 2734 1787 2774 quemadmodum,
1798 2743 1893 2768 augere,
1902 2741 2037 2764 maturare,
2053 2731 2105 2758 alia
2116 2735 2245 2758 trecenta.

1340 2784 1368 2810 4.
1388 2774 1614 2810 Sigenusfhrense]
1635 2773 1712 2800 Prius
1723 2771 1788 2798 editi
1801 2772 1915 2806 ,figenus
1921 2770 2052 2804 idfhrtnse,
2064 2766 2106 2794 std
2118 2773 2211 2807 conti-:i
2220 2764 2265 2791 bi·

1304 2822 1365 2849 gam
1378 2812 1559 2840 Palatinarum
1573 2830 1581 2843 ,
1601 2811 1628 2836 δε
1641 2808 1837 2837 Gulielmianos
1856 2813 1910 2834 tres
1922 2825 1931 2839 ‚
1951 2803 2083 2841 inquibus
2100 2801 2268 2830 distiuncula

1305 2850 1353 2877 illa
1363 2859 1414 2876 non
1430 2847 1612 2885 comparebat.
2165 2877 2169 2881 Ι

1344 2895 1371 2920 5.
1391 2886 1539 2912 Aufforitati
1545 2883 1625 2917 mem]
1647 2880 1755 2910 Exclusi
1764 2879 1831 2908 illud
1837 2879 1998 2913 gra-’fimum
2009 2895 2018 2909 ,
2044 2874 2095 2903 five
2101 2876 2270 2909 grauffimunn,

1307 2922 1378 2959 quod
1389 2922 1474 2949 exstat
1484 2921 1510 2948 in
1530 2921 1590 2947 aliis
1608 2918 1670 2946 edd.
1689 2917 1792 2945 secutus
1803 2915 1983 2944 Viscorianam
1994 2924 2002 2940 ;
2024 2920 2112 2948 neque
2121 2909 2270 2948 agnoscunt

1309 2959 1378 2987 Pall.
1388 2965 1434 2985 aut
1444 2965 1558 2992 quatuor
1568 2954 1754 2985 Gulielmiani.
2219 2982 2226 2989 .

1342 2996 1371 3022 6.
1390 2995 1492 3029 officium
1508 3002 1573 3020 omne
1585 2997 1739 3027 pervertunt.
1779 2989 1820 3015 Ita
1838 2985 1907 3013 Pall.
1926 2984 2043 3013 malebat
2060 2992 2149 3013 tamen
2162 2982 2271 3012 Guliel-

1307 3032 1376 3060 mius
1383 3036 1538 3065 per-vertam,
1549 3030 1686 3057 inventum
1698 3026 1724 3052 in
1748 3024 1787 3050 uis
1798 3030 1923 3059 quatuor.

1343 3077 1371 3103 7.
1394 3068 1510 3093 Vim-atur
1520 3085 1529 3098 ‚
1547 3072 1621 3098 mque
1629 3063 1761 3088 amicitiam
1770 3061 1840 3085 colere
1854 3058 1943 3094 poffit]
1964 3058 2076 3086 Fulvius
2088 3056 2199 3084 Ursinus
2210 3063 2272 3092 pei·-

1308 3103 1422 3132 suaserat
1432 3100 1579 3132 nonnullis,
1590 3099 1711 3134 legerent
1721 3095 1773 3123 fide
1784 3095 1832 3123 ms.
1844 3095 1893 3127 sui,
1904 3099 2024 3123 vincatur
2037 3097 2083 3129 ‚fit
2093 3100 2212 3127 rumque,
2219 3091 2272 3122 &e-

1309 3141 1395 3176 sicque
1405 3139 1485 3165 ctiam
1496 3135 1617 3174 plerique
1629 3142 1706 3161 antea
1714 3131 1815 3161 excusi.
1835 3133 1932 3159 verum
1945 3133 2006 3158 cum
2020 3139 2132 3166 utraque
2144 3137 2197 3156 vox
2209 3127 2274 3155 absit

1307 3176 1336 3205 &
1346 3174 1418 3207 Pau.
1428 3175 1456 3203 ὃς
1468 3173 1534 3204 Gul.
1543 3172 1611 3203 item
1620 3169 1806 3209 antiquiffimis
1817 3168 1882 3198 edd.
1896 3177 1945 3198 cui·
1954 3166 2148 3199 admitterem?
2198 3203 2217 3227 s
2228 3200 2269 3235 w·

2162 3210 2175 3230 ι
2183 3219 2190 3228 .
2216 3210 2227 3227 e
2259 3210 2284 3227 1-
