2297 3389
600 134 907 200 'OR'4T10
964 155 1086 188 PRO
1143 144 1198 191 A.
1234 136 1539 196 CAEcmA}

1087 231 1091 296 l

113 236 200 260 meus
208 234 236 259 te
248 248 257 261 ,
267 227 304 257 L.
317 222 492 267 calpurnius
501 241 509 256 ‚
520 227 554 253 ut
563 220 644 252 idem
656 206 737 252 dicas
747 243 754 255 ,
764 223 846 263 quod
854 223 917 263 ipse
927 233 1010 255 antea
1019 224 1067 254 di-

112 272 161 300 xit
171 291 180 303 ‚
201 270 387 308 injuriarum.
416 263 497 306 Qid
507 267 518 292 ?
528 264 568 294 nd
577 263 691 294 causam
702 262 888 303 pofl'effionis
899 275 904 293 2
922 265 1016 307 quid}
1026 265 1062 296 ad

109 310 327 342 restituendum
337 317 406 338 eum
417 326 426 341 ,
447 315 540 346 quem
550 314 668 345 oportet
677 304 791 335 restitui
807 315 813 334 z
832 305 904 346 quid
915 306 1044 346 denique
1053 310 1071 350 Β.

108 353 146 383 ad
152 354 202 394 jus
211 351 310 384 civile,
323 352 336 369 ¹
345 357 395 379 aut
402 347 438 379 ad
446 346 555 377 aetoris
565 348 737 380 notionem,
744 347 777 376 δε
786 346 822 376 ad
831 346 1063 383 animadversio-

107 404 181 424 nem
191 413 200 427 ,
219 401 285 433 ages
296 391 473 429 injuriarum
488 392 499 418 ἓ
522 389 592 419 Plus
608 388 664 419 tibi
678 398 733 429 ego
745 388 856 429 largiar.
879 398 945 418 non
963 388 1062 419 solum

79 462 83 463 .
107 436 220 477 egeris,
239 430 346 463 verum
364 433 455 462 etiam
473 430 684 461 condemnaris
704 431 789 460 licet:
808 429 958 470 numquid
968 432 1064 478 magis

107 474 266 516 poffidebis
277 477 290 503 ἓ
312 481 416 503 Aci-10
437 476 521 503 enim
538 473 717 511 injuriarum
737 482 802 502 non
815 472 865 511 jus
875 469 1063 511 poffeffionis

107 514 269 558 assequitur
279 535 288 549 ,
303 515 352 545 sed
362 514 500 544 dolorem
512 515 684 543 imminutae
694 513 848 546 libertatis,
855 512 983 552 judicio,
997 523 1063 553 poe-

51 566 65 592 1
77 566 91 600 3
107 568 209 599 mque,
220 559 346 598 mitigat.
378 559 489 587 Praetor
498 558 608 586 interea
619 575 627 589 ‚
647 555 712 585 Piso
723 575 731 588 ,
750 564 829 585 tanta
842 555 879 585 de
889 565 919 585 re
928 556 1036 585 tacebit
1048 559 1060 584 ἓ

107 597 368 640 quemadmodum
386 607 414 628 te
430 597 563 628 restituat
581 599 614 627 in
633 596 723 627 aedeis
740 605 803 627 tuas
812 617 821 631 ‚
841 606 905 626 non
916 596 1058 627 habebit?

107 643 170 682 Qi
179 641 242 670 dies
250 649 332 670 totos
342 649 392 670 aut
401 641 466 670 vim
477 638 541 669 fieri
551 648 630 669 vetat
639 658 647 672 ,
659 647 708 668 aut
716 638 832 668 restitui
839 637 948 668 fatiam
956 638 1040 677 jubet
1051 649 1056 668 :

105 685 159 724 qui
170 682 206 712 de
213 680 308 715 fossis,
320 681 357 711 de
365 682 485 715 cloacis,
497 681 533 711 de
544 682 684 711 minimis
695 681 1057 720 aquarum‚>itinerumque

103 722 312 754 controversiis
322 723 484 757 interdicit,
502 725 526 752 is
536 722 656 762 repente
668 721 876 751 obmutescet?
892 722 926 751 in
939 722 1059 752 atrocis-

103 765 177 796 sima
185 775 214 796 re
224 766 296 807 quid
306 764 392 796 faciat
402 785 411 799 ,
430 776 494 796 non
505 764 647 795 habebit?
665 763 698 792 &
710 782 718 796 ,
733 765 765 792 C.
778 763 884 793 Pisone
901 762 997 793 domo
1015 772 1059 793 te-

104 807 220 848 &isque
236 807 296 838 suis
309 807 480 847 prohibito,
499 805 671 846 prohibito,
689 806 813 844 inquam
825 824 834 838 ‚
853 814 905 843 per
915 804 1058 834 homines

101 849 234 882 coaetos,
243 849 276 879 &
284 857 533 890 armat052praetor
540 845 798 888 quemadmodum
809 845 942 879 more‚&
952 856 1057 876 exem-

100 891 156 931 plo
167 891 306 931 opitulari
317 889 404 930 poffit
414 911 422 923 ‚
446 899 512 920 non
523 888 666 918 habebit?
689 887 771 929 Qd
791 889 874 918 enim
888 887 987 917 dicet?
1007 897 1057 923 aut

101 932 176 973 quid
191 941 238 966 tu,
264 930 698 973 taminfigniacceptainjuria‚
717 928 902 969 postulabis?
923 929 1012 960 Unde
1021 931 1056 958 vi

96 973 256 1016 prohibitur
266 972 300 1003 fis
309 993 318 1006 ,
332 983 426 1003 nemo
435 971 758 1014 umquam-interdixit.
781 981 898 1001 novum
909 970 952 1001 est
961 992 969 1005 ‚
988 981 1054 1002 non

99 1016 169 1046 dico
181 1013 350 1046 inufitatum
362 1034 370 1048 ‚
387 1025 493 1045 verum
509 1016 641 1044 omnino
660 1012 842 1043 inauditum.
857 1012 962 1043 *Unde
981 1014 1053 1052 deje-

101 1055 164 1086 stus
178 1060 190 1086 .²
207 1056 280 1098 quid
289 1056 438 1097 proficies,
450 1055 520 1093 cum
530 1056 577 1085 illi
588 1056 644 1086 hoc
655 1055 875 1093 respondebunt
888 1055 954 1088 tibi,
969 1055 1050 1096 quod

99 1107 133 1129 tu
142 1094 222 1129 nunc
233 1099 310 1128 mihi
321 1107 464 1129 :armatos
473 1100 502 1128 se
513 1097 568 1128 tibi
576 1095 730 1130 obstitisse‚
742 1106 780 1126 ne
790 1098 822 1126 in
833 1096 922 1127 aedeis
931 1097 1052 1127 accede-

97 1150 145 1171 res
156 1151 162 1170 :
185 1140 274 1179 dejici
283 1139 373 1181 porrb
383 1141 470 1170 nullo
480 1139 575 1169 modo
583 1137 713 1179 potuiffe
722 1159 730 1172 ‚
746 1140 798 1179 qui
809 1148 873 1168 non
882 1137 1050 1168 accefl‘erit?

99 1183 237 1222 Dejicior
245 1191 300 1224 ego
311 1202 320 1216 ,
339 1184 440 1223 inquis
451 1203 459 1215 ,
478 1180 566 1222 fiquis
577 1191 716 1211 meorum
725 1180 874 1218 dejicitur.
897 1182 1048 1210 Omnino.

95 1224 160 1264 jam
178 1223 256 1254 bene
272 1226 344 1264 agis.
367 1224 383 1255 ὲ
400 1223 499 1254 verbis
515 1224 599 1253 enim
609 1222 722 1253 recedis
734 1243 742 1255 ,
764 1221 938 1263 &aquitan
946 1224 1047 1252 uteris.

95 1275 168 1296 nam
178 1265 268 1296 verba
276 1267 336 1306 ipsa
345 1264 365 1296 fi
373 1266 453 1306 sequi
464 1263 778 1306 volumus,quorn0do
787 1272 819 1293 tu
828 1263 1046 1302 dejiceris,cum

96 1307 198 1339 servus
211 1316 280 1337 tuus
289 1307 447 1347 dejicitur?
465 1310 579 1337 Verum
589 1309 629 1337 ita
639 1305 690 1339 est,
703 1307 746 1335 uti
758 1305 845 1334 dicis(
857 1314 884 1334 te
894 1305 1045 1345 dejeStum

96 1348 193 1379 debeo
212 1349 377 1391 intelligere
388 1369 397 1382 ‚
414 1347 525 1379 etiamsi
535 1347 628 1378 taEtus
638 1358 701 1377 non
710 1347 812 1377 fueris.
839 1356 944 1376 nonne
956 1351 966 1376 ?
984 1350 1045 1388 Age

95 1399 178 1420 nunc
189 1411 198 1424 ,
208 1389 229 1419 sl
239 1400 277 1420 ne
285 1399 407 1420 tuorum
417 1390 540 1431 quidem
551 1390 705 1430 quisquam
716 1389 785 1418 loco
797 1397 896 1418 motus
907 1391 961 1418 erit
970 1408 978 1422 ‚
1003 1398 1047 1419 at-

93 1441 152 1472 que
163 1434 284 1462 omneis
293 1434 326 1462 in
335 1431 448 1462 aedibus
458 1431 617 1465 adservati,
636 1441 667 1460 ac
676 1432 782 1460 retenti
799 1440 804 1459 :
824 1439 856 1460 tu
875 1430 953 1460 solus
976 1441 1046 1470 pro-

92 1473 223 1507 hibitus,
243 1473 276 1503 &
293 1473 309 1504 ὲ
327 1475 385 1504 tuis
402 1473 516 1503 aedibus
536 1473 587 1506 vi,
607 1480 694 1513 arque
703 1475 785 1502 armis
793 1474 963 1511 perterritus
978 1483 984 1502 ;
1009 1483 1044 1502 u-

92 1523 172 1545 trum
184 1516 258 1545 hanc
266 1514 419 1546 aftionem
429 1515 550 1545 habebis
559 1535 567 1548 ‚
588 1513 646 1555 qufi
654 1524 711 1544 nos
721 1512 762 1543 ufi
772 1515 873 1544 sumus
885 1534 894 1547 ‚
907 1523 944 1543 an
955 1515 1043 1544 aliam

113 1558 265 1596 uampiam
275 1577 284 1591 ‚
311 1566 350 1587 an
368 1558 500 1587 omnino
521 1557 636 1587 nullam
649 1559 660 1585 ?
681 1557 797 1586 nullam
813 1553 870 1585 effe
889 1554 1042 1585 astionem

113 1600 188 1628 icere
206 1600 239 1628 in
253 1609 283 1629 re
299 1607 358 1629 tam
377 1597 485 1640 insigni
495 1618 503 1632 ‚
527 1607 646 1639 tamque
664 1600 757 1628 atroci
772 1618 779 1630 ,
805 1607 902 1637 neque
913 1597 1042 1637 pruden-

91 1641 152 1673 tiae,
163 1650 260 1681 neque
269 1640 451 1671 au&oritatis
462 1650 518 1670 tuae
529 1639 580 1670 est.
603 1640 659 1670 alia
668 1638 747 1680 fiqua
755 1638 834 1669 forte
844 1638 898 1671 est,
908 1649 973 1680 quae
985 1649 1041 1669 nos

89 1681 217 1723 fugerit,
241 1682 306 1717 dic,
321 1693 386 1723 quae
398 1682 442 1713 fit.
463 1684 555 1722 cupio
565 1681 684 1712 discere.
718 1684 790 1712 Haec
802 1679 876 1710 fiest
886 1701 894 1714 ,
914 1692 970 1721 qua
983 1691 1040 1711 nos

88 1722 133 1753 ufi
142 1723 261 1754 sumus:
281 1733 310 1754 te
318 1724 435 1763 judice,
448 1726 606 1754 vincamus
619 1721 733 1753 neeess'e
742 1722 795 1753 est.
819 1733 883 1752 non
894 1725 977 1753 enirn
987 1733 1040 1753 ve-

85 1774 154 1795 reor
162 1784 171 1799 ,
182 1775 220 1796 ne
229 1766 286 1796 hoc
297 1766 393 1799 dicas,
413 1769 446 1796 in
457 1766 561 1795 eadem
570 1765 666 1799 causa,
688 1765 797 1795 eodem
810 1764 972 1794 interdicto
984 1784 992 1798 ,
1011 1773 1039 1795 te

86 1814 222 1846 oportere
232 1806 355 1841 restitui,
367 1808 517 1838 Caecinam
531 1817 595 1838 non
609 1816 756 1847 oportere.
781 1808 903 1837 Etenim
913 1808 961 1837 cui
971 1816 1038 1846 pei·-

83 1847 222 1888 spicuum
233 1858 297 1878 non
307 1848 350 1882 fit,
361 1850 395 1879 ad
404 1851 552 1879 incertum
563 1851 692 1880 revocari
703 1849 783 1879 bona
792 1869 801 1882 ,
813 1847 958 1881 fortunas,
969 1849 1036 1888 pos-

83 1888 229 1921 seffiones
238 1892 380 1920 omnium
390 1911 400 1924 ‚
421 1890 440 1921 sl
450 1891 510 1921 ulla
520 1901 557 1921 ex
567 1900 645 1930 parte
656 1891 801 1921 sententia
810 1890 898 1929 hujus
910 1890 1036 1920 in‘terdi-

87 1929 312 1965 &deminum
330 1931 538 1962 autinfirmata
553 1931 605 1963 sit?
622 1931 643 1961 fi
659 1932 832 1962 auetoritate
848 1933 983 1961 virorum
995 1941 1036 1961 ta—

85 1972 163 2002 lium
174 1992 183 2006 ,
194 1976 209 1991 ²
215 1973 263 2012 jus
272 1982 454 2004 armatorum
464 1975 626 2004 hominum
637 1993 646 2007 ‚
661 1973 776 2013 judicio
785 1973 978 2012 approbatum
990 1975 1036 2002 vi-

87 2013 210 2048 deatu1·;
232 2016 265 2044 in
283 2025 344 2055 quo
359 2015 475 2055 judicio
494 2025 557 2045 non
578 2015 615 2045 de
632 2017 722 2044 armis
732 2015 901 2044 dubitatum
913 2034 921 2047 ‚
942 2014 990 2044 sed
1000 2014 1036 2044 de

84 2055 185 2085 verbis
204 2056 359 2096 quaesitum
377 2055 435 2086 effe
454 2057 585 2087 dicatur?
608 2059 637 2086 Is
657 2067 694 2086 ne
717 2056 793 2097 apud
812 2065 867 2085 vos
886 2056 1037 2086 obtinebit

85 2096 202 2127 causam
214 2098 363 2138 suam,qui
372 2098 400 2128 se
411 2100 449 2128 ita
458 2098 624 2128 defenderit
634 2099 737 2135 ?E1'eci
747 2108 801 2139 ego
815 2106 843 2127 te
852 2099 969 2128 armatis
981 2098 1036 2127 ho-

84 2137 233 2172 minibus,
248 2149 314 2169 non
335 2140 440 2179 dejeci.
463 2149 495 2170 ut
508 2149 624 2170 tantum
641 2139 757 2172 facinus
775 2150 840 2170 non
857 2141 889 2168 in
899 2141 1035 2179 aequitate

82 2179 274 2214 defensionis,
285 2180 333 2211 sed
353 2182 382 2209 in
401 2192 457 2210 una
475 2181 559 2210 litera
568 2179 681 2211 latuiss'e
691 2181 846 2213 videatur?
860 2181 982 2217 hujusce
993 2182 1035 2210 rei

30 2233 33 2237 ·
79 2230 136 2252 vos
146 2220 276 2252 statuetis
286 2222 401 2253 nullam
421 2221 479 2252 effe
495 2222 656 2256 actionem,
673 2226 685 2249 3
697 2223 775 2252 nulli
793 2222 970 2263 experiundi
986 2222 1036 2261 jus

80 2262 291 2298 constitutum,
300 2264 383 2305 quod
395 2263 542 2294 obstiterit
554 2266 673 2294 armatis
684 2264 862 2294 hominibus
871 2269 881 2295 ?
891 2265 942 2303 qui
954 2264 1035 2293 mul-

80 2304 209 2335 titudine
221 2305 331 2339 coafflia,
343 2316 405 2335 non
416 2307 554 2339 introitu,
565 2305 613 2336 sed
623 2308 753 2336 omnino
764 2306 846 2336 aditu
858 2307 1032 2346 quempiam

24 2362 37 2387 χ
48 2364 68 2397 4
81 2346 288 2386 prohibuerit?
308 2352 325 2374 4
342 2347 423 2390 Qid
435 2352 526 2388 ergo?
544 2349 603 2378 hoc
614 2368 622 2381 ,
633 2357 724 2388 quam
740 2348 828 2378 habet
838 2350 901 2378 vim
914 2347 923 2372 ?
941 2356 974 2376 ut
984 2348 1035 2378 illa

80 2397 127 2418 res
145 2388 258 2430 aliquid
275 2390 373 2430 aliqua
385 2399 423 2419 ex
440 2398 519 2429 parte
535 2388 654 2420 differre
666 2389 819 2423 videatur,
839 2388 961 2421 utrum,
982 2399 1033 2429 pe-

80 2429 151 2460 dem
162 2431 233 2460 cum
250 2432 381 2462 intulero
390 2451 401 2464 ‚
422 2440 509 2472 atque
519 2432 551 2460 in
562 2429 771 2470 poffeffionem
783 2431 943 2473 vestigium
955 2429 1033 2461 fece-

81 2481 126 2505 ro,
138 2479 202 2502 tum
216 2473 357 2512 expellar,
369 2482 454 2513 atque
464 2473 585 2512 dejiciar
597 2484 602 2502 :
621 2483 659 2503 an
669 2483 764 2513 quum
776 2473 879 2503 eadem
890 2474 932 2506 vi,
945 2482 1032 2514 atque

78 2513 187 2543 :iisdem
197 2516 287 2545 armis
304 2515 381 2544 mihi
398 2514 466 2544 ante
478 2524 646 2545 occurratur
655 2535 663 2547 ‚
678 2525 716 2544 ne
727 2524 790 2544 non
801 2513 897 2544 modo
915 2516 1031 2548 intrare,

77 2553 186 2585 verum
202 2557 292 2585 etiam
313 2555 478 2595 adspicere,
498 2565 549 2586 aut
562 2556 705 2595 adspirare
715 2554 842 2595 poffirn?
862 2554 916 2597 qui
928 2556 986 2587 hoc
998 2557 1034 2586 ab

30 2617 34 2620 -
76 2596 134 2628 iilo
143 2594 263 2626 differt?
282 2606 314 2627 ut
332 2597 387 2627 ille
404 2606 521 2637 rogatur
537 2597 688 2628 restituere
700 2618 708 2631 ‚
727 2599 780 2637 qui
797 2596 961 2639 ingressum
979 2608 1032 2627 ex-

77 2638 187 2678 pulerit
198 2648 203 2667 :
222 2638 285 2671 ille,
296 2640 347 2678 qui
356 2636 575 2679 ingredientem
591 2640 742 2678 repulerit,
753 2648 818 2669 non
828 2648 947 2679 cogatur
957 2642 968 2668 ?
978 2641 1030 2669 Vi-

77 2678 143 2709 dete
153 2699 161 2712 ‚
179 2689 230 2719 per
246 2679 319 2710 deos
331 2681 529 2718 immortaleis
540 2701 548 2714 ,
559 2681 640 2721 quod
648 2682 696 2720 jus
705 2681 795 2710 nobis
805 2700 813 2713 ‚
824 2691 914 2721 quam
925 2681 1031 2711 condi-

76 2722 192 2750 tionem
212 2721 416 2762 vobumetipsis,
427 2732 516 2763 quam
527 2722 657 2764 denique
671 2723 784 2752 civitati
803 2721 900 2763 legem
919 2722 1030 2753 consti—

76 2770 156 2792 tuere
167 2763 274 2792 velitis.
298 2763 430 2800 Hujusce
441 2765 561 2805 ,generis
573 2774 633 2794 una
650 2763 694 2794 est
707 2763 786 2794 affio
802 2773 855 2803 per
864 2765 921 2794 hoc
939 2766 1031 2794 inter-

77 2802 205 2838 dietum,
216 2814 276 2845 quo
282 2814 343 2837 nos
354 2803 395 2835 usi
406 2805 508 2837 sumus
517 2805 688 2838 constituta.
709 2810 744 2837 ea
759 2803 781 2835 sl
793 2806 870 2836 nihil
878 2806 968 2840 valet,
980 2815 1029 2837 aut

112 2956 123 2974 x
130 2968 136 2974 .
154 2952 203 2974 Ant
212 2949 246 2974 ad
253 2950 337 2974 afforis
345 2951 455 2974 notiimem
463 2949 493 2979 ὲν
502 2948 747 2983 animadverfionem]
757 2948 925 2975 Hotomanus
937 2958 1028 2975 emen—

73 2981 121 3009 dat
131 3003 141 3015 ‚
157 2993 209 3009 eum
217 2985 250 3010 ad
257 2985 342 3010 afforis
350 2986 457 3010 ullioncm
467 2986 495 3015 (φ
504 2986 630 3010 animadv.
651 2991 738 3017 agatur
746 2985 901 3017 Iniuriarum.
921 2985 1027 3011 Guliel—

76 3019 144 3045 mius
154 3020 260 3053 conjicit
272 3039 280 3051 ,
291 3028 334 3045 aut
344 3021 377 3045 ad
384 3021 485 3046 auam-is
494 3024 644 3052 notationem,
653 3021 705 3052 &a
723 3020 848 3054 Cujacius
858 3021 923 3047 citat
933 3030 947 3046 v
952 3021 1027 3057 ulga-

75 3060 133 3081 tum
145 3054 212 3081 libro
225 3064 249 3080 ν.
261 3055 373 3082 Emend.
383 3065 438 3091 cap.
449 3064 478 3090 7.
546 3072 554 3078 κ

111 3098 139 3115 2.
157 3093 205 3122 Jus
215 3097 358 3116 armatorum
371 3093 486 3116 hominum
496 3091 587 3125 judicio
603 3090 782 3125 approbatum]
804 3091 949 3119 Lambinus
963 3112 971 3123 ‚
989 3093 1029 3119 vis

74 3133 138 3151 arm.
147 3126 264 3156 hom.jud.
274 3128 414 3158 approbata,
426 3135 515 3153 verum
528 3133 622 3162 praeter
633 3126 713 3153 libros
723 3146 731 3158 ,
750 3127 853 3153 secutus
864 3128 962 3158 scilicet
971 3129 1028 3156 sen-

75 3160 185 3193 tentiam
196 3161 342 3190 Hotomzuii
351 3170 360 3194 5
373 3169 496 3200 tauquam
506 3170 670 3192 armatorum
681 3162 784 3192 nullum
794 3163 825 3191 sit
834 3164 885 3199 jus.

1975 164 2073 215 337

1109 225 1129 256 fi
1145 227 1179 258 ad
1198 229 1273 260 hanc
1283 241 1348 262 rem
1367 241 1430 262 non
1438 232 1583 272 pertinet:
1601 230 1674 272 quid
1692 226 1912 274 negligentius,
1927 241 1977 264 aut
1992 232 2067 274 quid

1107 268 1226 299 stultius
1237 272 1401 312 majoribus
1410 273 1519 304 nostris
1529 274 1589 304 dici
1597 274 1705 314 potest,
1717 277 1769 315 qui
1787 283 1836 306 aut
1845 283 1932 305 tantae
1942 276 1982 305 rei
1992 285 2071 315 prae-

1108 312 1471 346 termiserintafflonem:
1488 324 1613 346 auteam
1629 316 1857 350 constituerint,
1878 326 1943 356 quae
1954 326 2068 357 nequa-

1106 359 1196 390 quam
1209 353 1281 383 vsatis
1298 356 1396 386 verbis
1410 357 1525 387 causam
1535 376 1546 389 ,
1570 357 1603 388 &
1615 359 1762 388 rationem
1782 357 1855 396 juris
1871 357 2069 397 ample&ere-

1106 394 1174 429 tur?
1196 396 1400 427 Periculosum
1412 398 1454 428 est
1466 397 1587 429 diss'olvi
1597 399 1656 429 hoc
1672 399 1868 430 interdicitum
1880 410 1886 429 :
1900 398 1944 429 est
1951 401 2069 440 captio-

1106 432 1326 477 sumomnibus
1338 457 1347 470 ,
1365 448 1429 469 rem
1440 440 1533 469 ullam
1547 440 1848 477 constituieiusmodi
1859 462 1868 475 ,
1886 451 1953 482 quae
1963 461 1972 476 ³
1989 440 2066 472 cum

1106 483 1190 521 armis
1200 476 1277 520 gesta
1298 476 1331 507 sit
1343 499 1350 510 ,
1371 481 1498 510 rescindi
1514 482 1581 519 jure
1597 492 1658 512 non
1673 480 1760 522 poffit
1771 504 1780 517 ‚
1796 492 2006 513 verumtamen
2021 483 2067 515 est

1105 516 1310 555 turpiflimum
1319 519 1408 553 illud,
1420 530 1505 551 tantae
1516 521 1646 553 stultitiae
1655 523 1902 564 prudentissimos
1915 526 2063 555 homines

1104 557 1312 593 condemnari,
1323 569 1355 590 ut
1364 571 1418 591 vos
1433 563 1583 599 judicetis,
1596 565 1685 604 hujus
1694 567 1735 595 rei
1754 565 1962 600 interdicitur„
1973 576 2063 607 atque

1102 597 1256 630 afflonem
1276 602 1308 631 in
1326 611 1462 632 mentem
1475 605 1639 643 majoribus
1648 606 1756 637 nostris
1767 617 1831 637 non
1842 607 1966 638 veniss'e.
1977 611 2063 650 Qe-

1101 649 1219 674 ramur,
1239 644 1357 683 inquit,
1376 644 1464 674 licet:
1482 654 1584 675 tamen
1595 647 1823 679 hocinterdicTto
1834 649 1974 680 AEbutius
1994 659 2061 681 non

1102 689 1227 712 tenetur.
1249 684 1333 726 Qid
1350 687 1411 715 ita?
1429 686 1519 728 Qod
1529 688 1576 716 vis
1586 690 1709 719 Caecinae
1718 688 1793 720 fasta
1801 700 1865 721 non
1878 690 1931 721 est.
1944 693 2014 722 Dici
2024 693 2062 722 iu

1103 723 1156 753 hac
1173 725 1255 754 causa
1268 726 1364 766 potest
1374 747 1382 760 ‚
1404 738 1427 757 u
1438 738 1456 757 B
1469 738 1480 757 1
1504 737 1528 757 A
1538 738 1560 757 R
1572 739 1597 758 M
1611 738 1631 758 Α
1651 728 1773 765 fuerint,
1785 732 1835 761 ubi
1846 732 1945 762 coa&a
1954 734 2061 763 homi-

1103 774 1179 795 num
1196 768 1380 802 multitudo,
1400 769 1452 798 ubi
1470 768 1624 804 insti-ueti,
1642 770 1675 801 &
1692 775 1777 802 certis
1795 774 1869 803 locis
1887 784 1958 804 cum
1976 774 2061 805 ferro

1102 806 1246 852 bomines
1255 809 1405 850 collocati,
1418 810 1470 840 ubi
1480 813 1582 845 minae,
1595 813 1732 851 pericula,
1745 816 1925 855 terroresque
1937 818 2062 850 mortib¹

1098 847 1141 877 ibi
1161 851 1224 879 vim
1235 860 1299 880 non
1307 850 1415 882 fuisse?
1433 854 1548 886 Nemo,
1564 855 1673 894 inquit,
1683 856 1798 885 occisus
1808 856 1850 886 est
1860 876 1867 889 ,
1880 867 1974 897 neque
1988 858 2056 888 sau-—

1098 891 1172 921 cius.
1192 891 1273 933 Qud
1283 894 1345 922 ais?
1358 904 1428 923 cum
1440 893 1477 924 de
1488 893 1676 934 poss'eflionis
1683 896 1889 931 controversia,
1902 898 1934 928 ὃς
1944 898 1980 928 de
1993 901 2059 938 pri-

1095 940 1234 962 vatorum
1246 935 1410 965 hominum
1420 938 1616 967 contentione
1628 938 1699 972 iuris
1709 937 1912 979 loquamur,tu
1923 941 1987 969 vim
1999 950 2056 970 ne-

1094 973 1175 1014 gabis
1185 974 1243 1005 effe
1252 975 1372 1010 histem,
1385 976 1405 1006 si
1414 977 1520 1010 caedes,
1532 978 1564 1008 &
1575 978 1666 1019 occtfio
1676 978 1752 1010 fafita
1761 990 1824 1010 non
1835 983 1907 1010 erit?
1921 983 1984 1021 Ego
1995 992 2052 1011 ex-

1093 1018 1202 1046 ereitus
1218 1020 1382 1051 maximos,
1396 1020 1469 1059 saepe
1482 1020 1582 1059 pulsos
1593 1040 1601 1054 ‚
1614 1021 1645 1050 δε
1655 1020 1771 1062 fugatos
1781 1020 1839 1051 ess'e‘
1851 1022 1920 1051 dico
1932 1043 1940 1054 .
1953 1031 2054 1052 terrore

1093 1057 1168 1096 ipso,
1180 1060 1354 1100 impetuque
1365 1060 1509 1094 hostium,
1521 1060 1580 1091 sine
1591 1062 1765 1103 cujusquam
1776 1073 1839 1093 non
1853 1062 1947 1093 modo
1965 1074 2049 1094 mor-

1094 1107 1132 1131 te,
1144 1099 1251 1129 verum
1262 1103 1352 1131 etiam
1363 1103 1496 1132 vulnere.
1509 1106 1872 1144 Etenimffecuperatores,
1892 1115 1912 1134 N
1924 1116 1943 1135 o
1953 1115 1974 1134 N
1998 1116 2015 1135 Ε
2026 1117 2048 1136 A
2072 1113 2080 1136 1
2091 1113 2115 1145 ς

1092 1140 1152 1171 sola
1164 1146 1210 1171 vis
1221 1142 1273 1176 est,
1284 1153 1350 1183 quae
1359 1144 1394 1174 ad
1403 1154 1508 1184 corpus
1517 1145 1665 1179 nostrum,
1677 1148 1830 1187 vitamque
1840 1149 1986 1186 pervenit,
1999 1148 2049 1178 sed

1090 1184 1179 1213 etiam
1199 1185 1298 1214 multo
1309 1186 1403 1225 major
1412 1196 1444 1216 ea
1454 1207 1462 1220 ‚
1476 1197 1541 1227 qua:
1552 1207 1559 1220 ,
1572 1188 1705 1227 periculo
1724 1191 1830 1218 mortis
1847 1188 1972 1226 injeao,
1983 1188 2050 1219 for-

1089 1225 1206 1255 midine
1216 1228 1354 1257 animum
1373 1231 1560 1267 perterritum
1573 1250 1580 1262 ‚
1599 1229 1666 1259 loco
1676 1229 1750 1269 saepe
1759 1250 1767 1263 ‚
1781 1230 1903 1260 &certo
1914 1230 1951 1260 de
1969 1229 2048 1262 statu

1089 1265 1240 1297 demovet.
1264 1271 1366 1309 Itaque
1377 1270 1464 1299 saucii
1478 1270 1550 1310 saepe
1561 1272 1700 1302 homines
1712 1292 1720 1305 ‚
1739 1271 1812 1302 curn
1823 1282 1947 1312 corpore
1957 1272 2048 1303 debi-

1089 1308 1229 1343 litantur,
1241 1312 1346 1340 animo
1357 1320 1458 1342 tamen
1468 1322 1532 1341 non
1543 1312 1652 1342 cedunt
1663 1333 1671 1347 ,
1683 1323 1779 1354 neque
1789 1324 1858 1343 eum
1869 1314 2047 1355 relinquunt

1088 1349 1200 1384 locum,
1212 1352 1303 1391 quem
1317 1351 1470 1384 statuerint
1486 1353 1654 1384 defendere.
1678 1358 1718 1385 At
1733 1355 1783 1384 alii
1800 1355 1952 1394 pelluntur
1964 1358 2047 1386 inte-

1085 1394 1129 1432 gri
1142 1402 1147 1421 :
1167 1402 1199 1422 ut
1212 1403 1276 1423 non
1287 1393 1414 1424 dubium
1426 1394 1470 1428 sit,
1481 1398 1555 1435 quin
1568 1397 1656 1437 majpr
1665 1396 1795 1426 adhibita
1805 1398 1849 1426 vis
1859 1399 1886 1426 ei
1899 1395 1932 1426 sit
1940 1417 1947 1430 ‚
1959 1400 2047 1437 cujus

1086 1435 1206 1463 animus
1218 1433 1252 1464 sit
1259 1438 1429 1474 perterritus
1441 1457 1448 1470 ‚
1466 1438 1557 1477 quarn
1572 1438 1616 1468 illi
1626 1458 1633 1471 2
1644 1439 1728 1475 cujus
1738 1448 1844 1478 corpus
1853 1438 2045 1470 vulneratum.

1086 1472 1127 1504 fit.
1152 1475 1242 1517 Qod
1262 1476 1283 1506 fi
1296 1479 1326 1507 vi
1336 1478 1435 1517 pulsos
1448 1479 1577 1509 dicimus
1589 1482 1735 1511 exercitus
1744 1479 1802 1510 ess'e
1812 1490 1873 1513 eos,
1904 1482 1934 1509 ui
1945 1491 2040 1514 metu,

1085 1526 1116 1546 ac
1135 1520 1218 1547 tenui
1239 1519 1313 1558 saepe
1326 1520 1495 1559 suspicione
1506 1522 1628 1560 periculi
1638 1521 1795 1562 fugerunt:
1815 1522 1867 1555 Sc,
1883 1490 1906 1551 (ᾗ
1920 1532 1985 1552 non
1996 1523 2044 1552 so-

1085 1557 1151 1588 lum
1168 1560 1302 1599 impulsu
1320 1561 1483 1595 scutorum,
1495 1573 1592 1603 neque
1600 1563 1746 1593 conflfflm
1756 1573 1929 1603 corporum,
1943 1574 2043 1605 neque

1082 1599 1144 1630 retu
1154 1603 1342 1637 comminus,
1354 1613 1450 1644 neque
1461 1604 1652 1643 conjectione
1669 1605 1800 1636 telorum
1812 1616 1817 1633 t
1831 1605 1880 1635 sed
1892 1606 1964 1645 saepe
1981 1606 2044 1635 eja-

1082 1652 1155 1670 more
1171 1643 1225 1684 ipsi)
1238 1645 1385 1678 militum,
1396 1654 1446 1675 aut
1455 1645 1665 1679 instruEHone,
1676 1646 1873 1687 adspectuque
1883 1645 2041 1688 lignorum

1082 1694 1203 1725 magnas
1220 1688 1320 1726 copias
1329 1688 1425 1726 pulsas
1435 1686 1503 1720 effe,
1516 1688 1549 1717 ὃς
1558 1688 1702 1722 vidimus,
1716 1688 1749 1718 ὃς
1758 1685 1931 1718 audivimus
1944 1699 1950 1718 ;
1967 1699 2039 1730 qua:

1080 1727 1124 1755 vis
1143 1728 1176 1756 in
1194 1726 1276 1757 bello
1292 1729 1454 1768 appellatur
1464 1750 1472 1762 ,
1493 1739 1526 1759 ea
1540 1731 1572 1759 in
1583 1732 1647 1761 otio
1664 1740 1728 1760 non
1747 1730 1961 1770 appellabitur?
1981 1731 2014 1760 ὅ(
2024 1752 2039 1764 ,

1078 1767 1159 1807 quod
1169 1769 1330 1800 vehemens
1340 1772 1373 1800 in
1383 1781 1413 1800 re
1423 1771 1547 1801 militari
1557 1781 1675 1812 putatur
1684 1793 1691 1804 ‚
1713 1771 1742 1801 id
1753 1772 1818 1802 leve
1836 1773 1869 1801 in
1876 1772 1942 1812 jure
1951 1774 2039 1802 civili

1074 1809 1274 1848 judicabitur?
1298 1812 1331 1841 ὃς
1342 1832 1350 1845 ,
1372 1812 1454 1854 quod
1468 1816 1614 1843 exercitus
1624 1822 1752 1844 armatos
1766 1822 1880 1846 movet,
1896 1813 1926 1844 id
1942 1813 2038 1845 advo-

1078 1853 1229 1883 cationem
1255 1862 1426 1895 togatorum
1447 1864 1511 1884 non
1528 1855 1680 1885 videbitur
1697 1853 1850 1886 movisse?
1871 1855 1904 1885 &
1923 1856 2039 1886 vulnus

1076 1895 1208 1931 corporis
1218 1899 1312 1936 magis
1323 1895 1408 1926 istam
1420 1898 1500 1935 vim,
1526 1897 1616 1937 quim
1629 1906 1724 1927 terror
1742 1898 1838 1926 animi
1857 1896 2014 1927 declarabit
2026 1908 2037 1927 ⁴:

1077 1934 1110 1963 ὃς
1124 1935 1262 1965 sauciatio
1278 1947 1442 1977 quaeretur,
1461 1937 1532 1967 cum
1550 1937 1651 1979 fugam
1662 1937 1772 1968 faustam
1791 1936 1849 1967 effe
1859 1937 2034 1969 constabit?

1078 1978 1164 2005 Tuus
1178 1979 1262 2007 enirn
1279 1977 1360 2008 testis
1369 1980 1427 2008 ‘noc
1437 1979 1515 2009 dixit
1528 1999 1537 2013 ,
1555 1989 1637 2009 metu
1649 1981 1812 2019 perterritis
1822 1978 1930 2009 nostris
1940 1980 2037 2010 advo«-

1075 2020 1145 2046 catis
1158 2037 1165 2051 ‚
1180 2017 1296 2052 locum,
1306 2020 1364 2060 qua
1372 2019 1546 2060 effugeient‚
1557 2019 1779 2051 demonstrasse.
1789 2022 1850 2062 Qi
1861 2031 1925 2051 non
1936 2022 2035 2052 mod?-

1077 2068 1110 2088 ut
1118 2058 1272 2099 fugerent,
1286 2061 1334 2091 sed
1345 2063 1434 2092 etiam
1447 2060 1535 2101 ipsius
1544 2061 1620 2103 fugae
1633 2072 1727 2093 tutam
1744 2064 1826 2093 viam
1843 2062 2034 2103 quaesierunt.

1078 2101 1123 2129 his
1142 2103 1187 2130 vis
1211 2102 1341 2133 adhibita
1358 2113 1424 2133 non
1442 2102 1614 2134 videbitur?
1647 2104 1728 2144 Quid
1749 2106 1839 2145 igitur
1855 2103 2034 2145 fugiebant?

1076 2151 1332 2182 proptermetum.
1356 2144 1437 2185 Qid
1447 2145 1642 2177 metuebant?
1660 2148 1725 2175 vim
1735 2146 1885 2175 videlicet.
1907 2146 2034 2176 Potestis

1076 2185 1166 2223 igitur
1183 2187 1329 2225 principia
1347 2196 1450 2228 neg-ue
1463 2206 1471 2219 ,
1485 2187 1556 2216 cum
1567 2197 1699 2217 extrema
1708 2187 1891 2218 conceditis?
1917 2187 2034 2228 Fugisi'e

1075 2229 1244 2264 perterritos
1253 2226 1443 2258 confitemini
1455 2238 1459 2256 2
1471 2229 1585 2259 causam
1597 2228 1673 2269 fugae
1683 2229 1781 2259 dicitis
1793 2228 2030 2270 eandem,quam

1076 2276 1182 2296 omnes
1191 2268 1403 2309 intelligimus,
1419 2279 1499 2299 arma
1510 2291 1517 2302 ‚
1532 2271 1762 2300 multitudinem
1774 2271 1937 2301 hominum
1948 2292 1958 2305 ‚
1981 2273 2034 2301 in-

1074 2307 1242 2338 cui-sionem
1254 2330 1261 2343 ‚
1282 2314 1295 2337 5
1314 2320 1400 2351 atque
1418 2312 1567 2351 impetum
1584 2322 1784 2342 armatorum:
1804 2314 1866 2343 haec
1885 2312 1937 2342 ubi
1955 2323 2031 2344 con-

1075 2349 1221 2380 ceduntur
1230 2350 1288 2381 ess'e
1298 2350 1390 2386 faeta,
1411 2352 1455 2382 ibi
1471 2355 1516 2382 vis
1534 2352 1611 2384 faSta
1628 2355 1802 2394 negabitur?
1824 2357 1865 2384 At
1882 2353 1952 2384 vero
1971 2356 2029 2386 hoc
2051 2363 2096 2397 15

1074 2391 1199 2431 quidem
1215 2393 1275 2431 jam
1290 2403 1374 2424 vetus
1394 2393 1436 2424 est
1447 2415 1455 2428 ‚
1474 2396 1506 2425 δε
1516 2396 1666 2430 maiorum
1683 2396 1802 2436 exemplo
1821 2396 1924 2426 multis
1939 2397 1972 2426 in
1981 2407 2030 2427 re-

1077 2433 1131 2463 bus
1149 2432 1305 2464 ufitatum:
1325 2434 1397 2465 cum
1415 2436 1450 2466 ad
1467 2439 1531 2466 vim
1545 2436 1711 2468 faciendam
1721 2439 1891 2471 veniretur,
1913 2436 1934 2466 sl
1949 2448 2029 2483 quos

1075 2484 1202 2505 armatos
1220 2479 1358 2518 quamvis
1366 2478 1470 2517 procul
1479 2478 1701 2519 conspexiss'ent
1711 2499 1719 2513 ‚
1732 2488 1765 2508 ut
1774 2478 1873 2508 statim
1883 2477 2031 2511 testificati

1074 2515 1273 2552 discederent,
1294 2518 1408 2559 optime
1428 2519 1617 2558 sponsionem
1628 2519 1722 2550 facere
1733 2518 1850 2559 posseut
1861 2540 1869 2554 ‚
1891 2530 1912 2550 N
1923 2531 1934 2550 1
1958 2531 1981 2551 A
1991 2530 2030 2551 n-

1077 2568 1244 2590 szsus
1279 2570 1482 2590 remorum
1517 2571 1747 2591 PRAETORrs
1780 2572 1849 2591 Vts
1880 2571 2029 2595 FACTA

1077 2610 1097 2629 Ε
1108 2610 1120 2629 s
1133 2611 1145 2630 s
1156 2611 1176 2630 E
1185 2613 1216 2631 τ.
1242 2604 1324 2632 Itane
1333 2604 1426 2632 vero?
1446 2603 1516 2632 scire
1530 2601 1588 2632 ess'e
1604 2612 1748 2636 armatos,
1760 2603 1825 2632 satis
1834 2602 1877 2633 est
1888 2624 1897 2636 ‚
1916 2607 2026 2637 utvim

1074 2640 1184 2672 faflam
1201 2644 1308 2683 probes
1322 2654 1327 2672 z
1346 2645 1378 2672 in
1393 2653 1500 2672 manus
1512 2653 1616 2673 eorum
1635 2644 1766 2674 incidere
1777 2664 1785 2677 ‚
1806 2654 1870 2674 non
1880 2644 1922 2676 est
1938 2646 2004 2676 satis
2015 2651 2030 2678 Ξ

1073 2682 1227 2723 adspectus
1236 2694 1417 2715 armatorum
1427 2685 1461 2714 ad
1473 2687 1536 2714 vim
1546 2685 1726 2724 probandam
1737 2686 1861 2716 valebit:
1879 2687 2026 2724 incursus,

1074 2724 1107 2754 &
1120 2727 1249 2765 impetus
1263 2736 1327 2756 non
1336 2726 1467 2756 valebit?
1489 2728 1540 2767 qui
1561 2727 1682 2760 abierit,
1696 2726 1813 2758 facilius
1830 2727 1883 2757 sibi
1903 2730 1969 2758 vim
1981 2730 2027 2761 fa-

1073 2765 1151 2796 &tam
1164 2767 1320 2806 probabit,
1332 2767 1422 2808 quern
1442 2769 1493 2808 qui
1504 2766 1658 2809 effugerit?
1675 2772 1714 2798 At
1730 2778 1786 2809 ego
1799 2769 1858 2799 hoc
1874 2769 1942 2800 dico
1956 2781 1961 2799 :
1983 2771 2003 2802 fi
2014 2793 2024 2807 ,

1072 2816 1103 2838 ut
1111 2808 1214 2849 primo
1234 2811 1267 2839 in
1283 2808 1404 2840 castello
1420 2811 1545 2840 Caecinae
1558 2811 1636 2841 dixit
1652 2811 1794 2841 AEbutius
1806 2831 1815 2845 ,
1834 2811 1863 2841 sc
1882 2813 2027 2845 homines

1881 2854 2023 2894 coeg'isse,

1109 2959 1135 2986 3.
1155 2953 1257 2986 'Rideam
1277 2955 1413 2985 experiundi
1422 2956 1467 2985 jm
1480 2956 1625 2985 constitutum
1637 2954 1651 2988 ]
1673 2955 1716 2982 Est
1726 2955 1742 2982 :i
1753 2955 1811 2981 Pal.
1822 2954 1871 2981 sec.
1882 2963 1962 2992 atque
1975 2956 2026 2981 Er·-

1072 2986 1199 3014 furdit-ns.
1211 2989 1281 3022 prius
1294 2989 1343 3015 cufi
1357 3009 1365 3020 ‚
1376 2992 1443 3015 nulii,
1462 2989 1692 3021 minusffulliane.

1107 3031 1133 3055 4.
1154 3025 1218 3056 Qu
1226 3034 1274 3055 ergo
1285 3027 1341 3050 Moe
1352 3035 1423 3058 quam
1432 3026 1500 3050 habet
1509 3028 1559 3051 vim
1571 3026 1656 3061 Ἔπη]
1670 3026 1792 3053 Lambini
1803 3026 1867 3052 offas
1878 3027 1937 3053 binc
1947 3027 2024 3062 ejeci:

1073 3058 1174 3085 suemus
1184 3060 1254 3094 prius
1266 3059 1336 3085 culbs
1349 3079 1356 3091 ‚
1367 3068 1445 3096 atque
1456 3061 1620 3088 membranas
1633 3063 1742 3089 nostras.

1112 3103 1138 3127 5.
1158 3100 1248 3128 Μαρια
1258 3099 1366 3127 impetum
1376 3097 1548 3131 armam-unu]
1567 3098 1610 3124 Sic
1620 3098 1763 3125 Lambinus
1777 3117 1784 3129 ‚
1795 3098 1968 3134 firmaturque
1979 3107 2025 3124 au-

1075 3128 1200 3157 &oritate
1210 3130 1296 3159 i‘alat.
1306 3131 1411 3161 secund.
1421 3133 1587 3169 requiritque
1606 3135 1732 3164 erationis
1745 3133 1843 3162 cursus.
1863 3134 1944 3170 vulgo
1957 3153 1964 3165 ‚
1983 3143 2028 3158 ffl-

1075 3175 1172 3194 morum.

1529 3205 1550 3233 V
1573 3213 1588 3232 v

1929 3203 2032 3231 Lol-'0'-
