2295 3400
213 116 312 164 224.
647 101 1152 150 M.Tur.r..11

211 197 239 219 te
255 188 393 227 judicum
415 186 667 227 comprobaretur.
697 190 794 228 Atque
812 187 864 217 ille
883 190 937 218 Cn.
949 189 1111 228 Pompeius
1129 189 1168 217 ita

211 240 285 261 cum
297 231 423 272 C.Julio
432 229 604 262 contendit,
626 239 659 260 ut
676 238 706 259 tu
719 239 850 259 mecum.
874 229 1105 271 Qaestorenim
1118 229 1171 259 Al-

212 272 292 302 bucii
306 274 399 302 luerat
410 292 418 305 ‚
443 281 474 301 u:
484 281 515 301 tu
525 273 632 300 Verris.
652 271 751 312 Julius
762 272 820 301 hoc
830 271 929 301 secum
941 271 1126 301 auum-itatis
1136 270 1171 301 ad

213 313 412 344 accusandum
424 312 570 345 afferebat,
581 312 674 353 quod,
688 321 720 342 ut
729 313 787 342 hoc
795 322 931 353 tempore
942 323 998 343 nos
1008 313 1044 343 ab
1053 313 1170 346 Siculis,

214 353 252 385 sic
260 364 325 385 tum
337 356 388 384 ille
398 355 434 384 ab
445 354 540 392 Sardis
550 363 667 394 rogatus
677 374 685 388 ‚
699 354 733 384 ad
745 355 861 384 causam
872 353 1033 385 accesserat.
1050 358 1174 394 Semper

181 402 185 406 ’
215 398 277 427 haec
285 397 366 426 caula
377 397 543 435 plurimum
555 397 657 426 valuit:
670 397 784 435 semper
793 398 855 426 haec
865 399 940 426 ratio
951 396 1104 426 accusandi
1116 397 1174 427 fuit

214 436 418 468 honestissima
430 457 437 470 ‚
455 446 501 477 pro
509 438 585 477 [ὅστις
595 458 603 470 ,
619 446 665 477 pro
672 438 767 476 salute
774 439 921 479 provincia
934 459 942 471 ,
957 446 1005 478 pro
1016 447 1175 467 exterarum

215 481 363 508 nationum
374 478 515 508 commoda
525 479 833 521 inimiciricwfits'ctpere
842 491 853 507 :
871 479 906 510 ad
915 481 1084 519 periculum
1094 490 1175 510 acce-

215 520 716 561 dci-empnam,studium,laborem
727 524 930 562 interponere.
943 524 1064 552 Etenim
1077 521 1097 551 fi
1107 532 1176 562 pro-

216 563 323 593 babilis
342 561 384 592 est
393 572 499 592 eorum
509 563 593 592 causa
604 582 613 596 ‚
635 565 689 605 qui
702 564 821 602 injurias
831 563 1033 605 suasperftqui
1048 564 1175 594 volunt:

213 615 272 645 qua
281 607 313 634 in
324 614 353 634 re
364 604 463 634 dolori
474 604 526 634 suo
536 624 544 636 .
568 614 631 635 non
641 606 714 645 reip.
728 605 901 635 commodis
913 606 1061 635 serviunt:
1080 615 1175 645 quan-

215 656 246 677 to
265 647 317 676 illa
327 647 410 676 causa
427 645 582 676 honestior
593 666 601 680 ,
623 656 689 687 quae
699 657 764 676 non
775 646 874 677 solum
893 647 1055 686 probabilis
1066 647 1173 679 videri,

215 688 265 718 sed
276 690 366 718 etiam
381 695 469 729 grata
480 686 539 718 effe
550 687 638 718 debet
647 708 655 722 ,
677 689 761 718 nulla
777 691 918 728 privatim
930 698 1045 728 accepta
1054 689 1175 728 injuria,

215 730 381 762 sociorum,
392 739 478 770 atque
488 730 655 760 amicorum
669 731 773 770 populi
784 730 932 761 R.dolore
942 750 951 764 ,
963 740 1048 770 atque
1059 730 1177 769 injuriis

214 773 406 802 commoveri
425 775 435 800 ?
458 773 564 812 Nuper
578 770 650 801 cum
670 775 702 801 in
714 772 912 803 P Gabinium
932 774 978 801 vir
988 770 1175 803 fortissimus,

216 814 251 845 &
262 811 524 844 innocentiffimus
535 814 572 843 L.
585 814 652 844 Piso
659 813 844 843 delationem
855 815 992 843 nominis
1001 812 1172 852 postularet,

217 855 253 885 &
263 854 367 886 contra
377 858 435 896 Q
447 855 585 885 Caecilius
595 864 705 895 peteret
718 866 722 883 :
751 856 831 894 isque
843 855 870 884 se
881 864 992 884 veteres
1002 856 1178 884 inimicitias

216 898 282 937 jam
292 897 344 927 diu
356 897 498 937 susceptas
508 897 642 937 persequi
653 896 764 926 diceret
780 907 785 924 ;
805 906 876 927 cum
887 896 1044 926 auctoritas
1056 917 1064 929 ,
1087 897 1121 926 &
1132 896 1179 925 di-

218 941 314 980 gnitas
326 939 445 969 Pisonis
454 938 568 969 valebat
576 936 744 978 plurimum
755 959 763 970 ,
782 946 845 967 tum
857 938 908 968 illa
918 948 978 968 erat
988 937 1178 978 causajustis-

220 979 295 1011 sima
305 1001 313 1014 .
332 980 414 1022 quod
424 990 494 1010 eum
507 979 559 1009 sibi
570 980 670 1009 Achaei
681 989 841 1019 patronum
851 980 1031 1019 adoptarant.
1056 981 1179 1010 Etenim

219 1032 292 1053 cum
303 1023 351 1052 lex
362 1023 422 1062 ipsa
432 1022 468 1052 de
480 1022 598 1062 pecuniis
608 1020 759 1062 repetundis
770 1042 778 1053 ,
791 1021 941 1052 sociorum
952 1042 960 1055 ,
971 1030 1056 1062 atque
1066 1023 1180 1051 amico—

219 1075 289 1095 rum
299 1065 404 1104 populi
415 1066 453 1093 R.
463 1063 546 1093 causa
556 1072 650 1102 parata
658 1061 691 1093 sit
703 1073 707 1092 z
720 1064 861 1103 iniquum
873 1063 925 1096 est,
938 1074 1000 1093 non
1011 1074 1081 1093 eum
1094 1064 1177 1104 legi5‚

216 1106 387 1146 judiciique
403 1104 535 1135 a8torem
547 1104 693 1134 idoneum
705 1104 842 1134 maxime
851 1107 945 1144 putari
957 1125 965 1138 ,
987 1115 1079 1146 quem
1097 1106 1179 1135 acto-

219 1158 286 1178 rem
297 1148 389 1178 causae
410 1147 466 1177 suae
484 1147 556 1176 socii
568 1166 575 1180 ‚
600 1145 849 1187 defensoremque
860 1146 1048 1177 fortunarum
1059 1148 1177 1177 suarum

220 1187 411 1230 potissimum
422 1186 480 1218 ess'e
495 1188 666 1218 voluerunt.
691 1190 740 1218 An
751 1208 759 1220 ‚
779 1188 861 1229 quod
879 1188 915 1219 ad
933 1198 1181 1219 commemoran-

222 1231 297 1261 dum
317 1230 361 1261 est
377 1229 534 1260 honestius
545 1250 554 1263 ,
578 1229 609 1259 id
627 1229 661 1259 ad
681 1230 869 1269 probandum
886 1241 950 1260 non
969 1231 1068 1261 multo
1085 1230 1180 1260 videri

223 1273 311 1303 debet
328 1274 463 1313 aequius?
484 1274 558 1302 Utra
575 1273 666 1312 igitur
674 1270 718 1301 est
728 1271 913 1312 splendidior
930 1283 935 1301 :
960 1282 1022 1303 utra
1036 1272 1182 1302 illustrior

221 1314 495 1346 commemoratio:
517 1314 648 1343 accusavi
666 1323 735 1343 eum
749 1333 758 1347 ‚
778 1316 826 1343 cui
841 1313 1091 1355 quaestorfueram
1104 1325 1109 1343 2
1128 1315 1182 1355 qui

221 1366 295 1387 cum
304 1367 354 1387 me
364 1357 424 1386 sors
434 1375 443 1389 ‚
463 1355 708 1396 consuetudoque
718 1356 870 1395 majorum
883 1377 891 1390 ‚
908 1359 1039 1396 quicum
1049 1366 1098 1386 me
1109 1356 1182 1386 deo-

222 1408 294 1429 tum
305 1419 313 1432 ‚
324 1399 547 1437 hominumque
554 1397 707 1436 judicium
719 1399 918 1437 conjunxerat
929 1410 934 1428 z
945 1409 982 1428 an
990 1398 1122 1428 accusavi
1133 1408 1182 1428 ro-

221 1449 292 1482 gatu
302 1441 451 1470 sociorum
464 1459 472 1472 ,
486 1447 572 1479 atque
581 1441 750 1469 amicorum
763 1443 773 1469 ?
791 1439 924 1470 delectus
935 1440 1001 1470 sum
1012 1440 1048 1470 ab
1060 1442 1181 1469 univer-

223 1482 254 1513 sa
263 1483 418 1522 provincia
429 1501 436 1515 ,
447 1483 500 1520 qui
509 1484 533 1519 ej
540 1491 572 1510 us
584 1481 646 1517 jura
656 1501 664 1514 ,
677 1480 817 1512 fortunas
833 1492 869 1511 ue
879 1481 1071 1512 defenderem
1083 1483 1092 1499 ²
1114 1484 1183 1511 Du-

224 1524 320 1556 bitare
336 1523 492 1564 quisquam
503 1521 600 1561 potest
615 1543 623 1555 ‚
646 1524 722 1563 quin
732 1524 812 1553 hone
843 1526 887 1553 ius
898 1522 931 1553 sit
941 1544 949 1557 ,
972 1533 1079 1553 eorum
1091 1524 1182 1557 causa,

223 1565 303 1606 apud
314 1575 389 1606 quos
401 1563 527 1605 quaestor
534 1563 626 1593 fueris
636 1584 645 1597 ,
656 1564 747 1606 quarn
758 1575 827 1595 eum
840 1585 848 1598 ,
860 1566 943 1605 cujus
953 1564 1081 1606 quaestor
1090 1564 1184 1595 fueris

222 1607 377 1638 accusare?
397 1604 553 1636 Clarissimi
567 1607 625 1635 viri
641 1605 750 1636 nostrae
766 1609 894 1637 civitatis
905 1627 913 1640 ‚
930 1605 1096 1649 temporibus
1112 1608 1186 1648 opri-

226 1660 278 1680 mu
289 1670 297 1683 ‚
309 1650 366 1678 hoc
378 1646 432 1678 sibi
441 1645 670 1688 ampliffimum‚
681 1649 975 1690 pulcherrimumque
986 1649 1184 1682 ducebanmb

226 1690 397 1731 hospitibus
407 1710 416 1724 ,
427 1688 648 1729 clientibusque
661 1690 718 1719 suis
731 1709 739 1724 ‚
751 1691 787 1720 ab
799 1693 906 1720 exteris
916 1690 1087 1721 nationibus
1097 1711 1105 1725 ‚
1116 1701 1182 1731 quae

226 1735 263 1763 in
281 1733 448 1763 amicitiam
467 1731 570 1771 populi
581 1733 620 1761 R.
631 1731 839 1772 ditionemque
850 1731 962 1766 essent,
984 1733 1106 1772 injurias
1114 1743 1185 1772 pro-

226 1775 343 1816 pulsare
352 1794 360 1808 ‚
378 1783 544 1813 eorumque
553 1772 688 1803 fortunas
697 1773 866 1804 defendere.
889 1777 1085 1805 M.Catonem
1095 1775 1184 1805 illum

227 1818 400 1857 Sapientem
410 1835 418 1849 ,
436 1812 629 1844 clariffimum
639 1817 740 1845 virum
752 1835 761 1849 ‚
773 1816 805 1845 &
815 1814 1076 1856 prudentissimum
1088 1837 1096 1850 ‚
1113 1827 1183 1847 cum

229 1858 338 1889 multis
347 1858 461 1899 graveis
471 1858 646 1886 inimicitias
655 1855 766 1897 geffisse
774 1860 942 1897 accepimus
949 1867 1069 1899 propter
1080 1859 1186 1899 Hispa-

228 1910 341 1931 norum
353 1919 361 1933 ,
377 1897 453 1938 apud
463 1907 538 1938 quos
547 1898 651 1928 consul
661 1897 756 1928 fuerat
765 1919 774 1932 ‚
794 1901 926 1938 injurias.
949 1910 1044 1940 nuper
1052 1902 1107 1930 Cn.
1119 1903 1186 1931 Do-

229 1943 353 1972 mitium
365 1941 475 1970 scimus
485 1943 494 1959 ¹
507 1941 639 1970 Decimo
646 1940 748 1970 Silano
759 1941 842 1971 diem
852 1939 960 1971 dixisse
969 1951 1088 1982 propter
1097 1944 1187 1973 unius

228 1984 367 2014 hominis
376 1983 557 2023 Egritomari
565 2001 574 2015 ‚
584 1984 697 2021 patei-ni
705 1984 794 2012 amici
804 2003 812 2016 ,
821 1993 909 2024 arque
918 1984 1043 2023 hospitis
1053 1986 1188 2018 iniurias.

165 2031 212 2056 22
229 2028 354 2063 NEQJE
375 2033 465 2053 ENIM
496 2025 590 2064 magis
616 2025 736 2054 animos
755 2025 919 2055 hominum
944 2027 1121 2057 nocentium
1144 2038 1188 2057 res

230 2076 376 2108 umquam
397 2066 638 2101 ullaeommovit
647 2084 656 2099 ,
679 2066 769 2106 quam
787 2067 851 2097 haec
861 2067 1012 2106 majorum
1028 2068 1189 2098 consuetu-

230 2110 272 2140 do
283 2128 292 2142 ,
313 2108 405 2148 longo
419 2107 580 2137 intewallo
595 2109 716 2146 repetita
726 2127 735 2142 ,
754 2118 786 2138 ac
797 2109 902 2138 relata.
925 2109 1077 2139 sociorum
1089 2113 1188 2150 queri—

232 2151 347 2180 moniae
354 2149 457 2179 delatae
468 2149 502 2179 ad
514 2150 673 2179 hominem
685 2159 748 2179 non
759 2148 970 2180 inertissimum
982 2161 987 2179 :
1004 2151 1142 2190 suscepta:
1152 2153 1188 2182 ab

231 2202 271 2222 eo
282 2211 290 2225 ,
311 2193 364 2231 qui
377 2189 533 2221 videbatur
547 2200 653 2220 eorum
671 2189 805 2221 fortunas
815 2190 874 2221 fide
885 2212 893 2225 ,
914 2191 1129 2232 diligentiaque
1139 2194 1188 2224 sua

232 2231 317 2274 poffe
327 2231 497 2263 defendere.
524 2235 593 2262 I-Ioc
602 2233 713 2262 timent
722 2234 862 2262 homines
875 2244 880 2261 ;
892 2234 950 2262 hoc
960 2234 1107 2263 laborant:
1128 2235 1187 2265 hoc

232 2274 349 2306 institui
362 2294 370 2308 2
379 2283 465 2314 atque
475 2272 548 2309 adeo
558 2272 730 2304 institutum
741 2273 841 2305 referri
854 2295 862 2306 ‚
874 2285 906 2304 ac
914 2278 1050 2305 renovari
1060 2276 1186 2306 moleste

233 2317 343 2348 ferunt.
367 2323 472 2356 putant
481 2315 547 2345 fore
558 2336 566 2348 2
591 2317 654 2348 uti,
677 2314 697 2344 si
707 2317 848 2356 paulatim
860 2317 921 2346 haec
930 2316 1117 2347 consuetudo
1129 2318 1187 2348 ser-

231 2368 302 2400 pere
312 2378 321 2393 ‚
341 2368 374 2388 ac
381 2356 500 2398 prodire
509 2359 633 2397 coeperit
644 2368 649 2386 :
668 2367 720 2398 per
729 2359 872 2392 homines
881 2357 1103 2389 honestissimos
1113 2379 1122 2393 ‚
1142 2362 1188 2390 vi-

275 2551 297 2569 1.
317 2545 405 2568 Decimo
412 2545 518 2578 suanm]
539 2544 582 2570 Sic
599 2544 723 2570 omnibus
737 2545 835 2572 littei-is
846 2546 909 2571 trias
922 2544 1133 2571 membranarum
1146 2556 1194 2572 no-

235 2578 357 2604 strai-um.
378 2579 455 2605 hodic
467 2580 521 2606 sere
533 2580 622 2606 editui·
632 2585 672 2607 M.
682 2584 772 2615 Silano,
783 2585 797 2609 ὲ
808 2581 961 2617 conjectura
972 2582 1119 2610 Hotomaui
1130 2591 1139 2614 3
1153 2583 1194 2609 cui

236 2614 310 2642 nulla
320 2615 397 2642 eti-iiii
410 2615 482 2644 luvet
492 2616 574 2644 editio
584 2617 730 2652 antiquior.

1231 103 1761 156 Cicunours

1216 191 1320 232 rosque
1330 191 1505 224 forciffimos
1516 213 1525 227 ,
1544 203 1607 224 non
1620 193 1777 233 imperitos
1794 189 2034 223 adolescentulos
2046 211 2056 226 ‚
2075 200 2126 223 aut
2145 194 2184 224 il·
2218 216 2222 221 ,

1218 234 1361 264 liusmodi
1371 234 1614 275 quadruplatores
1625 256 1632 267 .
1645 236 1722 276 leges
1733 254 1740 267 ,
1752 234 1924 274 judiciaque
1945 237 1958 253 ²
1969 233 2186 266 administren-

1219 284 1275 305 tur.
1300 277 1391 311 Cuius
1403 277 1629 307 consuetudinis
1643 297 1651 310 ,
1668 285 1754 317 atque
1765 274 1895 306 instituti
1906 284 2000 315 patres
2012 296 2021 309 ,
2040 268 2201 313 majores-x

1220 327 1278 358 que
1296 317 1413 348 nostros
1424 329 1475 347 non
1487 317 1643 360 pez-nitebat
1655 328 1722 348 tum
1735 337 1743 350 ,
1765 327 1835 347 cum
1847 317 2027 347 PLentulus
2039 338 2048 351 ,
2072 319 2096 347 is
2108 337 2115 351 ,
2133 318 2187 359 qui

1222 363 1358 399 princeps
1371 360 1486 390 senatus
1495 360 1566 393 fuit,
1577 359 1727 390 accusabat
1738 359 1955 399 M-Aquillium
1969 379 1977 393 ‚
1989 359 2186 399 subscriptore

1225 403 1259 430 C.
1273 401 1394 432 Rutilio
1405 401 1489 432 Rufo
1502 413 1507 431 τ
1526 411 1578 432 aut
1589 400 1660 431 cum
1672 399 1876 433 P Africanus,
1888 401 1984 430 homo
1994 402 2113 435 virtute,
2124 400 2188 432 for-

1225 451 1306 475 tuna,
1318 443 1420 483 gloria,
1433 443 1521 473 rebus
1531 442 1617 483 gestis
1628 440 1837 482 ampliffimus,
1846 441 1946 481 postea
1955 441 2045 483 quam
2057 443 2102 472 bis
2112 452 2188 473 con-

1227 484 1270 514 sul
1280 504 1288 517 ‚
1302 485 1335 514 ὃς
1345 485 1452 515 censor
1459 484 1554 515 fuerat
1563 505 1571 518 ,
1585 487 1619 515 L.
1629 487 1749 514 Cottam
1762 485 1793 513 in
1801 483 1952 523 judicium
1962 484 2093 514 vocabat.
2115 485 2189 525 Jure

1225 535 1291 555 tum
1303 525 1425 556 florebat
1434 527 1540 566 populi
1548 529 1586 557 R.
1598 535 1714 556 nomen
1727 536 1732 553 :
1748 525 1813 564 jure
1824 524 1984 555 aul-:ionas
1992 526 2082 561 hujus
2090 527 2189 566 impe-

1226 569 1262 596 rii
1275 588 1283 600 ,
1301 568 1488 608 civitatisque
1508 567 1644 607 majestas
1654 587 1663 600 ‚
1705 568 1781 597 ravis
1799 566 1969 597 habebatur.
1993 577 2087 598 nemo
2097 569 2191 598 mira-

1227 608 1353 639 baturin
1363 608 1505 640 Africano
1517 610 1572 639 illo
1583 629 1593 642 ‚
1616 619 1676 650 quo
1715 610 1749 639 in
1759 618 1809 638 me
1827 618 1909 638 nunc
1919 629 1928 643 ‚
1952 610 2080 639 homine
2090 610 2189 649 parvis

1226 650 1334 690 opibus
1346 671 1354 684 ,
1373 661 1405 681 ac
1413 650 1602 682 facultatibus
1612 650 1736 691 praedito
1750 670 1759 683 ,
1776 650 1973 691 simulanrsbft
1983 652 2085 679 mzrari
2095 671 2103 684 ‚
2125 660 2191 680 cum

1225 691 1440 732 molesti-ferant.
1465 693 1547 735 Qid
1558 692 1613 723 fibi
1624 692 1677 723 iste
1686 693 1773 722 vult?
1793 692 2033 722 accusatoremne
2043 692 2072 722 se
2082 692 2190 723 existi-

1226 736 1317 768 mari,
1327 736 1380 775 qui
1390 743 1474 765 antea
1484 734 1644 765 defendere
1653 734 1853 765 consueverat
1865 744 1869 762 :
1881 743 1963 764 nunc
1972 734 2146 774 praesertim,
2157 743 2192 766 ea

1225 776 1285 816 jam
1296 785 1378 806 aetate
1387 796 1395 810 ,
1407 775 1478 806 cum
1489 776 1662 807 aedilitatem
1671 784 1750 816 petat
1762 777 1772 803 ἓ
1789 778 1853 816 Ego
1860 775 1932 806 vero
1943 777 2034 806 aetatis
2042 785 2107 806 non
2121 785 2192 806 mo-

1226 815 1266 846 do
1278 827 1351 847 meae
1363 837 1371 850 ,
1384 818 1432 848 sed
1444 819 1543 848 multo
1554 820 1644 848 etiam
1658 819 1816 857 superioris
1835 817 1867 847 δε
1883 818 2008 847 honoris
2017 815 2192 858 ampliffimi

1227 867 1300 897 puto
1312 858 1369 889 effe
1382 879 1390 892 ‚
1403 859 1435 889 &
1444 860 1572 898 accusare
1582 858 1735 901 improbos:
1745 859 1778 889 ὃς
1789 859 1917 889 miseros
1929 879 1937 892 ,
1946 859 2192 900 calamitososque

1225 899 1393 930 defendere.
1409 904 1446 931 Et
1453 900 1589 942 ριόῑετξὲὸ
1598 910 1646 931 aut
1655 902 1710 931 hoc
1720 900 1889 931 remedium
1900 899 1942 931 est
1952 910 2112 942 aegrotae,ac
2120 911 2192 941 pro-

1227 941 1264 982 pe
1274 942 1429 982 desperata:
1438 945 1509 983 reip.
1514 944 1521 982 j
1527 943 1691 983 udiciisque
1699 951 1890 982 corruptis‚ac
1899 945 2110 973 contaminatis
2118 952 2193 983 pau-

1227 994 1331 1014 corum
1342 987 1418 1014 vitio
1429 1005 1437 1018 ,
1456 995 1489 1014 ac
1507 984 1690 1025 turpitudine
1699 1004 1709 1017 ‚
1730 985 1871 1014 homines
1880 984 1916 1014 ad
1932 984 2032 1025 legum
2042 983 2191 1015 defensio-

1229 1036 1301 1056 nem
1315 1046 1323 1059 ,
1341 1026 1528 1066 judiciorum
1551 1037 1587 1057 ue
1604 1025 1811 1056 auCtoritatem
1824 1046 1832 1060 ‚
1850 1026 1941 1067 quam
1954 1025 2189 1061 honestissimos,

1229 1068 1486 1109 &integerrimos
1498 1089 1505 1101 ,
1530 1037 1830 1109 diligentissimosque
1840 1067 1977 1098 accedere
1996 1078 2002 1097 ι
2025 1077 2075 1098 aut
2085 1089 2093 1101 ,
2119 1067 2140 1098 si
2150 1077 2191 1098 ne

1229 1111 1287 1139 hoc
1297 1109 1422 1151 quidem
1433 1108 1569 1150 prodeffe
1579 1111 1688 1150 poterit
1697 1129 1705 1142 ‚
1724 1108 1860 1148 profecto
1871 1110 1952 1139 nulla
1962 1119 2108 1150 umquam
2123 1119 2191 1140 me-

1227 1151 1328 1181 dicina
1338 1153 1384 1181 his
1394 1161 1438 1182 tot
1447 1151 1655 1182 incommodis
1665 1153 1835 1191 reperietur.
1852 1153 1908 1180 Nu
1914 1160 1979 1180 LLA
1989 1153 2096 1182 SALus
2113 1152 2187 1201 reip.

1230 1194 1327 1232 major
1344 1192 1387 1223 est
1397 1213 1406 1228 ‚
1426 1194 1519 1234 quam
1535 1202 1588 1224 eos
1599 1214 1608 1227 ‚
1629 1193 1817 1233 quialterum
1829 1192 1982 1226 accusant,
2001 1202 2066 1223 non
2083 1194 2190 1224 minus

1230 1235 1266 1265 de
1276 1234 1361 1265 laude
1371 1255 1379 1268 ,
1398 1235 1435 1265 de
1445 1236 1560 1265 honore
1573 1255 1582 1268 ‚
1600 1234 1637 1265 de
1646 1233 1725 1264 fama
1736 1234 1785 1264 sua
1795 1253 1804 1267 ‚
1826 1233 1995 1274 quamillos
2008 1255 2017 1267 ,
2040 1236 2190 1276 quiaccu-

1229 1328 1281 1359 per
1299 1321 1321 1348 ii
1338 1317 1562 1360 diligentissime
1581 1338 1590 1352 ,
1613 1315 1894 1358 laboriosiffimeque
1914 1318 2086 1349 accusarunt
2103 1338 2112 1352 ,
2135 1320 2190 1359 qui

1231 1360 1339 1400 seipsos
1356 1362 1390 1390 in
1405 1360 1567 1390 discrimen
1583 1358 1816 1390 existimationis
1836 1360 1940 1389 venire
1957 1359 2088 1391 arbitrati
2105 1360 2187 1390 sunt.

1232 1402 1440 1444 Qamobrem
1456 1403 1514 1432 hoc
1526 1401 1647 1432 statuere
1658 1422 1667 1435 ‚
1688 1402 1699 1441 j
1705 1400 1805 1431 udices
1815 1400 1928 1431 debetis
1938 1420 1947 1434 ‚
1968 1402 2188 1442 QCaecilium,

1231 1444 1269 1474 de
1286 1454 1347 1484 quo
1359 1444 1443 1474 nulla
1456 1454 1600 1484 umquam
1612 1445 1719 1483 opinio
1736 1442 1844 1476 fuerit,
1865 1443 2005 1484 nullaque
2015 1446 2048 1473 in
2058 1445 2116 1474 hoc
2125 1444 2191 1484 ipso

1230 1486 1347 1526 judicio
1358 1485 1538 1525 exspeEtatio
1546 1485 1644 1515 futura
1659 1483 1694 1515 fit
1707 1495 1712 1513 :
1732 1486 1784 1525 qui
1794 1494 1890 1525 neque
1901 1504 1910 1518 ‚
1929 1494 1962 1514 ut
1970 1484 2037 1515 ante
2049 1484 2190 1515 collec‘tam

1225 1528 1342 1567 famam
1351 1528 1488 1567 conservet
1499 1548 1507 1561 ,
1527 1537 1625 1568 neque
1641 1529 1685 1556 uti
1695 1527 1802 1566 reliqui
1817 1528 1962 1565 temporis
1981 1526 2062 1566 spem
2077 1526 2192 1558 confir—

1236 1578 1299 1599 met
1308 1589 1317 1603 ‚
1338 1569 1448 1599 laborat
1460 1580 1465 1598 2
1485 1578 1550 1599 non
1558 1570 1653 1602 nimis
1663 1569 1738 1598 hanc
1747 1568 1862 1598 causam
1876 1566 1978 1598 severe
1989 1587 1997 1602 ,
2019 1578 2083 1599 non
2093 1570 2190 1600 nimis

1236 1610 1368 1642 accurate
1381 1632 1389 1644 ,
1401 1621 1465 1640 non
1474 1612 1570 1640 nimis
1580 1610 1739 1650 diligenter
1747 1608 1894 1642 asturum.
1907 1609 1994 1639 habet
2004 1611 2086 1643 enim
2097 1611 2190 1645 nihil,

1236 1653 1318 1694 quod
1328 1654 1363 1682 in
1374 1650 1538 1683 offensione
1545 1652 1693 1692 deperdat.
1717 1649 1920 1691 utturpiffimt'i
1931 1671 1940 1685 ,
1952 1650 2191 1691 flagitiofiffime-

1235 1705 1294 1736 que
1303 1694 1442 1728 discedat,
1453 1694 1531 1724 nihil
1541 1694 1577 1725 de
1589 1694 1648 1723 suis
1659 1692 1809 1723 veteribus
1818 1695 2004 1725 ornamentis
2011 1695 2151 1734 requiret.
2163 1696 2190 1725 A

1236 1737 1327 1767 nobis
1343 1737 1457 1766 multos
1476 1735 1574 1777 obfides
1590 1735 1677 1765 habet
1693 1735 1822 1775 populus
1831 1736 1925 1765 Rom.
1936 1744 2012 1775 quos
2023 1744 2055 1765 ut
2070 1736 2191 1766 incolu-

1237 1779 1314 1808 meis
1324 1779 1497 1808 conservare
1509 1798 1517 1811 ,
1537 1779 1613 1807 tueri
1625 1797 1634 1811 ‚
1655 1775 1831 1807 confirmare
1841 1796 1850 1810 ‚
1868 1785 1901 1806 ac
1917 1786 2086 1816 recuperare
2101 1775 2192 1817 poffi-

1237 1831 1318 1854 mus,
1329 1821 1416 1850 omni
1427 1822 1541 1850 ratione
1549 1820 1604 1848 erit
1613 1817 1923 1849 dimicandumhabet
1932 1819 2191 1859 honorem‚quem

1235 1864 1365 1903 petimus
1383 1872 1389 1891 ε
1413 1861 1501 1891 habet
1515 1861 1597 1901 spem
1608 1879 1618 1894 ‚
1640 1870 1730 1901 quam
1744 1858 1923 1900 propositam
1935 1860 2024 1890 nobis
2033 1860 2190 1891 habemus:

1236 1904 1324 1934 habet
1333 1903 1600 1936 existimationem,
1606 1903 1704 1932 multo
1712 1901 2117 1943 sudore,labore‚vigiliisque
2125 1902 2193 1933 col-

1238 1945 1348 1976 lessiam
1359 1956 1364 1974 ε
1374 1954 1416 1980 ut,
1428 1943 1448 1974 fi
1459 1947 1491 1976 in
1500 1945 1554 1977 hac
1562 1944 1645 1974 causa
1654 1943 1790 1974 nostrum
1802 1941 1952 1978 officium,
1961 1954 1994 1974 ac
2001 1943 2192 1985 diligentiam
2202 1954 2209 1957 “

1238 1987 1476 2028 probaverimus,
1486 1988 1557 2020 haec,
1568 1996 1633 2027 quae
1643 1986 1720 2020 dixi.
1730 1987 1868 2020 retinere,
1877 1995 1928 2025 per
1936 1985 2084 2025 populum
2094 1988 2192 2017 Rom.

1238 2030 1405 2060 incolumia
1414 2049 1422 2062 ,
1433 2039 1467 2059 ac
1475 2029 1552 2059 salva
1558 2026 1703 2068 possimus
1713 2026 1749 2056 :si
1756 2027 1908 2061 tantulum
1917 2024 2194 2061 offensum‚tituba-

1241 2081 1366 2112 tumque
1377 2070 1424 2101 fit:
1445 2080 1479 2100 ut
1487 2080 1530 2103 ea,
1541 2080 1606 2110 quae
1617 2068 1796 2110 singulatim,
1807 2079 1840 2098 ac
1849 2069 1900 2098 diu
1908 2067 2035 2098 colleClm
2041 2069 2109 2099 sunt
2117 2089 2126 2103 ‚
2138 2080 2194 2099 uno

1235 2121 1354 2154 tempore
1363 2112 1656 2154 universdperdamus.
1674 2113 1870 2154 Qapropter‚
1882 2109 2140 2143 iudices,vestrum
2150 2110 2195 2144 est

1236 2155 1365 2194 deligere
1376 2174 1385 2187 ‚
1405 2164 1497 2194 quem
1508 2151 1837 2183 existimetisracillime
1855 2149 1936 2191 posse
1947 2152 2192 2192 magnitudinem
2227 2153 2230 2156 ’

1237 2196 1328 2226 causae
1338 2206 1370 2226 ac
1380 2195 1482 2231 judicii
1490 2191 2023 2235 sustinere,fide2diligentia‚consilio‚
2034 2193 2194 2229 austorita-

1237 2247 1277 2267 te.
1290 2240 1353 2267 Vos
1362 2235 1383 2266 si
1392 2237 1470 2266 mihi
1481 2236 1677 2276 QCaecilium
1688 2235 1982 2275 anteposueriti5‚ego
1991 2245 2040 2265 me
2050 2235 2195 2276 dignitate

1238 2279 1405 2319 superatum
1416 2288 1480 2308 non
1490 2277 1791 2316 arbitraboi·:populus
1801 2279 1893 2306 Rom.
1906 2286 1942 2306 ne
1952 2285 2011 2306 tarn
2022 2277 2190 2313 honestam,

1238 2329 1299 2350 tam
1308 2320 1689 2360 severam‚diligentemque
1698 2318 1915 2348 accusationem
1927 2328 2024 2359 neque
2033 2318 2120 2349 vobis
2129 2319 2193 2360 pla·

1239 2360 1341 2396 cuisse,
1352 2371 1449 2404 neque
1458 2361 1557 2396 ordini
1566 2359 1664 2391 vestro
1673 2360 1786 2401 placere
1796 2360 1962 2394 arbitretur,
1971 2360 2138 2405 providete.

1905 2386 2287 2494 PRoon'}

1950 2517 2187 2526 ——q

1272 2557 1300 2573 ι.
1320 2548 1558 2582 Mniminfflremmn]
1582 2547 1623 2574 13st
1635 2548 1649 2574 a
1661 2546 1747 2574 tribus
1759 2547 1851 2576 nostris
1862 2545 1921 2575 mss.
1931 2545 1982 2575 cufi
1995 2545 2052 2575 fere
2063 2545 2136 2575 retro
2146 2544 2194 2576 .αῶ-

1237 2585 1429 2618 mimstrarcntur
1435 2596 1444 2618 ,-
1454 2592 1549 2621 praeter
1558 2584 1750 2612 vinitor-ianam.

1230 1277 1339 1310 santur,
1352 1277 1388 1307 de
1397 1279 1502 1317 capite,
1514 1287 1545 1306 ac
1555 1275 1684 1307 fortunis
1697 1276 1755 1305 suis
1764 1276 1979 1315 pertimescere.
1999 1278 2100 1317 Itaque
2109 1277 2188 1307 sem-
2207 1283 2248 1320 23
2287 1299 2288 1302 =

2292 1334 2295 1383 l
