2360 3400
455 87 544 138 nn
620 87 965 135 NATURA
1049 84 1394 136 Deorum
1483 88 1642 136 Liri..
1702 88 1845 137 lli..
1983 104 2105 155 ¹147

144 182 254 211 Atreus
270 172 587 208 commemorabantur
598 169 728 203 anobis,
742 169 869 200 heroica:
879 169 1105 209 personaeinita,
1149 171 1331 212 tempestatis
1343 171 1467 203 accuset.
1489 170 1539 202 etsi
1554 172 1584 201 hi
1596 171 1721 212 quidem
1732 169 1913 203 homunculi
1926 190 1934 206 ,
1945 170 1995 202 sed
2005 180 2106 203 tamen

143 219 346 259 subdustaque
364 218 498 248 ratione,
526 213 637 244 nefaria
657 213 763 260 scelera
784 211 974 259 meditantes.
1010 212 1105 247 Quid?
1125 250 1127 253 y
1147 214 1279 260 ridiculi.
1302 216 1377 260 Qis
1395 216 1478 244 enim
1502 222 1532 244 te
1549 212 1747 247 adhibuisset,
1767 214 1878 244 dixerit
1896 215 2042 255 quispiam
2056 235 2065 249 ‚
2084 214 2107 246 si

142 264 431 294 levitatescomicae‚
452 266 598 298 parumne
615 255 731 294 semper
750 264 783 284 in
803 262 918 284 ratione
938 248 1103 284 versantur?
1148 254 1201 285 ista
1221 266 1283 286 non
1299 256 1413 286 estem?
1437 264 1541 286 contra
1559 255 1650 286 deum
1674 257 1744 287 licet
1753 256 1899 296 disputare
1911 255 2044 286 liberius.
2069 260 2108 288 ιη

138 312 284 346 parumne
296 301 443 332 subtiliter
451 299 579 339 disputat
589 297 641 327 ille
651 300 685 328 in
695 296 857 327 Eunucho?

234 361 281 369 ---
291 343 363 384 quid
376 343 467 384 igitur
471 342 585 381 faciam
598 344 609 369 ?
621 356 666 361 ---

233 385 366 426 Exclusit
377 405 385 418 ‚
410 395 436 414 rt
442 392 522 413 vocar
534 394 545 410 :
556 382 664 413 redeam
677 385 688 409 ,²
707 391 758 410 non
768 400 776 415 ,
789 378 820 420 fi
826 390 870 409 me
881 378 1008 418 obsecret.

141 428 196 460 Ille
216 427 289 458 vero
301 430 332 458 in
343 426 527 467 Synephebis
541 425 791 455 Academicorum
802 432 888 452 more
901 430 1005 451 contra
1016 429 1105 450 com-

139 480 267 501 munem
287 472 469 510 opinionem
489 477 555 498 non
577 466 694 497 dubitat
712 474 843 505 pugnare
853 465 968 494 ratione
979 482 988 497 ‚
1007 465 1060 503 qui
1072 464 1104 492 in
1122 494 1124 514 ¹

137 522 241 544 amore
254 513 386 545 summo,
401 512 577 550 summaque
588 508 693 548 inopia
703 508 790 537 suave
802 504 861 536 effe
870 505 960 538 dicit,

233 557 380 585 Parentem
390 553 486 583 habere
494 561 628 584 avarum,
642 549 797 591 illepidum,
808 549 837 577 in
847 545 946 576 liberos

235 597 406 636 Difficilem,
417 596 470 636 qui
483 603 511 624 te
517 604 564 624 nec
573 599 660 625 amet,
673 589 837 627 necstudeat
850 589 906 619 tui.
979 630 984 635 Ι

136 641 236 680 Atque
246 640 318 669 huic
332 638 505 669 incredibili
516 637 672 667 sententiae
683 632 863 664 ratiunculas
873 632 1017 672 suggerit:

231 684 306 710 -Aus
316 689 349 710 tu
357 682 438 710 illum
442 678 543 716 frusta
545 678 636 716 faHas
646 687 657 704 .·
667 683 721 705 aut
727 684 775 717 per
784 675 895 703 litteras

230 726 271 752 ,A
277 731 366 752 vertas
375 722 493 763 aliquod
501 730 596 750 nomen
607 730 618 746 .·
630 726 683 747 aut
691 726 737 759 per
743 715 886 757 servolum

230 763 543 806 ‘Percutiaspavidumv
558 759 691 802 posti-emb
703 779 712 792 ‚
737 769 756 787 a
771 763 940 799 partepatre

269 807 324 836 uod
326 807 428 846 sumas
441 809 449 825 ¹
463 811 569 846 quanto
577 802 689 842 dfflpas·
697 799 830 830 libentius
841 802 853 828 ἓ

135 848 284 889 Idemque
294 848 414 878 facilem
425 847 458 877 &
469 845 625 875 liberalem
635 852 748 883 patrem
762 862 772 876 ‚
792 838 1031 872 incommodum
1042 837 1100 870 effe

138 893 251 921 amanti
264 889 328 919 filio
338 888 483 928 disputat:
495 895 589 926 quem

229 934 332 972 Neque
341 940 397 971 quo
403 927 487 971 pasto
487 927 596 968 fallam
607 945 616 960 ‚
636 929 650 945 ²
661 935 748 967 neque
757 924 829 966 quid
839 922 901 954 inde
909 923 1052 962 auferam,

228 975 291 1002 Nec
301 982 385 1013 quem
396 970 491 1000 dolum
501 969 539 998 ad
547 978 610 998 eum
620 988 628 1002 ‚
646 975 700 996 aur
709 968 870 997 machinam
881 966 1054 1000 commoliar,

227 1014 293 1044 Scio
301 1014 471 1055 quidquam.
492 1013 536 1040 ita
543 1011 639 1040 omnm
648 1019 719 1040 meos
727 1009 813 1043 dolos,
817 1007 961 1048 fallacias,

228 1055 396 1096 ‘Praestigtas
403 1053 571 1096 praestrinxit
579 1054 862 1092 commodzraspatru.

132 1097 216 1138 Quid
234 1108 304 1139 ergo
322 1097 369 1128 isti
381 1098 447 1127 doli
463 1099 473 1126 ?
494 1095 568 1136 quid
579 1095 746 1124 machinae?
760 1093 835 1134 quid
847 1092 973 1123 fallacia:
982 1089 1098 1134 praesti-

128 1143 269 1182 giaeque?
291 1149 367 1170 num
395 1138 455 1168 fine
473 1140 588 1168 ratione
607 1134 665 1166 effe
680 1141 865 1175 potuerunt?
884 1136 1096 1175 Opraeclarum

131 1192 246 1213 munus
256 1181 383 1213 deorum
398 1183 403 1210 !
425 1188 458 1210 ut
467 1181 613 1210 Phormio
626 1176 711 1217 possit
721 1177 820 1207 dicere
830 1196 840 1211 ‚

229 1224 296 1254 Cedo
312 1225 416 1262 finem.
434 1223 497 1261 jam
512 1220 650 1257 instrum
666 1219 739 1248 mihi
750 1220 821 1259 sunt
836 1219 867 1248 in
885 1219 964 1249 corde
982 1219 1098 1262 consilia

268 1266 371 1296 omnia.

77 1320 120 1353 30
135 1307 193 1341 Sed
218 1317 361 1338 exeamus
383 1306 399 1337 ὲ
411 1305 757 1338 theatrozveniamusin
765 1302 868 1333 forum
880 1323 888 1337 ,
913 1307 925 1331 3
937 1302 1043 1334 sessum
1055 1305 1097 1335 ite

133 1359 250 1391 precor.
273 1350 348 1390 quid
367 1352 378 1379 ?
407 1358 441 1379 ut
456 1349 608 1388 judicetur
626 1369 636 1382 ,
669 1346 721 1387 qui
738 1344 916 1374 tabularium
934 1346 1095 1376 incenderit.

135 1392 226 1432 Qod
243 1391 362 1422 facinus
379 1391 550 1421 occultius-2
571 1394 611 1420 At
629 1391 657 1420 se
678 1391 737 1425 Qu.
763 1386 861 1417 Sosius
882 1407 891 1421 ,
921 1388 1095 1428 splendidus

133 1444 224 1474 eques
242 1426 395 1464 Roman
413 1442 483 1472 agro
498 1433 610 1462 Piceno
625 1451 634 1465 ‚
650 1426 752 1460 fecifl‘e
771 1427 923 1459 confess'us
947 1430 998 1460 est.
1033 1432 1096 1470 Qi

133 1474 346 1516 traiffiripftrit
368 1473 480 1503 tabutas
495 1472 634 1514 publicas.
656 1471 691 1502 1d
711 1480 832 1510 quoque
844 1473 877 1499 L.
890 1472 1005 1501 Alenus
1014 1471 1096 1506 fecit,

131 1526 204 1548 cum
224 1517 459 1556 chirographum
471 1518 529 1545 Sex
539 1517 710 1555 primorum
722 1514 856 1541 imitatus
866 1511 919 1541 est.
943 1514 1024 1553 Qid
1037 1515 1096 1544 hoc

131 1559 261 1589 homine
283 1557 441 1590 solertius?
464 1557 618 1598 Cognosce
627 1558 698 1587 alias
706 1552 887 1596 quaestiones
899 1573 908 1586 ,
931 1555 998 1582 auri
1013 1555 1095 1584 Tolo-

125 1601 213 1642 fimi,
234 1600 431 1640 conjurationis
446 1600 639 1640 Jugurthinae.
663 1600 777 1636 Repete
796 1595 965 1636 superiora.
988 1595 1095 1625 Tubuli

128 1642 163 1673 de
175 1643 295 1684 pecunia
313 1650 397 1683 capta
413 1640 446 1671 ob
457 1652 514 1672 rem
525 1639 734 1681 judicandam:
744 1637 927 1678 posteriora,
951 1637 983 1667 de
991 1638 1094 1675 mcestu

130 1686 275 1725 rogatione
292 1684 432 1714 ‘Peducaea
449 1694 461 1712 :
481 1693 546 1714 tum
568 1686 630 1714 haec
648 1681 823 1723 quotidiana
837 1698 846 1713 ‚
863 1678 944 1713 sicae,
965 1689 1094 1715 venena,

128 1727 286 1768 peculatus
303 1746 313 1760 ‚
334 1725 583 1757 testamentorum
604 1726 694 1755 etiam
717 1724 782 1763 lege
802 1731 882 1752 nova
900 1720 1094 1761 quaestiones.

129 1768 206 1799 Inde
216 1768 269 1799 illa
282 1767 363 1798 abl-io
374 1788 384 1802 ‚
395 1778 457 1798 opu
468 1775 703 1806 cousxmoQE
714 1774 781 1794 'rUO
792 1772 930 1793 FuRTuM
942 1771 1000 1801 AJo
1010 1773 1095 1794 FAC-

129 1821 203 1841 ·ruM
218 1819 290 1840 csse.
302 1821 307 1840 z
320 1810 393 1840 inde
403 1819 447 1841 tot
455 1809 571 1850 judicia
584 1809 621 1839 de
633 1807 691 1837 fide
700 1806 778 1836 mala
789 1825 798 1839 ‚
814 1805 914 1835 tutelae
927 1823 935 1837 ‚
949 1804 1093 1839 mandati,

129 1861 185 1893 pro
202 1853 303 1887 socio,
323 1851 439 1883 fiduciae
456 1863 465 1887 3
484 1853 617 1893 reliqua,
636 1859 702 1891 quae
722 1855 872 1881 exemto,
891 1855 941 1877 aut
956 1847 1093 1881 vendito,

125 1893 303 1928 condrusto,
324 1903 375 1925 aut
393 1895 492 1924 locato
511 1903 616 1924 contra
635 1891 728 1922 ndei-n
747 1888 839 1920 fiunt:
852 1888 924 1934 inde
939 1888 1093 1928 judicium

127 1936 287 1977 publicum
300 1938 343 1966 rei
353 1939 474 1976 privatae
484 1937 546 1977 lege
560 1937 688 1966 Laetoria
703 1944 708 1962 2
724 1932 795 1963 inde
805 1930 993 1960 everriculum
1006 1931 1094 1961 mali-

126 1979 240 2008 tiarum
256 1979 383 2008 omnium
394 1999 403 2012 ‚
425 1979 582 2018 judicium
598 1977 637 2007 de
647 1976 721 2006 dolo
730 1975 812 2005 malo
827 1973 925 2014 :quod
936 1975 971 2003 C.
984 1974 1093 2014 Aquil-

126 2021 198 2055 lius,
208 2020 366 2052 familiaris
376 2020 476 2051 noster
487 2021 623 2060 prorulit.
647 2021 750 2058 Quem
764 2016 872 2047 dolum
883 2015 966 2046 idem
983 2015 1091 2057 Aquil—

125 2063 186 2093 lius
197 2072 263 2093 tum
273 2064 368 2093 teneri
377 2071 473 2103 putat,
485 2062 557 2092 cum
568 2071 677 2092 amun
686 2070 741 2090 sn-
751 2067 965 2091 51MULATuM,
977 2067 1086 2088 Anxur>

126 2114 260 2136 AcruM.
284 2107 372 2135 Hanc
390 2107 483 2147 igitur
499 2106 515 2137 a
532 2105 591 2135 diis
611 2101 836 2133 immortalibus
846 2109 957 2130 tantam
969 2100 1090 2131 arbitra-

124 2157 196 2178 mur
214 2148 365 2178 malorum
386 2148 555 2178 sementem
575 2144 633 2177 effe
651 2144 782 2175 faistam?
804 2144 835 2172 Si
846 2145 929 2172 enim
940 2143 1090 2173 rationem

124 2190 308 2222 hominibus
325 2189 370 2220 dii
390 2189 560 2220 dederunt?
582 2188 729 2219 malitiam
751 2184 909 2216 dederunt.
943 2183 987 2215 est
1003 2186 1088 2216 enim

119 2231 242 2261 malitia
253 2251 263 2266 ,
282 2232 397 2262 versuta
405 2251 415 2265 ,
436 2232 469 2262 &
478 2230 572 2262 fallax
582 2229 715 2261 nocendi
725 2230 811 2259 ratio.
835 2226 920 2256 Idem
933 2236 1034 2257 autem
1045 2226 1088 2257 dii

123 2272 264 2304 fraudem
288 2273 436 2305 dederunt
446 2293 455 2308 ‚
475 2272 593 2303 facinus
605 2293 614 2306 ,
638 2280 790 2311 ceteraque
799 2277 932 2310 quorum
942 2269 1022 2299 nihil
1032 2279 1088 2300 nec

122 2316 232 2356 suscipi
249 2315 311 2346 fine
330 2318 447 2346 ratione
462 2335 472 2349 ,
495 2325 552 2346 nec
561 2313 641 2346 effici
653 2313 763 2354 potest.
786 2315 912 2345 Utinam
923 2312 1015 2352 igitur
1026 2331 1036 2347 ,
1055 2321 1088 2343 ut

123 2357 176 2389 illa
184 2368 258 2389 anus
270 2367 362 2398 optat,

218 2416 261 2422 ·--
273 2411 305 2430 ne
315 2401 344 2429 in
355 2410 461 2430 nemore
471 2400 558 2430 ‘Pelio
564 2396 709 2440 securibus

213 2445 231 2469 4
242 2444 264 2471 C
263 2443 312 2482 asa
322 2441 458 2480 cecidiffit
466 2441 589 2484 abiegna
600 2443 638 2472 ad
644 2448 749 2471 terram
760 2438 849 2470 trabes
855 2449 867 2468 ··

117 2482 158 2513 fic
175 2482 262 2519 istam
272 2484 468 2515 calliditatem
478 2485 658 2516 hominibus
667 2483 713 2514 dii
723 2493 760 2513 ne
770 2481 928 2514 dedissent.
951 2491 1009 2523 qua
1017 2491 1085 2523 per—

117 2528 206 2566 pauci
229 2525 304 2556 bene
329 2535 454 2557 utuntur
470 2529 538 2567 :qui
548 2536 650 2558 tamen
659 2523 714 2566 ipsi
724 2526 799 2566 saepe
808 2524 824 2555 ὲ
834 2524 915 2555 male
930 2525 1085 2556 utentibus

92 2591 96 2597 .
119 2569 352 2607 opprimuntur:
371 2569 611 2599 innumerabiles
629 2577 730 2599 autem
742 2565 883 2607 improbe
897 2575 1084 2598 utuntur2ut

119 2608 237 2640 donum
254 2611 311 2640 hoc
321 2609 461 2640 divinum
473 2612 596 2641 rationis
605 2631 615 2645 ,
637 2610 671 2641 ὃς
683 2607 820 2643 consilii,
831 2608 868 2639 ad
877 2607 1013 2639 fraudem
1024 2609 1082 2639 ho-

119 2652 258 2682 minibus
277 2671 286 2685 ‚
315 2662 379 2682 non
396 2652 432 2683 ad
455 2653 623 2689 bonitatem
643 2653 832 2692 impertitum
851 2648 909 2680 effe
934 2650 1080 2682 videatur.

119 2692 176 2724 Sed
194 2696 304 2734 urgetis
334 2693 502 2725 identidem
514 2715 524 2729 ,
557 2695 704 2724 hominum
722 2693 772 2732 effie
789 2691 870 2730 :stam
881 2691 992 2735 culpam
1003 2712 1011 2727 ‚
1028 2704 1081 2723 uon

115 2734 240 2765 deorum.
265 2739 307 2767 Ut
326 2734 347 2766 si
356 2736 494 2767 medicus
502 2740 677 2778 gravitatem
690 2737 810 2770 morbi,
821 2734 1003 2776 gubernator
1012 2738 1079 2767 vim
1100 2763 1101 2767 ,

1147 297 1312 328 hominum
1335 299 1419 328 vitiis
1428 300 1469 328 ais
1481 296 1537 328 effe
1546 298 1675 338 culpam.
1700 301 1774 329 Eam
1789 295 1914 329 dediss'es
1925 298 2108 329 hominibus

1146 347 1294 369 rationem
1307 359 1316 373 ‚
1334 350 1400 380 qnae
1419 341 1511 373 vitia,
1535 340 1714 381 culpamque
1732 340 1911 371 excluderet.
1935 340 1999 371 Ubi
2017 342 2109 382 igitur

1145 380 1229 410 locus
1249 380 1308 411 fuit
1329 384 1421 412 errori
1430 382 1556 412 deorum
1569 387 1579 409 ?
1598 392 1668 413 nam
1675 382 1850 424 patrimonia
1853 382 1898 422 spe
1908 381 1971 412 bene
1980 383 2109 413 tradendi

1123 446 1124 468 Χ
1144 422 1349 463 relinquimus:
1366 434 1425 465 qua
1444 422 1675 464 posslimusfalli
1692 424 1783 454 :deus
1794 423 2046 464 falliquiporuit?
2067 435 2105 456 an

1145 473 1177 494 ut
1196 465 1268 497 Sol,
1290 466 1323 495 in
1343 475 1463 496 currum
1484 465 1555 496 cum
1566 467 1786 497 Phaethontem
1798 465 1896 496 filium
1907 465 2107 498 sustulitzauc

1143 508 1307 546 Neptunus
1318 527 1327 540 ,
1345 506 1417 537 cum
1439 508 1574 538 Theseus
1586 509 1788 549 Hippolytum
1799 506 1930 548 perdidit
1945 529 1954 543 ,
1975 510 2106 540 cumter

1143 548 1267 587 optandi
1284 548 1301 578 a
1322 551 1468 589 Neptuno
1478 559 1556 589 patre
1568 549 1711 580 habuisset
1722 550 1898 590 potestatem
1912 552 1923 580 ?
1943 553 2106 582 Poetarum

1143 590 1196 620 ista
1216 590 1299 620 sunt:
1321 601 1378 620 nos
1388 601 1488 621 autem
1499 592 1671 632 philosophi
1686 591 1744 622 effe
1754 593 1900 623 volumus
1910 612 1918 626 ‚
1938 602 2039 623 rerum
2051 603 2106 623 au-

1143 631 1242 662 &tores
1255 652 1264 665 ‚
1285 642 1350 662 non
1367 632 1548 663 fabularum.
1574 637 1670 675 Atque
1689 636 1710 664 ii
1730 643 1830 665 tamen
1844 632 1895 674 ipsi
1906 634 1949 665 dii
1959 634 2104 674 poeticifi

1144 672 1262 704 sciffent
1280 694 1289 708 ,
1310 676 1475 715 perniciosa
1491 674 1555 705 fore
1573 676 1624 706 illa
1643 675 1731 709 filiis,
1751 675 1879 716 peccasse
1901 678 1934 707 in
1951 676 2105 707 beneficio

1143 724 1327 756 putarentur.
1351 719 1409 751 Et,
1430 715 1449 746 si
1471 726 1576 747 verum
1597 717 1658 750 est,
1678 719 1760 758 quod
1784 717 1884 749 Aristo
1902 719 1996 749 Chius
2005 719 2105 749 dicere

1142 758 1272 792 solebat,
1286 758 1739 802 nocereaudientibusplaitbfhplios
1747 771 1777 789 zu
1786 780 1794 794 ,
1810 761 1861 802 qui
1871 759 1934 790 bene
1942 760 2020 790 dista
2030 759 2106 790 mals*

1120 823 1122 836 ,
1140 799 1389 841 interpretarentur
1403 811 1416 828 .·
1426 799 1510 841 poss'e
1527 811 1611 831 enim
1635 802 1723 841 asbtos
1739 812 1777 832 ex
1788 802 1928 843 Aristippi
1941 823 1950 837 ‚
1969 801 2105 839 acerbari:

1120 841 1122 876 ἶ
1144 842 1280 872 Zenonis
1291 843 1392 873 schola
1406 845 1489 873 exire
1501 843 1658 886 :xprorsus³
1679 842 1720 878 fi,
1741 844 1980 884 quiaudierunt,
2000 840 2103 876 vitiosi

1142 882 1236 915 efl'ent
1253 884 1405 916 discessuri
1420 906 1429 919 ‚
1451 883 1535 926 quod
1550 886 1687 925 perverse
1699 886 1953 926 philosophorum
1968 887 2104 928 disputa-

1141 927 1260 956 tionem
1289 930 1553 968 interpretarentur
1577 939 1586 962 3
1615 936 1707 958 tacere
1737 927 1883 968 pi‘aestaret
1900 929 2103 970 philosophis,

1118 1001 1121 1008 ζ
1139 968 1229 1009 quarn
1243 969 1298 1003 iis,
1316 970 1406 1010 quise
1418 968 1564 1000 audissent
1581 989 1590 1003 ,
1611 979 1729 1000 nocere.
1753 971 1812 1004 Sic,
1824 969 1843 999 fi
1854 971 2000 1001 homines
2011 973 2105 1002 ratio·

1140 1019 1211 1040 nem
1222 1011 1305 1042 bono
1317 1009 1444 1042 consilio
1454 1011 1469 1042 ὲ
1479 1011 1538 1042 diis
1550 1012 1776 1042 immortalibus
1788 1011 1899 1047 datam,
1911 1015 1943 1042 in
1953 1012 2103 1047 fraudem.

1138 1053 1348 1094 malitiamque
1364 1062 1563 1085 convertunt:
1583 1064 1646 1084 non
1665 1053 1727 1085 dari
1746 1054 1831 1084 illam
1844 1075 1853 1089 ,
1870 1054 1963 1096 quam
1974 1054 2104 1086 claribu-

1140 1104 1234 1125 mano
1255 1098 1358 1137 generi
1375 1096 1486 1126 melius
1502 1095 1571 1126 fuit.
1606 1099 1649 1126 Ut
1668 1106 1696 1126 si
1717 1106 1868 1126 MEDICUS
1886 1106 2009 1132 scm-r,
2029 1106 2104 1128 eum

1138 1146 1300 1177 aegrotum,
1327 1139 1380 1179 qui
1395 1136 1491 1178 jussus
1510 1136 1660 1169 sitvinum
1672 1139 1808 1173 sumere,
1828 1140 1976 1169 meracius
1985 1139 2103 1170 sumtu·-

1139 1189 1208 1209 rum
1222 1199 1230 1213 ,
1253 1179 1410 1221 statimque
1424 1182 1590 1221 periturum
1603 1192 1612 1214 3
1634 1190 1739 1221 magna
1752 1178 1786 1210 fit
1796 1181 1938 1220 inculpa:
1959 1179 2104 1212 sicvestra

1139 1220 1193 1252 ista
1205 1222 1399 1261 providentia
1407 1221 1652 1263 reprehendenda
1663 1242 1671 1256 ‚
1690 1232 1755 1264 quae
1767 1224 1917 1253 rationem
1927 1222 2101 1256 dederitiis,

1138 1273 1216 1304 quos
1235 1264 1334 1295 scierit
1353 1274 1386 1295 ea
1402 1264 1539 1305 perverse
1553 1285 1562 1298 ‚
1585 1264 1618 1294 &
1636 1264 1776 1305 improbe
1798 1265 1913 1295 usuros.
1937 1264 2004 1294 Nisi
2021 1264 2103 1295 forte

1139 1306 1241 1336 dicitis
1249 1316 1314 1337 eam
1330 1305 1464 1337 nescisse.
1495 1308 1622 1337 Utinam
1634 1307 1772 1347 quidem.
1804 1306 1860 1337 Sed
1870 1317 1935 1337 non
1944 1306 2102 1338 audebitis.

1138 1357 1204 1378 non
1217 1350 1303 1378 enim
1313 1350 1422 1389 ignoro
1432 1368 1441 1383 ‚
1454 1349 1558 1389 quanti
1566 1349 1630 1388 ejus
1641 1359 1757 1379 nomen
1766 1351 1888 1388 putetis.
1910 1348 1967 1380 Sed
1976 1349 2025 1380 hic
2033 1351 2103 1389 qui-

1138 1389 1210 1420 dem
1221 1391 1307 1421 locus
1316 1390 1459 1421 concludi
1473 1392 1530 1427 jam
1541 1390 1648 1431 potest.
1682 1393 1764 1420 Nam
1776 1389 1796 1420 si
1809 1400 1992 1421 srunrtriA
2004 1411 2012 1425 ‚
2024 1400 2103 1422 con-

1138 1432 1223 1462 sensu
1231 1435 1375 1462 omnium
1386 1433 1638 1474 philosophorum
1651 1452 1659 1466 ‚
1672 1434 1770 1472 majus
1779 1432 1822 1463 est
1833 1433 1961 1467 malum,
1971 1433 2064 1474 quarn
2080 1432 2102 1464 fi

1117 1478 1119 1511 ξ
1137 1475 1244 1504 omnia
1255 1475 1333 1505 mala
1344 1475 1376 1504 &
1385 1475 1514 1505 sortunae
1528 1495 1537 1508 ‚
1556 1474 1589 1504 &
1600 1476 1735 1514 corporis
1746 1484 1784 1504 ex
1794 1475 1881 1505 altera
1892 1483 1972 1514 parte
1981 1485 2104 1514 ponanv

1117 1515 1118 1536 l
1137 1524 1185 1545 tur
1198 1526 1203 1544 :
1224 1516 1400 1556 sapientiam
1409 1525 1508 1546 autem
1520 1526 1615 1546 nemo
1626 1515 1803 1556 assequitur:
1825 1518 1858 1546 in
1872 1516 2001 1546 summis
2013 1517 2103 1547 malis

1137 1566 1248 1587 omnes
1266 1558 1382 1588 sumus.
1408 1557 1519 1599 quibus
1535 1567 1591 1588 vos
1616 1558 1734 1597 optime
1751 1557 1926 1587 consultum
1945 1557 2104 1588 adii-sim*

1116 1625 1118 1639 7
1137 1598 1317 1629 mortalibus
1327 1599 1437 1630 dicitis.
1460 1608 1531 1629 nam
1542 1608 1576 1629 ut
1584 1599 1662 1628 nihil
1672 1598 1794 1628 interest
1804 1618 1811 1631 ‚
1833 1597 1936 1628 utrum
1947 1608 2041 1629 nemo
2053 1609 2106 1630 va-

1116 1668 1117 1682 *
1136 1640 1195 1670 leat
1205 1660 1214 1674 ,
1226 1650 1262 1671 an
1272 1651 1366 1671 nemo
1376 1638 1462 1682 poffit
1473 1641 1571 1672 valere
1583 1651 1588 1670 :
1603 1639 1640 1670 sic
1652 1650 1717 1670 non
1727 1641 1880 1681 intelligo,
1890 1640 1965 1682 quid
1976 1640 2102 1675 interfit,

1116 1685 1118 1699 l
1135 1681 1239 1713 utrum
1262 1693 1357 1714 nemo
1377 1682 1535 1724 fitsapiens
1546 1703 1555 1718 ‚
1575 1692 1612 1713 an
1623 1692 1717 1712 nemo
1727 1681 1785 1712 esse
1794 1681 1889 1723 possit.
1914 1686 1956 1713 Ac
1966 1693 2024 1713 nos
2033 1685 2104 1724 qui-

1135 1724 1206 1754 dem
1228 1727 1324 1755 nimis
1342 1726 1441 1756 multa
1456 1726 1493 1756 de
1513 1734 1544 1756 re
1561 1722 1748 1765 apertissima.
1772 1725 1904 1755 Telamo
1925 1733 2024 1755 autem
2035 1735 2101 1756 uno

1134 1767 1219 1797 versu
1230 1767 1334 1796 locum
1347 1776 1446 1798 totum
1457 1766 1599 1800 conficit,
1623 1770 1636 1794 5
1646 1776 1701 1797 cur
1709 1766 1753 1796 dii
1764 1767 1905 1796 homines
1914 1767 2079 1808 negligant:

1228 1810 1311 1837 Nam
1322 1808 1473 1850 ficurent,
1498 1807 1561 1839 bene
1569 1807 1704 1850 bonisfit,
1724 1807 1799 1838 male
1808 1807 1894 1838 malis
1912 1819 1924 1836 .·
1942 1809 2101 1850 quodnam:

1378 1850 1472 1880 abest.

1136 1890 1296 1922 Debebant
1307 1892 1354 1922 illi
1369 1892 1495 1933 quidem
1509 1893 1632 1923 omneis
1647 1892 1748 1924 bonos
1765 1891 1882 1923 efficere
1899 1913 1909 1927 ,
1931 1891 1952 1923 fi
1971 1893 2099 1935 quidem

1134 1935 1299 1964 hominum
1319 1937 1422 1975 generi
1441 1935 1649 1965 consulebant.
1673 1937 1726 1966 Sin
1749 1934 1780 1964 id
1791 1933 1911 1966 minus:
1930 1935 2021 1966 bonis
2031 1937 2104 1977 qui-

1134 1975 1204 2005 dem
1224 1976 1303 2006 certe
1322 1976 1480 2007 consulere
1491 1977 1648 2007 debebant.
1672 1979 1732 2008 Cur
1741 1977 1832 2018 igitur
1841 1977 1917 2008 duos
1928 1979 2098 2018 Scipiones,

1132 2016 1309 2048 fortiffimos
1326 2038 1335 2052 ‚
1357 2019 1390 2049 δε
1409 2021 1542 2059 optimos
1562 2021 1645 2049 viros
1664 2040 1674 2054 ‚
1694 2020 1729 2050 in
1752 2019 1898 2060 Hispania
1910 2022 2022 2051 Poenus
2041 2028 2098 2060 op-

1132 2058 1232 2100 pressit
1250 2063 1260 2089 ?
1288 2062 1350 2090 Cur
1368 2063 1527 2091 Maximus
1545 2062 1656 2092 extulit
1675 2060 1774 2091 filium
1794 2061 1985 2092 consularem
2008 2062 2018 2088 ?
2040 2068 2101 2095 σω

1133 2102 1312 2133 Marcellum
1325 2103 1456 2133 Annibal
1467 2106 1642 2134 interemit?
1653 2106 1715 2134 Cur
1724 2104 1864 2134 Paullum
1877 2106 1988 2134 Cannae
1998 2102 2096 2134 sustu-

1131 2145 1251 2175 lerunt?
1272 2155 1325 2175 cur
1346 2148 1513 2176 Poenorum
1533 2146 1701 2176 crudelitati
1717 2146 1829 2187 Reguli
1848 2156 1957 2186 corpus
1967 2145 2008 2176 est
2018 2155 2095 2186 prae-

1109 2202 1111 2220 ι,
1130 2187 1251 2218 bitum?
1268 2197 1321 2217 cur
1337 2186 1518 2219 Africanum
1537 2187 1698 2219 domestici
1722 2190 1848 2228 parietes
1867 2197 1932 2218 non
1942 2190 2096 2218 texerunt?

1130 2228 1188 2259 Sed
1198 2230 1261 2260 haec
1273 2238 1370 2260 vetera
1383 2250 1392 2264 ,
1405 2230 1438 2261 &
1449 2231 1505 2261 alia
1514 2230 1670 2271 permulta.
1694 2232 1834 2270 propiora
1843 2230 2009 2262 videamus.
2032 2231 2097 2260 Cur

1129 2271 1298 2302 avunculus
1315 2281 1401 2302 meus
1412 2292 1420 2306 ,
1443 2271 1764 2303 virinnocentiffimus
1775 2292 1785 2305 ,
1805 2271 1948 2313 idemque
1958 2270 2094 2302 doeiiffi-

1130 2323 1217 2348 mus,
1240 2316 1271 2344 P.
1291 2315 1427 2344 Rutilius
1446 2316 1478 2345 in
1489 2313 1596 2345 exsilio
1607 2314 1670 2346 est?
1688 2324 1740 2344 cur
1751 2313 1859 2345 sodalis
1871 2323 1956 2344 meus
1966 2312 2093 2344 interfe-

1130 2354 1196 2386 &us
1213 2355 1301 2386 domi
1320 2357 1378 2387 suae
1400 2377 1410 2391 ,
1433 2357 1573 2387 Drusus?
1594 2367 1648 2387 cur
1665 2364 1721 2386 tem
1741 2356 1870 2389 erantiae,
1887 2355 2092 2398 prudentiaque

1121 2398 1256 2438 specimen
1269 2418 1277 2432 ‚
1289 2407 1357 2429 ante
1368 2397 1561 2430 simulacrum
1571 2398 1667 2430 Vestae
1681 2420 1689 2433 ‚
1734 2397 1875 2439 pontifex
1885 2399 2036 2428 maximus
2048 2397 2090 2429 est

1127 2443 1164 2480 Q.
1185 2441 1318 2471 Scaevola
1329 2441 1510 2472 trucidatus?
1528 2451 1580 2472 cur
1589 2443 1680 2472 etiam
1693 2440 1762 2471 ante
1777 2449 1820 2470 tot
1834 2441 1964 2470 civitatis
1976 2441 2092 2479 princi-

1124 2492 1177 2523 pes
1188 2483 1204 2513 ὲ
1214 2485 1312 2513 Cinna
1323 2485 1491 2514 interemti?
1500 2493 1554 2514 cur
1563 2486 1705 2514 omnium
1715 2480 2092 2523 perfidiofiffimus,C.Ma-

1123 2526 1186 2555 rius
1198 2545 1206 2559 ,
1232 2527 1269 2563 Q.
1283 2526 1426 2556 Catulum
1440 2546 1447 2560 ,
1460 2523 1695 2566 praestantiffima
1709 2525 1854 2565 dignitate
1863 2526 1963 2554 virum
1977 2543 1986 2557 ,
2008 2526 2090 2554 mori

1123 2567 1334 2608 potuitjubere
1345 2571 1356 2593 ἒ
1378 2570 1453 2598 Dies
1461 2567 1589 2601 deficiat,
1603 2567 1623 2597 fi
1634 2567 1728 2597 velim
1740 2575 1899 2596 numerare
1908 2565 2019 2606 quibus
2031 2565 2089 2596 bo-

1124 2612 1173 2639 nis
1192 2608 1272 2639 male
1280 2612 1430 2640 evenerit:
1446 2620 1500 2640 nec
1511 2609 1614 2640 minus
1627 2629 1636 2643 ‚
1658 2607 1678 2638 si
1688 2616 1932 2639 commemorem
1943 2627 1952 2642 ,
1972 2607 2086 2648 quibus

1122 2651 1273 2691 improbis
1282 2652 1411 2691 optime.
1437 2654 1496 2682 Cur
1506 2653 1591 2682 enim
1603 2652 1716 2681 Marius
1732 2659 1791 2681 tam
1802 2649 1930 2681 feliciter
1940 2671 1949 2684 ‚
1969 2654 1984 2679 7
1994 2650 2088 2695 septi->

1123 2693 1212 2724 mum
1223 2694 1329 2723 consul
1341 2714 1350 2728 ,
1370 2694 1457 2724 dorni
1468 2694 1525 2724 suae
1538 2693 1628 2724 senex
1638 2691 1678 2723 est
1694 2695 1855 2723 mortuus?
1873 2693 2083 2723 curomnium

1120 2733 1340 2767 crudelissimus
1360 2745 1421 2767 tam
1440 2735 1493 2766 diu
1509 2737 1609 2767 Cinna
1627 2737 1762 2776 regnavit
1783 2737 1794 2765 ?
1814 2736 1868 2764 At
1883 2733 1959 2764 dedit
1976 2742 2083 2774 poenas.

2011 2779 2086 2808 Pro-

115 2865 126 2873 0
155 2863 179 2882 1.
198 2852 404 2889 Qanto'diffipas
420 2856 558 2890 libanam]
583 2855 692 2890 Pal.pr.
712 2854 806 2888 difflpis.
825 2853 956 2880 sec.acP.
976 2854 1075 2888 elffpes.

113 2890 229 2918 alterum
240 2892 355 2928 praeponi
364 2899 470 2928 poterat
482 2892 600 2928 vulgato.
620 2900 679 2917 nain
691 2890 813 2917 Lambini
824 2890 916 2925 diffinis,
926 2890 1005 2917 nimis
1015 2889 1075 2918 iane

116 2927 197 2963 longe
209 2929 332 2963 petitum.
349 2927 432 2961 *habet
441 2928 498 2954 Pal.
513 2935 623 2964 quartus
634 2927 710 2954 alias.
724 2927 811 2961 desipis.

153 2972 182 2989 2.
202 2967 281 2997 Neque
289 2963 407 2998 quidinde
425 2966 561 3000 auferam]
582 2964 640 2991 Pal.
653 2973 694 3000 pr.
704 2973 734 2991 :ic
743 2963 793 2989 sec.
804 2963 869 2989 item
881 2962 910 2989 P.
931 2971 1005 2998 neque
1013 2963 1075 2989 unde

113 3000 235 3029 aufcram.
255 2998 432 3035 nihilo'pejus.

153 3043 178 3071 3.
198 3036 282 3068 Seffim
291 3038 323 3061 lte
336 3037 442 3070 precor]
463 3036 542 3063 Nihil
552 3037 610 3064 heic
621 3042 727 3064 mutant
742 3035 868 3063 Palatini.
887 3041 917 3062 at
927 3034 1072 3062 Lambinus

115 3071 231 3108 reposuit
243 3080 275 3097 cx
288 3072 451 3106 Memmiano
462 3083 467 3099 :
483 3074 567 3106 fiffimi
576 3077 596 3099 it
606 3081 701 3107 prator.

151 3115 178 3140 4.
198 3109 261 3141 Casa
271 3109 384 3141 cecidiffet
392 3107 491 3142 abiegna
500 3109 534 3134 ad
549 3116 640 3135 terram
656 3111 738 3136 trabes
748 3113 759 3136 ἒ
770 3109 785 3144 ]
809 3108 864 3135 Pal.
877 3117 918 3145 pr.
936 3108 999 3142 Caesae
1007 3111 1072 3134 acci-

113 3143 195 3179 drffint
206 3146 313 3178 abscgnae.
333 3144 437 3179 ceteri,
454 3146 517 3181 Caesae
525 3145 767 3180 cicidgffemabiegnae.
787 3145 832 3174 scd
842 3145 930 3173 minus
940 3144 1014 3173 reste
1027 3163 1035 3177 ,
1054 3144 1074 3173 si

1118 2853 1281 2881 credendum
1293 2853 1417 2880 Prisciani
1428 2853 1498 2879 libi-0
1509 2862 1564 2880 vii.
1585 2853 1631 2888 qui
1642 2852 1765 2887 singulari
1777 2860 1889 2879 numero
1905 2852 1970 2888 poni
1983 2851 2081 2878 memi-

1120 2891 1172 2917 nit.
1192 2891 1309 2924 accidiffet
1323 2898 1409 2917 tamen
1422 2889 1519 2925 placet.
2087 2905 2092 2911 .

1159 2935 1184 2961 5.
1205 2930 1255 2953 Cur
1271 2927 1305 2952 dji
1313 2929 1413 2952 homines
1423 2926 1563 2960 negligant]
1585 2925 1691 2961 Optimi
1709 2923 1771 2951 iibri
1781 2923 1898 2951 nostram
1908 2922 2004 2950 habent
2015 2922 2081 2949 scri-

1118 2969 1222 2999 pturam
1229 2982 1237 2993 ‚
1247 2962 1394 2989 deteriores
1408 2962 1540 2997 vulgatam
1551 2969 1631 2987 utrum
1640 2961 1771 2997 dii‚quam
1782 2961 1810 2987 δε
1821 2959 1920 2996 respuit
1929 2959 2080 2987 Viffioriiis.

1155 3000 1182 3024 6.
1201 3001 1316 3033 Pontifex
1333 3008 1400 3024 max.
1419 3001 1454 3023 cf}
1472 3001 1515 3033 Q
1523 3000 1623 3024 scaevola
1641 2997 1805 3031 truciacum]
1825 2996 1957 3023 Videatur
1968 2995 2076 3022 auribus

1113 3035 1272 3069 jucundius,
1282 3035 1352 3070 quod
1364 3041 1440 3061 extat
1451 3035 1477 3061 iii
1490 3034 1546 3061 Pal.
1558 3040 1695 3068 tei-upum.
1704 3043 1770 3060 max.
1781 3035 1917 3066 gQScaevoIa
1925 3032 2075 3058 trucIdatur.

1118 3070 1160 3097 sed
1171 3080 1231 3097 cum
1252 3072 1330 3099 restet
1339 3071 1453 3098 alterum
1464 3071 1491 3097 in
1502 3079 1543 3107 pr.
1563 3071 1591 3096 &
1601 3069 1651 3097 sec.
1670 3079 1723 3097 non
1734 3069 1813 3096 anfim
1833 3069 1865 3096 ab
1883 3069 1921 3096 eis
1940 3067 2074 3096 recedere.

1117 3115 1240 3144 tanquam
1252 3109 1297 3143 qui
1309 3108 1401 3134 multis
1414 3106 1532 3134 millibus
1544 3107 1666 3143 praestent
1676 3106 1773 3142 ubique
1783 3106 1877 3133 tertio.

1148 3152 1177 3179 7.
1195 3147 1321 3179 septimum
1330 3144 1439 3180 Consul]
1461 3143 1690 3207 Ilzak'fpsstr‘fhfmque
1698 3143 1729 3172 W
1736 3143 1902 3179 oumsefflies.
2055 3174 2077 3193 e·

1475 3190 1479 3197 ι
1642 3188 1660 3206 2
2018 3183 2030 3201 1
2039 3196 2041 3199 .
2052 3192 2060 3200 υ
2068 3188 2077 3200 t

2123 1359 2164 1392 32⁷
