2295 3400
562 114 634 160 2..

153 114 248 177 418
713 110 1077 157 Tunnit

1157 108 1698 157 thERortts

150 196 185 228 ad
197 199 363 228 Muraenam
382 194 409 227 se
428 192 526 226 statim
543 193 746 223 contulerunt.
770 193 878 234 Magna
891 189 933 222 est
944 198 1044 222 autem
1055 199 1106 220 co·
1151 189 1247 221 obsint
1258 189 1338 220 bona
1349 191 1392 220 Μ.
1403 192 1524 221 Catonis
1534 212 1543 225 .
1556 202 1621 233 quae
1630 191 1682 223 ilie
1691 191 1810 233 adeptus
1821 190 1863 223 est
1872 212 1881 226 ,
1899 200 1935 224 ut
1942 191 2110 237 multisprqp

156 241 252 270 mitiis
264 235 467 269 consularibus
481 244 636 276 ,repentina
649 234 834 264 voluntatum
848 233 993 262 inclinatio
1006 252 1014 267 ‚
1035 241 1108 273 prae-
1151 230 1217 270 deffit
1226 230 1330 272 posset.
1347 233 1395 262 Bis
1404 232 1507 262 consul
1517 232 1611 264 fuerat
1620 237 1653 265 P.
1663 233 1820 265 Africanus
1831 255 1839 268 ,
1853 235 1885 265 &
1896 235 2110 269 duosteirores

158 282 258 311 sertim
275 279 344 310 cuin
357 279 493 308 insuia-ii:
511 276 546 307 ad
556 278 656 306 virum
667 276 783 306 bonurn
797 296 806 309 ‚
826 275 858 306 ὅτ.
870 276 976 305 multis
986 275 1051 305 aliis
1060 272 1112 304 ad·
1154 275 1243 313 hujus
1261 276 1379 313 imperii
1391 294 1400 307 ,
1422 275 1634 315 Karthaginem
1646 296 1655 310 ,
1676 279 1934 318 Numantiamque
1950 277 2115 311 deleverat&k

156 321 467 364 jumentispe'vtionis
481 327 632 350 ornatum.
655 319 789 358 quicum
801 314 1111 361 honestissimopatre,
1155 315 1227 347 cuni
1241 315 1386 346 accusavit
1399 335 1407 350 ,
1428 317 1463 346 L.
1476 318 1605 347 Cottam.
1629 327 1688 348 erat
1701 320 1732 348 in
1746 328 1783 348 eo
1798 319 1915 349 summa
1929 319 2110 360 eloquentia,

160 373 245 404 atque
263 362 426 398 magoribus
444 358 663 390 modestissima
675 358 869 389 adolescentia
881 382 888 393 ,
907 357 1114 389 clariiximale-

160 408 280 447 gatione
291 424 299 437 ,
319 403 569 443 praemimur-<bata
579 403 611 431 in
623 402 685 440 jure
696 421 704 435 ‚
721 409 796 443 grata
808 402 837 431 ir:
850 409 975 431 munere
987 420 995 434 2
1014 408 1113 430 ornata

163 457 194 477 ir.
206 447 359 485 provincia
372 466 379 479 ‚
400 442 516 485 petisset
528 443 686 484 diligenter
697 463 705 477 ,
728 443 760 472 Εἰ
771 445 811 473 ita
821 440 933 483 petiss‘et
945 462 953 476 ,
974 451 1006 473 ut
1019 451 1117 482 neque

163 497 291 517 mimmii
305 488 419 517 cederet
435 507 441 516 .
463 495 559 527 neque
571 487 710 526 cuiquam
723 494 903 515 minaretur:
923 485 993 515 huic
1005 493 1117 514 miran-

163 531 234 559 dum
254 529 295 558 tsi
313 539 418 568 magne
437 526 614 567 adjumento
626 527 767 557 Catilinae
778 526 906 557 subitam
916 527 997 566 spem
1007 525 1117 556 consu-

162 572 237 601 latus
247 571 323 611 adipi
331 569 428 601 scendi
436 567 537 600 fuisse>
545 572 637 599 'lunc
646 570 722 598 mihi
732 571 836 598 tertius
845 568 895 598 illc
906 569 991 598 locus
1000 566 1042 598 est
1051 578 1116 598 ora—

164 615 257 644 tionzs
268 613 303 642 d:
312 612 438 641 cristi-m
446 611 626 641 criminibus
637 632 645 645 ,
661 618 852 651 perpurgatus
862 610 898 640 ab
907 611 944 640 iis
955 631 963 644 ,
983 611 1113 651 quiante

165 664 214 684 ‚vae
233 655 387 684 dirarum:
413 654 425 683 ξ’
440 662 486 683 me
501 673 509 686 ,
528 655 674 694 quoniam
694 654 733 682 ita
742 654 879 683 Muraena
895 652 1011 685 voluit,
1030 660 1118 681 retra-

165 695 292 726 &andus
306 707 310 725 :
329 706 389 737 quo
402 697 433 725 in
444 696 512 725 laco
522 694 676 725 Postumio
686 713 695 728 ,
713 693 853 724 familiari
864 703 933 723 meo
945 713 952 727 2
971 691 1121 723 ornatissi—

168 746 222 768 mo
236 739 301 767 viro
318 758 325 771 2
345 738 380 767 de
395 736 561 767 divisorum
575 735 715 769 indiciis,
736 735 768 765 δε
781 735 818 765 de
831 734 1017 775 deprehensis
1030 744 1120 774 pecu-

164 783 225 810 niis
237 778 430 810 :adolescenti
443 779 575 820 ingenim·
594 778 642 808 »Sc
653 777 748 810 bono,
758 780 816 808 Ser.
829 778 973 817 Sulpicio,
987 777 1023 806 de
1032 777 1118 817 equi-

166 832 230 852 turn
245 824 404 852 centuriis·
424 824 469 850 M.
482 822 605 853 Catoni,
625 821 745 849 homini
759 821 790 848 in
801 821 890 848 omni
900 820 1009 848 virtute
1021 817 1121 847 excel-

166 864 239 894 ic·n:i
253 884 260 891 .
277 863 313 894 de
325 861 412 903 ipsius
424 862 607 893 accusatione
621 883 628 893 -,
647 861 682 890 d:
693 860 947 890 senatusconsulto
958 880 966 893 ,
987 859 1023 889 de
1034 868 1123 899 repu-

131 922 142 941 ,-
168 906 244 935 liiica
254 904 450 946 rtsfondebo.
473 904 527 934 Sed
539 913 627 943 pauci
638 923 646 935 ,
658 910 723 943 qua·
735 912 778 931 m<
787 911 838 931 um
849 904 988 931 animuin
1001 900 1121 940 repente

168 956 332 977 moverunt
347 966 354 980 ‚
374 946 455 987 prius
467 947 501 976 ti:
513 948 548 975 1..
562 943 833 974 *Nialiaessssffli'ssissa
842 952 1013 983 conquerar.
1040 944 1121 971 Nam

167 989 241 1019 cuni
261 990 333 1028 saepe
352 998 436 1018 antea
448 1008 456 1020 ‚
478 987 581 1021 iudice<
602 1006 607 1017 .
630 985 663 1014 δε
677 995 716 1014 ex
728 985 855 1015 aliorum
872 985 998 1015 miii-riis
1010 1003 1017 1017 ‚
1038 983 1071 1013 δε
1085 992 1122 1013 ex

169 1032 248 1061 meis
265 1033 343 1061 curis
355 1050 362 1063 ,
384 1027 589 1068 laboribusque
602 1026 786 1068 quotidianis
800 1047 808 1060 ,
822 1026 985 1066 fortunatos
998 1034 1050 1055 eos
1068 1025 1123 1055 ho-

169 1074 269 1102 mines
281 1072 441 1109 judicarem
452 1091 459 1103 ‚
473 1071 525 1110 qui
537 1072 672 1099 remoti-a
684 1066 786 1098 studiis
797 1068 977 1098 ambitionis
988 1087 995 1101 ‚
1010 1069 1122 1099 otium,

169 1123 203 1144 ac
214 1114 459 1154 tranquillitatem
470 1120 538 1141 vitae
550 1111 638 1141 secuti
651 1110 813 1140 stint21um
822 1107 940 1140 veroin
950 1111 997 1138 his
1008 1111 1042 1139 L.
1054 1111 1126 1138 Mu-

169 1164 255 1186 raena:
267 1156 355 1185 tantis
366 1174 374 1188 ‚
385 1162 504 1193 tamque
516 1150 684 1193 improvisis
693 1152 832 1192 periculis
841 1154 879 1181 ita
892 1151 956 1181 sum
967 1153 1071 1181 animo
1083 1148 1126 1179 af-

171 1195 268 1227 fec'tus
280 1217 288 1229 ,
308 1205 341 1226 ut
357 1205 422 1225 non
439 1203 548 1236 queam
565 1194 632 1225 satis
649 1203 746 1234 neque
762 1202 963 1223 communem
981 1194 1125 1222 omnium

171 1236 310 1268 nostrum
321 1237 533 1268 conditionem
545 1255 553 1270 ‚
575 1245 672 1276 neque
682 1236 771 1275 hujus
781 1244 924 1265 eventum
938 1255 945 1267 ,
957 1233 1128 1264 fortunam-

170 1287 231 1320 que
242 1280 373 1310 misei·ari
384 1289 389 1308 ε
400 1280 453 1319 qui
462 1276 599 1318 primum
610 1277 684 1307 dum
694 1285 732 1306 ex
742 1277 911 1306 honoribus
920 1277 1074 1306 continuis
1084 1273 1128 1304 fa-

170 1322 267 1352 miliae
279 1341 288 1356 ,
299 1321 452 1357 maiorum
476 1329 512 1350 ue
522 1320 644 1350 suorum
655 1326 752 1349 unum
763 1317 938 1348 adscendere
947 1317 1071 1359 gradum
1082 1316 1129 1346 di-

192 1365 292 1394 nitatis
299 1371 424 1393 conatus
434 1373 449 1392 e
485 1381 493 1395 ,
509 1363 637 1391 venitin
646 1360 814 1401 periculum
825 1379 833 1393 ‚
851 1369 889 1390 ne
900 1360 932 1390 &
941 1369 974 1389 ea
984 1379 992 1392 ,
1007 1367 1073 1399 quae
1084 1368 1130 1388 re-

169 1370 242 1436 siaa
252 1415 261 1438 ς
272 1404 305 1435 &
315 1405 378 1435 haec
387 1424 396 1438 ,
407 1412 471 1445 quae
480 1403 516 1434 ab
526 1403 590 1443 ipso
599 1411 679 1443 parta
689 1401 756 1433 sunt
765 1421 774 1436 ‚
786 1402 909 1431 amittat
917 1412 928 1429 :
939 1400 1048 1431 deinde
1058 1408 1127 1440 pro-

169 1450 235 1487 pter
245 1445 379 1476 studium
391 1455 478 1476 novae
488 1444 583 1475 laudis
592 1465 600 1478 ,
619 1445 709 1474 etiarn
721 1446 754 1474 in
769 1445 877 1474 veteris
885 1441 1017 1473 fortunae
1027 1441 1129 1472 discri—

172 1496 246 1518 men
256 1487 420 1518 adducitur.
442 1494 509 1529 quae
518 1485 590 1516 cum
601 1486 668 1516 sunt
677 1486 776 1527 gravia
788 1505 797 1519 ,
819 1485 932 1525 judices
941 1504 950 1518 ,
973 1493 1040 1514 tum
1054 1482 1128 1513 illud

170 1528 390 1561 acerbissimum
402 1527 444 1559 est
452 1549 459 1563 ‚
472 1528 552 1570 quod
563 1528 650 1559 habet
659 1536 709 1557 eos
719 1527 909 1560 accusatores,
920 1535 985 1556 non
995 1526 1047 1566 qui
1056 1524 1130 1555 odio

171 1572 403 1602 inimicitiarum
417 1570 453 1601 ad
466 1569 662 1600 accusandum
673 1589 682 1604 ,
700 1568 748 1599 sed
758 1571 810 1610 qui
820 1567 918 1598 studio
929 1567 1082 1598 accusandi
1093 1565 1129 1596 ad

172 1614 350 1644 inimicitias
360 1611 581 1643 descenderent.
593 1614 674 1641 Nam
686 1630 695 1645 ‚
717 1619 750 1640 ut
759 1611 899 1640 omittam
911 1611 1049 1640 Servium
1061 1607 1131 1638 Sul-

172 1657 306 1696 picium,
328 1663 421 1696 quem
432 1652 571 1694 intelligo
582 1661 646 1683 noti
667 1652 775 1692 injuria
785 1653 820 1682 L.
832 1654 993 1684 Muraenae,
1013 1649 1063 1681 sed
1073 1651 1131 1679 ho-

172 1698 256 1728 noris
273 1698 469 1727 contentione
486 1701 660 1735 permotum
680 1704 685 1723 z
712 1694 826 1724 accusat
843 1699 981 1734 paternus
1000 1693 1127 1724 amicus,

174 1742 186 1759 ¹
197 1741 252 1770 Cn.
260 1737 433 1769 Postumius
442 1757 449 1771 ‚
460 1745 545 1767 vetus
554 1757 563 1770 ,
573 1745 606 1766 ut
615 1738 655 1766 ait
665 1736 724 1776 ipse
733 1755 741 1769 ,
753 1737 871 1765 vicinus
881 1755 890 1769 ‚
900 1745 932 1765 ac
941 1731 1126 1765 necessarius:

172 1782 227 1823 qui
245 1778 467 1810 necessitudinis
484 1779 582 1809 causas
601 1778 784 1818 complureis
802 1777 928 1817 protulit
941 1796 950 1810 ‚
973 1773 1128 1806 simultatis

172 1822 290 1854 nullam
309 1829 549 1852 commemorare
566 1821 680 1860 potuit:
699 1819 810 1850 accusat
820 1821 881 1849 Ser.
893 1819 1041 1858 Sulpicius
1052 1837 1061 1851 ‚
1083 1817 1128 1847 so-

173 1864 249 1894 dalis
261 1861 315 1893 filii
330 1883 338 1897 ,
356 1863 441 1901 cujus
454 1863 576 1903 ingenio
586 1862 699 1902 paterni
712 1870 820 1891 ornnes
829 1858 981 1890 necess'arii
992 1858 1131 1888 munitio-

174 1914 214 1934 res
228 1903 285 1935 esse
298 1904 461 1935 debebant:
483 1903 596 1934 accusat
606 1905 651 1933 M.
664 1906 736 1934 Cato
747 1922 755 1936 ‚
775 1904 826 1944 qui
836 1901 1020 1943 quamquam
1034 1901 1049 1930 a
1058 1902 1130 1929 Mu—

176 1956 252 1978 rama
268 1946 350 1977 null-i
365 1956 394 1976 re
411 1953 555 1987 umquam
571 1945 686 1975 alienus
702 1944 778 1978 fuit,
799 1953 899 1974 tamen
910 1953 943 1974 ea
952 1942 1130 1974 conditione

176 1988 267 2019 nobis
278 1989 378 2018 eratin
389 1989 442 2018 hac
450 1989 568 2017 civitate
577 1994 664 2016 natus
674 2007 682 2019 ‚
693 1994 724 2016 ut
735 1986 799 2026 ejus
809 1995 880 2026 opes
893 2006 902 2018 ‚
915 1985 948 2015 &
958 1986 1129 2026 ingenium,

174 2029 310 2071 praesidio
324 2030 427 2060 multis
446 2030 536 2059 etiam
552 2032 566 2048 ²
576 2026 763 2059 alieniffimis
773 2029 827 2057 vix
837 2028 980 2067 cuiquam
990 2027 1130 2059 inimico,

173 2073 270 2103 exitio
293 2071 350 2102 csse
373 2071 500 2101 deberet.
530 2069 735 2110 Respondebo
762 2071 852 2110 igitur
868 2067 1047 2099 Posthumio
1071 2069 1131 2108 pri-

178 2112 267 2144 mum
278 2133 286 2147 ,
306 2115 358 2154 qui
369 2113 468 2143 nescio
479 2122 540 2153 quo
551 2111 639 2152 paeto
650 2112 728 2140 mihi
737 2112 857 2140 videtui·
866 2112 1020 2150 praetorius
1030 2109 1133 2140 candi-

177 2155 262 2186 datus
274 2157 306 2184 in
317 2154 502 2184 consularem
516 2175 524 2187 ‚
539 2151 619 2195 quasi
628 2152 794 2192 desultorius
804 2154 836 2181 in
846 2152 1055 2193 quadrigarum
1066 2160 1133 2181 cur-

176 2197 308 2228 riculum
318 2197 477 2226 incurrere.
489 2195 576 2235 cujus
586 2202 800 2234 competitores
810 2191 831 2222 si
841 2194 919 2222 nihil
929 2193 1130 2233 deliquerunt,

175 2238 314 2279 dignitati
331 2247 436 2267 eorum
454 2235 613 2271 conceffit,
631 2235 703 2266 esim
716 2242 816 2275 petere
832 2233 957 2264 destitit.
980 2232 1132 2264 sinautem

175 2288 284 2310 eorum
293 2278 398 2320 aliquis
409 2278 528 2319 largitus
538 2277 581 2309 est
592 2289 597 2307 z
608 2276 793 2317 expetendus
803 2277 918 2306 amicus
928 2275 970 2306 est
978 2296 987 2310 ‚
999 2278 1052 2317 qui
1061 2275 1134 2306 alie-

178 2331 249 2353 nam
261 2323 362 2362 potius
373 2322 414 2361 inj
421 2324 515 2350 uriam
526 2340 535 2354 ‚
550 2318 642 2361 quarn
654 2319 734 2349 suam
743 2317 941 2358 persequatur.

224 2383 275 2414 Ea
286 2380 402 2417 o'mnia,
414 2389 485 2426 quae
497 2376 544 2419 <sy
556 2376 722 2424 Postumio,
733 2374 781 2418 ὠ
792 2380 854 2412 Ser.
865 2375 1003 2423 Sulpicio,
1016 2375 1092 2411 ado-

345 2424 480 2473 lescenti,
493 2424 597 2473 rispon
613 2425 728 2472 afimt,
742 2424 968 2472 defideramur.

115 2491 158 2526 253
181 2484 282 2515 Venio
299 2493 380 2514 nunc
396 2482 432 2514 ad
446 2484 641 2513 M-Catonem
655 2503 664 2516 ,
678 2480 759 2523 quod
779 2480 821 2512 est
839 2479 1082 2513 firmamentum,
1106 2491 1138 2512 ac

182 2525 272 2557 robur
286 2528 376 2556 totius
386 2524 583 2556 accusationis
598 2535 604 2554 ι
622 2526 675 2566 qui
690 2533 791 2554 taimen
804 2525 844 2554 ita
856 2527 952 2566 gravis
968 2522 1011 2554 est
1023 2524 1139 2554 accusa—

182 2575 237 2601 tor,
251 2567 282 2597 ὃς
292 2568 468 2601 vehemens,
481 2574 512 2596 ut
524 2567 623 2596 multo
634 2568 726 2607 magis
738 2567 801 2606 ejus
811 2568 1032 2599 auetoritatem,
1047 2565 1136 2606 quam

181 2611 425 2640 criminationem
437 2608 655 2648 pertimescam.
678 2611 715 2638 In
724 2617 784 2649 quo
795 2617 849 2650 ego
861 2608 1025 2638 accusatore
1036 2628 1044 2641 ‚
1058 2607 1139 2647 judi-

182 2661 230 2682 ces
241 2671 248 2684 ,
264 2650 397 2690 primum
408 2651 482 2680 illud
493 2651 670 2691 deprecabor
681 2671 689 2685 ‚
703 2661 741 2681 ne
752 2652 825 2692 quid
836 2652 871 2680 L.
886 2652 1028 2681 Muraenae
1039 2649 1139 2691 digni-

183 2702 226 2722 tas
240 2693 340 2726 illius,
360 2702 396 2722 ne
414 2692 486 2732 quid
503 2692 684 2733 exspe&atio
702 2692 886 2726 tribunatus,
913 2702 952 2722 ne
962 2691 1035 2733 quid
1045 2694 1139 2722 totius

180 2736 252 2765 vitae
263 2734 402 2775 splendor
411 2755 420 2768 ,
441 2735 472 2765 δε
481 2737 607 2777 gravitas
620 2744 726 2766 noceat
739 2747 744 2764 ;
762 2734 892 2776 denique
904 2744 942 2765 ne
952 2744 984 2764 ea
994 2734 1051 2765 soli
1067 2734 1136 2764 huic

225 2865 234 2883 1
243 2877 248 2882 .
268 2860 312 2882 Cn.
324 2859 480 2893 Postumium]
503 2859 529 2884 Si
541 2858 760 2894 adquiescendum
772 2857 829 2885 mss.
841 2857 935 2884 nostris
947 2876 955 2889 ,
974 2857 1002 2882 δε
1022 2854 1083 2882 cdd.
1096 2856 1143 2882 ob-

185 2891 275 2919 soletis
289 2912 296 2923 ‚
309 2895 487 2929 reponendum
499 2902 553 2920 tam
566 2894 621 2920 heit-
633 2904 709 2930 quam
722 2895 796 2931 supra
805 2895 831 2920 &
845 2893 914 2920 infra
924 2894 1037 2926 Postumo.
1059 2892 1143 2927 sicque

184 2929 266 2955 etiarn
279 2927 374 2955 restare
385 2930 410 2955 iii
424 2931 450 2955 b.
462 2930 577 2956 ViStoris
591 2950 599 2962 ‚
617 2932 754 2958 annotarit
764 2929 938 2957 Gulielmius.

222 2966 471 2998 2.:A.'icniffi‘mi5,vix
480 2970 588 3000 cuiquam
597 2970 768 2999 inimico,exitio
778 2967 819 3001 effe
827 2966 942 3000 ‹sthi-rer]
955 2963 998 2991 Est
1009 2965 1024 2991 ὰ
1035 2964 1145 2991 Lambi-

184 3000 212 3027 ni
224 2999 449 3032 conie&ura,cuui
461 3001 485 3027 in
498 3001 940 3039 mthmmiifuiffet‚=x1m.priiis
951 3000 1146 3038 publicabat.ii·,

185 3038 327 3070 ciiem'ffimis
338 3055 346 3069 ,
364 3040 410 3062 vix
428 3037 664 3071 cuiquam'inimicus
681 3040 720 3072 effi
733 3040 832 3064 diberit.
853 3039 879 3064 S.
891 3037 1007 3064 Vitftoris
1026 3037 1145 3073 praefcrt,

186 3073 272 3098 altenis
283 3079 321 3104 ‚ex
330 3075 374 3098 Ima
383 3075 430 3099 vix
440 3076 549 3108 cuiquam
557 3077 648 3099 inimiito
657 3075 696 3107 effe
707 3076 806 3101 deberet.
825 3074 867 3100 cui
879 3073 972 3110 scriptu
978 3081 1011 3099 γε
1021 3072 1145 3099 alludunt

187 3108 256 3135 Pau.
277 3108 301 3135 in
322 3108 416 3143 quibus
430 3128 438 3141 ,
457 3109 586 3143 alieniffimo
603 3112 649 3135 ‘vix
667 3114 786 3144 cuiquam.
806 3110 872 3136 adeo
884 3116 912 3136 ut
929 3116 1049 3146 appareat
1059 3109 1145 3139 verbis

188 3144 349 3182 transpositis
359 3145 414 3182 legi
427 3146 510 3175 alicnis
523 3165 532 3182 ,
544 3148 613 3175 cmm
622 3149 668 3176 vix
676 3149 786 3184 cuiquam
794 3148 887 3176 initum
896 3147 936 3183 effe
945 3147 1047 3187 deberet.

1159 358 1276 389 summa
1287 355 1360 388 fides
1369 377 1378 392 ‚
1391 358 1509 389 summa
1518 360 1668 400 integritas
1678 379 1686 393 ‚
1698 359 1855 390 audioritas
1866 369 1943 390 tanta
1955 381 1962 393 ‚
1977 364 1989 388 3
2001 368 2111 401 quanta

1159 401 1189 430 in
1203 400 1265 439 ipso
1278 401 1408 440 imperio
1424 400 1690 440 populiRomani‚
1710 401 1884 442 quodiilius
1895 412 1981 442 opera
1992 402 2114 432 teneba-

1159 451 1216 471 tur.
1239 443 1319 482 Saepe
1330 442 1386 472 hoc
1397 442 1524 482 majores
1534 450 1603 472 natu
1615 442 1711 472 dicere
1720 442 1839 476 audivi,
1852 444 1927 474 hanc
1935 444 2113 474 accusatoris

1159 485 1302 514 eximiam
1319 483 1497 523 dignitatem
1506 483 1677 523 plurimum
1690 486 1725 514 L.
1738 484 1980 525 Cottaeprofmffi.
2004 485 2115 515 nolue-

1160 533 1229 555 runt
1239 523 1441 565 sapientissimi
1450 525 1592 555 homines
1602 545 1611 559 ‚
1622 527 1674 566 qui
1685 534 1750 556 tum
1761 535 1824 556 rem
1836 527 1919 556 illam
1931 526 2115 566 judicabant,

1160 569 1199 597 ita
1208 576 1391 608 quemquam
1401 565 1502 597 cadere
1515 568 1547 596 in
1554 567 1673 606 judicio
1686 587 1694 600 ,
1716 577 1749 597 ut
1759 569 1864 597 nimiis
1874 567 2027 598 adversarii
2040 569 2116 598 viri-

1162 609 1216 639 bus
1227 608 1358 648 abjeetus
1366 608 1524 638 videretur.
1548 608 1631 649 Qid
1642 612 1652 638 ?
1665 612 1725 639 Ser.
1737 609 1862 640 Galbam
1877 608 1958 649 (narn
1972 609 2115 640 traditum

1165 653 1323 681 memoria:
1332 649 1387 691 est)
1396 659 1500 680 nonne
1509 659 1621 690 proavo
1633 659 1684 680 tuo
1696 670 1703 684 ‚
1712 649 1873 681 fortiffimo
1882 671 1891 685 ‚
1906 659 1992 692 atque
2004 650 2116 682 floren-

1163 691 1273 722 tiflimo
1282 694 1368 725 viro,
1389 693 1423 722 M
1429 693 1551 722 .Catoni
1565 711 1574 726 ,
1592 692 1783 723 incumbenti
1800 692 1836 723 ad
1854 693 1918 732 ejus
1934 694 2114 733 perniciem,

1161 734 1290 774 populus
1312 735 1409 764 Rom.
1436 735 1566 774 eripuit?
1584 736 1707 774 Semper
1725 736 1757 764 in
1774 735 1828 765 hac
1843 736 1962 765 civitate
1984 744 2005 764 N
2018 744 2029 765 1
2041 745 2068 764 M
2081 744 2092 764 1
2105 743 2119 765 s

1166 785 1193 805 M
1204 784 1225 804 A
1236 784 1255 805 G
1265 784 1286 804 Ν
1297 785 1308 805 1
1319 785 1331 804 s
1353 775 1556 805 accusatorum
1574 776 1682 815 opibus
1702 775 1736 806 &
1748 777 1876 816 populus
1889 777 2043 807 universus
2053 796 2062 810 ‚
2084 775 2118 807 &t

1164 817 1320 856 sapientes,
1333 826 1366 846 ac
1377 815 1510 846 multum
1521 819 1553 846 in
1564 816 1715 856 posterum
1727 817 2062 858 prospicientesjudices
2075 827 2123 848 re·

1165 857 1313 887 stiterunt.
1337 858 1423 887 Nolo
1440 859 1589 888 accusator
1602 860 1636 889 in
1650 859 1802 899 judicium
1821 861 1988 900 potentiam
2009 858 2120 893 afferat,

1168 908 1233 929 non
1251 901 1315 928 vim
1333 899 1478 938 majorem
1495 900 1626 940 aliquam
1638 920 1646 934 ‚
1667 911 1731 930 non
1746 900 1953 931 auam-itatem
1971 901 2122 931 excellen-

1167 950 1228 971 tem
1240 960 1248 974 ‚
1268 949 1333 971 non
1345 942 1474 971 nimiam
1484 944 1618 982 gratiam.
1640 942 1756 972 valeant
1765 943 1827 973 haec
1838 945 1943 972 omnia
1954 943 1993 971 ad
1999 942 2125 982 fiilutem

1167 984 1379 1012 innocentium
1388 1001 1397 1016 ‚
1410 982 1445 1013 ad
1455 992 1546 1022 opem
1556 985 1787 1023 impotentium,
1798 984 1833 1014 ad
1844 986 1992 1014 auxilium
2001 984 2125 1015 calami-

1169 1023 1305 1054 tosorum
1319 1034 1325 1053 z
1345 1024 1379 1054 in
1392 1025 1528 1064 periculo
1543 1024 1615 1055 vero
1628 1045 1636 1059 ‚
1656 1025 1731 1055 &in
1741 1027 1871 1066 pernicie
1881 1027 1997 1056 civium
2008 1046 2016 1059 ‚
2036 1035 2127 1065 repu-

1167 1065 1296 1095 dientur.
1306 1068 1387 1096 Nam
1398 1064 1491 1106 siquis
1503 1066 1559 1097 hoc
1567 1065 1645 1097 forte
1654 1067 1742 1100 dicet,
1754 1070 1899 1098 Catonem
1911 1067 2122 1097 descensurum

1167 1107 1203 1137 ad
1216 1106 1413 1138 accusandum
1427 1117 1492 1137 non
1508 1106 1594 1137 fuiss’e
1605 1128 1614 1141 ‚
1634 1107 1689 1137 nisi
1705 1107 1787 1148 prius
1807 1108 1843 1138 de
1862 1109 1945 1139 causa
1961 1106 2125 1148 judicasset:

1167 1150 1302 1190 iniqu-:im
1311 1148 1419 1191 legem,
1430 1148 1557 1188 judices,
1569 1150 1602 1181 δε
1611 1150 1750 1180 miseram
1761 1150 1972 1180 conditionem
1983 1149 2125 1180 instituet

1169 1190 1310 1230 periculis
1323 1191 1487 1221 hominum
1500 1211 1508 1224 .
1531 1189 1550 1220 si
1565 1190 1750 1221 existimabit
1760 1212 1768 1225 ,
1787 1191 1936 1231 judicium
1951 1191 2130 1221 accusatoris

1170 1243 1203 1263 in
1221 1241 1306 1262 reum
1322 1241 1376 1272 pro
1392 1231 1493 1273 aliquo
1505 1232 1661 1274 praejudtcio
1678 1232 1773 1263 valere
1791 1243 1860 1272 opor
1868 1243 1937 1263 tere.
1961 1235 2024 1273 Ego
2038 1241 2129 1263 tuum

1169 1271 1330 1304 consilium
1342 1293 1350 1306 .
1368 1276 1438 1304 Cato
1451 1293 1460 1308 ,
1477 1283 1599 1314 propter
1611 1272 1753 1315 singulare
1768 1276 1862 1304 animi
1880 1276 1940 1304 mei
1954 1274 1990 1304 de
2004 1283 2053 1304 tua
2065 1276 2128 1304 vir-

1169 1315 1392 1355 tutejudicium
1403 1335 1412 1349 ,
1423 1317 1589 1355 vituperare
1597 1325 1662 1345 non
1671 1316 1780 1346 audeo.
1795 1320 1812 1343 4
1821 1327 1839 1346 n
1853 1317 1970 1346 innuila
1979 1319 2012 1346 in
2023 1325 2052 1345 re
2062 1315 2127 1345 for-

1170 1356 1242 1388 sitan
1257 1356 1464 1391 conformare,
1481 1357 1514 1387 &
1525 1357 1630 1387 leviter
1643 1357 1800 1387 emendare
1813 1356 1931 1398 poffim.
1955 1360 2020 1386 Non
2034 1357 2130 1387 multa

1170 1405 1264 1440 peccas
1271 1418 1280 1432 ‚
1299 1399 1400 1439 inquit
1409 1398 1460 1428 ille
1469 1396 1629 1428 fortiffimo
1639 1401 1704 1429 viro
1715 1398 1812 1429 senior
1822 1399 1959 1440 magister
1968 1411 1973 1428 1
1980 1398 2060 1440 sedsi
2066 1406 2130 1440 pec·

1171 1450 1216 1470 cas
1229 1459 1237 1474 ‚
1258 1447 1286 1469 te
1299 1449 1387 1482 regere
1397 1439 1514 1482 poffum.
1537 1443 1577 1470 At
1590 1450 1644 1481 ego
1659 1449 1686 1470 te
1700 1439 1849 1470 veriffime
1863 1443 1994 1470 dixerim
2009 1450 2128 1480 peccare
2146 1454 2196 1489 29

1172 1481 1249 1512 nihil
1259 1501 1268 1516 ‚
1282 1491 1379 1523 neque
1392 1483 1451 1512 ulla
1464 1492 1496 1511 in
1511 1491 1542 1512 re
1557 1490 1586 1512 te
1601 1480 1659 1512 eise
1683 1481 1855 1521 hujusmodi
1868 1502 1876 1514 ,
1893 1482 2130 1522 utcori‘igendus

1172 1521 1273 1564 potius
1282 1543 1290 1557 ,
1302 1524 1394 1564 quam
1403 1523 1509 1554 leviter
1517 1522 1718 1553 infleeiendus
1728 1522 1784 1554 elle
1795 1524 1925 1554 videare.
1942 1530 2033 1554 unxit
2042 1525 2128 1555 enim

1172 1575 1200 1596 te
1214 1566 1275 1606 ipsa
1288 1574 1389 1595 natura
1404 1564 1439 1596 ad
1454 1564 1638 1596 honestatem
1651 1585 1659 1599 ,
1675 1574 1850 1607 gravitatem
1863 1585 1871 1599 ‚
1886 1568 2129 1605 temperantiam,

1173 1606 1415 1648 magnitudinem
1425 1609 1539 1639 animi,
1555 1606 1702 1647 justitiam
1714 1627 1722 1639 ,
1744 1607 1779 1638 ad
1791 1616 1911 1637 omneis
1921 1608 2053 1648 denique
2067 1609 2130 1637 vir-

1172 1657 1248 1679 tutes
1258 1658 1393 1689 magnum
1404 1650 1556 1683 hominem,
1580 1649 1612 1678 &
1623 1650 1785 1678 exceisum.
1809 1647 1924 1678 accessit
1935 1649 1980 1678 his
1990 1658 2050 1682 tot,
2070 1648 2130 1679 do-

1171 1690 1265 1721 &rina
1274 1700 1337 1720 non
1349 1691 1510 1723 moderata,
1527 1700 1581 1720 nec
1591 1692 1685 1724 mitis,
1697 1690 1744 1720 sed
1755 1711 1763 1723 ‚
1777 1700 1810 1720 ut
1819 1691 1897 1720 mihi
1906 1690 2033 1724 videtur,
2043 1690 2130 1730 paul-

1174 1729 1207 1762 ib
1220 1732 1367 1772 asperior,
1389 1732 1421 1762 δε
1433 1732 1553 1765 durior,
1573 1741 1663 1772 quarn
1677 1734 1783 1762 veritas
1793 1752 1801 1765 ‚
1822 1742 1870 1762 aut
1879 1741 1982 1762 natura
1990 1735 2130 1772 patiatur.

1173 1777 1209 1804 Et
1219 1776 1365 1815 quoniam
1376 1783 1439 1803 non
1449 1772 1492 1804 est
1505 1773 1593 1803 nobis
1604 1774 1666 1804 haec
1676 1776 1771 1804 oratio
1782 1773 1915 1804 habenda
1925 1783 1975 1804 aut
1982 1783 2054 1805 cum
2065 1775 2129 1804 im-

1173 1818 1263 1856 perita
1274 1815 1469 1845 multitudine
1480 1835 1489 1849 ‚
1506 1818 1597 1845 autin
1608 1816 1709 1856 aliquo
1719 1825 1873 1846 conventu
1882 1814 2040 1856 agrestium
2052 1826 2059 1845 ε
2074 1825 2128 1846 au-

1173 1856 1274 1888 dacius
1283 1855 1385 1897 paullo
1396 1856 1432 1886 de
1448 1856 1554 1887 studiis
1568 1857 1760 1888 humanitatis
1769 1877 1778 1892 ,
1792 1867 1859 1898 quae
1869 1857 1902 1887 &
1913 1858 1992 1887 mihi
2001 1878 2010 1892 ‚
2029 1858 2062 1888 &
2071 1867 2130 1888 vo-

1173 1899 1219 1930 bis
1230 1908 1301 1929 nota
1311 1919 1319 1932 ‚
1333 1898 1505 1938 &jucunda
1514 1899 1582 1929 sunt
1592 1919 1601 1932 ‚
1613 1899 1781 1939 disputabo.
1806 1902 1843 1929 In
1854 1901 1897 1929 M.
1907 1901 2018 1930 Catone
2027 1920 2036 1933 ‚
2045 1899 2129 1940 Judi-

1171 1951 1218 1971 ces
1231 1961 1239 1975 ‚
1251 1941 1313 1971 haec
1323 1940 1402 1970 bona
1411 1961 1419 1975 ,
1430 1951 1494 1982 quae
1505 1941 1645 1971 videmus
1654 1941 1757 1972 divina
1766 1961 1775 1975 ‚
1788 1941 1820 1971 δε
1830 1942 1956 1983 egregia,
1973 1939 2062 1982 ipsius
2072 1941 2131 1972 sci-

1174 1990 1235 2013 tote
1249 1981 1306 2012 ess'e
1319 1984 1449 2022 propria.
1473 1993 1539 2024 quae
1551 1992 1784 2024 nonnumquam
1799 1985 1980 2023 requirimus
1990 2003 1999 2017 ‚
2019 1993 2052 2014 ea
2062 1983 2132 2013 sunt

1174 2025 1279 2054 omnia
1299 2034 1366 2054 non
1387 2021 1405 2053 Σι
1421 2033 1526 2053 natura
1537 2045 1545 2058 ‚
1563 2025 1612 2055 sed
1629 2024 1644 2055 a
1658 2024 1810 2067 magistro.
1833 2026 1995 2055 Fuitenim
2005 2024 2132 2065 quidam

1173 2067 1295 2096 summo
1305 2067 1431 2107 ingenio
1441 2069 1503 2100 vir,
1518 2067 1603 2096 Zeno
1613 2086 1621 2100 ‚
1633 2067 1718 2107 cujus
1727 2069 1924 2097 inventorum
1933 2068 2038 2096 aemuli
2050 2067 2132 2097 Stoi-

1174 2110 1201 2138 ci
1217 2109 1426 2138 nominantur.
1451 2109 1551 2149 Hujus
1568 2109 1722 2139 sententiae
1740 2109 1829 2141 sunt,
1852 2107 1886 2137 &
1898 2116 2040 2148 praecepta
2053 2106 2133 2148 ejus-

1176 2149 1277 2179 modi:
1301 2152 1500 2179 SAPIENTEM
1518 2151 1606 2190 gratia
1623 2159 1791 2191 numquam
1809 2151 1946 2184 moveri,
1960 2157 2131 2189 numquam

1174 2192 1349 2232 cujusquam
1362 2190 1475 2221 dehere
1486 2192 1636 2232 ignoscere
1648 2203 1653 2220 :
1672 2193 1832 2222 neminem
1847 2190 2072 2221 misericordem
2085 2189 2132 2220 es-

1177 2233 1204 2262 se
1216 2253 1224 2266 ,
1242 2231 1295 2262 nisi
1312 2232 1437 2263 stultum
1450 2253 1458 2266 ‚
1474 2233 1507 2263 δε
1518 2234 1633 2262 levem:
1651 2235 1710 2263 viri
1720 2242 1783 2262 non
1794 2229 1851 2262 effe
1864 2251 1873 2265 ,
1893 2241 1989 2272 neque
1999 2233 2130 2265 exorari,

1178 2284 1276 2314 neque
1293 2275 1417 2313 placari,
1439 2274 1518 2304 solos
1536 2274 1691 2313 sapienteis
1708 2272 1764 2303 effe
1781 2294 1789 2307 ‚
1811 2272 1833 2302 si
1848 2271 2049 2303 distortissimi
2062 2271 2130 2307 sint,

1178 2315 1345 2345 formosos:
1360 2314 1380 2344 si
1391 2313 1618 2347 mendiciss‘imi‚
1630 2314 1750 2345 diviteis
1761 2326 1766 2344 ;
1777 2313 1797 2344 fi
1808 2315 1979 2345 servitutem
1991 2314 2132 2348 serviant,

1179 2366 1262 2397 reges
1273 2365 1279 2384 t
1292 2365 1349 2386 nos
1359 2364 1469 2389 autem,
1480 2358 1533 2397 qui
1541 2357 1698 2396 sapienteis
1707 2366 1770 2387 non
1782 2356 1884 2386 sumus
1893 2376 1901 2390 ,
1910 2355 2068 2398 fugitivos,
2078 2365 2135 2386 ex-

1181 2397 1197 2427 s
1197 2399 1259 2426 ules
1270 2417 1278 2431 ,
1293 2397 1421 2428 hosteis:
1435 2398 1556 2428 insanos
1566 2397 1696 2439 denique
1706 2396 1765 2428 ess'e
1774 2397 1896 2428 dicunt:
1916 2398 2020 2428 omnia
2029 2407 2136 2437 pecca-

1181 2448 1208 2469 ta
1226 2437 1282 2469 effe
1300 2448 1396 2479 paria:
1413 2448 1508 2469 omne
1523 2438 1671 2469 deliEium
1683 2461 1691 2472 ,
1711 2440 1804 2470 scelus
1820 2437 1878 2470 ess'e
1891 2439 2058 2470 nefarium:
2078 2449 2137 2470 nec

1181 2480 1286 2510 minsis
1304 2481 1478 2522 delinquere
1496 2491 1566 2511 eum
1583 2502 1592 2515 ‚
1615 2483 1669 2523 qui
1686 2481 1799 2523 gallum
1816 2481 2013 2524 gallinaceum
2030 2501 2040 2515 ‚
2061 2480 2136 2512 cum

1183 2532 1256 2562 opus
1273 2533 1336 2553 non
1349 2521 1438 2553 fuerit
1448 2543 1455 2556 ‚
1470 2533 1560 2564 quam
1570 2533 1639 2553 eum
1650 2543 1660 2557 ‚
1680 2525 1732 2565 qui
1741 2532 1856 2564 patrem
1866 2522 2070 2554 suffocaverit:
2091 2523 2136 2554 sa-

1180 2568 1315 2604 pientem
1327 2566 1403 2594 nihil
1413 2567 1539 2605 opinari,
1549 2565 1664 2595 nullius
1672 2566 1715 2595 rei
1723 2567 1880 2606 poenitere,
1889 2565 1972 2595 nulla
1981 2567 2014 2595 in
2022 2575 2052 2595 re
2059 2563 2136 2599 falli,

1183 2605 1358 2637 sententiam
1371 2616 1485 2637 mutare
1497 2616 1676 2648 numquam.
1687 2609 1760 2637 Haec
1769 2605 2135 2649 homoingeniosiffimus,
2155 2611 2200 2654 30·

1183 2650 1229 2678 M.
1241 2651 1313 2679 Cato
1325 2669 1332 2683 ,
1343 2648 1514 2679 aridioribus
1524 2647 1734 2680 eruditiffimis
1744 2648 1886 2680 induatis
1898 2669 1906 2683 ‚
1923 2651 2063 2690 arripuit:
2082 2658 2137 2679 ne-

1183 2701 1240 2731 que
1253 2690 1413 2730 disputandi
1425 2692 1508 2721 causa
1521 2711 1529 2725 ‚
1551 2700 1583 2721 ut
1594 2701 1699 2733 magna
1707 2700 1772 2731 pars
1783 2711 1792 2724 ‚
1812 2691 1909 2721 sedita
1921 2691 2059 2721 vivendi.
2081 2693 2139 2721 Pe-

1186 2741 1254 2763 tunt
1271 2733 1385 2774 aiiquid
1402 2733 1576 2774 publicani?
1592 2743 1664 2765 cave
1681 2733 1847 2775 quidquam
1865 2733 1970 2765 habeat
1984 2733 2140 2778 momenti

2029 2781 2142 2815 gratia.

1222 2864 1247 2892 3.
1267 2858 1367 2889 Qanta
1384 2860 1410 2883 in
1426 2858 1472 2890 ipfiv
1489 2859 1582 2889 imperio
1595 2858 1676 2890 populi
1691 2859 1756 2882 Rom.
1775 2856 1842 2890 dvm]
1863 2856 1906 2882 Sic
1916 2855 1998 2882 solum
2011 2856 2080 2883 Pall.
2095 2866 2138 2893 pr.

1184 2893 1279 2931 quippe
1290 2892 1340 2919 lec.
1352 2900 1417 2919 tert.
1427 2893 1483 2918 oei.
1494 2894 1521 2918 S.
1535 2892 1606 2919 visi.
1617 2892 1701 2920 editio
1710 2900 1921 2920 cccCLxxxlss.
1939 2892 2024 2918 adhuc
2038 2892 2150 2920 tollunt-

1186 2933 1303 2955 vocuiaiu
1322 2930 1384 2963 ipfh,
1404 2937 1489 2964 neque
1509 2929 1665 2964 requiritur.
1695 2927 1851 2964 vulgabatur
1861 2935 1921 2954 ante
1931 2928 2035 2964 aliquot
2044 2938 2139 2961 anuos,

1183 2972 1277 2998 quanta
1294 2968 1319 2990 in
1336 2967 1424 2991 homine
1433 2974 1567 2999 quoquam,
1587 2965 1768 2999 quantat'nipfi
1779 2983 1787 2995 ,
1805 2964 1855 2994 &n
1875 2962 1918 2990 sed
1928 2965 2019 3000 priora
2029 2964 2075 2991 illa
2085 2974 2137 2992 nou

1184 3008 1338 3036 comparent
1349 3002 1375 3028 iii
1387 3000 1481 3028 nosti-is
1491 2999 1739 3037 mffiideoquejure
1756 3000 1874 3035 abjecere
1891 3000 2038 3028 Lambinus
2049 3020 2058 3033 ‚
2077 3001 2138 3033 Mar

1186 3037 1275 3064 nutius
1289 3057 1296 3068 ,
1315 3037 1372 3064 alii.

1220 3079 1248 3106 4.
1269 3075 1395 3108 anuila
1411 3076 1438 3099 in
1455 3083 1480 3099 re
1492 3073 1619 3108 saffiram]
1643 3073 1684 3099 ita
1702 3071 1786 3098 editio
1815 3072 2138 3104 rima&Vi5ioriana.‚aj

1185 3109 1329 3136 Lambinus
1348 3113 1374 3136 in
1392 3117 1431 3142 re,·
1449 3108 1555 3136 instilie.
1576 3109 1593 3136 fi
1611 3108 1743 3145 sequimur
1762 3109 1797 3135 Pa
1811 3109 1969 3137 somnes&
1981 3106 2137 3136 &Victoris

1185 3145 1320 3184 exemplar
1333 3165 1342 3182 ,
1361 3152 1502 3184 utramque
1514 3145 1634 3176 voculam
1643 3145 1806 3183 abjiciemus.
2075 3179 2139 3207 ‘Am

2032 3187 2057 3208 Ξ.

2176 151 2216 210 f
2251 201 2257 204 ,
