2302 3353
86 1204 126 1239 ,μ
147 1205 287 1238 aptatum.
299 1197 380 1236 quod
389 1197 457 1227 ante
468 1197 583 1228 dixerat
593 1219 601 1230 ,
625 1214 655 1219 --
664 1197 732 1226 dum
741 1196 817 1225 licet.

96 1625 103 1629 ·
149 1613 293 1645 deformis
302 1616 443 1655 cogitatio

621 122 718 160 ‘DE

147 200 246 231 multo
255 196 382 240 magis,s1
392 197 460 228 sunt
466 195 582 226 ratione
591 193 732 227 transsata,
743 190 900 223 delebitant.
923 190 959 221 Id
968 191 1098 221 accidere

145 243 234 273 credo
244 261 253 275 ‚
273 242 321 271 vel
338 238 419 280 quod
429 239 543 279 ingenii
552 237 703 277 specimen
713 234 755 264 est
763 233 916 275 quoddam
928 252 937 265 ,
956 231 1098 261 transilire

146 293 214 315 ante
229 282 317 323 pedes
334 279 443 320 posita,
464 280 496 310 δε
506 277 659 319 alialonge
670 277 793 316 repetita
800 276 935 305 sumere:
957 273 1006 303 vel
1016 273 1098 313 quod

147 327 185 359 is,
198 322 347 365 quiaudit,
358 320 416 351 alio
427 321 544 351 ducitur
554 320 745 360 cogitatione,
756 326 853 358 neque
862 314 1099 361 tamen-aberrat:

146 376 213 408 quae
221 366 355 395 maxima
363 362 405 393 est
414 362 572 394 deleetatio
583 373 589 392 ;
609 362 658 392 vel
667 358 749 401 quod
759 357 882 400 finguhs
891 356 990 387 verbis
999 365 1057 388 res,
1068 365 1100 385 ac

146 416 245 438 totum
255 404 351 435 {imile
358 403 534 436 conficitur:
553 404 602 435 vel
620 401 703 444 quod
722 403 825 431 omnis
842 398 992 430 transsatio
1003 418 1011 430 ,
1033 406 1099 437 quae

145 448 270 490 quidem
281 447 376 477 sumta
383 448 497 477 ratione
506 446 549 477 est
559 467 566 481 ‚
577 445 613 476 ad
621 445 722 475 sensus
730 444 810 483 ipsos
819 442 995 474 admovetur
1005 459 1014 473 ,
1034 448 1098 468 ma-

146 490 233 522 xime
250 489 408 519 oculorum
417 509 426 522 ‚
447 491 499 529 qui
517 488 559 519 est
578 488 677 519 sensus
694 487 863 517 acerrimus.
886 485 968 513 Nam
980 482 1012 511 &
1023 480 1099 528 odoi·

145 532 320 563 urbanitatis
328 551 336 564 ‚
357 531 389 560 δε
399 531 564 561 mollitudo
572 529 767 560 humanitatis
776 547 785 562 ,
807 527 839 557 &
847 534 987 556 murmur
996 533 1096 555 maris,

147 575 182 604 &
199 577 208 592 ¹
222 572 349 602 dulcedo
367 575 512 603 orationis
523 593 531 607 ,
550 573 617 603 sunt
635 570 723 601 duEka
739 569 756 600 a
770 571 874 599 ceteris
882 565 1021 615 sensibus.
1045 565 1100 594 Illa

146 613 219 646 verb
235 614 394 644 oculorum
412 615 511 644 multo
528 617 655 647 acriora,
682 621 748 654 quae
757 619 875 651 ponunt
883 618 969 655 paene
980 617 1014 636 in
1024 616 1098 654 con—

146 655 246 698 speetu
256 658 351 686 animi
362 677 370 689 ‚
391 666 457 697 quae
466 666 584 687 cernere
595 656 628 686 &
637 654 737 685 videre
747 662 811 682 non
820 650 985 691 possumus.
1010 647 1100 678 Nihil

146 698 189 729 cst
198 699 284 728 enim
292 700 325 727 in
334 708 433 728 rerum
443 704 556 732 natura,
565 698 649 737 cujus
657 705 713 725 nos
721 704 785 724 non
795 695 828 723 in
837 693 904 723 aliis
914 691 1001 720 rebus
1010 689 1100 738 poffi-

146 750 215 771 mus
226 741 269 769 uti
278 740 426 770 vocabulo
437 740 469 770 δε
480 742 618 770 nomine.
641 736 721 767 unde
740 737 825 766 enim
842 733 938 764 simile
956 731 1026 762 dUCl
1044 742 1100 772 po—

146 781 200 812 test
212 801 219 815 ‚
242 780 348 820 (potest
365 790 463 811 autem
483 791 521 811 ex
530 779 684 819 omnibus)
703 777 841 808 indidem
851 776 979 806 verbum
989 784 1099 808 unum,

145 823 227 864 quod
239 821 468 853 similitudinem
475 824 620 854 continet,
631 820 804 850 transsatum
817 839 825 852 ‚
842 818 934 847 lumen
944 813 1028 847 affert
1037 826 1100 847 ora-

146 867 238 896 tioni.
263 867 332 905 Qo
341 866 373 894 in
383 874 490 905 genere
497 862 634 904 primum
644 861 786 904 fugienda
796 860 839 891 est
849 858 1068 890 diffimilitudo.

313 906 384 934 Casii
402 906 523 946 ingentes
531 905 660 945 fornices.

147 949 293 990 Qamvis
301 947 440 986 sphaeram
451 949 484 976 in
494 948 612 977 scenam
624 946 670 985 (ut
679 946 798 985 dicitur)
818 944 949 975 attulerit
966 945 1097 976 Ennius,

147 991 290 1020 tamenin
299 989 409 1027 sphaera
415 987 540 1018 fornicis
550 988 716 1018 similitudo
726 997 790 1017 non
799 986 896 1027 potest
906 984 1006 1016 ineffe-

309 1030 380 1058 Vive
396 1030 500 1071 Uzjffis
510 1051 518 1064 ‚
537 1031 606 1059 dum
622 1030 710 1059 licet:

189 1075 203 1091 2
213 1071 304 1100 Oculis
314 1070 479 1111 postremum
496 1072 588 1101 lumen
606 1073 752 1103 radiatum
769 1077 843 1112 rape.

147 1123 212 1145 non
221 1113 299 1143 dixit
309 1133 318 1145 ,
328 1120 392 1155 cape
401 1134 409 1146 ‚
422 1124 497 1147 non,
506 1121 585 1155 pete:
605 1113 726 1144 haberet
734 1115 818 1143 enim
830 1121 947 1142 moram
958 1111 1099 1152 sperantis

147 1157 257 1186 diutius
269 1153 326 1184 effe
343 1156 402 1185 sese
419 1155 572 1186 vffiurum
584 1167 589 1184 :
608 1156 657 1186 sed
668 1162 739 1197 rape.
763 1156 822 1185 hoc
830 1153 958 1184 verbum
969 1153 1012 1183 est
1021 1153 1056 1183 ad
1069 1153 1099 1183 id

862 1195 983 1225 Deinde
992 1195 1100 1225 viden-

146 1240 221 1270 dum
232 1237 283 1271 est,
294 1248 333 1268 nc
341 1238 432 1280 longe
441 1237 537 1270 fimile
548 1238 581 1269 sit
589 1239 725 1269 dubium.
742 1238 763 1268 S
760 1238 851 1280 yrtim
854 1238 1034 1279 patrimonii,
1040 1238 1101 1277 [ἱ-ο-

141 1280 244 1324 pulum
256 1279 397 1310 libentius
415 1281 545 1311 dixerim
559 1292 564 1310 :
585 1279 751 1322 Charybdim
769 1279 901 1309 bonorum
912 1301 921 1313 ‚
939 1289 1101 1320 voraginem

148 1324 257 1364 potius.
276 1321 393 1351 facilius
402 1324 486 1352 enim
496 1323 531 1352 ad
542 1333 585 1357 ea,
595 1333 661 1364 quae
669 1323 740 1355 visa,
751 1321 843 1362 quam
853 1321 888 1351 ad
901 1322 961 1354 illa,
973 1331 1038 1362 quae
1049 1331 1100 1350 au-

148 1365 208 1394 dita
217 1365 294 1396 sunt,
304 1366 413 1394 mentis
424 1365 505 1394 oculi
514 1363 660 1394 feruntur.
675 1367 723 1398 Et,
734 1365 880 1405 quoniam
890 1363 952 1393 haec
961 1363 1100 1393 velsum-

149 1416 199 1436 ma
208 1406 270 1435 laus
279 1405 332 1438 est,
344 1408 354 1431 3
363 1406 445 1435 verbi
455 1405 661 1439 transferendi,
673 1410 691 1432 4
700 1415 733 1436 ut
742 1406 861 1436 sensum
870 1404 956 1434 feriat
964 1404 1007 1438 id,
1019 1404 1100 1445 quod

147 1446 317 1479 transsatum
327 1445 361 1477 sit
371 1467 379 1481 ‚
398 1447 538 1489 fugienda
547 1447 590 1478 est
600 1450 704 1478 omnis
713 1446 866 1487 turpitudo
876 1457 978 1476 earum
988 1457 1086 1476 rerum
1093 1467 1100 1480 ,

148 1489 185 1520 ad
193 1498 264 1530 quas
273 1498 378 1518 eorum
387 1492 516 1523 animos,
527 1492 578 1530 qui
589 1489 725 1523 audiunt,
737 1490 829 1519 trahet
837 1487 1013 1518 similitudo.
1034 1491 1101 1518 No-

147 1532 181 1561 lo
190 1551 199 1565 ,
210 1540 308 1560 morte
316 1530 376 1560 dici
385 1531 516 1561 Africani
528 1530 678 1570 castrcyam
687 1530 746 1561 efl'e
755 1540 850 1571 remp.
863 1531 937 1560 nolo
940 1529 1044 1566 stercus
1055 1541 1104 1559 cu-

147 1573 194 1603 ria
203 1572 263 1602 dici
272 1573 436 1603 Glauciam.
480 1575 598 1603 uamvis
607 1572 640 1603 fit
650 1572 758 1606 simile,
770 1582 870 1603 tamen
879 1571 965 1602 estin
976 1581 1102 1613 utroque

451 1584 667 1645 similitudinis.
679 1615 765 1645 Nolo
775 1613 832 1644 esse
841 1623 891 1644 aut
901 1615 1102 1654 majus‚quam

148 1666 194 1687 res
202 1655 330 1696 postulet
339 1677 348 1689 ,
367 1656 516 1698 Tempestas
523 1657 734 1695 comissationis:
754 1657 932 1686 autminus:
953 1655 1104 1693 comiffizrio

151 1696 323 1739 tempestatis.
354 1699 440 1728 Nolo
451 1697 508 1728 effe
517 1699 643 1728 verbum
653 1698 804 1740 angustius
813 1698 843 1728 id
856 1718 864 1731 ‚
884 1698 966 1738 quod
984 1697 1103 1728 transsa-

152 1749 220 1771 tum
229 1738 263 1770 fit
272 1760 281 1773 ,
299 1738 390 1780 quam
399 1740 474 1770 illud
483 1743 638 1781 proprium
650 1761 658 1774 ,
679 1751 712 1770 ac
722 1741 809 1770 suum
821 1760 829 1773 ,

171 1798 242 1806 —
253 1781 402 1822 Qia'nam
420 1781 463 1811 eff
475 1803 483 1815 ,
502 1781 626 1822 obsecro?
646 1782 740 1823 5quid
756 1789 782 1810 re
799 1782 873 1810 adiri
888 1779 1030 1810 abnutas?

151 1824 264 1854 Melius
274 1822 355 1857 estet,
366 1831 456 1857 veras,
465 1823 597 1864 prohibes,
607 1823 749 1860 absterres:
759 1825 905 1864 quoniam
916 1824 966 1852 ille
977 1823 1101 1857 dixerat,

172 1867 250 1896 luico
267 1864 328 1900 zstic
336 1885 344 1898 ,
366 1875 398 1894 ne
413 1866 539 1906 contagio
555 1875 616 1894 mea
634 1865 705 1894 bonu
715 1886 723 1900 ,
743 1864 843 1894 umbra
849 1875 879 1893 ve
896 1863 972 1905 obsit.

153 1910 251 1948 Atque
269 1908 360 1936 etiam
380 1905 401 1935 fi
409 1916 526 1937 vereare
537 1927 546 1940 ‚
565 1917 603 1937 ne
611 1908 714 1947 paullo
723 1907 825 1937 durior
836 1906 982 1937 transsatio
989 1905 1048 1936 effe
1057 1908 1105 1936 vi—

152 1949 256 1979 deatur
265 1967 273 1981 ,
296 1947 462 1978 mollienda
472 1948 515 1978 est
522 1968 530 1981 ‚
548 1947 702 1988 praeposito
711 1949 785 1987 saepe
793 1947 886 1978 verbo
897 1959 902 1976 :
922 1957 955 1978 ut
966 1968 974 1982 ,
997 1947 1018 1977 si
1028 1949 1104 1978 olim

154 1993 199 2020 M.
209 1992 320 2019 Catone
329 1996 461 2022 mortuo,
471 1990 609 2029 pupillum
616 1990 747 2019 senatum
758 1992 825 2029 quis
834 1988 974 2019 relistum
984 1989 1104 2023 diceret,

150 2032 240 2073 paulo
247 2031 349 2060 durius
361 2041 366 2058 :
387 2029 442 2064 sin,
454 2038 488 2059 ut
497 2032 539 2059 ita
548 2030 640 2060 dicam
650 2051 658 2064 ‚
667 2032 807 2072 pupillum
817 2050 825 2063 ‚
837 2030 988 2070 aliquanto
999 2032 1103 2060 mitius

152 2073 203 2103 est.
227 2074 349 2102 Etenim
359 2072 524 2102 verecunda
531 2072 618 2102 deber
628 2072 685 2102 esse
694 2071 841 2102 transsatio
851 2092 859 2104 ‚
872 2081 906 2101 ut
914 2072 1040 2102 deducta
1048 2071 1106 2102 effe

152 2117 186 2145 in
193 2114 326 2145 alienum
335 2113 449 2147 locum,
461 2123 525 2143 non
536 2112 666 2143 irmifl'e:
684 2122 771 2154 atque
781 2122 812 2143 ut
822 2113 953 2152 precari‘o
968 2135 975 2147 ,
987 2124 1052 2143 non
1061 2116 1104 2146 vi,

151 2154 265 2187 venifl‘e
275 2154 419 2185 videatur.
442 2155 555 2185 Modus
565 2164 664 2185 autem
675 2156 776 2184 nullus
788 2154 830 2183 est
839 2153 997 2185 florentior
1006 2158 1039 2184 in
1049 2154 1107 2184 fin-

151 2199 229 2241 gulis
238 2196 337 2227 verbis
348 2217 356 2230 ,
368 2206 424 2226 nec
432 2199 483 2237 qui
493 2197 559 2237 plus
568 2197 694 2226 luminis
702 2195 804 2226 afferat
812 2197 952 2225 orationi.
976 2199 1058 2226 Nam
1071 2197 1108 2226 il-

153 2238 299 2280 lud,quod
309 2248 347 2268 ex
357 2239 415 2268 hoc
422 2249 529 2279 genere
539 2237 741 2278 profluit,non
750 2237 834 2267 estin
843 2247 905 2267 uno
914 2239 1007 2268 verbo
1017 2239 1106 2268 trans-

153 2283 222 2315 lato,
235 2280 283 2311 sed
292 2289 330 2310 ex
338 2280 471 2320 pluribus
482 2282 663 2310 continuatis
673 2278 863 2310 commetitur
873 2299 882 2312 ,
895 2287 927 2309 ut
937 2280 1017 2311 aliud
1028 2280 1108 2311 dica-

153 2333 200 2354 tur
209 2343 218 2358 ,
240 2321 320 2352 aliud
329 2322 560 2364 intelligendum
571 2320 605 2351 sit
617 2333 623 2351 :

165 2374 280 2392 ⁷—-
294 2366 393 2404 Neque
403 2374 446 2392 me
448 2365 547 2405 patiar
556 2365 659 2392 iterum

170 2406 230 2436 ,Ad
236 2415 323 2434 mium
328 2405 473 2447 scopulum
484 2426 492 2439 ‚
513 2406 547 2439 ὼ
558 2406 646 2435 telum
657 2405 764 2444 claffim
773 2405 929 2436 Achivum
939 2405 1076 2446 offendere.

153 2452 248 2489 Atque
258 2448 333 2477 illud
345 2467 353 2480 ‚

176 2492 260 2520 Erras
269 2510 277 2523 ,
297 2499 368 2518 erras
377 2500 388 2516 .·
411 2500 476 2518 nam
486 2490 673 2530 exsultantem
683 2497 710 2519 te
720 2511 728 2523 ,
750 2491 784 2523 ὼ·
791 2490 970 2532 pra-fidentem
980 2489 1034 2518 tibi

176 2533 334 2574 Repriment
342 2531 442 2563 valida:
450 2532 543 2571 legum
554 2531 658 2561 habena
668 2553 675 2565 ,
687 2539 773 2573 arque
782 2533 893 2573 imperii
902 2530 1105 2572 infistentjugo.

153 2576 256 2604 Sumta
272 2583 302 2603 re
318 2571 424 2607 simili,
444 2574 534 2604 verba
550 2575 614 2614 ejus
632 2576 675 2604 rei
685 2575 803 2615 propria
811 2575 951 2614 deinceps
960 2576 993 2603 in
1003 2583 1068 2603 rem
1078 2583 1108 2603 a-

195 2721 218 2737 1.
238 2713 334 2737 mulcedo
351 2711 487 2746 orationis]
508 2711 579 2737 Pith.
590 2711 655 2737 item
666 2711 751 2738 Palat.
763 2718 851 2747 quart.
861 2710 949 2747 quint.
959 2709 1028 2737 sext.
1039 2710 1103 2747 sept.

155 2747 280 2773 dulcitudo.
297 2757 348 2783 qua
359 2757 421 2773 voce
432 2747 489 2773 usus
501 2746 575 2783 supra
584 2757 639 2783 cap.
649 2757 697 2781 ις.
708 2757 745 2774 m.

183 2792 218 2811 ρ..
237 2785 450 2817 Οεκῐὶςμβνενηιιηι
458 2786 534 2809 lumen
544 2784 665 2810 radiatum
682 2784 763 2818 rape]
782 2784 840 2810 Pal.
851 2792 891 2819 pr.
902 2792 930 2809 ac
940 2782 988 2809 sec.
999 2792 1050 2809 uon
1062 2781 1108 2808 ha-

155 2814 217 2845 bssnt
226 2819 282 2845 heic
292 2827 347 2852 rape
358 2839 366 2851 ,
376 2829 460 2855 neque
469 2819 538 2846 adest
548 2819 660 2846 membr.
670 2820 804 2847 Memmii.
817 2820 846 2846 ὅτ
858 2819 921 2845 ferri
931 2819 1024 2855 posset.
1044 2819 1107 2844 Mu-

155 2862 225 2881 retus
237 2855 328 2882 liban.
337 2857 400 2881 Var.
411 2855 474 2882 leer.
485 2864 569 2892 σαμε).
581 2856 703 2882 emendat
713 2856 843 2882 radiantis.
855 2855 973 2881 adeatur.

192 2899 218 2926 3.
238 2894 306 2917 Verbi
314 2892 499 2926 transfi‘rendi]
510 2892 566 2918 Pal.
576 2901 616 2927 pr.
629 2892 676 2918 see.
688 2891 760 2918 Pith.
771 2893 884 2918 Memin.
903 2895 928 2917 in
937 2891 1016 2916 verbis
1026 2890 1109 2923 trans-

148 2927 252 2960 ferendis
263 2946 272 2958 ,
289 2926 359 2963 quod
370 2928 397 2953 δε
408 2926 507 2954 secutus
518 2928 671 2955 Lambinus.
691 2937 777 2963 neque
794 2929 872 2954 aliter
883 2927 967 2954 Palat.
979 2934 1042 2953 tert.
1062 2926 1108 2953 nili

156 2961 226 2997 quod
235 2963 341 2989 omittat
351 2963 570 2999 praepositionem.

191 3005 219 3030 4.
240 3001 269 3023 Ut
278 2999 369 3032 finfitm
379 3000 484 3033 feriat]
504 2999 671 3027 Lambiniani
684 3019 691 3032 ,
699 3001 781 3035 ftnfim
792 3019 800 3033 ,
810 3008 945 3037 perperam
959 3018 967 3032 ,
978 2999 1006 3025 &
1017 3005 1108 3026 contra

158 3041 246 3059 omnes
257 3034 337 3060 libros
348 3034 455 3070 scriptos
465 3035 611 3072 editosque.
1088 3034 1093 3040 “

794 116 1235 161 ORATORE

1314 116 1356 161 L
1390 131 1408 160 1
1444 131 1484 162 B.
1531 118 1624 164 ΙΙΙ.

1148 191 1220 221 liam
1241 190 1285 230 (ur
1295 191 1372 234 dixi)
1390 193 1614 225 transferuntur.

1148 241 1213 262 tum
1222 236 1365 264 orationis
1376 256 1384 269 ,
1406 238 1439 266 in
1448 246 1509 277 quo
1519 236 1680 267 obscuritas
1688 236 1830 278 fugienda
1838 237 1892 268 est.
1924 240 2046 268 Etenim
2069 248 2107 269 ex

1148 274 1206 303 hoc
1215 284 1321 320 genere
1333 274 1411 307 fiunt
1420 288 1453 308 ea
1464 298 1472 312 ‚
1491 288 1556 319 quae
1567 278 1705 310 dicuntur
1712 281 1876 322 aenigmata.
1908 281 1983 309 Non
2001 279 2044 309 est
2055 290 2107 310 au—

1149 323 1209 344 tem
1220 326 1252 361 in
1260 317 1354 347 verbo
1364 319 1473 350 modus
1483 321 1532 350 hic
1543 341 1551 354 ‚
1570 320 1662 350 sedin
1672 323 1808 351 oratione
1817 341 1825 355 ,
1846 321 1877 351 id
1896 320 1939 351 est
1957 323 1990 350 in
2007 324 2105 352 conti-

1149 365 1291 386 nuatione
1302 360 1473 391 verborum.
1504 364 1551 391 Ne
1563 363 1613 392 illa
1621 362 1745 403 quidem
1755 362 1901 393 traduffio
1911 383 1920 396 ,
1941 371 2027 404 atque
2046 365 2104 393 im-

1150 399 1277 443 mutatio
1297 400 1331 428 in
1347 402 1440 432 verbo
1458 404 1620 444 quamdam
1636 404 1865 436 fabricationem
1883 404 1988 439 habet,
2012 405 2104 435 sedin

1150 446 1303 472 oratione,
1377 450 1384 456 ·

1190 478 1300 527 ,Africa
1318 482 1441 513 terribili
1459 487 1556 515 tremit
1572 487 1682 516 horrida
1699 496 1772 517 terra
1789 490 1930 519 tumultu.

1149 524 1205 552 Pro
1216 520 1296 552 Afris
1308 523 1350 553 est
1361 525 1457 555 sumta
1468 527 1566 558 Africa
1577 539 1581 557 2
1599 531 1706 569 Neque
1716 529 1830 560 fabium
1839 531 1967 562 verbum
1977 530 2030 566 est,
2041 540 2082 565 ut,

1311 567 1397 595 Mare
1409 567 1558 608 shxzfi‘agts
1574 570 1666 598 undu:

1148 615 1244 647 neque
1255 607 1437 642 transsatum,
1448 618 1491 641 ut,
1502 612 1634 639 Mollitur
1643 622 1718 642 mare
1724 623 1735 641 .·
1747 614 1794 644 sed
1805 614 1934 645 ornandi
1943 616 2027 646 causa
2036 625 2104 656 pro>

1147 650 1248 686 prium
1256 651 1378 689 proprio
1388 660 1610 681 commutatum
1623 672 1631 685 ,

1191 691 1292 732 Define
1309 694 1402 720 Roma
1420 701 1483 721 tuos
1499 691 1604 728 hostem,
1625 711 1694 721 -—.

1151 733 1189 761 Et
1200 751 1208 765 j

1190 787 1258 797 —-
1272 773 1358 810 Testes
1371 775 1442 815 fiant
1459 778 1552 819 campi
1567 778 1682 818 magni,
1703 795 1774 806 —

1148 816 1253 847 Gravis
1273 816 1316 847 est
1333 817 1444 847 modus
1457 819 1491 848 in
1500 829 1603 849 ornatu
1615 822 1761 851 orationis
1772 842 1780 855 ,
1801 822 1832 852 &
1842 823 1915 863 saepe
1926 825 2089 855 sumendus
2101 836 2107 854 2

1147 867 1185 887 ex
1195 869 1256 900 quo
1267 868 1374 899 genere
1384 860 1448 890 haec
1457 860 1526 891 sunt
1535 882 1543 894 ‚
1557 862 1685 891 Martem
1694 862 1754 893 belli
1764 862 1810 900 effe·
1822 875 1991 894 communem
2003 881 2011 901 3
2032 870 2105 896 Cerc-

1147 909 1203 928 rem
1219 911 1273 941 pro
1290 900 1425 942 frugibus
1438 914 1446 935 ;
1465 901 1600 932 Liberum
1609 906 1752 944 appellare
1763 915 1816 945 pro
1826 908 1900 936 vino
1911 919 1919 940 3
1941 910 2103 948 Neptunum

1145 951 1199 981 pro
1210 945 1284 972 mari
1294 954 1302 976 3
1322 953 1431 972 curiam
1440 953 1494 983 pro
1505 945 1604 975 senatu
1616 966 1623 978 ‚
1637 955 1767 988 campum
1777 957 1831 986 pro
1842 951 1976 978 comitiis
1988 961 1995 983 5
2006 958 2101 989 rogam

1145 993 1199 1023 pro
1217 994 1286 1024 pace
1298 996 1306 1018 3
1326 995 1407 1013 arma
1426 996 1460 1014 ac
1478 986 1534 1015 tela
1552 996 1607 1026 pro
1627 988 1716 1018 bello.
1748 991 1818 1030 Qo
1827 991 1902 1019 item
1912 992 1945 1019 in
1955 1001 2060 1030 genere
2072 991 2103 1021 &

1146 1028 1269 1056 virtutes
1281 1046 1288 1059 ‚
1303 1026 1335 1056 &
1345 1029 1418 1057 vitia
1427 1037 1481 1067 pro
1492 1027 1559 1068 ipsis
1572 1049 1580 1062 ‚
1601 1031 1633 1059 in
1644 1031 1752 1070 quibus
1763 1031 1900 1064 illalum,
1910 1033 2102 1071 appellantur,

1146 1069 1289 1097 Luxuries
1296 1078 1386 1108 quam
1397 1070 1429 1098 in
1440 1069 1568 1100 domurn
1581 1073 1695 1110 irrupit,
1710 1072 1742 1102 ὃς
1754 1093 1761 1105 ,
1773 1070 1844 1112 Quo
1854 1074 2005 1102 Avaritia
2015 1083 2106 1113 pene-

1146 1112 1232 1140 travit
1243 1120 1248 1138 :
1268 1120 1319 1140 aut
1329 1111 1406 1139 Fides
1415 1112 1528 1145 valuit,
1539 1111 1664 1151 Justttia
1673 1113 1816 1144 confecit.
1843 1115 1959 1145 Videtis
1970 1115 2106 1155 profesti)

1145 1161 1239 1191 genus
1251 1152 1309 1181 hoc
1320 1160 1418 1182 totum
1429 1173 1436 1186 ‚
1451 1152 1522 1183 cum
1533 1174 1540 1188 ,
1553 1153 1671 1185 inflexo
1683 1176 1690 1189 ‚
1702 1165 1948 1197 commutatoque
1957 1157 2049 1187 verbo
2062 1167 2106 1187 res

1145 1193 1249 1223 eadem
1268 1196 1457 1229 enuntiatur,
1479 1198 1611 1226 ornatius
1625 1208 1629 1225 :
1650 1200 1699 1227 cui
1716 1199 1783 1228 sunt
1803 1196 1933 1228 finitima
1942 1199 1993 1228 illa
2004 1201 2108 1229 minus

1146 1244 1247 1266 ornata
1258 1256 1266 1269 ,
1285 1236 1335 1266 sed
1353 1245 1455 1266 tamen
1464 1247 1528 1267 non
1539 1239 1700 1279 ignoranda.
1712 1259 1720 1272 ‚
1740 1238 1811 1269 cum
1823 1240 1951 1280 intelligi
1962 1241 2107 1270 volumus

1146 1277 1259 1318 aliquid
1269 1297 1277 1311 ,
1290 1287 1341 1307 aut
1350 1288 1388 1308 ex
1397 1288 1477 1318 parte
1488 1288 1586 1309 toturn
1600 1300 1608 1313 ‚
1621 1290 1654 1310 ut
1664 1301 1671 1314 ‚
1682 1290 1738 1321 pro
1748 1280 1883 1311 aedificiis
1894 1284 1964 1311 cum
1972 1283 2104 1324 parietes,

1145 1327 1193 1348 aut
1203 1318 1278 1348 tec‘ba
1286 1319 1416 1349 dicimus
1428 1332 1433 1349 ;
1454 1330 1503 1350 aut
1510 1332 1548 1351 ex
1559 1330 1623 1352 toto
1632 1332 1746 1362 partem
1758 1344 1765 1355 ,
1788 1332 1837 1356 ut,
1858 1322 1930 1353 cum
1943 1334 2032 1354 unam
2046 1333 2106 1353 tur-

1148 1370 1241 1394 mam,
1253 1362 1416 1402 equitatum
1423 1362 1519 1404 populi
1530 1365 1651 1392 Romani
1661 1364 1805 1394 dicimus:
1816 1374 1865 1394 aut
1874 1375 1912 1394 ex
1924 1375 1985 1395 uno
1995 1366 2105 1405 plures,

1188 1405 1242 1431 ..At
1260 1406 1402 1432 Romanus
1419 1406 1497 1433 homo
1508 1425 1516 1438 ‚
1537 1412 1629 1434 tamen
1642 1425 1650 1439 ,
1671 1406 1722 1447 etsi
1740 1416 1778 1435 res
1798 1405 1861 1435 bene
1875 1405 1953 1447 gesta
1971 1406 2014 1437 εἶτ’
2024 1427 2032 1441 ,

1191 1445 1271 1473 Corde
1285 1446 1337 1484 suo
1357 1447 1488 1487 trepidat.

1147 1495 1197 1517 aut
1205 1486 1277 1516 cum
1288 1497 1325 1516 ex
1334 1487 1470 1526 pluribus
1481 1489 1660 1530 intelligitur
1669 1499 1765 1520 unum
1777 1510 1784 1523 ‚

1190 1530 1250 1557 Nos
1262 1529 1361 1568 sumu’
1375 1530 1517 1564 Romani,
1536 1528 1552 1550 ⁶
1562 1532 1614 1572 qui
1625 1531 1740 1570 fuimus
1759 1539 1825 1561 anre
1843 1531 1961 1561 Rudini.

1146 1578 1197 1600 aut
1205 1580 1398 1611 quocumque
1407 1572 1504 1601 modo
1514 1583 1578 1602 non
1589 1582 1622 1603 ut
1630 1572 1747 1603 distum
1759 1573 1801 1603 est
1812 1595 1820 1607 ,
1838 1575 1872 1604 in
1887 1584 1923 1604 eo
1937 1585 2044 1616 genere
2056 1577 2105 1606 in-

2015 133 2098 181 123

1146 1613 1290 1654 telligitur
1299 1633 1307 1646 ‚
1323 1612 1373 1642 sed
1383 1621 1415 1642 ut
1425 1613 1544 1644 sensum
1554 1614 1606 1645 est.
1651 1615 1816 1645 Abutimur
1825 1616 1900 1656 saepe
1910 1626 1999 1647 etiam
2011 1617 2103 1648 verbo
2127 1624 2170 1656 43

1146 1663 1280 1684 nontam
1292 1655 1440 1695 eleganter
1449 1675 1457 1689 ‚
1477 1656 1568 1696 quam
1580 1658 1613 1686 in
1623 1656 1827 1687 transferendo
1839 1667 1846 1687 t
1869 1658 1919 1688 sed
1935 1661 2027 1689 etiam
2037 1658 2058 1688 si
2070 1660 2107 1689 11-

1147 1697 1275 1728 centius,
1286 1705 1387 1726 tamen
1396 1698 1549 1727 interdum
1560 1708 1625 1728 non
1634 1699 1826 1739 impudenter
1837 1710 1842 1728 :
1852 1708 1885 1729 ut
1894 1699 1966 1730 cum
1972 1701 2108 1740 grandem

1146 1738 1298 1767 orationem
1307 1748 1361 1777 pro
1372 1748 1477 1778 magna
1486 1759 1494 1773 ,
1508 1741 1653 1769 minutum
1661 1741 1790 1769 animum
1799 1751 1853 1781 pro
1862 1751 1952 1781 parvo
1962 1742 2090 1773 dicimus
2097 1765 2103 1772 .

1148 1778 1264 1809 Verum
1275 1780 1326 1810 illa
1334 1780 1482 1810 videtisne
1491 1780 1548 1811 esse
1559 1792 1623 1812 non
1636 1782 1737 1816 verbi,
1750 1783 1798 1813 sed
1810 1785 1954 1813 orationis
1963 1805 1971 1818 ,
1993 1795 2057 1825 quae
2069 1795 2108 1815 ex

1147 1821 1282 1861 pluribus
1293 1841 1302 1855 ‚
1323 1830 1356 1852 ut
1371 1823 1496 1862 exposui
1509 1844 1517 1856 ‚
1538 1823 1780 1854 transsationibus
1790 1835 1928 1855 connexa
1936 1826 2023 1856 sunt?
2045 1827 2110 1858 haec

1147 1872 1246 1893 autem
1257 1883 1265 1897 ,
1277 1873 1343 1904 quae
1352 1873 1401 1894 aut
1411 1867 1568 1895 immutata
1576 1864 1634 1895 ess'e
1644 1866 1710 1896 dixi
1722 1887 1730 1899 ,
1743 1875 1792 1896 aut
1801 1867 1886 1897 aliter
1894 1868 2103 1909 intelligenda,

1146 1915 1178 1935 ac
1187 1904 1356 1935 dicerentur
1367 1925 1375 1939 ,
1395 1906 1463 1936 sunt
1472 1906 1603 1937 transsata
1611 1907 1743 1947 quodam
1755 1908 1858 1938 modo.
1893 1911 1937 1938 Ita
1956 1908 1988 1939 fit
1999 1930 2007 1943 ,
2022 1919 2054 1940 ut
2071 1920 2108 1939 0-

1148 1948 1230 1976 mnis
1239 1945 1425 1986 singulorum
1436 1948 1597 1978 verborum
1606 1958 1700 1978 virtus
1709 1970 1718 1982 ,
1735 1959 1763 1978 at
1786 1959 1821 1978 ue
1833 1950 1895 1979 laus
1907 1970 1915 1983 ,
1927 1951 2020 1980 tribus
2031 1950 2108 1981 exfi-

1149 1987 1202 2018 stat
1209 1997 1247 2017 ex
1257 1989 1343 2017 rebus
1354 2008 1362 2022 ,
1373 1987 1393 2017 fi
1405 1988 1611 2019 autvetustum
1622 1990 1750 2020 verbum
1772 1999 1810 2024 it,
1830 1991 1911 2031 quod
1920 2001 2021 2022 tamen
2032 2003 2110 2023 con-

1149 2028 1274 2059 suetudo
1282 2028 1358 2058 ferre
1367 2028 1470 2069 poffit:
1488 2040 1537 2060 aut
1545 2030 1660 2061 fac‘ium
1671 2032 1720 2061 vel
1731 2032 1949 2071 conjunCrione
1960 2053 1968 2067 ,
1992 2035 2041 2064 vel
2050 2045 2108 2065 no-

1148 2073 1238 2101 vitate
1248 2090 1256 2104 ,
1277 2073 1310 2100 in
1321 2081 1382 2112 quo
1393 2073 1467 2101 item
1478 2071 1521 2102 est
1530 2073 1649 2102 auribus
1660 2093 1668 2106 ‚
1681 2079 1695 2101 7
1705 2073 1974 2115 consuetudinique
1983 2085 2108 2115 parcen-

1150 2113 1243 2142 dum:
1264 2122 1313 2142 aut
1329 2113 1516 2143 transsatum:
1540 2114 1621 2155 quod
1641 2115 1774 2145 maxime
1786 2125 1926 2156 tanquam
1937 2116 2028 2147 stellis
2038 2120 2107 2159 qui-

1148 2153 1272 2184 busdam
1283 2149 1298 2172 8
1309 2163 1410 2187 notat,
1433 2155 1466 2184 &
1482 2155 1637 2186 illuminat
1656 2159 1837 2187 orationem.
1861 2159 1999 2198 Sequitur
2008 2162 2107 2189 conti-

1149 2197 1253 2226 nuatio
1268 2195 1449 2230 verborum,
1470 2207 1535 2237 quae
1555 2197 1626 2227 duas
1641 2208 1687 2228 res
1698 2199 1833 2228 maxime
1844 2219 1852 2231 ‚
1874 2200 2106 2232 collocationem

1148 2236 1285 2278 primum
1296 2257 1304 2271 ,
1316 2237 1425 2268 deinde
1435 2238 1564 2269 modum
1574 2240 1724 2280 quendam
1736 2261 1744 2274 ‚
1757 2239 1947 2282 formamque
1958 2241 2106 2273 desiderat.

1150 2279 1368 2309 Collocationis
1377 2279 1419 2309 est
1430 2290 1623 2321 componere,
1637 2282 1669 2311 &
1680 2281 1789 2312 struere
1798 2283 1887 2313 verba
1897 2303 1905 2316 ,
1918 2282 1956 2313 sic
1967 2304 1975 2317 ,
1987 2294 2019 2313 ut
2030 2295 2105 2315 neve

1149 2322 1230 2361 asper
1239 2331 1345 2351 eorum
1356 2322 1526 2356 concursUS,
1538 2333 1613 2353 neve
1623 2324 1740 2353 hiulcus
1752 2322 1785 2353 fit
1794 2344 1802 2357 ,
1817 2324 1865 2354 sed
1877 2325 2106 2365 quodammodo

1149 2372 1369 2404 coagmentatus
1379 2384 1387 2398 ,
1412 2364 1444 2394 &
1454 2364 1538 2394 levis.
1579 2368 1615 2394 In
1625 2375 1686 2406 quo
1697 2365 1795 2406 lepide
1809 2366 1900 2396 soceri
1910 2369 1971 2396 mei
1982 2369 2106 2407 persona

1150 2403 1216 2435 lusit
1226 2406 1250 2433 is
1261 2425 1268 2438 ,
1290 2406 1342 2445 qui
1351 2404 1564 2447 elegantiffime
1577 2407 1608 2436 id
1618 2406 1711 2437 facere
1721 2409 1821 2447 potuit
1830 2427 1837 2440 ‚
1858 2409 1994 2438 Lucilius
2006 2429 2015 2443 ,

1192 2442 1294 2487 Qcim
1312 2447 1397 2487 lepide
1413 2448 1496 2477 lexas
1515 2447 1667 2490 compostae?
1687 2454 1720 2477 ‘ut
1739 2448 1864 2485 tcffirmae
1879 2459 1967 2478 omnes

1191 2493 1272 2517 „Arre
1288 2491 1451 2529 pavimento
1463 2511 1470 2523 ,
1496 2494 1605 2530 tzrque9
1618 2489 1778 2518 emblemate
1796 2491 1992 2520 vermicsa'ato.

1150 2533 1223 2571 Qiae
1243 2530 1315 2560 cum
1331 2530 1452 2562 dixiss'et
1462 2534 1493 2562 in
1504 2532 1666 2561 Albucium
1677 2531 1807 2561 illudens
1818 2552 1826 2565 ,
1848 2542 1885 2562 ne
1896 2532 1911 2563 31
1922 2543 1972 2563 me
1982 2534 2106 2576 quidem

1148 2572 1290 2603 abstlsslllt
1300 2592 1308 2605 ι

1983 2618 2107 2655 Craffirm

1185 2711 1212 2736 6.
1231 2711 1375 2743 Qifuimm
1385 2717 1440 2734 aute
1448 2710 1560 2743 Rudini]
1574 2708 1670 2735 LeSfio
1680 2708 1765 2734 istliaec
1773 2708 1894 2745 depromf
1904 2717 1928 2735 ta
1938 2713 1951 2735 e
1963 2710 2046 2736 Palit.
2058 2709 2107 2736 sec.

1149 2754 1213 2772 tert.
1225 2748 1252 2772 ὃς
1262 2747 1334 2772 Pith.
1347 2755 1394 2771 uec
1404 2745 1457 2771 abit
1467 2755 1507 2780 pr.
1519 2755 1596 2781 quam
1608 2744 1677 2781 quod
1689 2745 1709 2770 is
1721 2746 1828 2771 Rl-oa'sm.
1848 2746 1928 2771 ceteri
1938 2746 2050 2772 Palatini
2062 2747 2107 2772 lta-

1149 2782 1211 2808 bent
1222 2789 1276 2808 anre
1286 2783 1371 2807 Rutili.
1389 2788 1460 2816 quod
1472 2781 1526 2807 feri:
1537 2782 1616 2807 etiam
1628 2782 1654 2807 in
1666 2779 1781 2807 editione
1791 2782 1884 2817 prima.
1898 2790 1956 2807 uum
1968 2781 2105 2816 sequentes

1149 2825 1308 2845 exemerunt
1318 2825 1384 2849 ame,
1394 2825 1423 2844 ut
1433 2827 1465 2843 ex
1479 2817 1582 2843 heroico
1594 2818 1667 2843 fieret
1678 2825 1852 2852 pentameter.
1874 2816 1992 2843 videatur
2004 2818 2105 2854 Lipsius

1153 2854 1198 2881 ille
1208 2854 1331 2880 nosterd.
1344 2863 1398 2889 cap.
1413 2863 1436 2879 1.
1455 2853 1501 2879 lib.
1515 2863 1528 2878 v
1538 2874 1542 2878 .
1553 2852 1709 2880 lee'ilonum.
1731 2853 1882 2886 conjefiiuru
1892 2855 1961 2880 culm
1971 2853 2107 2880 adsecutus

1150 2891 1184 2917 est
1196 2890 1349 2926 scripturam
1361 2897 1487 2915 veterem.

1186 2935 1214 2961 7.
1235 2926 1440 2959 Confiterudinique
1454 2925 1626 2960 parcendum]
1646 2923 1790 2952 Lambinus
1802 2944 1809 2955 ‚
1817 2925 1950 2957 parendum
1961 2944 1968 2957 ,
1979 2925 2020 2951 sed
2033 2925 2107 2952 libris

1149 2962 1252 2989 ini-itis.
1268 2981 1270 2983 >

1188 2998 1215 3024 8.
1235 3001 1308 3024 Notas
1316 2999 1345 3027 (ἶς-
1353 2998 1470 3022 illuminat
1479 2996 1628 3030 orationem]
1648 2996 1705 3022 Pal.
1716 3006 1756 3032 pr.
1768 2996 1817 3022 sec.
1828 2995 1883 3022 oft.
1895 3006 1977 3023 nouus
1990 3016 1997 3027 ,
2007 2998 2107 3029 ill-{strat

1151 3036 1297 3065 &nobilitat
1312 3036 1447 3058 orationem.
1470 3032 1542 3058 Pith.
1556 3033 1582 3058 8<
1596 3034 1707 3058 Memm.
1726 3034 1824 3066 islnst'sat
1841 3033 1871 3063 (ξ’
1887 3041 1953 3058 notat
1971 3036 2105 3057 orafiuncm.

195 3077 221 3100 5.
240 3070 304 3102 Qid
318 3078 339 3095 re
358 3071 421 3096 adu-i
437 3073 567 3106 abnutasffl
588 3073 659 3098 Pith.
671 3074 788 3098 abniteas.
808 3079 936 3109 putatque
946 3070 1108 3098 Gulielmius
1153 3069 1375 3106 quantuliceutia.

158 3102 234 3163 ffliff?
245 3123 254 3136 ‚
272 3107 402 3140 abmnctu3
421 3105 545 3143 idemque
563 3116 628 3136 mox
646 3110 698 3142 ohfic
717 3115 803 3137 mutat
819 3109 845 3136 in
865 3110 938 3143 oc'gfiet.
959 3116 1011 3137 non
1029 3106 1107 3137 ausim

170 3147 239 3174 3-1111.

1188 3114 1216 3140 9.
1237 3107 1377 3130 Emhlcmata
1387 3103 1704 3140 vermiculata]josephus
1716 3104 1831 3139 Scaliger
1841 3103 1907 3138 legit
1920 3123 1927 3135 ,
1937 3104 2107 3134 vermiculate,

1153 3149 1182 3168 ut
1192 3139 1322 3169 referatur
1335 3139 1366 3168 ad
1375 3141 1454 3167 lexeis.
1475 3140 1676 3168 alterum·rel'tat
1687 3141 1712 3167 iu
1725 3139 1782 3166 iuis.
1793 3140 1925 3166 omuibus.

1612 3179 1673 3212 Q

2013 3182 2021 3200 1
2031 3193 2034 3199 ·
2047 3176 2110 3199 Nam

1659 193 1711 225 Est
1720 195 1777 225 hoc
1788 203 1934 237 magnum
1944 205 2105 227 ornamen-
2127 220 2131 223 .
