2337 3400
119 141 215 202 672
527 136 598 183 M.
679 131 1043 180 Tunnri

462 251 1035 314 hm'sunnir

1125 131 1668 183 Crcznonxs

1129 250 1738 316 CICERONIS

122 350 1047 435 EPISTOLARUM
1110 367 1220 423 AD
1278 349 2076 432 FAMILIAREIS

554 454 935 511 LIBER
1049 450 1680 598 qngTus,

409 622 1812 712 QssMETELLUM‚}3sALlos

101 766 114 788 ,
154 749 193 786 Q.
216 745 513 777 METELLUS,
536 745 622 785 (μ.
649 745 837 777 CELER.
861 744 1069 775 PRocos.

364 787 850 817 s.D.M.T.c1cER0N1.

403 839 417 867 1
435 837 535 871 vales,
555 836 631 867 bene
650 835 702 867 est.
727 835 938 868 Existimaram
955 846 1010 877 pro
1023 845 1095 866 mu-

361 911 372 921 Ἰ
402 888 455 909 tuo
475 881 552 909 inter
569 889 625 909 nos
644 880 767 912 animo,
793 878 887 917 &pro
905 878 1096 908 reconciliata

144 949 147 951 .
309 916 311 919 ⁸
339 955 345 961 x
402 923 503 963 gratia,
519 924 528 940 ¹
541 931 596 951 nec
615 919 768 950 absentem
780 920 913 950 ludibrio
924 920 1027 951 laesum
1045 921 1093 954 iri,

168 955 264 997 ’κί’κ»,
305 956 371 1004 ’Υιχοχ
403 973 459 992 nec
471 962 632 992 Metellum
642 961 762 992 fratrem
774 962 814 992 ob
825 961 941 992 &filum
951 964 1095 1002 capite‚ac

155 1016 163 1041 ς,
185 1015 186 1019 ’
213 1000 291 1056 „252sp
326 994 374 1023 ’θ
403 1003 535 1035 fortunis
552 1014 603 1044 per
621 1012 649 1034 te
664 1013 868 1045 oppugnatum
887 1006 934 1034 iri.
964 1014 1056 1045 quem
1075 1002 1095 1033 fi

209 1041 254 1085 'fin'
404 1056 509 1086 parum
529 1045 627 1085 pudor
646 1044 734 1085 ipsius
753 1045 946 1076 defendebat:
970 1045 1096 1077 debebat

154 1091 161 1097 “
188 1088 197 1102 ”
320 1076 370 1104 c)
404 1088 452 1117 vel
470 1086 594 1118 familiae
614 1086 721 1118 nostrae
736 1087 882 1129 dignitas,
912 1088 962 1118 vel
990 1097 1094 1118 meum

134 1125 267 1156 studium
280 1137 345 1168 erga
355 1138 421 1161 vos,
432 1139 556 1170 remque
567 1129 730 1169 publicam,
744 1130 810 1159 satis
822 1130 984 1160 sublevare.
1003 1132 1095 1159 Nunc

134 1169 226 1198 video
239 1168 326 1198 illum
346 1172 586 1202 circumventum
601 1181 606 1200 :
632 1181 681 1201 me
702 1171 852 1202 desertum
865 1192 873 1205 ,
889 1172 1022 1212 aquibus
1035 1173 1095 1200 mi-

135 1209 223 1240 nime
234 1212 440 1243 conveniebat.
465 1215 566 1253 Itaque
578 1215 611 1242 in
622 1211 723 1246 Ιυᾶυ,
740 1213 772 1243 &
787 1214 920 1254 squalore
933 1214 1000 1244 sum
1012 1232 1022 1246 ‚
1044 1213 1096 1253 qui

133 1253 298 1291 provinciae
311 1272 320 1286 ,
347 1256 399 1294 qui
410 1257 554 1285 exercitui
564 1255 710 1295 praesum,
730 1256 783 1295 qui
794 1255 909 1285 bellum
929 1265 1009 1295 gero.
1031 1264 1097 1294 quae

136 1296 285 1333 quoniam
297 1304 353 1325 nec
362 1298 476 1327 ratione
487 1317 496 1330 ,
516 1300 530 1316 ²
544 1306 599 1327 nec
617 1296 769 1333 majorum
789 1295 1099 1326 nostrumclementia

137 1335 366 1367 administrastis
377 1358 385 1371 ‚
406 1348 470 1368 non
480 1339 536 1369 erit
547 1338 721 1368 mirandum
733 1359 742 1372 ‚
760 1337 781 1368 fi
791 1348 845 1369 vos
859 1338 1028 1378 poenitebit.
1052 1340 1099 1368 Te

137 1386 199 1406 tam
212 1377 324 1408 mobili
338 1381 369 1409 in
382 1390 443 1414 me,
456 1381 598 1421 meosque
610 1378 668 1410 effe
680 1382 785 1410 animo
796 1390 860 1410 non
871 1379 1031 1420 sperabam.
1047 1381 1099 1409 Me

138 1419 252 1449 interea
261 1430 317 1450 nec
329 1420 513 1452 domesticus
522 1422 609 1453 dolor
619 1441 627 1456 ‚
649 1432 704 1453 nec
716 1422 890 1464 cujusquam
900 1422 1010 1462 injuria
1027 1420 1044 1452 ὲ
1054 1431 1101 1452 re-

137 1460 209 1500 pub.
221 1461 356 1508 abducet.
400 1465 483 1497 Vale.

104 1539 126 1563 2
163 1523 461 1563 M.T.M.F.C.Q.
486 1527 742 1558 METELLO
763 1528 844 1566 QF.
868 1525 1080 1560 CELERI,

458 1569 659 1599 PROCOS.
691 1572 721 1599 S.
741 1570 783 1597 D.

147 1612 196 1690 S
205 1616 220 1644 Ι
232 1622 263 1645 tu
273 1635 282 1649 ‚
299 1616 505 1657 exercitusque
515 1618 620 1648 valetis
630 1637 639 1651 ‚
658 1617 736 1648 bene
746 1616 798 1648 est.
820 1617 930 1648 Scribis
946 1616 982 1649 ad
994 1627 1043 1648 me
1052 1637 1061 1651 ,
1074 1624 1102 1647 te

204 1656 396 1691 existimass'e,
407 1668 460 1698 pro
474 1668 582 1689 mutuo
592 1661 670 1690 inter
683 1669 738 1689 nos
748 1661 853 1690 animo
864 1680 873 1694 ,
894 1661 926 1690 &
935 1670 988 1700 pro
998 1669 1102 1690 recon-

140 1698 239 1728 ciliata
251 1701 342 1740 gratia
353 1720 361 1733 ‚
377 1710 543 1741 numquam
559 1709 585 1731 te
597 1700 613 1731 ὲ
624 1711 673 1731 me
685 1701 817 1731 ludibrio
829 1702 930 1732 laesum
943 1703 989 1731 iri.
1012 1700 1103 1742 Qiod

143 1739 316 1779 cujusmodi
327 1739 360 1771 sit
371 1762 379 1774 ,
393 1742 458 1772 satis
468 1743 634 1784 intelligere
644 1753 707 1773 non
721 1741 856 1782 possum:
882 1743 930 1774 sed
942 1753 1043 1774 tamen
1056 1742 1104 1772 su-

143 1781 241 1821 spicor
256 1801 264 1815 ‚
285 1783 320 1813 ad
333 1791 359 1812 te
371 1781 426 1813 effe
437 1784 559 1814 allatum
569 1804 578 1818 ,
590 1795 638 1814 me
650 1786 683 1814 in
694 1785 794 1815 senatu
808 1806 816 1818 ,
832 1795 900 1815 cum
912 1785 1102 1825 disputarem,

143 1824 314 1863 permultos
322 1822 380 1854 effe
391 1845 400 1857 ,
426 1827 478 1865 qui
489 1826 626 1866 rempub.
638 1826 654 1856 ὲ
668 1836 717 1856 me
736 1827 940 1857 conservatam
954 1827 1103 1858 dolerent.

145 1863 270 1895 dixisse:
295 1865 309 1895 Ξι
323 1875 348 1895 te
360 1876 547 1907 propinquos
558 1877 627 1897 tuos
636 1888 644 1901 ,
664 1868 774 1909 quibus
793 1878 899 1908 negare
911 1878 977 1898 non
987 1868 1104 1908 potuis-

144 1906 190 1937 ses
201 1926 209 1940 ‚
223 1906 389 1946 impetrasse
402 1928 411 1941 ,
424 1917 456 1938 ut
466 1919 499 1938 ea
510 1928 518 1942 ‚
537 1919 603 1949 quae
614 1908 757 1939 stituiss'es
769 1909 823 1939 tibi
832 1913 865 1939 in
878 1911 978 1940 senatu
992 1909 1029 1940 de
1040 1918 1107 1939 mea

147 1948 234 1978 laude
252 1947 309 1978 effe
319 1949 445 1980 dicenda
454 1970 463 1984 ,
483 1952 628 1980 reticeres.
654 1951 744 1992 Qod
762 1961 833 1981 cum
855 1951 987 1981 dicerem
998 1971 1006 1984 ‚
1029 1950 1105 1980 illud

146 1989 273 2028 adjunxi
285 2001 291 2019 ε
304 1992 379 2021 mihi
390 2000 490 2022 tecum
501 1995 540 2022 ita
549 1992 735 2032 dispertitum
746 1991 884 2023 officium
894 1992 981 2023 fuiss'e
992 1995 1023 2023 in
1032 1995 1106 2032 reip-

147 2032 238 2061 salute
249 2033 404 2064 retinenda
416 2053 424 2067 ,
437 2043 470 2064 ut
479 2044 535 2077 ego
547 2035 652 2064 urbem
663 2034 678 2064 a
689 2034 861 2065 domesticis
875 2034 990 2065 insidiis
1001 2055 1009 2068 ,
1029 2035 1061 2065 &
1071 2035 1107 2064 ab

148 2073 292 2104 intestino
304 2075 410 2105 scelere
423 2086 429 2104 t
453 2085 483 2105 tu
494 2076 610 2106 Italiam
627 2076 662 2106 &
671 2076 707 2106 ab
720 2079 840 2107 armatis
854 2076 991 2107 hostibus
1000 2097 1008 2110 ‚
1030 2077 1063 2107 ὃς
1072 2076 1108 2106 ab

147 2116 264 2146 occulta
274 2118 483 2153 coniuratione
497 2117 691 2148 defenderes:
713 2127 800 2159 atque
815 2120 889 2148 hanc
900 2118 1032 2149 nostram
1044 2128 1108 2149 tan—

147 2158 170 2186 ti
183 2176 191 2189 ‚
212 2157 244 2186 &
255 2166 314 2187 tarn
326 2160 454 2197 praeclari
469 2163 605 2189 muneris
615 2160 786 2190 societatem
798 2181 808 2193 ‚
827 2160 842 2190 a
854 2163 913 2190 tuis
931 2161 1109 2201 propinquis

148 2197 372 2228 13ὒεὶεξὲιιωῑηῑ
394 2202 445 2240 qui
459 2221 467 2234 ‚
482 2211 552 2231 curn
564 2210 595 2231 tu
609 2201 623 2231 a
635 2213 683 2232 me
695 2202 783 2232 rebus
793 2201 980 2242 ampliffimis
992 2222 1000 2236 ,
1020 2211 1107 2242 atque

149 2239 458 2272 honorificentiffimis
470 2263 478 2276 ,
491 2251 612 2273 ornatus
622 2242 708 2278 effes,
719 2243 887 2274 timuifl'ent
897 2263 905 2278 ‚
917 2254 955 2273 ne
965 2253 1022 2285 qua
1031 2244 1110 2273 mihi

151 2291 216 2322 pars
227 2282 277 2312 abs
287 2291 315 2312 te
325 2284 488 2314 voluntatis
500 2293 611 2314 mutuae
625 2285 811 2315 tribueretur.
837 2288 906 2315 Hoc
915 2287 947 2315 in
961 2286 1108 2319 sermone,

149 2333 222 2353 cum
233 2324 248 2353 ὲ
259 2334 309 2354 me
318 2334 517 2364 exponeretur
527 2345 535 2358 ‚
546 2336 612 2365 quae
623 2335 690 2355 mea
698 2326 881 2366 exspeehtio
892 2325 990 2357 fuiss'et
999 2329 1111 2357 oratio-

151 2367 199 2394 nis
209 2374 265 2395 tuae
279 2386 288 2399 ,
305 2369 319 2393 3
332 2375 502 2407 quantoque
514 2376 644 2396 moerore
655 2367 783 2398 versatus
793 2366 884 2397 efl'em
897 2379 902 2396 :
917 2369 979 2398 visa
989 2367 1032 2398 est
1046 2377 1111 2398 ora-

151 2409 195 2436 tio
205 2417 268 2437 non
280 2407 442 2447 injucunda
455 2419 459 2437 ε
484 2409 516 2438 &
537 2408 699 2438 mediocris
719 2409 842 2448 quidam
860 2408 903 2439 est
922 2410 995 2439 risus
1009 2409 1113 2439 conse-

152 2457 238 2478 cutus
249 2469 257 2482 ‚
269 2459 332 2479 non
344 2451 375 2479 in
389 2459 416 2479 te
431 2470 439 2483 ,
462 2449 510 2480 scd
522 2451 616 2490 magis
627 2452 659 2479 in
671 2459 834 2480 moerorem
846 2460 951 2480 meum
962 2470 970 2484 ,
989 2450 1021 2480 ὃς
1031 2449 1113 2490 quod

153 2500 203 2520 me
214 2491 263 2521 abs
274 2499 301 2521 te
312 2490 422 2532 cupiffe
432 2491 543 2522 laudari
555 2511 563 2525 ‚
582 2491 681 2532 aperte
692 2500 779 2533 atque
796 2492 928 2534 ingenue
938 2491 1109 2523 confitebar.

1134 738 1200 780 Jarn
1214 737 1272 767 hoc
1281 745 1344 766 non
1355 735 1452 777 potest
1463 738 1495 767 in
1514 745 1543 768 te
1552 748 1615 769 non
1626 739 1795 772 honorifice
1812 740 1872 772 effe
1885 740 2000 773 dierum
2012 763 2020 777 ‚
2040 753 2093 773 me

1139 790 1169 810 in
1180 777 1345 809 clariffimis
1356 781 1445 814 meis,
1456 788 1541 821 atque
1550 780 1738 821 ampliffimis
1749 783 1847 818 rebus,
1858 793 1959 815 tamen
1968 785 2092 825 aliquod

1136 821 1347 852 testimonium
1368 829 1425 851 tuae
1443 823 1527 852 vocis
1544 822 1650 854 habere
1667 822 1803 855 voluiffe.
1827 824 1918 865 Qod
1936 836 2035 857 autem
2052 829 2095 857 ita

1138 863 1252 896 scribis,
1272 872 1334 892 pao
1354 872 1475 894 Μστυο
1494 873 1599 894 ιΝἸ-ειζ
1617 875 1675 896 Nos
1697 876 1828 897 Animo:
1851 868 1925 908 quid
1944 877 1975 899 tu
1988 867 2094 899 existi-

1139 914 1203 935 mes
1216 902 1273 934 esse
1284 905 1317 934 in
1327 906 1460 936 amicitia
1473 915 1615 937 mutuum
1627 927 1636 942 ,
1655 909 1766 939 nescio.
1789 910 1930 950 equidem
1944 911 2001 940 hoc
2015 910 2095 940 arbi·-

1137 956 1200 977 tror
1210 966 1218 980 ,
1229 956 1299 977 cum
1311 957 1362 987 par
1372 948 1512 978 voluntas
1520 950 1661 989 accipitur
1671 970 1680 983 ,
1695 951 1727 981 &
1736 951 1880 981 redditur.
1903 954 1967 992 Ego
1977 971 1986 985 ‚
2005 950 2024 981 s1
2036 953 2097 983 hoc

1137 989 1235 1019 dicam
1248 1008 1256 1022 ,
1277 998 1327 1018 me
1340 997 1387 1019 tua
1396 989 1479 1020 causa
1498 989 1712 1029 praeterrnisiss'e
1729 995 1916 1032 provinciam
1930 1004 1934 1022 :
1960 993 2015 1023 tibi
2032 993 2096 1034 ipse

1139 1031 1235 1061 levior
1248 1030 1350 1060 videar
1367 1029 1435 1061 ess'e.
1458 1041 1533 1062 meae
1546 1035 1630 1062 enim
1639 1035 1768 1064 rationes
1785 1037 1825 1065 ita
1837 1035 1986 1065 tulerunt:
2009 1044 2096 1076 atque

1139 1073 1202 1112 ejus
1217 1073 1279 1101 mei
1291 1070 1407 1101 consilii
1421 1073 1569 1112 majorem
1579 1076 1612 1104 in
1623 1074 1686 1105 dies
1697 1074 1826 1118 singulos
1838 1076 1971 1107 studium
1983 1096 1992 1111 ,
2004 1078 2096 1107 volu—

1138 1122 1309 1154 ptatemque
1319 1115 1414 1152 capio.
1438 1115 1518 1144 Illud
1528 1115 1597 1145 dico
1607 1136 1616 1149 ‚
1628 1126 1677 1146 me
1688 1136 1697 1151 ‚
1717 1127 1749 1148 ut
1758 1117 1893 1158 primum
1904 1120 1937 1148 in
1946 1120 2097 1149 concione

1140 1156 1328 1195 provinciam
1340 1155 1529 1195 deposuerim
1544 1177 1553 1189 ‚
1564 1155 1662 1187 statim
1673 1177 1682 1191 ,
1695 1160 1954 1198 quemadmodum
1965 1170 2028 1190 eam
2041 1160 2098 1190 tibi

1142 1195 1296 1230 traderem,
1307 1198 1435 1237 cogitare
1446 1196 1576 1237 coepiss'e.
1596 1199 1686 1229 Nihil
1695 1200 1763 1230 dico
1773 1200 1810 1230 de
1822 1201 1977 1231 sortitione
1985 1201 2079 1232 vestra
2090 1213 2098 1232 :

1141 1246 1258 1268 tantum
1269 1246 1297 1267 te
1308 1237 1443 1278 suspicari
1453 1240 1539 1272 volo,
1550 1240 1630 1270 nihil
1638 1242 1672 1270 in
1681 1250 1714 1271 ea
1724 1250 1754 1271 re
1762 1251 1814 1282 per
1822 1242 1967 1284 collegam
1979 1253 2098 1278 meum,

1144 1290 1194 1310 me
1205 1280 1350 1310 insciente
1361 1300 1370 1313 ,
1387 1278 1445 1310 ess'e
1462 1279 1590 1311 fastum.
1613 1282 1779 1314 Recordare
1795 1293 1906 1314 cetera:
1928 1288 2020 1325 quam
2038 1287 2100 1317 cito

1143 1322 1279 1352 senatum
1290 1322 1344 1351 illo
1355 1321 1404 1352 die
1415 1342 1424 1357 ‚
1434 1321 1509 1353 faeta
1519 1323 1676 1355 sortitione
1687 1345 1696 1357 ,
1713 1326 1864 1367 coegerim
1876 1336 1881 1355 :
1904 1326 1995 1367 quam
2005 1327 2105 1357 multa

1144 1363 1181 1394 de
1192 1372 1220 1394 te
1229 1363 1321 1394 verba
1329 1363 1452 1394 fecerim
1465 1385 1474 1399 ‚
1497 1375 1569 1395 cum
1579 1371 1618 1396 'tu
1634 1367 1694 1406 ipse
1704 1368 1782 1397 mihi
1791 1367 1894 1398 dixisti
1904 1388 1913 1402 ‚
1930 1370 2102 1400 orationem

1146 1416 1247 1436 rneam
1259 1415 1321 1436 non
1332 1405 1434 1436 solum
1447 1408 1479 1437 in
1490 1416 1518 1437 te
1527 1407 1728 1439 honorificam
1741 1429 1750 1443 ‚
1771 1409 1820 1439 sed
1830 1411 1917 1440 etiam
1928 1412 1962 1440 in
1971 1411 2102 1451 collegas

1146 1456 1214 1478 tuos
1238 1448 1491 1478 contumeliosam
1505 1447 1601 1479 fuifle.
1627 1451 1690 1488 Iam
1709 1451 1786 1481 illud
1803 1454 1833 1482 S.
1853 1454 1886 1482 C.
1905 1452 1988 1492 quod
1998 1462 2034 1483 co
2052 1453 2104 1483 die

1144 1489 1258 1520 faetum
1274 1489 1326 1523 est,
1338 1500 1370 1520 ea
1382 1490 1602 1531 pi‘aescriptione
1613 1491 1657 1522 est
1667 1512 1675 1525 ,
1688 1501 1719 1523 ut
1731 1514 1739 1526 ,
1753 1492 1828 1523 dum
1839 1493 1869 1523 id
1879 1493 2023 1528 exstabit,
2034 1492 2106 1524 offi-

1143 1533 1227 1562 cium
1239 1541 1344 1561 meum
1354 1532 1390 1562 in
1408 1541 1436 1562 te
1447 1532 1610 1563 obscurum
1629 1533 1687 1564 effe
1697 1544 1763 1564 non
1784 1534 1880 1576 poffit.
1903 1535 2005 1566 Poste‘a
2018 1535 2105 1569 verb,

1147 1573 1236 1614 quim
1247 1572 1398 1613 profeEtus
1410 1584 1441 1604 es
1452 1594 1461 1608 ,
1482 1575 1583 1607 velim
1592 1575 1744 1606 recordere
1755 1597 1764 1609 ,
1784 1587 1848 1617 quae
1858 1587 1914 1618 ego
1931 1577 1968 1608 de
1978 1586 2006 1608 te
2015 1579 2048 1608 in
2059 1578 2104 1608 se-

1146 1625 1216 1646 natu
1227 1617 1338 1655 egerim
1352 1626 1357 1645 τ
1380 1626 1448 1657 quae
1461 1617 1493 1646 in
1504 1617 1704 1647 concionibus
1721 1617 1852 1648 dixerim
1864 1639 1872 1651 ,
1892 1628 1964 1659 quas
1973 1618 2006 1649 ad
2018 1628 2044 1649 te
2054 1619 2108 1648 lit·

1146 1666 1220 1688 teras
1231 1657 1377 1687 miserim.
1400 1660 1476 1699 Qae
1493 1667 1564 1688 curn
1575 1660 1680 1688 omnia
1699 1660 1871 1700 collegeris:
1895 1669 1926 1690 tu
1940 1661 1998 1700 ipse
2008 1661 2104 1692 velim

1149 1699 1271 1735 judices,
1283 1699 1386 1729 satisne
1396 1702 1534 1730 videatur
1550 1701 1596 1729 his
1607 1700 1752 1731 omnibus
1765 1701 1851 1731 rebus
1860 1710 1928 1731 tuus
1946 1701 2104 1736 adventus,

1146 1745 1240 1771 4cum
1252 1740 1394 1780 proxime
1407 1744 1540 1772 Romam
1550 1741 1659 1772 venisti
1669 1762 1678 1776 ,
1690 1752 1799 1773 mutuo
1812 1741 2002 1783 respondiffe.
2013 1743 2106 1782 Quod

1149 1783 1252 1813 scribis
1262 1782 1297 1812 de
1307 1784 1498 1813 reconciliata
1507 1782 1606 1814 nostra
1614 1786 1718 1825 gratia:
1744 1794 1809 1814 non
1819 1785 1958 1826 intelligo
1970 1804 1978 1818 ‚
1999 1795 2108 1815 curre-

1149 1824 1341 1854 conciliatam
1363 1822 1420 1854 esse
1439 1824 1537 1858 dicas,
1568 1828 1581 1852 5
1597 1835 1664 1866 quae
1683 1836 1850 1867 numquam
1870 1827 2036 1857 imminuta
2053 1827 2107 1858 est.

1150 1865 1240 1906 Qod
1251 1865 1352 1895 scribis
1365 1885 1374 1900 ,
1400 1876 1465 1896 non
1482 1866 1645 1906 oportuiss'e
1655 1868 1817 1898 Metellum
1835 1867 1957 1898 fratrem
1969 1877 2054 1899 tuum
2069 1869 2111 1900 ob

1151 1906 1294 1938 dietuma
1313 1917 1364 1936 me
1382 1911 1564 1948 oppugnari:
1581 1909 1716 1949 primum
1728 1929 1736 1944 ,
1756 1910 1813 1940 hoc
1829 1911 1923 1940 velim
1941 1909 2109 1945 existimes,

1150 1951 1290 1979 animum
1305 1950 1383 1979 mihi
1393 1949 1484 1980 istum
1496 1959 1581 1980 tuum
1595 1951 1789 1982 vehementer
1801 1951 1936 1991 probari:
1957 1952 1990 1982 &
2007 1951 2111 1983 frater-

1152 2001 1224 2022 nam
1234 1991 1355 2031 plenam
1367 1992 1564 2022 humanitatis
1578 2003 1611 2023 ac
1627 1995 1743 2032 pietatis
1760 1995 1964 2024 voluntatem:
1988 1993 2110 2029 deinde,

1153 2032 1173 2063 fi
1186 2043 1244 2074 qua
1266 2043 1321 2075 ego
1341 2034 1374 2063 in
1397 2043 1427 2064 re
1445 2033 1526 2064 fratri
1545 2044 1598 2064 tuo
1611 2054 1619 2068 ,
1637 2033 1652 2054 ⁶
1671 2037 1743 2075 reip.
1759 2034 1860 2069 causa,
1881 2035 2037 2066 restiterim
2049 2056 2057 2070 ‚
2078 2045 2113 2068 ut

1153 2075 1384 2116 mihiignoscas.
1409 2084 1469 2106 tam
1480 2078 1564 2107 enirn
1577 2077 1642 2107 sum
1653 2079 1770 2107 amicus
1788 2079 1862 2117 reip.
1883 2078 1974 2118 quam
1984 2079 2035 2117 qui
2049 2087 2113 2107 ma-

1152 2117 1249 2147 xime.
1272 2119 1303 2148 Si
1315 2116 1388 2147 verb
1399 2127 1499 2148 meam
1517 2119 1640 2148 salutem
1651 2128 1755 2148 contra
1766 2119 1849 2148 illius
1858 2121 2008 2159 impetum
2017 2121 2049 2149 in
2062 2129 2111 2149 me

1155 2157 1391 2189 crudeliffimum
1403 2158 1589 2189 defenderim
1604 2171 1609 2189 z
1633 2160 1701 2190 satis
1720 2160 1842 2194 habeas,
1864 2162 1941 2190 nihil
1955 2170 2005 2190 me
2020 2162 2112 2193 etiarn

1154 2210 1252 2230 tecum
1266 2199 1302 2229 de
1312 2201 1356 2230 tui
1366 2199 1463 2230 fratris
1474 2201 1585 2241 injuria
1600 2203 1754 2242 conqueri.
1770 2204 1868 2242 Qiem
1882 2212 1938 2243 ego
1947 2199 2015 2231 cum
2026 2212 2114 2232 com-

1154 2240 1292 2282 perissem
1311 2252 1439 2272 omnem
1456 2243 1499 2273 sui
1518 2243 1682 2274 tribunatus
1698 2252 1839 2274 conatum
1855 2244 1889 2273 in
1898 2253 1997 2273 meam
2008 2244 2114 2283 perni-

1154 2286 1232 2314 ciem
1246 2293 1341 2323 parare
1352 2303 1360 2317 ‚
1372 2293 1460 2325 atque
1477 2284 1632 2314 meditari:
1651 2287 1695 2327 egi
1705 2295 1775 2314 cum
1785 2284 1906 2315 Claudia
1920 2305 1927 2318 ‚
1948 2294 2042 2314 uxore
2052 2294 2112 2320 tua,

1157 2326 1190 2356 &
1209 2335 1280 2355 cum
1293 2324 1385 2355 vestra
1403 2327 1503 2356 sorore
1518 2328 1622 2356 Mucia
1636 2346 1644 2360 ‚
1667 2328 1751 2366 cujus
1762 2336 1827 2367 erga
1845 2336 1895 2355 me
1905 2325 2040 2356 studium
2056 2337 2113 2367 pro

1157 2369 1212 2397 Cn.
1227 2368 1364 2406 Pompeii
1375 2365 1589 2396 necessitudine
1601 2386 1609 2400 ‚
1630 2368 1735 2397 multis
1747 2370 1778 2396 in
1790 2368 1875 2397 rebus
1885 2369 2092 2408 perspexeram
2105 2378 2113 2399 ε

1156 2416 1275 2437 uteum
1296 2408 1357 2436 7ab
1376 2408 1427 2438 illa
1444 2408 1554 2444 injuria
1573 2408 1762 2438 deterrerent.
1786 2412 1881 2450 Atque
1901 2410 1971 2443 ille,
1991 2410 2115 2451 quodte

1157 2447 1268 2479 audisse
1278 2447 1367 2479 credo
1378 2469 1386 2483 ,
1398 2449 1494 2489 pridie
1505 2449 1561 2479 Kal
1579 2451 1700 2491 Januar.
1720 2460 1777 2491 qua
1787 2452 1998 2491 injurianemo
2019 2448 2033 2471 ⁸
2046 2463 2117 2483 um-

1159 2500 1248 2533 quam
1269 2492 1303 2520 in
1321 2490 1423 2532 aliquo
1441 2490 1611 2533 magistratu
1639 2491 1876 2533 improbissimus
1899 2495 1974 2524 civis
1990 2492 2117 2524 affe6tus

2019 2536 2072 2570 est,
2083 2545 2119 2567 ea

157 2598 178 2621 ¹.
192 2624 193 2627 ,
246 2603 277 2624 Ec
287 2600 402 2632 abscnrcm
419 2600 518 2625 ludibrio
528 2601 602 2633 Aesim
620 2601 678 2634 i›·i.]
700 2601 741 2625 lta
751 2598 833 2635 prisca
851 2599 935 2625 editio
945 2609 975 2625 ac
985 2598 1100 2625 ViStoi-ii
1112 2609 1118 2625 t

173 2630 204 2667 ,3-
246 2644 328 2669 neque
340 2635 416 2662 :iliter
427 2636 544 2671 quinque
556 2636 624 2662 l’all.
635 2636 822 2662 Gruter-mnus.
846 2635 941 2671 vulgo.
951 2645 1024 2670 neque
1033 2644 1067 2661 me
1077 2637 1122 2661 ab·

153 2666 243 2695 Jmlem
253 2672 302 2696 lud.

197 2715 225 2732 2.
245 2710 301 2740 Qec
309 2707 424 2740 majorum
440 2709 542 2740 nostrum
559 2710 680 2733 elementia
698 2708 833 2743 adminish]
855 2708 898 2734 Sic
908 2714 962 2734 tres
973 2706 1077 2733 Gulicl.
1089 2707 1126 2733 li-

164 2740 203 2767 bri
217 2753 222 2768 :
247 2742 278 2768 sic
290 2743 357 2768 Pau.
369 2753 409 2779 pr.
421 2750 485 2769 tert.
497 2745 580 2770 Grut.
592 2744 710 2770 vatican.
730 2753 844 2780 quorum
856 2743 1008 2771 consensum
1020 2753 1072 2771 non
1082 2742 1125 2770 se.-

164 2777 208 2811 qui
220 2777 396 2813 irreligiosum
407 2779 480 2806 effer.
500 2779 582 2815 vulgo
593 2782 728 2812 nostromm.

202 2822 228 2848 3.
248 2815 385 2848 :Qamn-lnee
401 2825 492 2840 miz-rore
501 2817 613 2850 versatus
630 2816 720 2850 effen]
741 2817 783 2842 Ita
793 2815 889 2843 habent
907 2825 933 2841 ο.
960 2815 1029 2842 Pau.
1041 2816 1123 2842 Grut.

164 2849 299 2874 stewech.
310 2850 445 2877 Victorius
456 2858 542 2877 tamen
556 2871 564 2883 ‚
585 2859 717 2887 quantoque
725 2854 751 2877 in
760 2862 837 2878 errore
846 2853 959 2886 versatus
970 2863 977 2877 .-
995 2853 1023 2878 &
1033 2851 1123 2887 paullo

165 2885 221 2920 post
237 2895 242 2910 :
259 2885 381 2918 fiilmfrqis
390 2889 415 2911 in
425 2896 525 2913 errorem
536 2898 618 2913 meum.

201 2928 229 2952 4.
250 2921 414 2953 Campi-oxma*
424 2926 520 2948 Romam
531 2926 614 2955 venisti
626 2943 634 2955 ,
653 2924 730 2949 muru}
749 2924 909 2958 respondisti]
932 2924 1009 2949 Hanc
1028 2922 1123 2949 163ξῖὶο-

167 2966 226 2982 nem
236 2956 295 2989 jure
306 2958 408 2992 pratuli
419 2967 451 2983 ex
465 2959 690 2993 1';ill.1he.qnart.
703 2960 789 2995 quint.
801 2961 886 2986 vatic.
899 2959 999 2986 edizion
1028 2958 1123 2985 vitqu-

166 2992 212 3018 rii.
233 2991 316 3027 vulgo
339 2993 529 3028 mei-polam&
541 3003 635 3022 mutuo.-
654 2996 685 3021 iic
696 3005 801 3032 quoquc
810 3005 844 3021 ex
857 2996 989 3022 stewech.
1013 2996 1085 3021 'arim
1096 3005 1125 3021 uc

166 3027 237 3053 Pali.
249 3027 437 3054 emendandum
450 3030 474 3055 in
480 3029 518 3055 fra
531 3032 578 3066 Ep.
589 3039 616 3065 7.
630 3033 654 3066 fi
662 3033 754 3066 quando
763 3042 807 3058 mm
817 3033 894 3058 mma}
905 3031 1064 3066 respondean.
1079 3031 1124 3058 ubi

163 3064 244 3090 etiaim
257 3064 335 3089 mun&
346 3064 478 3099 vulgatur.

206 3108 230 3132 5.
250 3101 304 3131 93ae
313 3110 440 3134 numquam
450 3103 574 3127 ,imminuta
585 3103 642 3130 erl]
657 3103 797 3130 Medicceus
814 3105 851 3130 ‘ut
862 3103 971 3130 adnotat
984 3103 1123 3139 Egnatius)

163 3137 291 3161 Imm'num
303 3138 336 3161 tr!
353 3136 379 3161 ἃ
401 3136 443 3161 liic
454 3137 481 3162 8<
493 3137 584 3163 multis
595 3138 682 3173 pallini
703 3140 766 3165 locis
787 3139 864 3166 fimili
883 3139 1010 3174 cx.1nplo
1029 3139 1124 3165 collisis

166 3170 298 3201 iot-:ilibus
310 3191 318 3205 ‚
339 3180 417 3207 prout
428 3172 454 3199 in
466 3180 563 3201 metro.
587 3173 656 3209 quod
668 3174 773 3204 admisit
782 3175 928 3204 Lambinus
941 3194 949 3209 ,
961 3176 1064 3204 utinam
1075 3184 1126 3203 non

1161 2599 1287 2625 novitatis
1306 2599 1408 2625 studio!
1429 2599 1470 2626 scd
1491 2608 1520 2626 ut
1529 2600 1660 2627 edendum
1679 2610 1799 2627 curamus
1812 2621 1819 2632 ‚
1839 2601 1874 2627 est
1893 2601 1920 2626 in
1932 2611 1958 2627 ο.
1970 2600 2038 2627 Pall.
2059 2599 2118 2634 (nifi

1161 2635 1232 2670 quod
1243 2642 1353 2670 quartus
1366 2636 1509 2671 primorem
1522 2636 1647 2672 syllabam
1659 2644 1763 2663 truncet
1775 2655 1784 2668 ,
1803 2640 1896 2662 minuta
1905 2639 1947 2669 21¹7)
1961 2638 2042 2663 Grut.
2057 2637 2118 2662 Ste-

1163 2671 1249 2697 wechi
1262 2671 1347 2698 vatic.
1359 2671 1520 2698 editionibus
1533 2673 1698 2704 melioribus,
1708 2682 1738 2698 ac
1748 2673 1867 2699 omnium
1879 2672 1996 2708 principe
2006 2673 2117 2697 Veneta.

1162 2706 1224 2742 (ἰωῆς
1237 2706 1287 2742 ipse
1299 2708 1396 2734 cicero
1409 2707 1522 2744 Ep.5.ad
1534 2709 1728 2735 C.Antonium.
1742 2709 1836 2743 aliquid
1843 2708 1869 2732 de
1878 2708 1955 2740 nostra*
1964 2709 2119 2741 conjunHione

1163 2746 1312 2769 imminutum
1322 2745 1362 2777 iffi
1371 2745 1513 2776 (straticum.
1528 2745 1607 2780 vulgo
1618 2745 1685 2771 mali:
1697 2755 1702 2771 z
1715 2754 1764 2778 qux
1773 2752 1901 2778 numquam
1910 2746 2037 2768 immutata
2046 2745 2091 2768 εξῖ.

1196 2779 1223 2805 6,
1244 2782 1310 2812 Irrip.
1325 2781 1396 2813 caus&
1414 2781 1535 2812 restiterim
1548 2800 1555 2811 ,
1575 2788 1602 2806 ut
1620 2783 1677 2807 mihi
1693 2780 1819 2813 igniferum]
1843 2781 1942 2805 lterum
1953 2777 2119 2805 intruserunt

1161 2814 1325 2842 correCmres
1337 2814 1378 2841 seu
1391 2815 1526 2851 paedagogi
1536 2816 1576 2842 illi
1587 2816 1696 2842 suerunt
1712 2835 1720 2847 ‚
1740 2818 1862 2849 restirerim
1873 2833 1880 2846 ‚
1888 2821 1939 2847 peto
1950 2833 1956 2845 ,
1968 2821 1994 2839 ut
2004 2816 2061 2840 mihi
2069 2817 2118 2847 ign.
2136 2847 2137 2850 Ἴ

1161 2851 1232 2887 quod
1243 2851 1312 2878 abest
1330 2851 1364 2878 ab
1373 2852 1490 2878 editione
1501 2852 1628 2887 primarii
1639 2871 1647 2884 ‚
1667 2850 1781 2878 Vietorn
1794 2870 1802 2881 ‚
1822 2849 1890 2876 Pali.
1902 2860 1926 2876 0.
1941 2851 2022 2876 Grut.
2034 2850 2119 2877 Peck.

1163 2888 1301 2915 Vaticano.

1198 2932 1226 2958 7.
1245 2926 1297 2952 015
1313 2923 1355 2949 isla*
1370 2923 1465 2957 injuria'
1481 2923 1649 2956 deterrerent]
1671 2922 1713 2947 Sic
1732 2921 1850 2957 plerique
1871 2921 1938 2947 Pail.
1959 2922 2040 2948 Grnt.
2060 2922 2121 2949 Ste—

1163 2960 1249 2986 wech.
1260 2960 1345 2986 Vatic.
1356 2960 1401 2986 nili
1413 2958 1482 2993 quod
1499 2959 1524 2985 in
1538 2958 1593 2984 Pal.
1605 2958 1654 2984 sec.
1664 2959 1690 2983 S(
1702 2957 1819 2984 editione
1831 2958 1948 2993 principe
1961 2977 1969 2988 ‚
1980 2959 2122 2990 dacrerent,

1163 2995 1276 3032 qualiter
1287 2996 1314 3021 ὅ(
1325 2997 1351 3022 in
1362 2995 1449 3031 quint.
1470 2994 1543 3020 fuisse
1553 3001 1659 3030 apparet
1672 3013 1680 3026 ‚
1698 3001 1744 3020 aut
1761 2995 1889 3019 detinerem
1902 3012 1910 3026 ‚
1929 2992 1960 3020 ad
1972 2994 2120 3028 marginem

1159 3038 1325 3066 pro-rorarent.
1347 3030 1425 3066 vulgo
1435 3031 1594 3056 detraherent.

1201 3067 1228 3094 8.
1248 3070 1354 3100 Unquam
1363 3069 1389 3092 in
1398 3069 1476 3100 aliquo
1486 3066 1649 3099 magnssfatu]
1674 3066 1716 3094 Sic
1725 3074 1816 3092 omnes
1828 3065 1885 3091 mss.
1896 3072 1949 3091 tam
1962 3065 2030 3091 Pan.
2041 3073 2121 3101 quam

1165 3102 1313 3129 Gulielmio
1323 3101 1446 3128 consulti.
1461 3111 1507 3128 nec
1520 3102 1596 3128 iidco
1605 3111 1651 3128 cui·
1660 3102 1781 3128 accedam
1801 3102 1858 3128 aliis
1878 3101 2076 3128 emendantibus
2095 3103 2123 3126 in

1162 3141 1254 3164 minimo
1264 3140 1402 3171 magistratu
1414 3147 1421 3168 ς
1433 3146 1478 3164 aut
1489 3137 1611 3166 Viftorio
1624 3149 1648 3166 m
1659 3148 1736 3165 annuo
1747 3140 1885 3173 magistram
1896 3149 1905 3172 2·
1924 3137 1985 3174 quia
1995 3138 2021 3164 in
2033 3136 2123 3163 Medi-

1166 3183 1218 3202 caeo
1228 3180 1296 3206 erat,
1305 3177 1330 3201 in
1342 3177 1418 3201 animo
1427 3183 1490 3208 mag.

1997 3216 2007 3234 ι
2015 3227 2020 3233 .
2028 3206 2125 3234 Dicenda·
