2337 3400
93 1003 110 1036 8

78 1588 120 1611 10

82 1938 118 1962 11

94 2745 132 2779 ¹3

116 127 216 189 758

115 204 156 235 ,δε
179 207 261 241 efficti.
296 199 376 242 Q'id
393 198 486 229 causa:
509 207 608 228 autem
629 195 736 229 fuerit,
762 192 906 235 postridie
930 191 1079 225 intellexi,

532 120 601 166 M.
683 115 1050 162 TULL11

121 266 210 297 quam
225 254 238 284 31
256 252 342 283 robis
351 247 474 279 discessi.
501 236 602 286 χῠλᾶσύ
618 238 752 283 άκξφῖθν
767 243 860 275 Ποᾶὶυ
875 245 958 283 ejeci.
983 242 1081 288 statim

122 300 160 327 ita
173 298 235 327 suin
252 295 362 323 levatus
374 311 382 324 ,
402 299 435 321 ut
445 290 523 320 mihi
533 288 605 319 deus
615 288 721 328 aliquis
733 287 914 317 medicinam
926 284 1026 315 fecille
1037 285 1082 314 vi-

120 339 232 368 deatur.
256 338 312 365 Cui
322 332 446 374 quidem
458 341 489 361 tu
504 331 571 363 deo,
583 328 845 370 quemadmodum
857 328 944 359 soles,
970 331 979 346 ¹
992 328 1040 366 pie
1051 326 1083 356 &

121 379 197 410 caste
213 376 377 408 satisfacias,
389 374 417 405 id
428 372 478 407 est,
498 371 678 413 Apollini&
693 371 872 410 AEsculapio.
891 372 1009 399 Navem
1023 368 1085 408 spe-

123 431 156 451 ro
168 430 224 450 nos
235 419 319 448 valde
332 418 443 447 bonam
455 415 560 445 habere
573 434 581 447 ‚
604 416 635 443 in
646 423 711 443 eam
723 411 900 453 rimuiatque
910 410 1085 443 conscendi,

124 464 188 492 haec
207 458 312 500 scripsi.
351 457 470 488 Deinde
496 456 682 487 conscribam
712 455 747 484 ad
766 453 887 484 nostros
916 452 1089 483 familiareis

125 504 236 535 multas
247 501 395 543 epistolas,
405 499 515 541 quibus
526 507 553 528 te
566 518 574 531 ‚
588 498 620 527 δε
634 497 803 527 Tulliolam
816 495 946 526 nostram
958 494 1090 534 diligen-

127 544 235 577 tiffime
253 541 488 575 commendabo.
511 541 689 571 Cohortarer
700 549 766 572 vos,
778 548 839 579 quo
849 539 954 568 animo
962 536 1086 566 fortiore

124 586 237 620 effetis,
250 584 304 616 nisi
316 595 371 615 vos
383 584 521 614 fortiores
535 580 707 624 cognossem
721 602 729 614 ,
746 590 836 622 quam
847 588 1032 621 quemquam
1043 579 1090 607 vi-

126 640 206 660 rum.
231 632 269 660 Et
281 637 380 658 tamen
391 624 542 663 eiusmodi
554 625 637 664 spero
650 625 769 664 negotia
780 621 837 652 esse
849 643 857 655 ‚
871 631 903 652 ut
913 621 945 652 Sc
960 630 1015 651 vos
1025 620 1091 650 istic

126 668 374 703 commodiffime
389 669 502 708 sperem
514 664 570 696 ess'e
582 686 590 700 ‚
610 666 643 695 &
657 675 707 695 me
724 664 888 706 aliquando
903 662 1092 693 cumfimili-

129 714 184 744 bus
197 712 290 743 nostri
310 711 446 751 rempub.
466 709 649 740 defensuros.
673 710 723 738 Tu
742 706 879 747 primum
891 705 1089 736 valitudinem

128 765 210 787 tuam
223 754 316 785 velim
330 763 431 784 cures:
446 750 568 784 deinde,
583 750 639 780 tibi
651 748 669 779 si
682 749 844 780 videbitur,
858 748 939 778 villis
952 750 986 777 iis
999 756 1090 780 utere,

128 808 196 838 quae
208 794 381 839 longissime
390 795 515 825 aberunt
533 793 548 823 a
562 792 727 821 militibus.
752 790 858 820 Fundo
869 790 1006 829 Arpinati
1016 789 1090 818 bene

129 842 242 880 poteris
254 840 297 869 uti
307 848 378 868 cum
391 837 508 867 familia
520 835 638 867 urbana,
653 832 673 862 si
685 842 804 863 annona
813 834 909 862 carior
917 831 1017 861 fuerit.
1042 832 1093 860 Ci-

129 892 199 912 cero
208 878 455 911 bellifl‘imustibi
474 878 596 908 salutern
617 876 781 916 plurimam
800 874 881 905 dicit⁴
906 875 997 903 etiarn
1007 881 1094 913 atque

132 926 224 954 etiam
233 923 306 954 vale.
327 925 369 952 D.
385 931 440 951 111.
455 920 524 950 Idus
534 919 629 959 Junii.

287 992 383 1023 M.T.
399 991 433 1020 C.
465 987 779 1021 TERENTIAE,
812 988 884 1017 S.P.
901 988 940 1016 D.

194 1054 208 1082 Ι
230 1051 321 1083 vales„
339 1049 416 1079 bene
425 1046 484 1078 est:
499 1056 554 1087 ego
566 1046 660 1076 valeo.
684 1044 894 1075 Valitudinem
909 1053 990 1075 tuam
1003 1044 1094 1074 velim

140 1050 186 1128 S
195 1103 276 1124 cures
287 1088 528 1132 diligentiffime.
554 1091 634 1118 Nam
646 1089 724 1117 mihi
742 1087 774 1119 δε
795 1088 936 1126 scripturn
948 1107 956 1120 ,
976 1086 1008 1116 &
1019 1096 1097 1116 nun-

135 1138 243 1166 tiatum
255 1133 307 1167 est,
322 1143 348 1163 te
360 1135 391 1162 in
402 1131 513 1162 febrim
524 1129 625 1163 subito
635 1128 781 1160 incidisse.
803 1128 894 1167 Quod
903 1129 1038 1158 celeriter
1048 1137 1098 1157 me

135 1176 232 1207 fecisti
251 1176 287 1206 de
297 1175 417 1206 Caesaris
438 1174 545 1203 litteris
559 1174 720 1202 certiorem
736 1191 744 1205 ‚
763 1170 859 1201 fecisti
879 1171 1096 1212 mihigratum.

133 1222 209 1249 Item
220 1217 341 1258 posthac
353 1238 362 1250 ,
372 1214 393 1246 si
403 1215 477 1256 quid
490 1224 564 1254 opus
573 1216 629 1244 erit
640 1234 648 1248 ‚
666 1212 686 1242 si
696 1213 768 1254 quid
778 1212 917 1243 acciderit
941 1213 1036 1245 novi,
1055 1210 1098 1241 fa-

133 1263 205 1295 cies,
217 1271 249 1291 ut
259 1261 360 1291 sciam.
386 1260 473 1292 Cura,
486 1266 518 1287 ut
528 1256 633 1287 valeas.
644 1257 726 1286 Vale.
751 1258 793 1285 D.
806 1265 880 1285 1111.
890 1264 985 1284 nonas
996 1255 1068 1296 Jun-

297 1329 436 1359 M.T.C.
463 1327 778 1358 TERENTIAE,
802 1327 831 1355 S.
846 1327 875 1355 P.
893 1326 933 1354 D.

228 1389 258 1416 D
277 1395 385 1416 ceteras
406 1395 487 1416 meas
508 1385 643 1415 miserias
662 1382 778 1415 accessit
795 1383 884 1414 dolor
905 1384 920 1413 ἐ
932 1381 1100 1413 Dolabellae

228 1427 415 1461 valitudine,
435 1427 602 1458 &Tuum
627 1429 759 1458 omnino
779 1426 816 1456 de
835 1425 982 1455 omnibus
999 1424 1099 1457 rebus,

137 1480 194 1500 nec
204 1470 275 1511 quid
287 1468 403 1500 consilii
413 1470 542 1510 capiam,
560 1479 615 1499 nec
625 1469 699 1510 quid
707 1468 814 1498 faciam
828 1489 836 1501 ,
850 1468 922 1498 scio.
945 1470 996 1498 Tu
1006 1466 1100 1497 velim

146 1521 242 1546 tuam,
260 1512 292 1543 &
303 1513 415 1543 Tulliae
424 1511 624 1542 valitudinem
634 1521 728 1541 cures.
751 1511 834 1540 Vale.

234 1584 377 1613 M.T.C.
408 1584 706 1630 TERENThjE.
727 1583 851 1616 SUAE‚
882 1583 1006 1612 S.P.D.

236 1643 323 1670 Uon
342 1638 404 1670 fieri
427 1640 576 1680 placeret,
597 1638 692 1679 scripsi
711 1640 746 1670 ad
767 1641 974 1680 Pomponium
997 1639 1101 1672 serius,

235 1692 326 1723 quam
338 1684 484 1722 oportuit.
503 1685 581 1712 Cum
590 1692 628 1712 eo
638 1681 658 1712 fi
671 1682 769 1712 locuta
778 1684 845 1716 eris,
860 1679 1101 1721 intelliges,quid

142 1722 207 1754 fieri
230 1724 333 1753 velim.
358 1723 498 1764 Apertii'is
516 1724 621 1758 scribi,
640 1734 735 1765 quum
755 1723 790 1753 ad
810 1724 898 1753 illum
919 1723 1102 1763 scripseram,

141 1764 257 1796 necesse
272 1776 336 1795 non
346 1764 414 1795 fuit.
438 1768 486 1795 De
497 1776 529 1796 ea
540 1776 570 1795 re
582 1786 590 1800 ‚
609 1766 642 1796 ὃ(
653 1766 688 1796 de
699 1767 803 1796 ceteris
814 1765 900 1795 rebus
910 1784 919 1798 ,
939 1767 1031 1805 quam
1041 1766 1103 1803 pri-

141 1817 229 1838 murn
243 1808 337 1837 velim
356 1807 444 1837 nobis
462 1809 572 1837 litteras
588 1809 701 1837 mittas.
724 1807 934 1838 Valitudinem
945 1816 1026 1837 tuam
1037 1815 1106 1837 cura

141 1849 309 1891 diligenter.
324 1849 408 1879 Vale.
432 1849 561 1890 septimo
571 1849 640 1880 idus
650 1849 782 1891 Qintil.

236 1921 373 1952 M.T.C.
402 1920 701 1951 TERENT1AE
731 1904 860 1960 siiAE,
889 1920 1010 1951 S.P.D.

204 1981 217 2009 Ῑ
237 1979 336 2013 vales,
356 1979 433 2010 bene
452 1977 511 2009 est:
534 1978 629 2009 valeo.
653 1978 757 2009 Tullia
777 1977 876 2008 nostra
900 1980 985 2008 venit
1002 1976 1038 2007 ad
1058 1975 1108 2006 me

201 2021 298 2062 pridie
308 2020 376 2051 idus
393 2022 499 2063 Junii:
522 2021 607 2060 cujus
626 2021 744 2050 sumina
762 2022 892 2054 virtute,
914 2020 947 2050 &
968 2019 1107 2061 singulari

145 2065 330 2094 humanitate
340 2083 348 2097 ,
369 2065 504 2105 graviore
514 2064 604 2093 etiam
616 2063 682 2093 sum
692 2061 797 2092 dolore
809 2061 944 2095 affectus,
956 2061 1056 2092 nostra
1065 2060 1107 2091 fa-

141 2105 228 2135 &um
243 2103 300 2135 effe
311 2107 506 2147 negligentia,
516 2104 646 2146 utlonge
658 2105 714 2135 alia
731 2106 762 2134 in
781 2103 903 2134 fortuna
912 2102 1000 2138 effer,
1021 2113 1107 2144 atque

143 2148 210 2183 ejus
220 2149 311 2187 pietas
323 2167 332 2181 ‚
351 2158 384 2177 ac
393 2148 522 2188 dignitas
540 2145 717 2186 postulabat.
741 2146 842 2176 Nobis
860 2155 920 2176 erat
936 2148 969 2176 in
989 2148 1105 2179 animo,

146 2191 326 2219 Ciceronem
347 2189 383 2219 ad
405 2189 549 2220 Caesarern
571 2190 711 2222 mittere,
735 2188 767 2218 &
793 2198 865 2219 cum
884 2198 921 2218 eo
937 2190 993 2218 Cn.
1012 2187 1109 2218 Sallu—

146 2230 248 2261 stium.
272 2232 302 2261 Si
315 2229 466 2270 profectus
485 2233 562 2266 erit,
583 2230 688 2260 faciam
709 2240 735 2260 te
755 2231 926 2260 certiorem.
958 2229 1110 2259 Valitudi-

146 2281 311 2312 nemtuam
320 2283 388 2303 cura
398 2273 566 2313 diligenter.
590 2273 673 2303 Vale.
692 2282 781 2302 xvir.
794 2271 922 2302 Kalend.
934 2272 1065 2313 Qintil.

310 2332 786 2362 M.T.c.TERENT1AE,
809 2332 838 2359 S.
855 2331 888 2359 P.
907 2331 947 2359 D.

244 2391 317 2419 Uon
336 2397 392 2418 nos
403 2389 436 2418 in
449 2388 567 2421 Italiam
586 2388 681 2418 salvos
693 2385 806 2418 venifl'e
818 2386 925 2427 gaudes
939 2405 947 2420 ‚
967 2395 1112 2426 perpetuo

244 2431 367 2472 gaudeas
379 2431 483 2460 velim.
507 2430 562 2461 Sed
572 2430 735 2470 perturbati
747 2429 852 2459 dolore
861 2430 969 2462 animi,
982 2429 1113 2469 magnis-

149 2483 208 2514 que
218 2474 348 2512 injuriis,
360 2481 466 2502 metuo
481 2482 519 2502 ne
528 2473 558 2502 id
568 2470 687 2503 consilii
696 2473 865 2511 ceperimus
879 2491 887 2504 ‚
898 2470 980 2511 quod
992 2480 1055 2500 non
1065 2469 1111 2500 fa-

151 2516 208 2545 cile
231 2515 380 2554 explicare
401 2512 557 2554 possimus.
591 2517 687 2555 Qare
705 2521 852 2555 quantum
870 2521 955 2552 potes
965 2532 975 2546 ‚
996 2512 1113 2551 adjuva.

152 2556 235 2598 Qid
244 2566 343 2587 autem
355 2555 446 2596 poffis
458 2576 467 2590 ‚
489 2557 568 2587 mihi
585 2557 618 2586 in
629 2565 765 2586 mentem
784 2565 848 2586 non
869 2556 962 2584 venit.
986 2556 1020 2584 in
1031 2556 1113 2589 viam

151 2598 235 2639 quod
246 2607 274 2628 te
284 2598 335 2628 des
346 2600 403 2629 lioc
416 2607 562 2638 tempore,
575 2598 653 2628 nihil
665 2597 724 2628 est:
749 2597 921 2638 &longum
933 2595 975 2626 est
987 2597 1057 2626 iter:
1080 2596 1113 2625 &

154 2650 217 2670 non
229 2649 345 2671 tutum:
369 2640 402 2670 &
416 2650 480 2670 non
491 2640 593 2674 video,
604 2640 678 2681 quid
689 2637 924 2680 prodess'epoffis
935 2658 944 2674 ‚
956 2637 1113 2669 siveneris.

153 2682 225 2712 Vale
235 2685 273 2714 D.
286 2682 362 2723 prid.
375 2692 471 2713 nonas
482 2682 628 2713 Novemb
650 2679 817 2712 Brundisio.

316 2740 458 2770 M.T.C.
490 2741 798 2772 TERENT1AE‚
827 2739 951 2769 S.P.D.

162 2790 323 2877 QUOD
342 2794 439 2835 scripsi
448 2794 482 2825 ad
495 2804 523 2825 te
542 2797 693 2836 proximis
710 2795 818 2826 litteris
836 2794 873 2825 de
884 2797 992 2825 nuntio
1010 2796 1118 2825 remit·

247 2837 343 2876 ¹tendo
355 2857 363 2870 ‚
381 2847 446 2877 quae
463 2835 496 2867 sit
507 2836 590 2868 istius
609 2840 654 2867 vis
674 2839 732 2868 hoc
744 2847 904 2876 (empore,
925 2836 1034 2878 &quae
1044 2847 1119 2867 con-

158 2876 261 2906 citatio
271 2879 487 2912 multitudinis,
500 2881 616 2921 ignoro.
634 2881 663 2909 Si
677 2880 858 2909 metuendus
869 2881 958 2908 iratus
968 2878 1022 2913 est,
1033 2881 1118 2920 quies
1141 2883 1143 2889 ⁴

160 2925 261 2947 tamen
272 2918 373 2949 abillo
385 2920 501 2951 fortasse
511 2922 654 2952 nascetur.
673 2924 790 2952 Totum
799 2920 958 2960 judicabis,
971 2923 1058 2962 quale
1068 2920 1117 2951 sit:

160 2958 194 2988 &
203 2959 283 2999 quod
297 2962 328 2989 in
338 2962 516 2992 miserrimis
537 2963 626 2993 rebus
636 2962 767 2994 minime
779 2963 924 2994 miserum
934 2963 1052 3004 putabis
1061 2983 1070 2998 ,
1089 2963 1121 2994 id

158 2999 260 3031 facies.
286 3002 366 3032 Vale.
393 3013 441 3033 vx.
462 3005 529 3035 idus
539 3007 670 3047 Qiintil.

1132 113 1675 162 CICERONIS

1170 194 1407 225 TULLIUS
1441 196 1755 229 TERENTIAE,
1787 196 1851 226 E‘T
1875 195 2046 226 PATER

1222 236 1533 269 TULLIOLAE.
1566 240 1776 268 DUABUS
1807 238 1995 267 ANIMIS

1283 279 1418 307 SUIS:
1453 280 1515 308 ET
1546 281 1736 310 CICERO
1765 280 1939 309 MATRI

1327 320 1559 353 OPTIME„
1582 323 1803 353 SUAVISS.
1827 322 1899 352 SO—

1348 360 1352 363 ’
1459 362 1605 395 ROR1‚
1636 365 1765 393 S.P.D.

1194 415 1207 443 Ι
1220 420 1275 442 vos
1285 411 1403 443 valetis,
1415 420 1470 441 nos
1481 411 1628 442 valemus.
1649 412 1856 452 Vestrumjam
1867 412 2026 443 consilium
2039 412 2091 447 est,

1192 465 1257 485 non
1279 455 1381 484 solum
1402 462 1506 484 meum
1517 473 1526 488 ‚
1547 455 1620 494 quid
1639 453 1672 485 sit
1690 455 1777 485 vobis
1790 455 1972 485 faciendum.
1995 458 2027 486 Si
2042 456 2111 485 ille.

1136 500 1271 528 Romam
1283 494 1420 526 modeste
1441 504 1585 526 venturus
1603 495 1663 526 est:
1686 496 1765 526 reEke
1790 499 1822 526 in
1839 498 1995 537 piaesentia
2007 497 2094 527 domi

1135 538 1193 570 esse
1207 537 1330 579 potestis
1339 558 1347 572 ‚
1373 536 1415 567 fin
1425 538 1521 568 homo
1532 547 1636 568 amens
1646 537 1846 578 diripiendam
1856 539 1960 569 urbem
1973 539 2094 569 daturus

1136 581 1178 612 est
1189 601 1197 616 ‚
1220 590 1324 611 vereor
1335 600 1343 613 ‚
1363 588 1396 610 ut
1406 579 1567 610 Dolabella
1584 580 1646 620 ipse
1663 580 1730 610 satis
1741 580 1830 610 nobis
1843 579 1975 619 prodeffe
1995 579 2093 621 poffit.

1138 625 1236 654 Etiam
1248 622 1325 652 illud
1337 631 1455 655 metuo,
1468 622 1576 661 nejam
1590 622 1824 652 intercludamur
1833 641 1841 654 ‚
1854 631 1902 655 ut,
1914 632 1983 652 cum
1994 623 2097 652 velitis

1134 668 1231 698 exire,
1242 674 1306 694 non
1316 664 1412 694 liceat.
1435 664 1604 704 Reliquum
1615 662 1657 694 est
1670 684 1678 697 ‚
1699 663 1781 704 quod
1791 663 1860 703 ipsae
1872 665 1988 703 optime
2000 663 2097 694 consi-

1131 705 1375 740 derabitis‚vestri
1388 704 1500 736 similes
1509 706 1640 736 faeminae
1651 705 1745 736 sintne
1755 708 1874 736 Romae.
1894 707 1925 735 Si
1935 707 2019 734 enim
2030 714 2094 736 non

1137 750 1213 782 sunt,
1226 748 1395 779 videndum
1405 747 1448 778 est
1459 767 1468 781 ‚
1480 747 1645 778 uthoneste
1657 757 1710 778 vos
1720 746 1777 777 effe
1787 745 1912 787 possitis.
1929 747 2098 788 Qomodo

1138 792 1262 832 quidem
1273 800 1355 820 nunc
1376 790 1405 820 se
1415 799 1459 819 res
1468 790 1557 820 habet
1566 810 1575 824 ‚
1597 788 1692 820 modo
1703 799 1734 820 ut
1744 790 1807 819 haec
1827 789 1915 819 vobis
1924 788 1989 818 loca
1999 797 2099 818 tenere

1140 835 1237 867 liceat,
1254 830 1412 863 belhffime
1421 833 1469 862 vel
1482 842 1615 866 mecum,
1630 833 1676 862 vel
1688 833 1722 861 in
1733 830 1841 878 trostris
1850 830 1967 870 praediis
1977 828 2034 862 effe
2042 839 2099 870 po-

1141 877 1248 906 teritis.
1278 876 1378 906 Etiam
1396 873 1472 904 illud
1483 874 1649 905 verendum
1667 873 1710 904 est
1720 894 1728 907 ‚
1749 883 1786 903 ne
1805 873 1888 903 brevi
1910 881 2043 912 tempore
2056 871 2100 902 fa-

1144 927 1207 947 mes
1226 920 1260 947 in
1271 917 1343 947 urbe
1353 915 1396 946 sit.
1420 918 1478 946 His
1488 916 1523 946 de
1535 916 1622 946 rebus
1634 916 1726 946 velim
1737 925 1807 946 cum
1819 916 1990 954 Pomponio
2000 935 2010 947 ‚
2028 923 2100 944 cum

1143 959 1285 993 Camillo,
1295 968 1366 989 cum
1377 957 1486 999 quibus
1497 958 1584 988 vobis
1594 957 1754 992 videbitur,
1765 954 2007 987 confideretis.ad
2018 956 2101 986 sum-

1143 1012 1225 1032 mam
1237 1021 1246 1035 ,
1277 1003 1382 1031 animo
1400 999 1473 1030 forti
1492 999 1561 1030 sitis.
1586 1000 1738 1031 Labienus
1756 1009 1821 1029 rem
1840 999 2001 1029 meliorem
2019 997 2101 1028 fecit.

1141 1043 1273 1079 Adiuvat
1282 1044 1373 1073 etiam
1384 1042 1450 1072 Piso
1462 1062 1470 1074 .
1482 1042 1563 1083 quod
1574 1043 1611 1072 ab
1622 1042 1693 1072 urbe
1703 1041 1844 1074 discedit,
1859 1040 1891 1070 ὃς
1902 1039 2017 1070 sceleris
2027 1049 2104 1071 con-

1141 1085 1265 1115 demnat
1274 1093 1419 1126 generum
1433 1083 1530 1113 suum.
1554 1087 1618 1114 Vos
1628 1093 1703 1113 meae
1712 1082 1864 1113 cariffimae
1875 1083 1997 1114 animae,
2009 1091 2099 1122 quarn

1142 1124 1296 1166 saepissime
1309 1125 1343 1156 ad
1354 1135 1404 1154 me
1419 1125 1536 1155 scribite
1547 1145 1554 1158 ‚
1576 1125 1609 1156 &
1622 1135 1676 1155 vos
1686 1124 1760 1165 quid
1772 1126 1862 1165 agatis
1872 1144 1881 1157 ,
1902 1123 2017 1164 &quid
2037 1122 2101 1154 istic

1141 1177 1250 1210 agatur.
1274 1169 1407 1208 Qintus
1416 1176 1505 1207 pater,
1517 1167 1549 1197 &
1562 1165 1643 1197 filius
1653 1187 1661 1200 ,
1673 1167 1705 1196 &
1716 1165 1815 1196 Rufus
1825 1165 1913 1195 vobis
1922 1166 2047 1196 salutem
2056 1165 2103 1195 di-

1139 1218 1222 1241 cunt.
1246 1210 1358 1240 Valete.
1371 1218 1453 1239 v111.
1469 1209 1597 1239 Kalend.
1612 1208 1742 1250 Qntil.
1754 1209 1939 1238 Menturnis.

1246 1268 1340 1296 MT.
1355 1268 1388 1296 C.
1412 1268 1703 1297 TERENTIAE
1723 1267 1850 1298 SUAE.
1874 1268 2001 1296 S.P.D.

1203 1319 1217 1346 Ι
1228 1317 1308 1346 vales
1320 1336 1328 1350 ‚
1350 1316 1428 1346 bene
1438 1315 1488 1346 est.
1513 1316 1771 1347 Constitueramus
1783 1337 1791 1349 ,
1807 1324 1841 1346 ut
1850 1315 1885 1346 ad
1904 1324 1931 1346 te
1941 1324 2026 1346 antea
2035 1314 2104 1346 scri-

1203 1359 1328 1399 pseram,
1341 1358 1464 1388 obviarn
1483 1360 1661 1389 Ciceronem
1672 1358 1777 1389 Caesari
1788 1359 1921 1388 mittere:
1947 1358 1994 1388 sed
2005 1367 2104 1388 muta-

1145 1403 1247 1432 vimus
1256 1399 1430 1434 consilium,
1442 1400 1556 1441 quiade
1569 1401 1651 1430 illius
1669 1400 1798 1431 adventu
1808 1400 1887 1430 nihil
1896 1399 2102 1430 audiebamus.

1145 1445 1192 1473 De
1203 1443 1308 1473 ceteris
1315 1442 1403 1472 rebus
1414 1462 1422 1476 ‚
1434 1441 1484 1472 etsi
1495 1443 1572 1473 nihil
1582 1451 1642 1473 erat
1653 1445 1726 1472 novi
1738 1462 1745 1476 ‚
1761 1451 1864 1472 tamen
1874 1441 1948 1482 quid
1958 1442 2103 1475 velimus,

1145 1486 1178 1516 δε
1188 1484 1261 1526 quid
1279 1485 1337 1514 hoc
1354 1493 1490 1524 tempore
1497 1493 1639 1524 putemus
1649 1494 1724 1525 opus
1739 1482 1798 1514 effe
1810 1504 1819 1518 ,
1839 1494 1877 1514 ex
1895 1486 1976 1514 Sicca
1993 1484 2107 1523 poteris

1143 1527 1331 1567 cognoscere.
1355 1526 1492 1556 Tulliam
1512 1526 1607 1557 adhuc
1623 1536 1745 1556 mecum
1764 1535 1863 1556 teneo.
1895 1525 2105 1555 valitudinem

1145 1578 1227 1600 tuam
1237 1577 1306 1599 cura
1318 1568 1490 1609 diligenter.
1513 1568 1596 1598 Vale.
1610 1578 1675 1598 xri.
1685 1567 1834 1597 Kalendas
1842 1567 1973 1607 Qintil.

1239 1627 1381 1655 M.T.C.
1414 1627 1708 1657 TERENTIAE
1737 1627 1865 1658 SUAE,
1887 1626 2011 1655 S.P.D.

1205 1679 1220 1706 1
1233 1676 1324 1709 vales,
1338 1676 1415 1706 bene
1425 1675 1468 1707 est
1480 1687 1485 1705 ·.
1502 1675 1597 1707 valeo.
1626 1674 1684 1706 Etsi
1694 1675 1844 1715 ejusmodi
1855 1685 1990 1715 tempora
2008 1673 2108 1705 nostra

1206 1719 1283 1751 sunt,
1295 1728 1328 1748 ut
1337 1719 1414 1747 nihil
1425 1718 1550 1749 habeam
1563 1737 1571 1751 ‚
1591 1717 1672 1758 quod
1688 1717 1763 1747 atita
1781 1726 1808 1747 te
1827 1718 1993 1747 litterarum
2003 1717 2108 1757 exspe-

1149 1760 1228 1790 &em
1241 1780 1249 1793 ,
1269 1768 1318 1789 aut
1335 1760 1397 1799 ipse
1409 1760 1445 1789 ad
1471 1768 1500 1790 te
1514 1759 1657 1790 scribam:
1678 1768 1778 1789 tamen
1796 1759 1897 1789 nescio
1907 1758 2109 1799 quomodo&

1148 1802 1210 1842 ipse
1219 1801 1327 1832 vestras
1338 1802 1448 1831 litteras
1459 1800 1600 1841 exspefi‘to
1610 1821 1619 1834 ‚
1632 1801 1665 1831 &
1676 1801 1776 1831 scribo
1785 1800 1820 1831 ad
1832 1810 1886 1831 vos
1895 1820 1904 1833 ‚
1916 1800 1988 1831 cum
2000 1800 2108 1834 habeo-2

1176 1846 1206 1873 ui
1216 1843 1302 1873 ferat.
1326 1843 1493 1873 Volumnia
1501 1843 1608 1873 debuit
1617 1845 1648 1873 in
1659 1852 1688 1873 te
1698 1841 1862 1873 officiosior
1871 1840 1929 1872 effe
1937 1842 2028 1883 quam
2038 1841 2110 1875 fuit.

1152 1855 1184 1916 ἒξ
1195 1885 1325 1926 idipsum
1336 1905 1345 1918 ‚
1366 1884 1448 1926 quod
1458 1884 1529 1915 fecit
1539 1905 1547 1919 ‚
1567 1886 1667 1925 potuit
1679 1884 1856 1925 diligentius
1867 1883 1962 1915 facere
1971 1904 1981 1919 ,
1999 1884 2033 1914 &
2042 1893 2112 1915 cau-

1151 1930 1227 1958 tius:
1249 1937 1434 1968 quamquam
1444 1928 1500 1958 alia
1512 1928 1579 1958 sunt
1592 1937 1675 1968 ‚quae
1689 1929 1784 1968 magis
1792 1935 1949 1961 curemus,
1959 1926 2113 1968 magisque

1150 1970 1317 2000 doleamus.
1342 1973 1415 2011 Qae
1428 1979 1477 1999 me
1487 1971 1526 1999 ita
1536 1968 1702 2000 conficiunt
1714 1989 1722 2003 ‚
1733 1978 1767 1999 ut
1778 1969 1968 1999 ii-voluerunt
1979 1988 1987 2002 ‚
1999 1970 2051 2009 qui
2062 1977 2113 1998 me

1150 2011 1187 2084 {le
1198 2022 1265 2096 gie?
1284 2012 1631 2042 sententiadetruserunt.
1655 2014 1750 2046 Cura,
1772 2011 1921 2042 utvaleas.
1943 2011 2114 2042 PridieKa'-

1163 2065 1201 2085 en
1226 2077 1232 2082 .
1262 2064 1364 2084 anuar.

1259 2113 1735 2144 r·i.T.c.TERENT1AE
1765 2113 1892 2147 SUAE,
1914 2114 1943 2143 S.
1963 2113 2005 2142 D.

1230 2165 1268 2192 V.
1281 2164 1311 2192 Β.
1324 2165 1358 2193 Ε.
1370 2165 1407 2192 V.
1429 2163 1459 2193 Si
1481 2162 1554 2204 quid
1568 2162 1707 2193 haberem
1718 2182 1728 2197 ,
1746 2162 1829 2203 quod
1847 2162 1883 2193 ad
1900 2171 1928 2192 te
1943 2160 2112 2195 scriberem,

1218 2204 1364 2236 ‘facerem
1378 2204 1409 2235 id
1422 2205 1455 2235 δε
1465 2204 1600 2245 pluribus
1610 2204 1729 2238 verbis,
1751 2206 1784 2235 ὃ(
1794 2205 1912 2244 saepius.
1936 2205 2030 2233 Nunc
2047 2213 2115 2243 quae

1154 2247 1221 2278 sunt
1231 2249 1349 2288 negotia
1358 2267 1366 2280 ‚
1386 2247 1481 2277 vides.
1501 2250 1567 2286 Ego
1578 2255 1678 2277 autem
1688 2245 1848 2287 quomodo
1857 2243 1911 2275 sim
1922 2242 2046 2275 affectus
2055 2264 2064 2279 ,
2077 2254 2117 2275 ex

1156 2291 1250 2329 Lepta
1260 2290 1292 2319 δε
1301 2289 1445 2319 Trebatio
1458 2290 1570 2329 poteris
1578 2288 1767 2329 cognoscere.
1788 2289 1838 2319 Tu
1849 2285 1904 2321 fac,
1920 2295 1953 2318 ut
1962 2295 2043 2318 tuam
2055 2306 2064 2321 ‚
2083 2286 2118 2317 &

1155 2331 1266 2362 Tulliae
1276 2330 1478 2361 valitudinem
1487 2339 1582 2360 cures.
1604 2329 1687 2360 Vale.

1178 2402 1414 2433 TULLIUS
1444 2401 1742 2432 TERENTIAE
1770 2400 1899 2433 SUAE‚
1932 2402 1997 2431 ET
2019 2401 2100 2432 PA-

1201 2445 1299 2474 TER
1323 2445 1543 2474 SUAVISS.
1575 2444 1733 2473 FILIAE
1765 2443 2076 2477 TULLIOLAE,

1263 2487 1452 2517 CICERO
1489 2487 1714 2558 MAgIglb.

1250 2587 1529 2617 ONSIDERANDUM
1548 2585 1634 2616 vobis
1652 2586 1741 2615 etiam
1753 2604 1763 2618 ,
1781 2592 1869 2626 atque
1881 2586 1972 2616 etiam
1984 2604 1992 2618 ,
2013 2586 2123 2615 animae

1251 2638 1345 2662 meae,
1365 2629 1527 2670 diligenter
1546 2637 1640 2669 puto,
1659 2627 1732 2668 quid
1748 2626 1881 2657 faciatis:
1904 2630 2015 2658 Romae
2029 2637 2067 2666 ne
2085 2625 2123 2664 si·

1163 2671 1201 2699 tis
1213 2689 1220 2703 ‚
1241 2680 1278 2700 an
1289 2680 1411 2701 mecum
1424 2673 1456 2700 in
1466 2671 1569 2712 aliquo
1581 2678 1645 2700 tuto
1663 2670 1743 2700 loco.
1773 2669 1807 2699 Id
1819 2679 1883 2700 non
1902 2669 2001 2700 solum
2016 2677 2121 2698 meum

1160 2710 1321 2743 consilium
1332 2711 1394 2747 est,
1419 2712 1468 2743 sed
1482 2716 1571 2742 etiam
1581 2711 1724 2743 vestrum.
1752 2712 1831 2741 Mihi
1841 2712 1969 2741 veniunt
1982 2712 2015 2740 in
2034 2719 2124 2741 men-

1160 2763 1222 2784 tem
1239 2755 1311 2789 haec,
1325 2766 1330 2784 2
1349 2757 1460 2786 Romae
1473 2764 1526 2785 vos
1536 2752 1594 2784 esse
1604 2762 1669 2784 tuto
1678 2751 1760 2794 pofl'e
1767 2762 1818 2793 per
1826 2752 2030 2785 Dolabellam,
2041 2761 2124 2782 eam-

1163 2806 1220 2837 que
1231 2806 1295 2826 rem
1306 2795 1388 2837 poss‘e
1400 2797 1489 2827 nobis
1498 2797 1675 2836 adjumento
1686 2794 1742 2824 effe
1753 2814 1762 2828 ‚
1781 2792 1801 2823 fi
1811 2804 1878 2834 quae
1887 2795 1932 2824 vis
1941 2814 1953 2828 .
1967 2803 2017 2824 aut
2027 2792 2046 2823 si
2056 2804 2124 2834 quae

1163 2840 1273 2878 rapinae
1284 2837 1348 2869 fieri
1358 2841 1513 2878 coeperint.
1539 2836 1595 2868 Sed
1607 2837 1704 2867 rursus
1713 2835 1851 2866 ill'udme
1861 2845 1976 2869 movet,
1986 2836 2067 2877 quod
2078 2838 2126 2865 vi-

1165 2881 1222 2911 deo
1233 2901 1241 2914 ,
1262 2883 1387 2911 omneis
1394 2881 1492 2911 bonos
1500 2877 1596 2910 abefl'e
1602 2881 1723 2911 Roma,
1742 2877 1775 2907 δε
1785 2887 1837 2907 eos
1848 2878 1992 2907 mulieres
2001 2878 2066 2908 suas
2082 2876 2126 2908 se—

1165 2933 1234 2953 cum
1248 2923 1364 2953 habere.
1393 2925 1465 2953 Haec
1479 2930 1576 2952 autem
1587 2922 1688 2960 regio,
1710 2921 1744 2948 in
1759 2929 1817 2960 qua
1827 2929 1883 2961 ego
1899 2920 1963 2950 sum
1975 2939 1985 2953 0
2005 2919 2126 2957 nostro·-

1167 2975 1237 2995 rum
1250 2964 1292 2995 est
1310 2964 1382 2995 cum
1400 2963 1603 3004 oppidorum,
1626 2970 1691 2991 tum
1712 2962 1802 2991 etiam
1818 2962 2021 3002 praediorum:
2041 2971 2074 2992 ut
2093 2962 2128 2992 &

1166 3008 1303 3038 multum
1314 3004 1372 3037 efle
1382 3015 1504 3036 mecum
1516 3025 1526 3038 ,
1547 3004 1580 3034 &
1591 3024 1600 3038 ‚
1621 3013 1691 3034 curn
1705 3003 1856 3039 abieritis,
1874 3003 2040 3035 commode
2051 3004 2128 3042 &in

2019 3045 2130 3076 nostris

1730 2486 1793 2514 ET
1822 2485 2033 2525 sonoru-

198 3118 208 3137 1
216 3130 221 3136 .
241 3113 284 3136 Pie
293 3111 322 3141 &t
331 3111 536 3144 caste-ffitiqfaciae
548 3131 555 3143 ,
566 3115 594 3138 id
604 3115 638 3138 ef?
649 3132 656 3144 ,
667 3116 782 3146 cAsollim'
791 3115 819 3145 (9⁶
827 3115 1008 3149 cAEsculapip]
1032 3115 1125 3149 Ejece-

159 3152 222 3172 runt
235 3154 264 3173 ut
274 3147 382 3182 glossam
396 3147 441 3175 illa
451 3147 530 3173 verba
542 3167 548 3178 ,
561 3149 587 3173 id
596 3151 640 3180 eff,
651 3152 763 3181 Apollini,
774 3151 825 3181 &c.
846 3150 1034 3177 emendatores
1047 3162 1052 3178 :
1072 3161 1124 3177 non

159 3180 317 3211 debuiss'ent.
339 3184 443 3213 exstant
454 3183 501 3211 illa
521 3191 576 3213 tum
588 3185 615 3214 in
625 3183 787 3214 editionibus
799 3186 988 3223 antiquifl'imis
1000 3206 1009 3221 ,
1030 3194 1088 3216 tum
1097 3187 1126 3216 in

1169 3115 1264 3142 nostris
1275 3113 1397 3140 omnibus
1409 3113 1466 3140 mss.
1477 3120 1604 3149 praeterea
1615 3113 1805 3141 Gulielmianis
1816 3114 1944 3151 quinque.
1962 3114 2054 3150 paullo
2063 3113 2132 3148 post,

1169 3150 1238 3178 Pali.
1250 3150 1405 3181 Vaticanus,
1417 3150 1610 3185 Hittorpianws
1624 3169 1632 3182 ‚
1643 3149 1743 3176 Medic.
1756 3151 1811 3185 leg.
1821 3151 1850 3181 &¹
1859 3160 1893 3177 me
1902 3151 2030 3187 aliquando
2039 3150 2134 3185 cumsir

1169 3187 1265 3216 milibus
1275 3188 1348 3221 nestri
1358 3194 1430 3220 remp.
1441 3186 1584 3222 desenfitros.
1605 3186 1702 3223 vulgo,
1714 3186 1870 3222 difenjizrnm.
2047 3230 2058 3249 Ι
2081 3225 2138 3258 Qs

2111 197 2155 231 14

2126 1278 2167 1308 15

2129 1632 2170 1667 16

2135 2125 2176 2161 ¹7

2141 2401 2181 2436 18
