2379 3400
193 117 204 129 ἱ

250 1830 273 1861 4

655 97 722 144 M.
817 92 1227 145 Τσῖηέιι,

277 120 399 165 1052

1268 91 1365 138 (31
1401 105 1429 136 c
1466 104 1496 137 ε
1532 105 1566 138 R
1601 107 1629 137 0
1663 107 1695 140 n
1732 109 1750 140 1
1787 107 1809 140 s

273 190 376 217 minus
389 184 477 223 igitur
488 180 610 210 honoris
624 175 801 215 eratpm‘e'tis,
811 183 848 203 eo
860 174 980 203 minora
991 170 1085 200 studia
1093 168 1227 198 fuerunt.
1264 170 1370 201 vellen
1388 175 1403 199 7
1414 169 1449 201 ad
1462 169 1491 200 jd
1501 177 1553 200 aut
1563 169 1665 201 sedens
1678 190 1687 205 ,
1706 180 1756 202 aut
1765 171 1925 203 ambustus
1941 169 2140 213 disputabam·
2163 163 2222 204 33¹²-

275 233 294 271 ι.
303 216 863 261 ntvc1,.102›n‚(÷qi=.;nzagntsingennsin
874 224 911 244 eo
919 222 1026 254 genere
1038 209 1228 242 exstiterunt,
1266 223 1324 254 que
1335 212 1453 243 dierum
1464 213 1596 252 quinque
1608 212 1720 242 scholas
1731 233 1740 246 ‚
1763 223 1796 244 ut
1807 216 1902 245 Graeci
1911 216 2059 254 appellant
2071 234 2078 247 ‚
2102 216 2134 244 in
2148 215 2222 244 toti-

278 277 340 298 ymn
364 268 426 295 §11:12
447 267 510 291 (juxt
523 271 618 290 :or-,im
640 259 742 299 gloria:
758 256 982 296 responderunt.
1001 257 1052 287 An
1062 251 1229 298 censemus,
1266 256 1338 286 dem
1357 254 1450 284 libros
1473 253 1601 284 contuli·
1633 251 1722 284 fiebat
1739 263 1840 286 autem
1857 259 1897 287 ita
1913 276 1922 290 ‚
1944 265 1975 286 ut
1993 277 2002 290 ‚
2023 255 2093 287 cum
2106 257 2150 289 is,
2169 255 2224 296 qui

279 310 297 338 ii
323 308 411 336 fibi.)
427 327 433 337 ,
457 300 643 333 nobtlzffiino
668 300 788 330 homini
800 319 809 332 ,
833 298 912 327 laudi
925 297 1028 328 darum
1039 294 1109 325 esset
1120 313 1129 327 ,
1148 292 1231 335 quod
1272 296 1373 327 audire
1383 296 1485 329 vellet,
1497 293 1618 325 djxjffet
1630 315 1638 329 ‚
1651 293 1723 335 quid
1734 293 1787 325 fibi
1798 297 1945 328 videretur
1955 318 1963 332 ‚
1976 307 2040 329 tum
2055 308 2109 339 ego
2120 296 2226 327 contr&

277 359 376 390 pzzigci
386 358 427 379 er,
455 355 516 374 nori
536 344 648 373 mult-:is
666 343 757 371 ctiam
768 340 843 380 apud
856 349 910 369 nos
922 339 1041 369 futuros
1052 336 1231 376 Polycletos,

278 395 311 420 ἃ
332 384 585 419 ixii-suarimsmss‘t»
600 388 609 414 ?
636 387 747 414 Honos
756 383 808 412 alit
820 384 907 412 arreis
918 403 926 415 ‚
948 379 1113 420 omnesque
1129 380 1234 408 incen—

287 434 294 442 ““
380 442 389 458 c
408 430 440 459 ad
462 427 557 458 studia
572 427 666 468 gloria
682 436 687 454 :
703 426 859 464 jacentque
880 434 912 453 ea
930 425 1066 463 semper,
1086 430 1150 461 quae
1159 418 1235 459 apud

420 470 634 509 :inprobantur
655 471 813 498 Summam
825 466 1032 497 cruditionem
1044 464 1143 501 Graeci
1151 460 1234 491 sitam

391 523 438 542 iis.
461 513 492 541 in
517 522 565 541 nc:
578 519 684 540 vortun
705 530 713 542 ‚
740 517 913 549 vocumque
931 506 1076 538 cantibus.
1096 506 1186 545 igitur
1202 502 1236 532 δε

308 578 332 596 -.
355 578 360 585 .
378 554 676 592 .1=.ondas2princcps,
688 550 893 589 meoiudicio,
909 550 1031 580 Graeciae
1043 546 1153 577 fidibus
1162 554 1237 585 pra:-

277 614 284 628 ι
299 609 352 630 ‚arc
385 593 523 627 cet-ridie
553 595 662 624 dicitur
692 606 696 621 2
729 591 1009 632 Themistoclesque
1033 590 1153 629 aliquot
1168 586 1235 616 ante

277 651 383 673 anum-<2
396 639 468 670 cum
479 639 509 667 in
521 637 616 678 opulis
626 635 768 665 recusaret
778 633 1007 675 lyi'am‚b:ibitus
1017 630 1060 661 est
1073 628 1236 660 indoenor.

278 688 358 724 Ergo
376 686 407 712 iri
420 683 533 711 Giaecii
544 678 645 710 musici
661 678 838 710 floruerunt,
851 675 1063 715 discebantque
1074 672 1103 702 id
1115 679 1237 702 ornnes,

279 736 336 756 net
350 745 357 754 .
379 726 429 764 qui
453 722 603 752 nesciebat
616 741 623 754 ,
644 721 709 750 satis
719 719 856 750 excultus
867 716 1003 748 doCkrina
1014 714 1177 755 putabatur.
1201 715 1237 742 ln

278 768 403 799 summo
414 765 489 805 apud
502 765 570 793 illos
582 764 697 793 honore
708 770 871 803 geometria
881 759 949 789 fuit.
974 761 1071 799 itaque
1084 755 1163 786 nihil
1175 764 1237 783 ma-

278 812 449 839 thematicis
469 805 622 835 illustrius.
653 808 688 834 At
708 813 762 833 nos
778 823 786 836 ‚
811 801 957 831 metiendi
981 796 1238 837 ratiocinandique

281 852 419 880 utilitate.
435 849 522 887 liujus
532 850 600 877 artis
610 847 840 875 terminavimus
852 843 990 873 modum.
1015 845 1054 871 At
1063 839 1240 870 contraora·

280 903 377 923 rorem
391 892 521 921 celeriter
533 890 687 928 complexi
700 888 729 917 su
737 896 873 916 mu52nec
881 895 950 915 euin
963 881 1063 924 primo
1073 880 1238 912 eruditum,

279 944 382 974 aptum
409 942 509 964 tamen
530 932 564 961 ad
582 930 765 960 dicendum:
780 927 847 968 post
857 936 957 957 autem
969 925 1132 956 eruditum.
1157 931 1239 954 narn,

281 977 409 1006 Galbam
424 995 432 1009 >
445 974 635 1005 Africanum,
650 971 780 1001 Laelium
795 974 809 989 ²
821 969 927 999 doctos
935 967 1019 998 fuisse
1032 966 1173 997 traditum
1187 963 1238 993 est:

278 1017 449 1050 studiosum
462 1024 562 1046 autem
577 1023 648 1044 cum
663 1033 672 1047 ,
696 1016 708 1039 3
719 1014 770 1053 qui
783 1013 820 1041 iis
833 1020 916 1041 aetate
923 1009 1054 1041 anteibat
1065 1028 1073 1042 ‚
1084 1010 1240 1038 Catonem:

280 1059 350 1102 post
362 1058 433 1090 vero
445 1057 595 1098 Lepidum
609 1076 616 1089 ‚
627 1054 810 1089 Carbonem,
822 1053 972 1083 Gracchos
986 1063 991 1081 ι
1008 1050 1118 1082 deinde
1128 1051 1166 1078 ita
1177 1057 1242 1077 ma-

278 1112 357 1144 gnos
368 1100 499 1132 nostram
511 1098 546 1130 ad
557 1106 723 1130 aetatemmt
735 1106 797 1126 non
810 1094 1009 1127 multum‚aut
1019 1091 1242 1123 nihilomnino

267 1145 393 1174 ›Graecis
414 1142 577 1173 cederetur.
598 1139 792 1178 Philosophia
814 1139 901 1174 iacuit
921 1137 1012 1176 usque
1033 1134 1068 1165 ad
1087 1134 1162 1163 hanc
1172 1139 1243 1161 aeta-

280 1195 345 1217 tem
357 1205 365 1218 ‚
386 1194 442 1214 nec
462 1183 560 1213 ullum
571 1181 676 1212 habuit.
685 1181 790 1210 lumen
802 1180 955 1209 literarum
967 1179 1144 1207 Latinarum
1159 1184 1164 1202 τ
1178 1182 1243 1212 quae

281 1225 457 1264 illustranda
467 1245 475 1259 ,
502 1225 535 1255 &
545 1223 701 1254 excitanda
713 1222 800 1252 nobis
813 1220 855 1251 est
864 1240 872 1254 ‚
884 1230 917 1250 ut
930 1240 938 1253 ‚
952 1217 972 1248 si
982 1218 1117 1256 occupati
1129 1215 1246 1255 profui-

283 1279 354 1300 mus
362 1267 476 1308 aliquid
485 1266 602 1296 civibus
616 1264 725 1295 nostris
736 1284 745 1297 ,
756 1261 904 1303 prosimus
917 1264 1006 1291 etiam
1022 1280 1030 1293 ‚
1044 1258 1063 1288 si
1076 1257 1244 1298 postumus,

283 1309 381 1342 otiosi.
418 1312 454 1340 In
473 1318 535 1348 quo
555 1318 592 1338 eo
611 1310 705 1348 magis
724 1306 814 1336 nobis
833 1302 876 1334 est
897 1300 1113 1333 elaborandum
1135 1319 1142 1333 ‚
1163 1296 1246 1339 quod

282 1353 375 1384 multi
384 1352 442 1389 jam
455 1349 513 1381 ess‘e
524 1352 626 1380 Latini
638 1350 708 1379 libri
721 1348 861 1378 dicuntur
873 1341 1199 1385 scripti-inconsiderate
1210 1340 1245 1369 ab

282 1396 410 1435 optimis
422 1394 482 1422 illis
491 1392 617 1433 quidem
627 1393 700 1420 viris
712 1411 720 1423 ,
740 1385 789 1420 sed
801 1398 866 1418 non
876 1388 943 1418 satis
956 1385 1090 1417 eruditis.
1115 1382 1180 1413 fieri
1194 1392 1245 1411 au—

283 1446 343 1468 tem
356 1434 452 1476 potest
467 1444 518 1468 ‚ut
531 1432 610 1464 reete
621 1435 689 1474 quis
700 1432 816 1465 sentiat,
832 1431 866 1461 &
879 1429 921 1463 id,
937 1428 1017 1470 quod
1029 1426 1130 1458 sentit,
1150 1423 1246 1465 polite

283 1479 389 1519 eloqui
408 1487 473 1507 non
487 1474 584 1516 posfit.
607 1475 657 1505 sed
668 1473 808 1504 mandare
820 1480 1004 1514 quemquam
1016 1469 1123 1509 litteris
1136 1468 1249 1507 cogita-

285 1523 385 1551 tiones
402 1519 464 1549 suas
477 1537 486 1551 ‚
507 1520 560 1558 qui
577 1527 623 1547 eas
647 1526 702 1546 nec
724 1515 882 1555 disponere
898 1533 905 1546 ‚
928 1509 1139 1543 necillustrare
1148 1505 1248 1548 poffit,

283 1571 341 1592 nec
370 1559 570 1590 delectatione
589 1559 687 1598 aliqua
705 1552 822 1586 {illicere
840 1554 987 1585 le&orem
1006 1573 1016 1587 ,
1054 1552 1193 1581 hominis
1207 1547 1250 1578 est
1266 1566 1268 1571 ›

284 1604 522 1642 intemperanter
541 1601 689 1630 abutentis
708 1598 740 1628 &
757 1599 841 1631 otio,
866 1598 899 1627 &
917 1597 1035 1626 litteris.
1059 1595 1160 1632 Itaque
1181 1591 1250 1621 suos

285 1641 441 1683 librosipsi
455 1643 638 1682 leguntcum
657 1641 734 1673 suis,
755 1649 810 1669 nec
819 1639 977 1679 quisquam
988 1636 1127 1675 attingit,
1145 1640 1250 1673 praeter

285 1696 338 1717 eos
351 1706 359 1719 ,
379 1695 432 1726 qui
452 1683 579 1714 eandem
597 1683 750 1713 licentiam
762 1680 908 1711 scribendi
920 1677 974 1709 sibi
985 1677 1120 1718 permitti
1130 1675 1250 1705 volunt.

285 1731 384 1769 Qare
402 1730 418 1753 4
436 1725 456 1755 si
479 1724 592 1765 aliquid
611 1725 756 1754 Oratoriae
770 1722 867 1752 laudis
887 1720 986 1752 nostra
996 1715 1252 1754 attulimusindu-

288 1769 356 1801 stria
368 1789 376 1803 ‚
397 1768 496 1798 multo
509 1764 668 1796 studiosius
683 1765 883 1805 philosophiae
899 1763 1011 1792 fonteis
1022 1761 1190 1799 aperiemus
1202 1777 1211 1790 ,
1234 1756 1250 1785 ὲ

289 1811 398 1852 quibus
407 1812 496 1840 etiam
508 1809 558 1838 illa
569 1807 741 1837 manabant·
764 1806 831 1838 Sed,
846 1813 878 1835 ut
888 1802 1063 1834 Aristoteles
1074 1804 1121 1831 vir
1130 1801 1252 1830 summo
1271 1806 1272 1814 ¹

289 1857 423 1894 iugenio,
441 1851 571 1881 scientiae
581 1851 676 1888 copia,
689 1847 762 1878 cum
779 1856 883 1876 morus
895 1844 967 1875 effer
980 1844 1116 1874 Isocratis
1128 1842 1254 1871 rhetoris

289 1938 424 1967 dentiam
448 1944 517 1965 cum
542 1932 847 1974 eloquentiajungerc
860 1941 865 1959 ·.
878 1928 915 1959 sic
923 1928 1013 1959 nobis
1025 1927 1119 1967 placet
1130 1935 1184 1955 nec
1194 1925 1254 1964 pri-

286 2021 429 2051 u‘oeriore
449 2028 507 2049 arte
520 2017 639 2047 versari.
663 2017 740 2045 hanc
751 2016 834 2044 enim
848 2011 1012 2054 perfectam
1028 2010 1255 2051 philosophiam

289 2065 406 2108 semper
421 2061 574 2101 judicavi,
597 2068 662 2099 quae
682 2058 718 2088 de
738 2058 884 2086 maximis
904 2052 1122 2095 quaestionibus
1132 2052 1254 2099 copiose

305 2146 427 2177 {odiose
440 2153 558 2184 operam
574 2142 765 2175 dedimus‚ut
776 2141 840 2180 jam
852 2141 943 2170 etiam
955 2137 1067 2168 scholas
1078 2138 1255 2165 Giaecorum

293 2197 380 2218 more
390 2188 495 2216 habere
512 2185 689 2215 auderemus
705 2191 756 2213 :ut
767 2191 863 2222 nuper
873 2190 959 2211 tuum
973 2178 1039 2219 post
1051 2175 1211 2208 discess‘um
1222 2179 1256 2207 in

291 2229 468 2261 Tusculano
479 2248 488 2262 ‚
508 2231 520 2254 5
531 2225 604 2257 cum
616 2224 707 2255 essent
720 2225 820 2264 plures
833 2232 955 2253 mecum
966 2221 1130 2251 familiares
1141 2239 1149 2253 ,
1162 2228 1256 2249 tenta-

291 2274 324 2302 vi
338 2291 346 2305 ‚
356 2270 429 2311 quid
439 2272 472 2299 in
483 2279 519 2299 eo
530 2278 637 2308 genere
647 2265 775 2307 pofi'em.
800 2275 831 2296 ut
841 2268 925 2296 enim
933 2273 1018 2294 antea
1028 2261 1256 2292 declamitabam

296 2314 396 2344 causas
408 2333 416 2345 ,
435 2309 452 2331 ⁶
473 2310 555 2352 quod
566 2319 659 2339 nemo
670 2318 718 2338 me
730 2307 845 2338 diutius
852 2306 925 2337 fecit
939 2317 945 2336 ;
957 2304 994 2336 sic
1004 2306 1068 2334 haec
1081 2313 1163 2334 nunc
1178 2304 1256 2333 mihi

293 2356 398 2388 senilis
407 2352 451 2385 est
460 2352 648 2384 declamatio.
673 2353 787 2382 Ponere
798 2349 942 2390 J'ubebarn
953 2347 989 2379 de
999 2356 1061 2388 quo
1075 2348 1143 2387 quis
1154 2345 1255 2377 audire

1267 339 1408 368 dicerem.
1432 338 1494 367 haec
1504 335 1547 367 est
1556 338 1640 366 enim
1655 356 1664 370 ‚
1684 346 1717 366 ut
1727 336 1780 366 scis
1792 356 1801 369 ,
1820 347 1904 369 vetus
1918 359 1927 373 ,
1949 340 1982 370 δε
1993 342 2138 370 Socratica
2148 339 2225 369 ratio

1270 389 1373 410 contra
1389 379 1510 409 alterius
1527 379 1709 418 opinionem
1729 375 1898 409 differendi.
1922 390 1992 411 nam
2015 383 2053 412 ita
2063 379 2224 413 facillime,

1270 422 1344 464 quid
1356 419 1613 451 verisimillimum
1625 417 1698 450 effen
1710 439 1718 453 ‚
1733 421 1864 449 inveniri
1872 420 1953 460 poss'e
1963 425 2094 453 Socrates
2104 423 2228 453 arbitra-

1272 466 1365 495 batur.
1389 458 1403 482 8
1424 463 1473 493 sed
1492 461 1769 505 quo'commodius
1787 461 2002 501 disputationes
2012 463 2118 495 nostrae
2129 463 2227 503 expli-

1272 514 1396 539 centur,
1416 503 1454 535 sic
1464 514 1511 534 eas
1522 513 1674 544 exponam
1687 523 1696 536 ‚
1715 501 1793 544 quafi
1805 513 1904 544 agatur
1913 513 1957 533 res
1971 523 1980 538 ,
2000 515 2061 535 non
2070 504 2148 546 quasi
2160 514 2228 535 nar-

1274 557 1362 578 retur.
1385 556 1456 587 ergo
1467 548 1507 576 ita
1516 546 1649 576 nascetur
1659 545 1831 575 exordium.
1849 554 1881 574 A.
1894 546 2011 575 Malum
2024 548 2101 576 mihi
2111 547 2228 577 videtur
2243 558 2265 590 5

1277 588 1334 620 esse
1346 598 1437 619 mors.
1462 598 1498 618 M.
1510 590 1550 618 Iis
1561 597 1599 617 ne
1613 608 1621 621 ‚
1633 589 1685 628 qui
1698 589 1810 617 mortui
1824 587 1889 617 sunt
1901 607 1908 620 ‚
1919 597 1956 617 an
1968 588 2006 617 iis
2020 607 2027 620 ,
2039 589 2148 627 quibus
2160 598 2229 618 mo—

1274 631 1412 662 riendum
1424 629 1466 660 est
1479 634 1489 659 ἒ
1512 639 1544 660 A.
1555 629 1706 670 Utrisque.
1716 639 1751 658 M.
1764 627 1814 658 Est
1825 629 1969 659 miserum
1982 631 2231 670 igitur,quoniam

1277 674 1402 703 malum.
1422 682 1452 702 Α.
1474 671 1571 702 Certe.
1591 682 1629 701 M.
1650 674 1728 712 Ergo
1749 671 1819 700 &ii
1834 691 1842 705 ‚
1864 670 1973 711 quibus
1985 672 2175 707 evenitiam‚
2198 680 2232 702 ut
2250 682 2255 687 ’

1275 724 1464 746 morerentur
1474 734 1482 748 ‚
1495 713 1528 744 &
1538 715 1570 747 ii,
1584 713 1694 754 quibus
1705 721 1884 743 eventurum
1898 711 1940 742 est.
1952 732 1960 746 ‚
1973 713 2084 743 miseri.
2106 722 2138 742 A.
2151 711 2234 742 Mihi

1275 760 1315 788 ita
1335 757 1462 787 videtur.
1486 765 1522 785 Μ.
1544 758 1650 786 Nemo
1668 765 1739 794 ergo
1755 764 1819 784 non
1830 755 1930 784 miser.
1954 764 1986 784 A.
1998 754 2116 785 Prorsus
2127 764 2233 784 nemo»

1279 810 1315 829 M.
1327 803 1364 830 Et
1375 798 1502 840 quidem
1515 817 1524 832 ,
1538 795 1558 827 si
1571 797 1625 827 tibi
1635 795 1770 827 constare
1778 798 1826 826 vis
1839 816 1847 829 2
1861 806 1981 830 omnes,
1992 797 2236 837 quicunquenan'

1277 842 1357 874 sunt,
1370 849 1506 874 ematve,
1520 849 1582 869 non
1592 838 1692 869 solum
1705 838 1817 872 miseri,
1830 838 1878 869 sed
1889 840 1977 868 etiam
1989 839 2103 878 semper
2117 838 2232 868 miseri.

1277 893 1348 914 narn
1360 881 1380 913 fi
1393 883 1472 913 solos
1480 891 1532 913 eos
1541 881 1652 911 diceres
1662 880 1789 910 miseros
1799 899 1808 914 ‚
1830 880 1938 921 quibus
1950 880 2144 912 moriendum
2155 877 2236 909 effet:

1278 926 1438 956 neminem
1457 932 1490 955 tu
1507 923 1630 964 quidem
1649 931 1756 959 eorum
1776 941 1784 955 ‚
1812 924 1863 962 qui
1881 925 2020 952 viverent
2040 941 2048 955 ,
2073 923 2235 961 exciperes:

1279 966 1474 998 moriendum
1493 965 1536 996 est
1556 966 1641 995 enirn
1661 963 1821 994 omnibus:
1835 962 2015 994 esst-ttamen
2028 964 2155 993 miseri-ae
2167 961 2236 992 finis

1278 1012 1311 1040 in
1330 1017 1438 1039 morte.
1461 1008 1606 1048 quoniam
1616 1015 1714 1036 autem
1723 1007 1813 1034 etiarn
1826 1007 1938 1035 mortui
1953 1026 1962 1039 ‚
1982 1006 2083 1036 miseri
2094 1005 2161 1035 sunt
2172 1024 2179 1038 ‚
2203 1006 2237 1033 in

1280 1051 1431 1081 miseriam
1443 1049 1592 1080 nascimur
1603 1048 1823 1087 sempiternam.
1833 1045 1947 1077 neceffe
1957 1046 1999 1077 est
2009 1047 2238 1080 enim,miseros

1282 1091 1340 1123 effe
1361 1102 1412 1123 eos
1423 1111 1431 1125 ‚
1453 1093 1507 1132 qui
1525 1099 1648 1120 centum
1662 1088 1798 1118 millibus
1809 1098 1959 1118 annorum
1969 1089 2036 1119 ante
2047 1088 2235 1120 occiderunt,

1283 1135 1331 1164 vel
1351 1132 1452 1173 potius
1473 1134 1614 1165 omneis,
1634 1132 1819 1170 quicumque
1842 1132 1903 1160 nati
1924 1131 2000 1160 sunt.
2021 1140 2052 1159 A.
2065 1134 2108 1161 Ita
2118 1129 2237 1170 prorsus

1281 1175 1435 1206 existimo.
1457 1184 1494 1203 M.
1514 1176 1593 1207 Dic,
1617 1173 1736 1212 quaeso,
1759 1181 1834 1201 num
1855 1181 1882 1202 te
1894 1172 1943 1202 illa
1954 1181 2084 1202 terrent:
2104 1173 2238 1210 9triceps

1283 1218 1360 1258 apud
1372 1216 1486 1246 inferos
1495 1215 1654 1248 Cerberus,
1667 1216 1773 1253 Cocyti
1784 1216 1922 1244 fremitus
1932 1233 1940 1247 ‚
1954 1213 2133 1243 transve&io
2145 1215 2243 1242 Ache·

1283 1262 1378 1290 rontis
1389 1278 1398 1293 ‚
1412 1266 1516 1288 mento
1528 1257 1677 1287 summam
1689 1265 1794 1297 aquarn
1806 1265 1955 1297 attingens
1966 1254 2010 1285 siti
2021 1254 2145 1286 enectus
2158 1257 2244 1284 Tan-

1284 1302 1377 1332 talus?
1400 1310 1475 1331 num
1493 1299 1568 1329 illud
1581 1320 1589 1332 ‚
1610 1298 1691 1339 quod
1701 1298 1840 1337 Sisyphu’
1851 1297 1945 1328 versat

1326 1344 1438 1373 Saxum
1449 1341 1558 1382 sudans
1579 1339 1687 1370 nitendo
1699 1360 1707 1373 ‚
1728 1349 1814 1380 neque
1828 1339 1944 1382 proficit
1960 1339 2072 1369 hilum?

1283 1384 1401 1416 fortasse
1411 1386 1502 1414 etiarn
1515 1382 1841 1421 inexorabilesjudices
1852 1403 1860 1416 ‚
1881 1383 1996 1416 Minos,
2009 1382 2040 1411 &
2052 1379 2248 1411 Rhadaman-

1285 1437 1341 1458 tus.
1361 1427 1440 1467 apud
1459 1435 1535 1466 quos
1555 1434 1651 1455 necte
1665 1427 1701 1455 L.
1715 1423 1830 1455 Craffus
1839 1423 1980 1454 defendet
1993 1444 2003 1458 ‚
2023 1433 2078 1453 nec
2091 1425 2135 1451 M.
2148 1425 2247 1451 Anto-

1285 1471 1356 1499 nius
1367 1489 1376 1502 ‚
1395 1478 1451 1498 nec
1462 1488 1469 1501 ‚
1494 1469 1642 1507 quoniam
1654 1465 1730 1506 apud
1745 1465 1988 1505 Graecosjudices
1997 1474 2042 1495 res
2053 1473 2153 1504 agetur
2164 1483 2173 1496 ‚
2191 1472 2250 1502 po-

1288 1512 1356 1541 teris
1375 1509 1515 1540 adhibere
1533 1507 1775 1538 Demosthenem
1789 1519 1794 1537 z
1811 1508 1865 1537 tibi
1881 1506 1932 1546 ipsi
1943 1516 1996 1546 pto
2007 1515 2035 1536 te
2047 1508 2102 1535 erit
2112 1506 2248 1534 maxima

1286 1551 1493 1582 coronacausa
1502 1550 1638 1579 dicenda.
1653 1551 1727 1579 Haec
1738 1547 1854 1579 fortafl'e
1867 1550 1988 1581 metuis,
2000 1547 2154 1578 &idcirco
2165 1555 2251 1575 mor-

1287 1602 1348 1624 tem
1367 1592 1469 1623 censes
1489 1590 1546 1621 ess'e
1566 1591 1783 1631 sempiternum
1803 1590 1929 1620 malurn.
1953 1588 2126 1619 A.Ade<'>ne
2138 1597 2187 1617 me
2196 1586 2267 1617 de·-

1286 1636 1373 1665 lirare
1392 1633 1493 1664 censes
1509 1653 1517 1666 ,
1545 1635 1575 1652 ¹⁰
1589 1642 1620 1662 ut
1642 1632 1695 1663 ista
1713 1631 1770 1662 efl'e
1792 1632 1931 1662 credam?
1951 1641 1988 1661 M.
2009 1634 2059 1661 An
2070 1640 2102 1660 tu
2112 1631 2174 1660 haec
2184 1638 2248 1662 non
2266 1637 2292 1671 5.

1286 1676 1382 1707 credis
1397 1677 1406 1702 ?
1430 1684 1462 1704 A.
1483 1674 1618 1704 Minime
1636 1673 1718 1704 vcro.
1738 1684 1774 1703 M.
1787 1674 1867 1704 Male
1879 1674 1997 1703 hercule
2011 1682 2122 1703 narras.
2134 1681 2166 1701 A.
2178 1673 2249 1701 Cur?

1289 1719 1401 1759 quaeso.
1423 1727 1461 1746 M.
1485 1719 1493 1735 ¹
1503 1720 1510 1734 ¹
1525 1718 1603 1753 Quia
1613 1714 1738 1745 disertus
1749 1713 1807 1745 ess'e
1818 1713 1944 1754 pofl'em,
1957 1713 1977 1743 si
1987 1723 2092 1744 contra
2101 1713 2156 1744 ista
2170 1711 2252 1743 dice-

1289 1769 1365 1790 rem.
1391 1767 1425 1787 Α.
1446 1758 1524 1798 Qis
1541 1759 1625 1786 enim
1646 1766 1711 1786 non
1735 1759 1768 1786 in
1779 1756 1929 1793 ejusmodi
1939 1755 2041 1786 causa?
2058 1764 2108 1785 aut
2117 1754 2190 1795 quid
2201 1757 2255 1783 ne-

1289 1802 1365 1840 gotii
1376 1799 1419 1829 est
1435 1819 1443 1832 ‚
1457 1800 1518 1828 haec
1527 1799 1697 1838 poetarum,
1710 1798 1742 1828 &
1751 1797 1903 1838 pictorum
1915 1806 2052 1837 portenta
2061 1797 2256 1827 convincere?

287 1896 382 1936 glum
394 1914 402 1926 ‚
427 1893 527 1924 dicere
537 1893 626 1921 etiam
637 1891 746 1929 coePit’
765 1888 981 1919 adelescenteis
996 1886 1104 1915 docere
1116 1904 1124 1916 τ
1137 1883 1170 1913 &
1185 1892 1254 1922 pru-
1272 1903 1273 1913 γ
1294 1853 1330 1872 M.
1350 1843 1442 1882 Atqui
1461 1841 1544 1880 pleni
1560 1840 1628 1870 sunt
1648 1840 1717 1870 libri
1733 1848 1835 1870 contra
1852 1839 1905 1869 ista
1923 1839 1984 1879 ipsa
1998 1839 2254 1879 philosophorum

1290 1882 1512 1914 differentium.
1534 1891 1564 1911 A.
1583 1883 1689 1922 Inepte
1710 1883 1789 1913 sine.
1816 1883 1884 1922 quis
1902 1880 1944 1911 est
1962 1891 2048 1911 enim
2066 1890 2126 1911 tam
2146 1887 2255 1909 excors

1123 1968 1128 1972 .
1272 1961 1274 1963 ¹
1291 1936 1381 1966 quem
1402 1924 1455 1955 ista
1474 1926 1640 1954 moveant?
1663 1933 1700 1953 M.
1719 1926 1749 1954 Si
1768 1933 1838 1964 ergo
1855 1923 1933 1963 apud
1955 1921 2068 1953 inferos
2080 1923 2181 1952 miseri
2190 1929 2255 1950 non

288 1978 404 2010 ssinum
424 1975 547 2007 dicendi
569 1974 704 2005 studium
723 1972 893 2012 deponere,
915 1971 989 2001 &in
1003 1971 1056 1999 hac
1069 1977 1200 2005 maiore,
1222 1966 1255 1996 &
1272 1973 1274 1996 1

1292 1970 1361 1998 sunt
1375 1987 1383 2001 ,
1404 1978 1441 1997 ne
1451 1968 1518 1997 sunt
1529 1965 1653 2006 quidem
1665 1965 1741 2005 apud
1753 1965 1867 1995 inferos
1878 1966 1942 1995 ulli.
1960 1974 1990 1994 A.
2007 1967 2050 1995 Ita
2060 1963 2178 2004 prorsus
2188 1963 2258 1992 exi-

1294 2009 1394 2040 stimo.
1416 2019 1453 2038 M.
1469 2008 1530 2038 Ubi
1542 2018 1612 2047 ergo
1623 2008 1691 2038 sunt
1701 2010 1722 2037 ii
1735 2028 1742 2040 ‚
1762 2017 1839 2048 quos
1850 2007 1978 2037 miseros
1990 2006 2087 2036 dicis?
2107 2011 2156 2036 aut
2164 2012 2256 2045 quem

242 2126 244 2129 ,
288 2104 384 2145 postet
394 2124 402 2137 ‚
423 2110 584 2141 ornateque
608 2101 716 2130 dicere.
739 2101 772 2128 in
783 2107 876 2139 quam
887 2096 1137 2127 exercitationem
1149 2103 1190 2123 ita
1200 2103 1256 2123 nos
1273 2075 1275 2107 l
1293 2052 1396 2081 locum
1408 2051 1573 2081 mmmm?
1595 2048 1616 2078 fi
1627 2059 1709 2079 emm
1723 2053 1800 2082 mm,
1815 2048 1962 2089 nosquam
1973 2047 2031 2078 ὡς
2042 2057 2106 2078 non
2119 2046 2253 2087 possunt.

1294 2103 1313 2123 A
1323 2115 1329 2122 .
1341 2096 1405 2134 Ego
1424 2092 1653 2132 veronusquam
1667 2089 1725 2121 effe
1737 2091 1807 2120 illos
1817 2100 1899 2130 puto.
1915 2099 1952 2120 M.
1965 2093 2061 2130 Igitur
2070 2100 2107 2120 ne
2118 2086 2177 2119 effe
2186 2089 2258 2128 qui-

1295 2135 1378 2165 dem.
1397 2143 1428 2164 Α.
1446 2134 1569 2165 Prorsus
1580 2132 1638 2163 isto
1649 2134 1743 2163 modo
1756 2143 1761 2161 ·.
1773 2133 1805 2162 ὃς
1817 2143 1917 2163 tamen
1929 2133 2055 2162 miseros
2069 2131 2109 2161 ob
2120 2131 2150 2161 id
2159 2130 2259 2171 ipsum

1294 2177 1430 2218 quidem,
1444 2178 1514 2217 quia
1524 2176 1603 2205 nulli
1614 2175 1691 2204 sunt.
1706 2185 1743 2204 M.
1752 2176 1820 2217 Jam
1833 2175 1957 2204 mallem
1968 2173 2130 2204 Cerberum
2143 2180 2261 2202 metue-

1296 2228 1342 2249 res
1354 2239 1362 2253 ‚
1380 2219 1471 2259 quarn
1482 2218 1534 2248 ista
1545 2226 1605 2247 tam
1616 2215 1832 2247 inconsiderate
1843 2216 1965 2247 diceres.
1986 2224 2018 2245 A.
2030 2214 2112 2256 Qid
2123 2212 2260 2243 tandem?

1296 2270 1334 2291 M.
1389 2270 1458 2290 uem
1478 2258 1539 2290 effe
1558 2268 1668 2299 negaS‚
1689 2258 1822 2289 eundem
1835 2256 1892 2288 effe
1904 2257 1990 2288 dicis.
2014 2257 2064 2287 ubi
2079 2254 2259 2286 estacumen

1297 2306 1408 2333 tuum?
1427 2301 1500 2332 cum
1512 2302 1595 2331 enim
1607 2300 1751 2330 miserum
1764 2298 1821 2329 effe
1831 2300 1906 2330 dicis
1915 2319 1924 2333 ,
1944 2308 2011 2329 tum
2023 2307 2092 2328 eum
2106 2316 2116 2330 ‚
2134 2298 2260 2337 quinon

1297 2343 1351 2379 sit,
1370 2343 1445 2376 dicis
1466 2342 1534 2375 effe.
1568 2352 1601 2373 A.
1617 2345 1732 2373 ¹²Non
1745 2342 1861 2373 sumita
1876 2341 1987 2375 hebes,
2006 2349 2038 2370 ut
2051 2338 2126 2369 istuc
2148 2337 2259 2373 dicam.

2124 2389 2163 2410 M.
2176 2377 2260 2419 Qid

339 2500 348 2516 1
358 2510 363 2516 .
384 2495 432 2516 Nec
442 2499 520 2516 tamen
533 2512 539 2520 ,
554 2492 576 2524 fi
584 2491 627 2524 (μή
636 2488 723 2521 mag-ais
734 2488 830 2520 ingeniis
840 2490 866 2512 in
876 2496 898 2512 eo
912 2484 1019 2519 genera]
1043 2483 1124 2510 Haud
1137 2483 1262 2519 spernen-

296 2525 373 2558 dum,
384 2526 455 2562 quod
466 2526 554 2560 injicit
566 2525 651 2552 Vatic.
663 2527 710 2550 Nec
721 2525 852 2556 tamen‚stc
861 2526 902 2557 qui
912 2531 991 2555 magn.
1001 2519 1106 2555 adjutus
1118 2521 1133 2546 ii
1144 2519 1201 2546 Pal.
1213 2518 1263 2545 sec.

302 2562 348 2598 qui
362 2562 480 2598 paullulfi
491 2562 652 2592 mutatione,
663 2564 715 2587 Nem
725 2560 852 2593 tamenfic,
863 2561 915 2593 qni,
925 2559 977 2589 &a

334 2607 361 2624 ι.
382 2599 538 2631 Dollosfinffe
548 2598 665 2623 traditum
679 2597 738 2630 effi]
764 2595 807 2621 Sic
817 2603 859 2621 om
866 2603 908 2620 nes
923 2593 989 2619 Pall.
1010 2593 1134 2628 Itemque
1143 2590 1223 2618 Fabr.
1235 2591 1263 2616 δε

296 2635 409 2666 I'ithoei,
419 2634 544 2669 deletque
557 2633 630 2669 vulgi
641 2631 709 2659 illud
719 2633 829 2658 memoris
840 2629 955 2658 Victorii
966 2628 1049 2656 editio
1061 2640 1067 2656 ;
1086 2628 1161 2655 Sicut
1171 2628 1199 2653 &
1210 2627 1263 2654 Va-

297 2677 377 2697 ticanl
388 2677 522 2706 excerpta.

337 2715 362 2741 3.
379 2708 427 2739 Qi
435 2708 464 2732 iia
477 2714 544 2732 etate
554 2705 689 2740 anteibat]

300 2740 359 2768 bilit
369 2745 455 2778 quint.
468 2743 524 2769 Pal.
544 2741 729 2777 acceduntque
747 2740 844 2775 reliqui
856 2747 910 2766 tres
921 2738 1028 2765 Ulrich.
1042 2740 1084 2772 qui
1093 2738 1128 2763 his
1141 2743 1208 2763 aetate
1217 2745 1265 2761 an-

300 2780 384 2803 teibat.
406 2779 487 2814 vulgo
497 2779 523 2804 in
535 2777 683 2809 accusandi,
694 2779 742 2803 hos.

339 2821 366 2844 4.
385 2817 410 2840 si
420 2815 512 2849 aliquid
519 2817 632 2840 Orator-ix
648 2814 727 2839 laudis
738 2814 816 2846 nostra
834 2813 962 2837 attulimus
979 2808 1124 2844 ἱηιίιιβνζά]
1144 2807 1266 2834 Itahunc

301 2847 391 2874 locuni
413 2850 437 2876 in
459 2850 621 2886 Crepundiis
638 2849 801 2877 restituimus
814 2867 822 2880 ,
843 2856 878 2874 ex
899 2847 985 2874 tribus
1005 2845 1072 2873 Pall.
1093 2843 1195 2871 accedit
1209 2844 1265 2878 jain

303 2891 393 2918 quart.
405 2886 559 2912 martinian.
570 2885 679 2912 Gembl.
700 2884 778 2912 Fabr.
794 2883 904 2910 Pithoei.
928 2881 994 2909 Vide
1012 2881 1112 2908 ibidem
1124 2890 1181 2907 nos.
1203 2888 1265 2907 nam

302 2918 386 2954 vulgo
398 2920 462 2946 nibil
475 2921 578 2955 sipit,fi
586 2922 680 2957 aliquid
688 2923 793 2947 oratoria
802 2919 873 2946 laudi
884 2921 941 2951 nost.

341 2964 368 2988 5.
388 2958 446 2980 Cum
455 2957 521 2989 effen!
527 2959 636 2992 plnres]
657 2958 700 2984 Sic
710 2966 743 2984 ex
755 2956 842 2983 tribus
854 2955 923 2982 Pali.
934 2952 1041 2981 Uli-ich.
1052 2952 1172 2980 restituo.
1184 2951 1265 2988 vulgo

305 2992 449 3023 Complures.

342 3026 370 3052 6.
391 3027 457 3059 Qud
465 3036 527 3051 nemo
537 3036 569 3050 me
579 3028 669 3053 diutini·
678 3029 759 3063 stein]
781 3027 931 3054 Calidiores
941 3026 1090 3062 arriperent
1099 3024 1186 3051 Vatic.
1197 3023 1269 3050 Scri-

305 3069 411 3099 pturam
424 3072 429 3088 :
453 3062 519 3101 de
533 3071 595 3087 nemo
605 3072 638 3088 me
657 3064 731 3089 daim
742 3061 812 3098 ficit.
833 3063 946 3091 Excussa
957 3082 966 3095 ,
985 3062 1050 3089 mihi
1061 3071 1113 3089 non
1124 3059 1268 3088 admodum

308 3107 456 3133 congruere
468 3097 583 3123 videtur.

343 3142 372 3169 7.
394 3134 434 3162 Ad
441 3133 468 3161 id
475 3133 605 3168 autfedcns
616 3141 660 3161 aur
669 3136 795 3162 ambulans
805 3135 983 3172 aspirabam]
996 3133 1116 3163 Debetur
1126 3132 1192 3162 mihi
1203 3141 1279 3169 quo-¹

711 2703 797 2731 Tenui
809 2701 954 2730 leetionem
965 2701 1080 2728 Victorii
1097 2720 1106 2732 ,
1124 2708 1203 2736 quem
1214 2699 1265 2726 sta·
1281 2699 1283 2701 ’

1312 3128 1500 3169 quai-t.quiut.
1512 3124 1619 3156 Ulricli.
1629 3124 1674 3153 suo
1682 3118 1754 3160 istud.
1773 3124 1877 3160 vulgo:
1899 3126 1927 3150 Ut
1937 3114 1985 3159 ι’]ὶῖ
1991 3122 2077 3151 dicam.

1300 2491 1351 2520 que
1361 2483 1438 2516 hujus
1459 2481 1510 2508 loci
1526 2481 1658 2508 restitutio
1670 2499 1678 2511 ‚
1697 2480 1739 2506 sed
1765 2487 1852 2505 tamen
1873 2484 2006 2514 praecunte
2018 2474 2177 2503 Gulielmio.
2199 2473 2262 2498 cum

1300 2518 1371 2544 enim
1381 2518 1429 2544 ille
1439 2518 1464 2544 in
1477 2517 1576 2544 Fabrit.
1588 2518 1616 2542 δε
1628 2516 1762 2543 Pithoean.
1773 2515 1852 2541 codd.
1872 2511 2006 2550 reperiffet
2016 2520 2055 2545 at,
2066 2509 2222 2546 quodjuxta
2233 2508 2262 2534 iii

1300 2563 1340 2590 pr.
1352 2561 1416 2581 tert.
1426 2562 1522 2590 quarto
1534 2553 1602 2580 Pall.
1613 2553 1648 2579 est
1662 2572 1669 2584 ‚
1692 2552 1829 2587 ingeniose
1850 2551 1882 2575 ad
1891 2549 2051 2576 extricavit:
2073 2546 2116 2574 sed
2127 2553 2156 2572 ut
2166 2543 2264 2580 scripsi,

1301 2590 1374 2617 estin
1388 2590 1444 2617 Pal.
1454 2590 1503 2616 see.
1514 2590 1591 2626 plura
1601 2588 1700 2614 adduxi
1711 2589 1737 2614 in
1750 2586 1921 2623 Crepundiis.

1338 2627 1365 2653 8.
1386 2627 1432 2652 Stil
1447 2637 1490 2661 quo
1501 2625 1637 2652 commodius
1655 2625 1824 2658 dlspurationes
1842 2624 1920 2656 nostrae
1937 2619 2106 2654 explicentur]
2127 2619 2168 2643 Ita
2182 2615 2264 2651 quin-

1302 2672 1353 2699 que
1365 2662 1432 2690 1³:111.
1444 2670 1557 2698 quatum*
1568 2661 1708 2689 Gulielmii
1720 2680 1728 2693 ,
1743 2659 1827 2687 editio
1837 2658 1963 2686 Victorii.
1983 2657 2064 2691 vulgo
2076 2673 2085 2687 ,
2093 2654 2170 2686 nostrae
2179 2652 2264 2678 omit-

1303 2706 1380 2726 titur.

1339 2744 1368 2771 9.
1388 2736 1480 2767 'I'Ju'ceps
1498 2734 1563 2767 apud
1579 2733 1692 2767 infimis]
1714 2731 1881 2768 Septenarios
1892 2729 1958 2756 duos
1977 2728 2019 2754 hic
2038 2724 2156 2762 quaefivit
2167 2723 2265 2750 veteris

1302 2771 1413 2805 alicujus
1427 2773 1514 2797 l’o'e’tae
1533 2769 1635 2796 Guliel.
1656 2769 1721 2804 ergo
1735 2768 1768 2794 [ic
1788 2767 1946 2794 ordinabat:
1963 2766 2054 2796 Triceps
2070 2761 2150 2798 ’φρικὶ
2166 2761 2265 2794 inferos)

1303 2809 1428 2839 Cerberus,
1438 2808 1639 2840 Cocytifremitm,
1649 2805 1801 2832 <Acherontis
1812 2805 1939 2831 ΐνανεΠίο,

1384 2843 1586 2876 stlentufitmnmm
1596 2850 1684 2875 aquam
1695 2843 1825 2874 attingens,
1830 2840 1873 2872 firi
1881 2839 1973 2863 enefizus
1981 2834 2110 2860 Tantalus.

1344 2888 1385 2906 io.
1408 2883 1435 2904 Ut
1445 2881 1490 2911 ista
1500 2880 1540 2912 effi>
1551 2877 1669 2911 credam]
1691 2877 1733 2902 Sic
1744 2878 1860 2911 quinque
1872 2872 1937 2899 Pall.
1948 2873 2065 2913 iterqque
2077 2868 2160 2895 editio
2172 2866 2269 2895 vicko-

1306 2916 1351 2943 rii.
1373 2915 1468 2950 vulgo,
1482 2917 1511 2939 Ur
1521 2917 1557 2939 ira
1568 2914 1608 2947 effi
1618 2913 1721 2938 credam.

1345 2960 1386 2977 rr.
1406 2950 1581 2986 Qiaffl‘serruf
1599 2949 1639 2982 effi.
1656 2945 1765 2980 poffi’m.]
1785 2942 1889 2970 Afferui
1902 2941 2044 2968 leffionem
2057 2941 2081 2967 in
2094 2938 2268 2977 Crepundiis,

1308 2987 1499 3021 ssztdm‘fflfirtm
1507 2984 1635 3019 eſjbpqffem
1645 3001 1653 3014 ,
1672 2991 1705 3008 ex
1718 2979 1847 3007 Pall.1ec.
1868 2977 1910 3004 sed
1925 2980 1986 3014 quia
2005 2986 2090 3013 neque
2109 2977 2268 3007 editionem,

1318 3018 1403 3059 ntique
1414 3022 1498 3049 ullum
1518 3027 1644 3056 praeterea
1653 3016 1770 3042 codicem
1782 3013 1905 3041 accedere
1915 3014 1993 3040 video
2004 3033 2012 3045 ,
2026 3023 2077 3040 non
2089 3011 2229 3048 pertendo.

1348 3068 1391 3085 η.
1402 3058 1510 3090 Nonfiaem
1519 3060 1556 3082 ira
1563 3055 1641 3084 hebes,
1650 3060 1677 3078 ut
1686 3054 1743 3083 illuc
1753 3052 1855 3085 dicam]
1868 3050 1911 3076 Est
1923 3050 2004 3076 lefflo
2015 3049 2112 3076 codicis
2123 3046 2271 3078 Pithoeani,

1311 3104 1388 3131 quain
1403 3091 1556 3120 asseruimus
1576 3089 1602 3115 in
1622 3087 1770 3123 crepundiis
1782 3097 1815 3114 ex
1831 3088 1917 3122 primo
1928 3095 2033 3123 quoque
2044 3085 2103 3112 Pal.
2121 3083 2271 3118 alluditque

2167 3163 2178 3183 i
2185 3175 2192 3182 .
2200 3154 2277 3190 Mse-
