2379 3400
233 105 354 163 1134
636 98 705 144 M.
786 96 1149 142 TULL11

223 195 279 226 que
299 184 343 212 fici
353 185 375 212 i:
397 181 473 212 niliil
482 181 568 210 dicat.
594 178 725 209 multum
737 178 820 207 enim
833 173 934 206 differt
944 195 954 209 ,
978 183 1078 205 utrum
1090 174 1174 215 :ausit

223 226 361 256 naturalis
380 233 416 253 ex
426 224 588 253 aeternitite
598 241 606 254 ‚
628 220 726 249 sutura
740 228 807 248 vera
817 216 925 247 efficiat
935 237 943 250 ,
965 226 1002 246 an
1011 219 1101 246 etiam
1113 215 1174 246 sine

223 268 381 297 :eternitate
393 264 515 293 naturali
528 283 535 295 ,
549 262 645 292 futura
657 271 722 301 quae
736 259 791 289 siut
801 279 810 293 ,
821 269 853 288 ea
864 268 932 288 vera
941 257 1001 287 ess’e
1010 256 1119 297 poffiut
1128 260 1177 288 in-

225 308 327 348 telligi.
350 308 450 345 ltaque
473 304 588 334 dicebat
602 301 765 332 Carneades
778 320 787 334 ,
807 310 845 329 ne
857 299 1033 339 Apollinem
1051 299 1175 339 quidem

222 350 318 380 futuri
327 345 405 387 poss'c
415 347 522 378 dicere,
535 344 587 374 nisi
599 355 642 376 ea,
655 352 786 383 quorum
800 342 898 371 causas
916 350 1018 371 natura
1029 342 1069 371 ita
1077 343 1181 372 conti-

223 398 316 422 neret,
330 398 362 418 ut
373 398 403 417 ea
414 387 474 416 fieri
487 385 599 416 necesle
610 383 776 421 ess'etQuid
788 393 871 413 cmm
886 382 1020 422 spe&ans
1029 382 1103 412 deus
1115 384 1177 423 ipse

224 432 332 462 diceret
347 450 354 462 ‚
370 430 538 459 Marcellum
548 437 617 457 eum
629 447 637 459 ,
658 428 708 467 qui
722 435 763 455 ter
773 425 878 454 consul
893 424 951 454 suit
966 445 975 458 ,
994 425 1024 453 in
1042 426 1116 454 mari
1129 424 1178 463 effe

221 473 398 514 periturum?
422 469 612 511 cr.‹tquidem
625 470 683 498 hoc
693 476 797 497 verum
813 476 852 496 cx
862 468 1036 500 aeternitate,
1047 467 1096 497 sed
1107 477 1177 498 cau-

224 516 265 545 sis
283 514 312 543 id
324 511 498 543 efiieientcis
510 521 572 541 non
583 510 716 540 habebat.
737 511 778 538 ita
787 518 826 538 ne
835 510 983 548 praeterita
992 508 1117 549 quidem
1133 519 1175 542 ea,

224 565 354 596 quorum
370 556 452 584 nulla
464 553 539 595 signa
550 574 558 586 ‚
571 561 710 592 tanquam
721 550 856 592 vestigia,
866 549 1025 584 exstarent,
1039 551 1177 590 Apollini

224 607 296 627 nota
312 595 368 626 ess‘e
378 597 511 626 censebat
523 607 526 624 2
539 605 600 635 quo
611 594 715 624 minus
725 592 836 622 futura.
847 590 939 622 causis
948 594 1032 622 enim
1042 591 1179 622 efficien-

223 640 303 669 tibus
314 648 461 679 quamque
471 647 532 667 rem
543 638 673 677 cognitis
686 655 694 669 ,
705 633 787 674 posse
799 634 930 674 denique
940 634 1006 664 sciri
1017 654 1025 668 ‚
1044 634 1116 675 quid
1129 633 1179 664 fu-

168 681 207 711 ¹5
225 690 325 711 turum
348 678 426 710 esset.
449 684 456 699 ¹
485 688 552 719 ergo
574 688 629 708 nec
643 677 677 707 de
689 674 990 716 OEdipodepotuiffe
1002 677 1178 716 Apollinem

224 723 380 763 pr-edicere
392 742 399 754 ‚
423 722 513 751 nullis
525 731 556 750 in
571 729 669 750 rerum
682 728 784 749 natura
794 718 882 758 causis
892 717 1056 759 prepofitis,
1076 727 1127 748 cur
1140 718 1176 748 ab

225 775 262 794 en
273 773 383 803 patrem
395 761 520 792 interfici
534 761 647 792 necesse
659 759 732 791 ess‘et
751 771 756 789 :
778 770 833 790 nec
843 760 1007 802 quidquam
1019 760 1179 799 hujusmo-

225 806 266 835 di.
289 808 432 844 Quocirca
452 803 470 834 si
481 807 590 834 Stoicis
603 824 610 837 ‚
631 805 683 844 qui
693 803 798 833 omnia
807 801 866 832 fato
878 800 943 831 fieri
954 801 1058 832 dicunt
1068 821 1078 835 ‚
1103 811 1180 832 con-

224 848 395 878 sentaneum
408 845 448 876 est
460 846 632 882 huiusmodi
644 844 778 878 oracula,
791 852 943 884 ceteraque
954 863 962 876 ,
971 853 1036 884 quae
1050 843 1086 874 ad
1099 843 1178 873 :livi-

224 890 379 919 nationem
389 891 552 929 pertinent,
562 887 758 927 comprobare
772 888 828 916 :iis
836 895 937 916 autem
946 905 957 918 ‚
977 887 1043 926 qui,
1054 895 1120 926 quae
1131 885 1178 915 fu—

226 940 288 960 tura
301 930 366 960 sunt
377 951 385 963 ‚
411 940 518 960 cavera
530 928 586 959 effe
599 939 636 959 ex
646 937 808 959 aeternitate.
816 927 922 958 dicunt
936 947 945 960 ,
967 937 1030 957 non
1041 929 1122 957 idem
1133 927 1180 958 di-

222 972 352 1002 cendum
367 971 408 1002 est
421 983 424 1000 z
439 973 518 1005 vide,
532 981 569 1001 ne
581 981 645 1001 non
654 971 756 1001 eadem
769 969 933 999 litillorum
943 969 1025 999 causa
1036 988 1044 1002 ‚
1057 969 1090 999 ὃς
1100 970 1178 1000 Stoi-

222 1023 338 1044 corum·
359 1015 389 1043 hi
411 1016 494 1043 enim
508 1022 647 1054 urgentur
657 1011 810 1053 angustius
824 1032 832 1044 ‚
853 1011 976 1040 illorum
987 1012 1060 1041 ratio
1070 1011 1175 1043 soluta.

222 1064 255 1085 ac
274 1056 364 1084 libera
387 1054 437 1085 est.
462 1056 553 1093 Quod
573 1053 592 1084 si
604 1054 803 1086 concedatur,
817 1051 1104 1097 ἱηίΙνίἰριῇῘὲευεηινε,
1127 1052 1180 1093 nist

223 1097 307 1136 eaufiz
315 1096 486 1126 antecedente
495 1108 505 1123 .·
515 1096 586 1137 quid
597 1094 766 1136 proficiatur
777 1115 785 1128 ‚
807 1096 826 1124 11
838 1104 869 1124 ea
879 1095 961 1125 causa
972 1104 1035 1124 non
1045 1104 1083 1124 ex
1093 1104 1178 1124 aeter-

225 1140 272 1168 nis
289 1137 378 1168 causis
388 1140 600 1178 aptaducatut?
622 1137 705 1168 causa
715 1146 814 1167 autem
828 1136 912 1166 eaest
927 1156 935 1170 ‚
956 1146 1021 1177 quae
1033 1137 1061 1166 id
1072 1134 1176 1169 efficit,

221 1182 307 1216 cuius
319 1179 361 1210 est
369 1180 452 1210 causa
463 1192 472 1214 ·,
487 1189 518 1210 ut
529 1181 637 1210 vulnus
647 1199 655 1213 ‚
670 1181 776 1208 mortis
786 1190 794 1213 5
803 1178 942 1212 cruditas,
954 1177 1054 1208 morbi
1066 1189 1074 1211 ;
1086 1180 1175 1218 ignis,

220 1221 344 1252 ardoris.
369 1224 468 1262 Itaque
479 1232 543 1252 non
554 1220 589 1252 sic
600 1223 684 1252 causa
694 1220 823 1262 intelligi
836 1220 923 1250 debet
935 1240 944 1253 ,
957 1229 1008 1253 ut,
1020 1219 1102 1260 quod
1113 1221 1176 1250 cui-

222 1273 280 1304 que
299 1264 469 1298 antecedat,
493 1264 523 1294 id
543 1266 570 1293 ei
593 1263 675 1293 causa
688 1261 739 1295 fit,
764 1262 812 1292 sed
821 1262 904 1302 quod
914 1264 1020 1302 cuique
1031 1261 1176 1300 efficienter

222 1305 389 1335 antecedat:
413 1316 486 1339 nec,
506 1305 587 1346 quod
602 1307 633 1335 in
643 1314 782 1344 campum
792 1303 998 1334 descenderim
1011 1323 1020 1336 ‚
1040 1304 1071 1333 id
1087 1301 1176 1333 fuifl'e

220 1347 312 1377 causae
323 1367 331 1380 ,
349 1357 400 1377 cur
409 1348 469 1387 pila
479 1348 614 1377 luderem
630 1357 635 1376 :
656 1357 711 1376 nec
727 1346 883 1376 Hecubam
895 1345 1177 1379 ‚causaminteritus

220 1387 309 1418 fuisse
327 1391 468 1428 Trojanis
480 1409 488 1423 ‚
509 1389 591 1429 quod
603 1387 809 1418 Alexandrum
818 1389 971 1428 genuerit:
985 1397 1042 1419 nec
1052 1387 1176 1427 Tynda—

220 1440 307 1460 reum
331 1433 558 1471 Agamemnoni
577 1451 585 1464 ,
617 1429 698 1470 quod
719 1428 979 1469 Clytemnestram.
1013 1430 1070 1459 hoc
1089 1431 1175 1459 enim

223 1471 319 1501 modo
338 1475 434 1502 viator
450 1482 568 1513 quoque
587 1472 662 1502 bene
674 1470 796 1501 vestitus
806 1474 821 1490 2
835 1471 918 1500 causa
927 1469 1076 1510 grassatori
1088 1469 1175 1500 fuiffe

223 1513 359 1547 dicetur,
378 1523 430 1544 cur
445 1515 481 1544 ab
498 1524 534 1544 eo
547 1513 728 1554 spoliaretur.
760 1515 810 1544 Ex
830 1513 889 1543 hoc
907 1522 1015 1553 genere
1033 1512 1112 1544 illud
1133 1512 1176 1544 est

226 1556 340 1588 Ennii,

318 1596 443 1625 Utinam
453 1607 484 1626 ne
496 1598 523 1626 in
533 1607 638 1627 nemore
651 1598 724 1628 Pelio
730 1596 873 1637 securibus

318 1638 387 1677 Caefiz
403 1638 534 1676 cecidrffi’t
542 1638 659 1680 abiegna
668 1639 705 1668 ad
713 1647 816 1668 terram
826 1638 924 1668 trabes.

226 1679 328 1709 Licuit
342 1680 387 1708 vel
399 1680 488 1710 altius
499 1701 507 1714 ,
519 1682 643 1710 vtinam
653 1692 684 1710 ne
692 1682 720 1710 in
729 1681 816 1710 ‘Pelio
825 1689 895 1710 nata
905 1680 963 1709 ulla
970 1690 1108 1721 umquam
1117 1678 1179 1718 effer

227 1719 329 1749 arhor!
347 1722 435 1751 etiam
457 1722 540 1761 supra
557 1742 565 1756 ,
598 1726 722 1752 Utinam
743 1733 774 1751 ne
790 1722 853 1759 affer
866 1733 941 1751 mons
960 1723 1039 1751 ullus
1061 1724 1177 1752 Pelius!

224 1759 418 1802 fimiliterque
431 1763 578 1802 superiora
588 1773 736 1803 repetente
749 1763 862 1803 regredi
874 1762 992 1793 infinite
1004 1763 1083 1793 licet.

318 1805 399 1832 Neve
410 1807 421 1831 3
433 1804 495 1833 inde
506 1806 590 1834 navis
598 1804 750 1835 inchoanda
758 1804 905 1834 exordium

319 1845 450 1884 Coeprffit.

223 1885 375 1924 Quorsum
388 1890 448 1917 haec
457 1890 620 1927 praeterita?
638 1890 706 1929 quia
717 1888 847 1928 sequitur
859 1886 934 1918 illud
945 1908 955 1921 ,

316 1929 395 1957 Nam
402 1939 558 1970 numquam
569 1931 634 1958 hera
644 1940 736 1959 errans
746 1939 816 1962 mea,
827 1929 1025 1970 domo.efferret
1031 1929 1136 1972 pedem,

318 1969 429 2004 Medea,
439 1982 534 2000 ammo
544 1982 622 2012 agro,
633 1982 724 2002 amore
728 1972 753 2010 s
747 1983 764 2000 a:
770 1983 800 2000 vo
806 1972 920 2011 saucia,

166 2004 210 2038 16
226 2020 290 2041 non
314 2019 345 2041 ut
361 2022 402 2042 ea:
423 2023 469 2043 res
487 2014 603 2044 causam
621 2012 760 2044 afferrent
778 2014 902 2044 amoris.
924 2013 1064 2044 Interesse
1081 2023 1180 2045 autem

225 2061 330 2091 ayunt,
351 2053 451 2084 utrum
469 2055 620 2094 ejusmodi
644 2055 718 2096 quid
738 2054 790 2089 sit,
815 2053 875 2084 sine
895 2065 956 2095 quo
974 2057 1088 2097 aliquid
1100 2055 1181 2087 effici

225 2103 290 2124 non
308 2094 412 2134 poffit,
431 2101 448 2122 4
467 2107 503 2126 an
523 2097 694 2132 eiusmodi,
716 2107 776 2138 quo
798 2097 909 2137 aliquid
923 2096 1000 2127 effici
1013 2097 1126 2128 neceffe
1137 2097 1179 2128 sit.

226 2136 320 2166 Nulla
331 2138 418 2177 igitur
427 2148 528 2168 earum
538 2139 581 2169 est
590 2139 673 2169 causa
682 2159 691 2172 ,
706 2143 719 2166 5
729 2140 874 2179 quoniam
885 2141 968 2169 nulla
980 2149 1045 2169 eam
1056 2149 1120 2170 rem
1133 2140 1182 2170 sua

223 2178 255 2206 vi
276 2176 386 2213 efficit,
410 2181 494 2219 cujus
505 2180 722 2211 diciturcausa:
744 2191 800 2211 nec
813 2180 843 2210 id
854 2199 862 2213 5
885 2180 945 2211 sine
955 2191 1016 2221 quo
1025 2183 1179 2222 quippiam

225 2228 290 2248 non
302 2218 346 2253 fit,
360 2222 440 2251 causa
450 2221 508 2251 est:
523 2222 571 2252 sed
581 2222 621 2256 id,
632 2222 714 2263 quod
723 2222 794 2252 cum
805 2222 929 2257 acceffir,
945 2224 987 2256 id,
1005 2225 1088 2259 cuius
1099 2224 1182 2254 causa

225 2259 288 2293 est,
313 2261 403 2292 efficit
422 2262 593 2293 necessario.
626 2264 767 2294 nondum
786 2266 871 2294 enim
891 2265 1021 2295 ulcerato
1039 2265 1181 2305 serpentis

225 2302 327 2332 morsu
341 2304 515 2338 Philocteta,
526 2315 592 2346 quae
600 2305 683 2335 causa
694 2308 727 2335 in
737 2315 835 2335 rerum
848 2315 950 2336 natura
958 2308 1179 2340 continebatur,

226 2342 300 2377 fore,
315 2354 346 2374 ut
360 2347 384 2375 is
399 2348 430 2375 in
443 2347 540 2377 insula
555 2349 676 2377 Lemno
687 2348 873 2387 linqueretur
883 2355 894 2377 ἓ
909 2347 975 2387 post
985 2357 1083 2387 autern
1095 2349 1178 2378 causa

225 2384 285 2415 fuit
305 2389 444 2426 propior,
471 2389 504 2419 δε
524 2399 593 2418 curn
604 2387 840 2427 exitujunffior.
872 2392 947 2419 ratio
957 2391 1180 2428 igitur-eventus

229 2437 321 2466 aperit
343 2438 393 2458 cau
400 2430 470 2459 lam.
495 2430 543 2460 sed
555 2440 592 2460 ex
601 2432 763 2459 aeternitate
774 2439 842 2460 vera
850 2430 908 2460 fuit
922 2433 985 2461 iiaec
996 2432 1178 2461 enuntiatio.

225 2466 242 2487 ⁶
253 2471 437 2510 Re.1nquetur
460 2472 488 2500 in
509 2471 603 2511 insula
615 2470 777 2500 Philoctetes
787 2482 798 2498 .·
820 2481 876 2502 nec
885 2473 944 2502 hoc
955 2482 992 2501 ex
1002 2474 1116 2502 veroin
1125 2471 1180 2502 fal-

226 2509 289 2539 sum
302 2520 412 2549 poterat
421 2515 564 2543 converti.
589 2511 704 2544 necesse
721 2511 763 2542 est
779 2515 864 2543 enim
880 2515 914 2543 in
926 2514 1014 2543 rebus
1026 2516 1181 2544 contrariis

225 2550 339 2582 duabus
347 2554 506 2591 (contraria
516 2563 616 2587 autem
627 2556 684 2586 hoc
696 2555 764 2585 loco
772 2564 806 2585 ea
816 2555 884 2585 dico
893 2575 901 2589 ‚
913 2565 1042 2596 quorum
1053 2555 1181 2586 alterum

1230 94 1772 145 CrcERoN·1s

1217 177 1337 219 aitquid
1350 198 1359 211 ‚
1380 177 1507 208 alterum
1524 179 1620 220 negat)
1631 189 1670 210 ex
1686 180 1735 209 his
1750 181 1844 220 igitur
1863 179 1978 212 neeess‘e
1994 180 2056 217 est,
2077 182 2180 215 invito

1220 223 1350 260 Epicuro
1364 239 1373 252 ,
1386 220 1511 249 alterum
1521 230 1627 250 verum
1639 219 1697 251 effe
1709 241 1718 254 ‚
1729 221 1855 254 alterum
1864 223 1971 255 falsum
1986 235 1992 254 ε
2014 233 2047 255 ut
2057 245 2066 258 ‚
2087 229 2101 253 7
2110 226 2184 265 [ὲκ-

1218 260 1342 291 ciabirur
1353 260 1508 291 Phii'oc‘ieta
1519 281 1527 295 ‚
1543 262 1689 292 omnibus
1698 261 1769 292 ante
1781 264 1886 295 seculis
1895 275 2001 296 verum
2013 265 2085 296 fuit:
2113 268 2182 297 Non

1212 302 1393 344 sauciabitur
1405 322 1413 336 ,
1423 302 1544 333 falsum.
1568 302 1634 334 Nifi
1643 302 1721 334 forte
1733 305 1876 336 volumus
1886 309 2100 346 Epicureorum
2113 310 2184 348 opi·

1218 348 1345 375 nionern
1362 345 1441 384 sequi
1460 365 1469 379 ‚
1482 347 1534 386 qui
1545 346 1627 376 taleis
1638 347 1861 376 enuntiationes
1874 357 1927 377 nec
1940 359 2021 380 veras
2028 370 2041 383 -‚
2061 360 2116 380 nec
2124 350 2183 381 fal-

1218 388 1260 418 sas
1276 385 1333 416 esse
1349 386 1470 416 dicunt:
1493 397 1560 421 aut,
1582 387 1654 418 cum
1668 387 1699 417 id
1713 387 1827 427 pudet,
1846 389 1920 419 illud
1938 399 2039 421 tamen
2056 391 2181 425 dicunt,

1219 429 1300 470 quod
1317 427 1360 458 est
1376 427 1580 468 impudentius
1592 449 1601 463 ,
1621 439 1705 459 veras
1716 427 1774 459 effe
1785 440 1823 460 ex
1836 433 1989 461 contrariis
2000 432 2183 473 disjunctio-

1222 481 1274 501 nes
1293 481 1299 499 :
1320 470 1367 500 sed
1379 480 1445 510 quae
1456 472 1488 500 in
1499 472 1545 501 his
1557 473 1710 501 enuntiata
1719 469 1813 502 essent
1824 491 1832 506 ,
1853 482 1959 502 eorum
1972 482 2112 504 neutrum
2124 473 2184 505 esse

1221 521 1334 543 verum.
1357 515 1384 542 Ο
1394 512 1603 543 admirabilem
1614 513 1770 546 licentiam,
1783 513 1814 543 &
1827 513 2028 544 miserabilem
2038 511 2052 534 8
2063 516 2182 556 inscien-

1220 556 1294 583 tiam
1311 552 1487 584 differendi!
1512 557 1542 585 Si
1556 556 1640 585 enim
1654 555 1767 595 aliquid
1781 556 1813 585 in
1828 555 1982 596 loquendo
1997 566 2051 587 nec
2065 567 2183 592 verum,

1222 607 1277 626 nec
1285 595 1392 626 falsum
1404 595 1456 629 est,
1469 597 1549 627 certe
1559 596 1590 626 id
1600 606 1707 627 verum
1719 606 1782 627 non
1794 596 1846 628 est.
1869 597 1951 637 quod
1961 606 2062 628 autem
2074 608 2182 630 verum

1222 648 1287 668 non
1300 637 1359 668 est:
1381 636 1433 678 qui
1444 637 1539 678 potest
1550 649 1614 669 non
1624 638 1731 669 falsum
1743 636 1800 669 effe
1811 644 1821 669 ?
1843 648 1892 669 aut
1903 639 1983 680 quod
1994 638 2102 670 falsum
2117 650 2182 671 non

1222 679 1263 710 est
1276 700 1284 713 ,
1307 678 1360 720 qui
1376 679 1474 719 potest
1493 691 1558 711 non
1574 690 1681 710 verum
1701 679 1758 710 effe
1768 683 1781 710 ἓ
1803 684 1818 708 9
1829 682 1997 712 Tenebitur
2009 681 2041 711 id
2054 700 2062 715 ,
2075 683 2155 722 quod
2165 683 2184 714 a

1220 722 1383 761 Chrysippo
1390 721 1562 753 defenditur
1572 734 1580 756 ·,
1589 725 1705 751 Omnem
1717 723 1938 762 enurzti'atj071em
1947 732 1996 754 aut
2006 733 2118 757 veram,
2132 733 2184 754 aut

1219 763 1322 794 falsam
1337 762 1414 797 effe,
1434 766 1508 794 ratio
1527 765 1589 805 ipsa
1607 766 1736 806 cogitet,
1757 765 1790 795 &
1809 774 1846 794 ex
1864 766 2026 795 aeternitate
2044 765 2182 805 quaedam

1221 815 1289 836 vera
1297 804 1354 836 effe
1365 826 1373 838 ,
1386 806 1418 836 &
1428 816 1460 836 ea
1470 816 1533 836 non
1544 805 1602 837 effe
1613 816 1688 836 nexa
1698 805 1787 836 caulis
1801 809 1917 837 aeternis
1927 826 1936 840 ,
1949 806 1982 836 δε
1993 806 2007 836 ᾗ
2018 805 2069 836 fati
2080 807 2182 837 neces-

1221 846 1300 878 sitate
1311 846 1368 878 effe
1379 848 1483 878 libera.
1527 851 1570 879 Ac
1583 849 1659 878 mihi
1669 848 1794 888 quidem
1805 848 1923 878 videtur
1935 868 1944 883 ‚
1955 847 2025 878 cum
2037 848 2101 878 duae
2114 849 2181 879 sen-

1221 891 1319 920 tentiae
1328 888 1450 920 fuiss'ent
1463 899 1599 920 veterum
1609 890 1864 931 philosophorum
1875 910 1884 923 ,
1904 900 1963 920 una
1979 900 2083 920 eorum
2098 910 2106 924 ,
2127 892 2180 931 qui

1218 932 1372 962 censerent
1388 934 1493 962 omnia
1510 934 1550 962 ita
1566 931 1627 963 fato
1642 931 1727 964 fieri,
1750 941 1781 962 ut
1793 932 1823 962 id
1838 931 1935 962 tatum
1946 933 2009 960 vim
2020 932 2181 972 neceffiratis
2196 955 2199 958 .

1218 974 1329 1014 afferret
1339 994 1346 1007 ,
1364 975 1396 1004 in
1407 984 1463 1014 qua
1473 975 1616 1004 sententia
1625 976 1822 1004 Democritus
1834 993 1843 1007 ,
1858 975 2027 1004 Heraclitus
2039 994 2048 1008 ,
2069 977 2182 1015 Empe-

1219 1016 1322 1045 docles
1335 1035 1342 1049 ,
1364 1015 1537 1045 Aristoteles
1547 1015 1621 1045 fuit·
1642 1016 1732 1045 altera
1740 1025 1846 1045 eorum
1858 1035 1869 1048 ,
1888 1016 1997 1055 quibus
2008 1017 2182 1047 viderentur

1219 1056 1280 1086 fine
1295 1057 1360 1086 ullo
1373 1056 1434 1086 fato
1445 1056 1502 1086 ess'e
1515 1058 1676 1085 animorum
1689 1064 1780 1084 metm
1791 1056 1969 1086 voluntarii:
1989 1056 2180 1098 Cliiyfippus,

1220 1107 1361 1138 tanquam
1371 1097 1477 1127 arbiter
1488 1098 1661 1132 honorarius,
1676 1100 1706 1116 ¹0
1716 1097 1853 1128 medium
1862 1097 1948 1128 ferire
1962 1098 2089 1129 voluiss‘e
2102 1111 2107 1129 :
2127 1099 2179 1130 sed

1219 1144 1343 1179 applicat
1354 1140 1382 1170 se
1396 1140 1430 1170 ad
1446 1150 1498 1170 eos
1515 1139 1618 1180 potius
1631 1160 1640 1173 ‚
1657 1142 1710 1180 qui
1721 1138 1886 1170 necestitate
1898 1148 1999 1175 motus
2009 1143 2128 1172 animos
2140 1142 2177 1171 li-

1219 1181 1333 1211 beratos
1345 1182 1462 1211 volunt.
1487 1184 1573 1212 Dum
1591 1190 1688 1212 autem
1707 1182 1804 1212 verbis
1822 1184 1914 1211 utitur
1929 1181 2007 1215 suis,
2030 1183 2177 1214 delabitur

1218 1224 1250 1253 in
1267 1233 1314 1253 eas
1334 1221 1540 1258 difficultates,
1562 1221 1801 1254 utneceffitatem
1817 1223 1869 1254 fati
1883 1222 2178 1254 confirrnetiiivitus.

1218 1269 1315 1306 Atque
1325 1267 1394 1299 hoc,
1405 1264 1425 1295 fi
1436 1267 1540 1306 placet,
1551 1266 1635 1306 quale
1647 1264 1680 1295 sit
1689 1265 1843 1296 videamus
1859 1268 1890 1295 in
1900 1264 2179 1306 affinfionibus,quas

1217 1309 1314 1347 prima
1324 1312 1458 1338 oratione
1469 1307 1601 1338 tractavi.
1614 1317 1660 1338 eas
1670 1310 1753 1337 enim
1763 1317 1879 1338 veteres
1890 1308 1946 1341 illi,
1955 1307 2064 1348 quibus
2072 1309 2179 1338 omnia

1216 1348 1278 1380 fato
1290 1348 1353 1380 fieri
1364 1349 1542 1380 videbantur
1551 1369 1559 1384 ,
1577 1351 1609 1380 vi
1623 1348 1701 1380 effici
1713 1369 1722 1383 ,
1738 1350 1771 1380 ὃς
1782 1347 1947 1379 necessitate
1955 1349 2103 1379 dicebant.
2125 1350 2180 1390 qui

1217 1401 1316 1422 autern
1328 1392 1363 1422 ab
1375 1393 1421 1422 his
1431 1390 1641 1422 dissentiebant
1650 1412 1659 1426 ,
1669 1391 1730 1422 fato
1738 1390 1917 1422 assensiones
1926 1391 2093 1421 liberabant
2102 1411 2110 1424 ‚
2123 1401 2179 1423 ne-,

1216 1434 1381 1475 gabantque
1398 1437 1460 1464 rato
1470 1432 1685 1464 affensionibus
1693 1433 1830 1463 adhibito
1841 1453 1850 1468 ‚
1870 1431 2070 1463 neceffitatem
2081 1433 2119 1463 ab
2127 1433 2177 1463 his

1217 1474 1300 1515 posse
1310 1478 1460 1506 removeri
1472 1487 1477 1503 .-
1490 1477 1571 1515 iique
1583 1477 1621 1505 ita
1631 1473 1819 1506 differebant.
1841 1478 1860 1506 S
1871 1485 1882 1504 1
1903 1484 1923 1505 o
1933 1485 1960 1505 M
1969 1484 1992 1504 N
2003 1484 2014 1503 1
2025 1484 2048 1504 A
2068 1484 2088 1504 F
2096 1483 2119 1504 A
2127 1485 2147 1504 τ
2155 1484 2177 1504 o

1219 1516 1296 1547 fiunt
1307 1536 1316 1551 ‚
1340 1527 1445 1546 omnia
1457 1516 1533 1547 fiunt
1542 1517 1624 1547 causa
1633 1516 1838 1547 antecedente:
1857 1516 1890 1546 &
1901 1536 1910 1549 ,
1922 1515 1942 1545 fi
1952 1517 2096 1556 appetitus
2107 1526 2113 1546 :
2125 1516 2178 1546 illa

1216 1561 1307 1588 etiam
1319 1578 1326 1591 ,
1351 1569 1417 1599 quae
1427 1560 1590 1598 appetitum
1601 1558 1773 1598 sequuntur.
1797 1567 1867 1597 ergo
1883 1559 1973 1588 etiam
1983 1555 2177 1588 affensiones.

1221 1602 1260 1630 At
1270 1619 1278 1633 ‚
1291 1598 1310 1629 si
1319 1600 1401 1630 causa
1412 1600 1558 1639 appetitus
1570 1609 1633 1629 non
1643 1598 1684 1629 est
1696 1597 1746 1629 sita
1756 1601 1787 1628 in
1796 1599 1884 1629 nobis
1896 1618 1904 1632 ,
1929 1609 1967 1629 ne
1976 1599 2037 1639 ipse
2048 1599 2176 1640 quidem

1219 1643 1365 1682 appetitus
1382 1640 1425 1672 est
1442 1651 1474 1671 in
1500 1640 1597 1671 nostra
1619 1639 1770 1681 potestate.
1793 1640 1885 1682 Qod
1903 1639 1923 1669 fi
1944 1643 1983 1671 ita
1993 1640 2052 1675 est,
2076 1651 2114 1671 ne
2124 1641 2177 1671 illa

1220 1683 1343 1724 quidem
1357 1703 1366 1717 ,
1386 1693 1452 1724 quae
1460 1686 1592 1723 appetitu
1602 1681 1775 1712 efficiuntur
1786 1701 1794 1716 ,
1805 1683 1872 1712 sunt
1883 1680 1933 1712 sita
1942 1685 1975 1712 in
1985 1682 2086 1712 nobis.
2110 1691 2178 1718 non

1221 1726 1288 1755 sunt
1298 1726 1388 1765 igitur
1397 1734 1495 1765 neque
1503 1722 1681 1754 ass'enfiones
1694 1743 1703 1757 ‚
1717 1733 1814 1764 neque
1823 1723 1957 1754 afflones
1969 1726 2000 1754 in
2012 1723 2110 1754 nostra
2119 1733 2180 1764 po-

1222 1766 1331 1797 testate.
1353 1776 1390 1796 ex
1400 1776 1461 1806 quo
1471 1764 1598 1796 efficitur
1607 1785 1616 1799 ,
1637 1774 1670 1796 ut
1679 1775 1734 1796 nec
1744 1765 1916 1794 laudationes
1925 1784 1933 1800 ,
1949 1764 2026 1805 justa
2034 1764 2105 1796 fint:
2118 1775 2174 1795 nec

1222 1809 1440 1849 vituperationes
1449 1827 1458 1842 ‚
1477 1817 1532 1838 nec
1543 1808 1689 1841 honores,
1702 1817 1758 1837 nec
1770 1806 1921 1848 supplicia.
1945 1807 2036 1848 Qod
2046 1805 2118 1842 cum
2129 1808 2178 1837 vi·-

1221 1849 1331 1879 tiosum
1342 1848 1385 1883 si-t,
1399 1849 1592 1890 probabiliter
1601 1849 1742 1880 concludi
1773 1858 1854 1879 utant
1865 1869 1874 1882 ,
1886 1859 1949 1879 non
1961 1853 1970 1869 ²
1979 1853 1989 1868 ¹
1999 1850 2105 1880 omnia
2112 1847 2178 1879 fato

1224 1889 1287 1921 fieri
1311 1911 1320 1925 ‚
1337 1901 1534 1932 quaecumque
1553 1889 1637 1921 fiant.
1661 1892 1738 1931 Chry
1753 1900 1839 1931 ippus
1862 1900 1961 1922 autem
1981 1890 2052 1921 cum
2073 1891 2106 1922 &
2121 1900 2179 1923 ne-.

1222 1931 1381 1963 ceffitatem
1395 1934 1580 1973 improbaret
1590 1953 1598 1967 ,
1613 1933 1646 1964 &
1658 1934 1735 1963 nihil
1745 1933 1836 1963 vellet
1846 1931 1905 1962 (ine
1916 1931 2079 1974 praepofitis
2089 1930 2180 1963 caufis

1224 1977 1366 2009 evenire,
1385 1977 1536 2006 causarum
1557 1985 1665 2016 genera
1681 1974 1858 2016 distinguit,
1877 1983 1910 2004 ut
1929 1975 1962 2006 &
1981 1973 2183 2006 neceffitatem

1224 2015 1364 2057 effugiat,
1385 2018 1418 2047 &
1430 2019 1554 2048 retineat
1561 2017 1670 2047 fatum.
1694 2017 1852 2047 Causarum
1863 2018 1946 2047 enim
1958 2036 1967 2051 ,
1987 2018 2104 2058 inquit,
2115 2017 2181 2046 aliae

1224 2059 1292 2089 sunt
1306 2057 1429 2100 perfecie
1440 2078 1448 2093 ,
1469 2059 1502 2088 &
1517 2059 1695 2099 principales
1706 2078 1715 2093 ,
1737 2058 1803 2089 aliae
1819 2058 2004 2097 adjuvantes,
2026 2059 2060 2089 &
2076 2059 2182 2098 proici-

1225 2110 1293 2131 mae.
1316 2101 1522 2141 Qamobrem
1541 2100 1614 2131 cum
1635 2101 1785 2134 dicimus,
1809 2103 1914 2131 omnia
1929 2100 1993 2132 fato
2009 2100 2076 2135 fieri
2092 2097 2184 2130 causis
2213 2102 2239 2106 '⁴

1224 2142 1490 2176 antecedentibus,
1508 2152 1573 2173 non
1592 2144 1650 2173 hoc
1670 2143 1800 2182 intelligi
1818 2143 1962 2173 volumus
1976 2162 1985 2177 ,
2007 2140 2097 2173 caulis
2115 2150 2185 2181 per-3

1225 2183 1313 2214 fectis
1325 2204 1334 2218 ,
1358 2184 1390 2214 &
1402 2184 1617 2225 principalibus
1626 2204 1636 2218 ‚
1655 2184 1703 2214 sed
1715 2183 1805 2214 causis
1815 2184 2024 2224 adjuvantibus
2033 2204 2042 2218 ,
2065 2192 2186 2214 antece·-

1220 2226 1382 2260 dentibus,
1401 2227 1435 2257 δε
1451 2227 1612 2266 proximis.
1635 2229 1737 2266 Itaque
1755 2226 1802 2255 illi
1822 2228 1955 2260 rationi,
1971 2236 2062 2268 quam
2083 2225 2184 2265 paullo

1222 2276 1289 2298 ante
1307 2267 1439 2299 conclusi
1459 2288 1468 2302 ,
1497 2266 1534 2298 fic
1554 2269 1702 2301 occurrit,
1726 2271 1744 2298 S
1758 2278 1769 2297 1
1792 2277 1812 2297 o
1824 2278 1851 2298 M
1863 2278 1885 2298 N
1897 2278 1909 2298 1
1921 2277 1944 2297 A
1965 2277 2076 2298 niu-o
2097 2265 2182 2299 fiant.

1227 2310 1311 2350 sequi
1330 2309 1407 2340 illud
1418 2309 1541 2350 quidem
1554 2329 1563 2343 ,
1584 2318 1617 2340 ut
1626 2311 1730 2340 omnia
1739 2308 1830 2340 causis
1841 2308 1913 2340 fiant
1923 2307 2109 2349 antepofitis;
2129 2316 2183 2337 ve-

1225 2360 1293 2381 rum
1304 2361 1366 2381 non
1376 2351 1592 2391 principalibus
1602 2371 1610 2384 ,
1631 2350 1664 2381 &
1674 2349 1812 2390 persediis
1824 2371 1834 2384 ,
1844 2350 1893 2380 sed
1903 2349 2114 2389 adjuvantibus
2123 2368 2132 2382 ,
2145 2348 2181 2379 δε

1225 2394 1386 2431 proxrmis.
1409 2403 1475 2433 quae
1495 2391 1516 2422 si
1533 2393 1601 2432 ipsae
1625 2402 1689 2422 non
1714 2389 1771 2421 fint
1783 2391 1923 2422 innostra
1935 2390 2096 2431 potestate,
2120 2399 2184 2420 non

1224 2433 1375 2473 sequitur,
1394 2443 1426 2464 ut
1447 2444 1486 2464 ne
1502 2435 1647 2472 appetitus
1664 2432 1788 2473 quidem
1810 2432 1843 2463 sit
1864 2435 1896 2463 in
1915 2433 2014 2464 nostra
2029 2431 2182 2473 potestate=

1224 2483 1252 2504 at
1261 2476 1318 2504 hoc
1326 2475 1506 2515 sequeretur,
1517 2473 1536 2504 si
1547 2484 1597 2504 om
1603 2476 1651 2504 nia
1658 2474 1812 2514 perrefitis,
1824 2475 1856 2505 &
1867 2475 2084 2515 principalibus
2093 2472 2185 2505 caufis

1228 2514 1289 2545 fieri
1300 2516 1481 2550 diceremus,
1495 2526 1527 2547 ut
1536 2516 1606 2546 cum
1617 2518 1661 2546 hae
1673 2516 1764 2546 causae
1774 2526 1838 2546 non
1848 2515 1982 2547 eli'entin
1992 2515 2090 2546 nostra
2098 2525 2185 2555 pote-

1225 2557 1295 2588 state
1308 2577 1316 2592 ,
1330 2568 1367 2588 nc
1377 2559 1428 2588 ille
1437 2558 1561 2599 quidem
1573 2557 1642 2588 esset
1653 2560 1686 2588 in
1695 2556 1793 2589 nostra
1802 2557 1954 2599 potestate.
1974 2558 2184 2597 Quamobrem

2131 2599 2184 2640 qui

268 2668 290 2685 ι.
309 2663 368 2691 Ergo
379 2671 420 2686 nec
429 2662 454 2686 de
464 2662 596 2696 Oedipode]
623 2661 788 2688 Coactus-fui
801 2663 865 2690 istud
878 2664 1019 2690 admittere
1033 2683 1041 2696 ‚
1050 2664 1121 2699 quod
1133 2674 1182 2692 ex-

226 2694 304 2753 ίὲπιὲεῑ
316 2696 340 2722 iu
352 2697 515 2729 fabriciano,
525 2699 553 2724 in
566 2698 622 2724 Pal.
632 2707 706 2727 omn.
716 2699 743 2724 in
755 2698 974 2727 edit.Vi6toi·ina.
984 2700 1112 2737 publicati
1122 2701 1180 2734 alii,

250 2739 260 2753 e
277 2739 320 2762 rso.

252 2773 293 2806 ⁴2...
315 2767 391 2799 Causa
405 2769 531 2800 graffatori
542 2770 613 2803 smffi
631 2770 746 2804 dit-etun]
767 2771 811 2799 Sic
820 2770 877 2798 Pal.
891 2771 940 2799 sec.
960 2772 1045 2800 editio
1055 2772 1183 2806 Victorii,

230 2799 330 2831 duum,
341 2810 349 2825 κ
358 2803 432 2837 ulgg.
443 2805 570 2830 dicct-etur.

231 2871 238 2877 ι
268 2843 294 2868 3.
312 2837 366 2861 Inde
384 2840 452 2864 navis
471 2841 595 2866 inchoandi
612 2842 730 2868 exordium
747 2843 824 2876 (ἴα-ρ]
851 2843 917 2870 Pili,
938 2850 991 2871 tres
1011 2843 1084 2872 Pith.
1105 2845 1183 2872 Fabr.

228 2872 362 2910 inchoem-,⁴13
381 2874 449 2913 quoii
469 2876 593 2910 probabat
611 2878 792 2909 Gulielmius,
814 2887 892 2915 atque
912 2880 929 2906 li
950 2881 1022 2906 nmis
1040 2889 1183 2916 poneretur

230 2906 429 2949 acc-ulandlvcalu
442 2912 548 2943 Stenas-y.
569 2912 642 2947 stupra
651 2914 729 2939 etiam
749 2916 843 2942 eratin
855 2916 917 2942 Fab.
929 2917 955 2941 8<
970 2917 1041 2943 Pith.
1051 2918 1184 2951 acridiffim

229 2943 340 2973 abit-gru,
351 2951 401 2971 σε.
420 2945 484 2969 adeo
496 2953 523 2971 ut
534 2956 545 2970 i·
551 2946 574 2972 id
580 2957 653 2974 eatur
664 2950 852 2982 revocandum,
862 2952 988 2984 aceldiffet.

266 2984 294 3008 4.
314 2981 367 3004 cAn
378 2979 481 3017 <l¹ffin⁰⁶¹l
489 2990 530 3012 quo
541 2984 655 3021 aliquid]
679 2985 813 3012 Publicati
827 2987 913 3022 passim
921 3007 928 3020 ,
939 2987 1056 3022 ejusmodi,
1069 2998 1120 3014 cum
1129 2999 1182 3024 quo.

228 3010 272 3038 sed
284 3013 428 3048 pra-positio
440 3023 489 3039 non
501 3025 555 3042 erat
565 3026 590 3042 in
604 3019 659 3044 Pil.
670 3020 718 3046 sec.
729 3030 774 3048 aut
786 3022 960 3050 Vie‘torianis.

315 3049 379 3080 Qu«
395 3050 459 3074 nulla
479 3059 528 3074 mm
547 3061 593 3075 rem
605 3054 679 3085 [ἕω-η’
691 3074 698 3085 ,
722 3057 788 3089 drea]
813 3059 892 3085 Haud
911 3060 989 3086 aliter
1000 3068 1053 3087 tres
1065 3061 1133 3087 Pall.
1152 3062 1181 3087 &

225 3057 406 3146 {agrici-tirus.
429 3094 487 3111 nain
499 3085 606 3114 Vish&
620 3090 794 3119 'surii-earnm
805 3103 882 3121 rerum
893 3095 942 3130 sua
955 3099 994 3122 vi.
1015 3097 1108 3133 vulgg.
1126 3099 1182 3123 nul-

253 3128 275 3144 m
285 3129 342 3153 rem,
353 3129 402 3150 cyr.

1263 2667 1291 2692 6.
1314 2670 1468 2702 Relinquetur
1476 2670 1502 2693 in
1512 2669 1591 2701 infida
1600 2668 1679 2701 Phil]
1702 2667 1770 2693 Aliae
1781 2666 1842 2693 edd.
1852 2668 1931 2701 infida
1939 2671 2033 2693 Lemno.
2046 2666 2089 2695 sed
2099 2665 2126 2692 id
2135 2673 2184 2691 vo-

1227 2703 1263 2728 cis
1274 2703 1343 2729 abest
1353 2707 1379 2729 ἐξ
1392 2703 1460 2729 Pali.
1474 2703 1558 2729 tribus
1572 2706 1600 2730 ὃ(
1611 2703 1762 2735 Pitlioeanm
1774 2712 1858 2739 neque
1868 2703 1974 2729 admisit
1985 2702 2056 2729 Vist.

1261 2746 1289 2772 7.
1308 2741 1464 2765 Sauciabitur
1481 2741 1619 2765 Philocteta.
1630 2740 1644 2773 ]
1667 2739 1740 2765 Editi
1759 2738 1805 2766 alii
1822 2741 1970 2766 Philonetes.
1990 2739 2082 2768 verum
2100 2735 2138 2763 est
2155 2736 2185 2765 in

1226 2774 1294 2800 Pali.
1306 2775 1332 2801 in
1346 2775 1417 2801 l‘itli.
1427 2776 1454 2801 8:
1469 2772 1614 2801 Victor-inis
1626 2775 1755 2802 alterum.

1262 2810 1289 2836 8.
1309 2811 1617 2845 bist-icmiamdifflrcndi]
1639 2810 1727 2838 Habui
1739 2812 1754 2838 :i
1766 2811 1824 2838 Pal.
1836 2810 1886 2837 stc.
1905 2808 2112 2844 Fabricianoque
2125 2808 2185 2836 vul·

1228 2853 1300 2881 gata,
1311 2848 1441 2879 inscitiam.

1265 2891 1294 2917 9.
1314 2884 1438 2908 ‘Teneln'mr
1445 2883 1496 2917 iis]
1520 2882 1701 2914 Fabi-idanus,
1711 2883 1834 2908 stnebitur
1842 2889 1890 2913 ergo
1899 2879 1927 2905 id
1936 2898 1944 2910 ,
1955 2889 2007 2906 non
2019 2879 2116 2906 otiose.
2137 2879 2185 2913 nifi

1228 2918 1349 2944 malimus
1360 2921 1433 2951 igitur
1445 2938 1453 2951 ‚
1473 2918 1542 2954 quod
1553 2927 1609 2946 erat
1618 2919 1645 2946 in
1657 2919 1806 2945 Pithoeano.
1827 2924 1886 2942 nam
1898 2915 1964 2942 l’all.
1976 2916 2043 2942 nihil
2052 2915 2158 2943 abibant
2168 2917 2184 2944 a

1227 2954 1355 2981 vule-itis.

1265 2980 1306 3015 fo.
1317 2989 1636 3023 Mediumfirirevoluiffiss
1651 2988 1693 3014 12st
1703 2989 1718 3013 :i
1734 2986 1867 3018 Vistorio,
1877 2986 1921 3022 qui
1933 2985 2087 3014 consulatui·
2097 2987 2146 3014 lib.
2161 2997 2182 3014 r.
2210 3006 2212 3008 -

1225 3026 1288 3051 Var.
1300 3025 1363 3052 lect.
1375 3035 1431 3062 cap.
1440 3024 1479 3051 18.
1491 3025 1546 3051 Pali
1559 3024 1607 3050 sec.
1618 3024 1784 3055 medlumfarrc
1793 3024 1898 3056 nauli-'ilfa
1911 3030 1975 3050 tert.
1987 3030 2075 3059 quart.
2085 3024 2185 3051 medium

1216 3063 1284 3095 serre
1293 3064 1370 3087 volun
1376 3061 1411 3094 ft.
1432 3060 1550 3094 vulgata,
1560 3059 1687 3091 medl'umfi
1695 3061 1757 3090 ferre
1765 3059 1871 3091 voluisse.

1264 3105 1290 3122 ri
1299 3117 1305 3123 .
1316 3099 1401 3124 Omnia
1404 3097 1458 3128 saro
1460 3097 1518 3128 fieri
1527 3103 1665 3128 qui-unuqui-
1673 3095 1765 3128 finan]
1780 3094 1941 3121 Gulielmius
1952 3093 2112 3121 aritstoritate
2123 3095 2184 3122 cod.

1223 3132 1356 3160 Pithoeaui
1366 3130 1472 3158 delebat
1481 3133 1708 3166 quaecunqurji‘am5
1727 3131 1769 3158 cui
1780 3130 1881 3159 aberat.
1906 3130 2003 3159 habent
2014 3138 2102 3163 tamen
2114 3131 2186 3161 Pali.

2099 3174 2123 3194 1.
2135 3170 2186 3195 Nm
