2302 3353
15 346 32 478 ξ,

12 1466 24 1494 κ·
10 1431 22 1463 ..ἰῥ

684 136 760 167 An
807 120 1306 169 C.TRE]3A'1⁴1UM
1353 119 1621 170 ToricA.

169 209 262 250 pello,
275 209 355 252 quod
366 206 461 239 Graeci
470 214 535 237 tum
544 201 652 239 ἔννοια»,
664 213 730 235 tum
740 202 886 242 wanlai
895 206 911 236 d
916 209 1011 237 ficunt,
1036 211 1077 238 Ea
1086 207 1128 238 est

168 252 254 284 insita
267 253 313 286 ,&
323 251 390 281 ante
399 257 534 290 percepta
541 248 682 288 cujusque
692 247 798 278 formae
806 250 942 288 cognitio
953 268 960 281 ‚
972 249 1129 278 enodatio—

169 297 218 325 nis
229 293 375 334 indigens.
400 294 515 321 Formae
526 291 618 331 igitur
627 290 695 320 sunt
705 290 749 319 hae
761 309 768 322 ‚
782 291 815 319 in
825 299 896 329 quas
905 300 998 329 genus
1010 289 1070 320 sine
1083 291 1129 319 ul-

167 336 226 366 lius
244 331 484 375 praetermissione
503 331 663 361 dividitur:
687 340 719 361 ut
728 330 872 372 siquisjus
882 332 915 360 in
925 332 1022 372 legem
1033 351 1041 363 ,
1060 341 1128 360 rno-

165 386 241 410 rem,
251 376 420 416 aequitatem
431 373 555 403 dividat.
577 376 700 403 Formas
709 374 760 413 qui
770 381 852 412 putat
865 372 948 402 idem
958 370 1016 402 effe
1025 393 1033 405 ‚
1046 372 1126 413 quod

164 420 270 458 parteis
284 437 292 450 ‚
304 415 468 446 confundit
477 424 569 445 artem
583 425 587 442 :
610 415 643 444 ὃς
653 413 852 444 similitudine
862 414 989 454 quadam
1004 422 1127 444 contur-

165 460 260 491 batus,
271 468 335 488 non
345 459 412 488 satis
420 455 515 490 acute,
528 467 594 497 quae
603 456 670 486 sunt
681 455 868 488 secernenda,
879 455 1046 497 distinguit.
1069 458 1128 485 Sae-

147 521 151 525 -
164 510 201 542 pe
212 502 303 530 etiam
314 497 466 529 definiunt
479 497 511 528 &
522 507 651 529 oratores
670 498 702 528 &
723 499 817 537 po'e‘tae
834 507 886 537 per
905 497 1127 527 transsationem

164 542 267 575 verbi,
288 550 327 571 ex
344 539 544 570 similitudine
559 550 631 570 cum
673 539 777 569 uadam
798 539 948 569 suavitate.
980 538 1037 569 Sed
1047 549 1102 579 ego
1112 538 1128 569 ὲ

162 582 268 614 vestris
279 581 439 622 exemplis,
450 580 505 611 nisi
516 579 689 614 neccflirrio,
702 591 766 611 non
774 580 921 611 recedam.
944 580 1063 611 Solebat
1072 582 1129 621 igi-

162 624 382 665 tui·AquilliuS‚
394 623 518 665 collega,
530 624 563 653 &
572 622 728 654 familiaris
740 633 825 652 meus
838 642 846 655 ‚
859 620 932 651 cum
942 622 977 652 de
988 622 1128 652 litoribus

161 675 304 708 ageretur,
316 675 382 707 quae
391 668 497 696 omnia
504 665 625 705 publica
635 663 692 694 effe
702 664 806 696 vultis,
820 663 1021 708 quaerentibus
1030 665 1078 697 iis,
1090 663 1126 694 ad

162 717 238 750 quos
248 707 278 738 id
289 707 465 748 pertinebat,
475 707 547 748 quid
559 705 708 736 ess'etlittu
720 725 727 738 ‚
739 706 778 735 ita
787 705 915 735 delinire
927 725 935 738 ‚
949 715 1006 746 qua
1015 703 1126 734 fluetus

162 749 311 780 eluderet:
330 749 388 779 hoc
397 748 439 779 est
449 769 457 782 ‚
473 746 552 789 quafi
562 750 612 788 qui
621 746 851 777 adolescentiam
862 767 871 780 ,
893 745 1001 776 florem
1014 748 1105 777 aetatis
1117 757 1122 776 :

123 792 141 826 8
162 790 366 824 seneautem‚
385 790 521 821 occasum
540 792 609 819 vitae
621 809 630 822 ,
655 789 730 819 velit
746 787 880 818 definire.
912 788 1123 819 Transsatione

986 829 1076 871 Qod
1086 829 1121 860 ad

160 873 356 907 definitiones
367 875 480 906 attinet,
493 871 636 902 haetenus
650 883 654 901 :
672 871 786 912 reliqua
794 872 961 902 videamus.
984 873 1123 902 Partitio-

160 926 200 948 ne
210 926 310 947 autem
319 914 357 945 fic
365 915 513 945 utendum
524 913 574 947 est,
586 914 701 944 nullam
712 922 743 942 ut
751 922 866 952 partem
878 913 1026 954 relinquas
1037 933 1045 946 ,
1058 922 1091 943 ut
1100 911 1121 943 si

159 959 261 998 partiri
271 957 346 987 velis
357 956 472 989 tutelas,
481 957 642 986 inscienter
649 954 737 985 facias
748 975 756 988 ,
769 953 789 984 si
802 955 894 985 ullam
905 957 1120 994 praetermittas.

160 1002 201 1030 At
209 998 230 1029 fi
240 998 467 1038 stipulationum
479 1018 488 1031 ,
498 1006 548 1027 aut
558 997 740 1033 judiciorum
750 995 895 1026 formulas
906 998 1027 1036 partiare
1038 1017 1046 1030 ,
1058 1007 1122 1026 non

159 1040 204 1071 est
213 1040 357 1070 vitiosum
369 1040 397 1068 in
407 1049 435 1068 re
444 1038 559 1077 infinita
568 1040 792 1078 praetermittere
801 1038 925 1079 aliquid.
937 1038 1028 1080 Qod
1039 1038 1122 1068 idern

158 1083 193 1113 in
213 1080 359 1112 divisione
374 1082 520 1112 vitiosum
537 1080 589 1111 est.
623 1083 800 1110 Formarum
812 1083 897 1110 enim
908 1089 1002 1110 certus
1012 1079 1054 1110 est
1067 1090 1126 1110 nu-

159 1133 262 1155 merus
272 1143 281 1157 ,
299 1133 364 1164 quae
374 1124 481 1163 cuique
491 1124 593 1164 generi
604 1122 808 1161 subjiciantur.
840 1123 973 1152 Par-tium
983 1121 1125 1152 distribu-

159 1167 204 1197 tio
214 1165 288 1205 saepe
297 1163 340 1195 est
350 1162 502 1195 infinitior
511 1184 520 1198 ‚
539 1172 694 1204 tamquam
704 1165 840 1193 rivorum
851 1163 866 1193 a
876 1162 960 1193 fonte
970 1163 1123 1193 dedu6fio.

158 1209 262 1248 Itaque
277 1209 311 1236 in
326 1207 463 1236 oratoriis
479 1206 591 1236 artibus
603 1226 612 1239 ,
634 1204 808 1246 quaestionis
828 1211 934 1246 genere
958 1203 1122 1245 proposito,

158 1258 233 1290 quot
242 1250 306 1288 ejus
315 1247 421 1277 formae
433 1245 505 1281 fint,
523 1247 713 1287 subjungitur
723 1246 868 1276 absolute.
891 1256 919 1276 at
935 1248 1006 1276 cum
1028 1247 1064 1277 de
1074 1256 1123 1276 or-

157 1292 309 1321 namentis
321 1289 494 1322 verborum,
505 1289 779 1328 sententiarumque
787 1289 956 1328 praeci'pitur
967 1309 975 1320 ,
988 1298 1054 1329 quae
1066 1298 1123 1318 vo-

157 1329 410 1371 canturcxipw'loe
420 1353 429 1367 ,
450 1342 515 1362 non
525 1331 657 1362 fitidem.
681 1334 743 1362 Res
753 1334 838 1361 enim
850 1332 892 1361 est
901 1331 1052 1362 infinitior
1061 1353 1069 1367 ,
1091 1341 1124 1363 ut

158 1385 198 1405 ex
208 1375 265 1406 hoc
294 1375 498 1417 uoqueintelli
521 1373 679 1414 atui-‚quod
688 1373 819 1403 velimus
830 1374 1120 1413 interpartitionem,

159 1417 195 1447 &
203 1417 266 1447 divi
279 1427 383 1447 ionem
394 1419 489 1446 intere
514 1415 541 1445 'e.
576 1418 768 1457 Qamquam
779 1417 867 1445 enim
876 1415 1121 1456 vocabula-prope

157 1458 242 1489 idern
251 1459 346 1489 valere
357 1458 529 1489 videantur:
545 1465 647 1487 tamen
657 1459 728 1498 quia
735 1466 781 1486 res
792 1456 981 1491 differebant,
992 1459 1122 1488 nomina

161 841 249 863 utens
259 832 425 863 discedebat
434 833 450 862 a
458 831 558 861 verbis
565 832 694 870 propriis
705 840 816 863 rerum,
828 840 859 860 ac
869 831 941 860 suis.

136 1505 140 1510 ”
158 1497 260 1532 rerum
270 1499 375 1531 distare
385 1500 556 1530 voluerunt.
589 1499 687 1529 Multa
696 1501 785 1529 etiarn
796 1509 834 1528 ex
844 1499 986 1528 notatione
996 1499 1121 1530 sumun-

158 1550 215 1574 tur.
238 1553 272 1574 ea
288 1541 332 1573 est
346 1551 447 1573 autem
457 1561 466 1575 ‚
485 1540 558 1572 cum
568 1550 607 1570 ex
617 1543 647 1571 vi
665 1540 803 1571 nominis
812 1549 1023 1582 argumentum
1034 1542 1122 1571 elici—

157 1595 207 1618 tur
216 1597 221 1616 :
231 1597 321 1628 quam
333 1588 430 1617 Gr-aeci
440 1582 624 1623 ἐτυμολογῶν
634 1592 753 1618 vocant,
765 1583 796 1614 id
806 1583 859 1618 est,
871 1584 999 1614 verbum
1009 1595 1048 1614 ex
1055 1596 1121 1615 ver-

158 1628 210 1662 bo,
221 1629 420 1671 veriloquium.
452 1630 520 1658 Nos
529 1636 629 1659 autem
637 1628 805 1657 novitatem
814 1626 898 1656 verbi
908 1636 973 1656 non
984 1626 1050 1657 satis
1060 1629 1119 1667 apti

156 1669 316 1712 fugientes,
325 1681 419 1711 genus
430 1672 489 1701 hoc
497 1671 689 1701 notationem
697 1669 965 1709 appellamus,quia
976 1669 1044 1699 sunt
1053 1679 1120 1699 ver-

156 1714 193 1747 ba
201 1725 300 1745 rerum
311 1724 402 1745 notae.
426 1718 527 1756 Itaque
539 1716 596 1744 hoc
616 1713 698 1744 idem
717 1711 892 1743 Aristoteles
909 1710 1052 1749 σύμςολον
1069 1724 1120 1753 ap-

155 1756 247 1798 pellat
255 1777 263 1791 ,
275 1756 354 1800 quod
362 1757 469 1788 Latine
478 1756 520 1787 est
530 1764 609 1786 nora.
632 1755 688 1786 Sed
699 1754 773 1785 cum
782 1755 960 1797 intelligitur
971 1775 983 1789 ,
999 1756 1071 1797 quid
1083 1754 1119 1785 fi-

155 1796 324 1840 gnificetur,
337 1801 440 1829 minus
450 1798 648 1829 laborandum
659 1796 702 1827 est
711 1796 747 1827 de
758 1798 897 1826 nomine.
920 1798 1018 1827 Multa
1030 1799 1120 1838 igitur

155 1841 190 1871 in
200 1839 376 1880 disputando
387 1842 541 1871 notatione
551 1841 713 1871 eliciuntur
721 1849 758 1868 ex
766 1838 860 1869 verbo
871 1859 879 1872 ‚
891 1847 940 1872 ut,
954 1839 1025 1869 cum
1037 1850 1119 1880 quae-

155 1882 240 1915 ritur,
253 1881 457 1917 postliminium
466 1881 538 1923 quid
549 1881 582 1913 fit
591 1901 599 1915 ‚
611 1891 675 1912 non
685 1880 753 1911 dico
764 1900 772 1914 ,
784 1890 850 1921 quae
859 1880 1117 1920 sintpostliminii.

156 1933 229 1954 nam
240 1923 271 1952 id
279 1923 392 1953 caderet
402 1926 434 1954 in
444 1922 636 1956 divisionem,
647 1933 712 1963 quae
722 1922 786 1952 talis
795 1921 838 1951 est
849 1933 854 1951 ;
869 1922 1061 1952 Postliminio
1072 1933 1119 1952 re-

157 1964 251 1995 deunt
258 1966 320 1994 haec
330 1985 338 1999 ,
351 1965 465 1998 homo,
477 1966 560 1994 navis
569 1984 577 1998 ,
590 1965 691 1993 mulus
701 1963 872 1993 clitellarius
885 1983 893 1997 ,
906 1974 998 2003 equus
1009 1983 1017 1996 ,
1030 1974 1115 2004 equa,

157 2015 224 2047 quae
241 2006 323 2036 frena
341 2008 469 2046 recipere
489 2006 574 2036 solet.
604 2004 660 2036 Sed
680 2003 752 2034 cum
769 2003 857 2044 ipsius
876 2004 1058 2044 postliminii
1073 2007 1118 2035 vis

157 2050 299 2088 quaeritur
308 2068 316 2081 ,
329 2048 361 2078 &
372 2048 497 2078 verbum
509 2048 607 2088 ipsum
617 2056 736 2077 notatur
750 2057 755 2075 :
775 2049 807 2076 in
839 2056 878 2076 uo
890 2048 1007 2077 Servius
1018 2045 1119 2077 noster

157 2089 203 2128 (ut
213 2090 333 2129 opinor)
344 2090 513 2129 nihilputat
523 2088 580 2119 ess'e
589 2088 769 2122 notandum,
784 2090 815 2118 ni
830 2088 917 2130 ¹p0st3
933 2087 1118 2120 &liminium

156 2130 233 2161 illud
245 2151 252 2163 ‚
266 2130 499 2170 produffirmem
510 2130 567 2161 effe
577 2132 661 2161 verbi
672 2131 738 2161 vult
747 2151 755 2163 ,
773 2139 805 2160 ut
816 2131 978 2169 infimtimo
992 2153 1002 2164 ,
1023 2133 1118 2172 legiri-

158 2182 215 2206 mo,
226 2173 359 2206 aeditimo,
371 2183 436 2202 non
442 2174 509 2213 plus
519 2172 613 2203 inesse
623 2173 737 2205 timum,
750 2173 840 2213 quim
849 2183 881 2202 in
893 2173 1047 2202 meditullio
1058 2173 1117 2202 tul-

157 2214 239 2244 lium.
263 2215 393 2245 Scaevoia
400 2225 510 2248 autem,
524 2217 553 2245 P.
565 2213 657 2248 filius,
665 2213 808 2252 jun'fitum
818 2223 900 2254 putat
908 2212 965 2244 esse
976 2215 1113 2249 verbum,

156 2265 190 2286 ut
199 2254 232 2286 fit
242 2257 275 2286 in
285 2267 331 2289 eo,
345 2257 377 2286 ὃς
389 2260 397 2276 ¹
407 2255 474 2297 post,
488 2256 612 2286 &limen
623 2268 635 2285 .·
655 2265 687 2285 ut
697 2266 762 2296 quae
771 2256 787 2285 ii
798 2257 886 2286 nobis
897 2256 1021 2287 alienata
1031 2257 1048 2286 s
1046 2265 1110 2290 unt,

157 2296 229 2329 esim
251 2297 286 2329 ad
305 2298 420 2328 hostem
433 2301 641 2338 pervenerint,
662 2298 695 2327 &
713 2308 750 2327 ex
769 2298 821 2327 suo
839 2306 991 2339 tamquam
1008 2299 1117 2328 limine

155 2341 306 2373 exierint,
319 2340 390 2370 dein
399 2339 471 2370 curn
481 2340 625 2370 redierint
632 2339 699 2380 post
709 2339 744 2370 ad
754 2339 836 2369 idem
847 2340 954 2373 limen,
964 2339 1117 2379 postlimi-

156 2383 211 2412 nio
221 2381 379 2412 videantur
387 2380 513 2412 rediisse.
546 2384 616 2423 Qo
626 2384 658 2411 in
668 2391 775 2422 genere
785 2383 874 2411 etiam
887 2383 1023 2412 Mancini
1033 2382 1117 2412 causa

158 2421 386 2464 defendipotest
394 2423 586 2463 postliminio
597 2422 723 2453 rediisse:
736 2422 873 2453 deditum
884 2433 948 2453 non
958 2422 1027 2457 ess'e,
1040 2433 1116 2465 quo-

154 2466 240 2495 niam
248 2475 313 2496 non
322 2464 356 2495 fit
365 2475 507 2505 receptus.
532 2468 613 2495 Nam
623 2476 719 2506 neque
730 2464 920 2495 deditionem
931 2485 940 2499 ,
951 2475 1047 2506 neque
1059 2466 1117 2496 do—

87 2545 92 2552 ·
117 2505 701 2549 9,nationemsmeacceptioneintelligi
711 2505 803 2547 posse.
836 2507 1114 2548 Sequiturislocu33

157 2550 209 2589 qui
219 2548 332 2579 constat
341 2559 379 2579 ex
388 2551 425 2578 iis
435 2549 522 2579 rebus
534 2570 543 2583 ‚
566 2559 631 2590 quae
640 2548 870 2590 quodammodo
881 2547 993 2579 affeEtae
1004 2549 1071 2579 sunt
1080 2549 1115 2580 ad

152 2589 187 2626 ,id
199 2611 208 2624 ‚
229 2589 265 2620 de
283 2600 344 2631 quo
363 2591 525 2632 ambigitur
537 2601 542 2620 2
560 2601 652 2631 quem
664 2590 759 2620 modo
771 2590 835 2620 dixi
845 2593 878 2620 in
887 2591 999 2630 plureis
1009 2593 1116 2631 parteis

154 2631 358 2662 distributum.
400 2634 491 2672 Cujus
516 2634 635 2673 primus
657 2631 700 2662 est
718 2633 802 2662 locus
821 2642 859 2662 ex
876 2632 1093 2674 ‘conjugatione
1104 2652 1113 2666 ,

153 2679 170 2696 ²
179 2686 268 2717 quam
277 2679 372 2707 Graeci
382 2673 515 2716 ovZuyiu
525 2686 634 2708 vocant
642 2697 651 2710 ,
665 2676 815 2707 finitimus
825 2679 974 2707 notationi
986 2697 995 2711 ‚
1010 2676 1047 2707 de
1057 2686 1115 2718 qua

151 2717 251 2749 modo
261 2718 377 2749 dietum
388 2718 431 2749 est
443 2730 448 2748 :
472 2728 515 2753 ut,
527 2717 547 2749 fi
556 2729 665 2761 aquam
671 2718 804 2760 pluviam
814 2729 881 2749 eam
891 2717 987 2749 modo
998 2719 1113 2749 intelli-

153 2770 291 2801 geremus
302 2781 311 2793 ,
329 2770 419 2801 quarn
431 2761 523 2790 imbri
532 2760 691 2791 colret-stam
702 2761 872 2791 videremus
885 2771 890 2789 :
913 2762 1029 2790 veniret
1040 2762 1113 2790 Mu-

151 2803 234 2835 cius,
255 2804 326 2842 qui,
345 2804 414 2842 quia
425 2803 581 2844 conjugata
591 2802 680 2833 verba
687 2801 782 2832 effent
789 2803 889 2842 pluvia
902 2822 911 2835 ,
923 2803 956 2832 &
964 2803 1109 2842 pluendo,

153 2842 273 2877 diceret,
282 2854 409 2885 omnem
419 2854 527 2885 aquam
538 2853 673 2884 oportere
683 2846 773 2874 arceri
784 2864 793 2877 ,
812 2854 877 2884 quae
895 2844 1028 2883 pluendo
1048 2854 1111 2874 cre-

150 2882 247 2916 v'iffet.
269 2884 350 2916 cum
358 2894 459 2917 autem
468 2885 483 2916 a
491 2896 597 2928 genere
609 2886 733 2917 ducetur
742 2895 971 2927 argumentum,
981 2896 1046 2916 non
1056 2887 1112 2916 erit

193 3068 434 3136 1.4Poff&limen.]
451 3068 596 3106 Impugnat
605 3069 673 3098 istud
685 3070 808 3106 Cujacius
828 3069 876 3097 lib.
890 3078 950 3096 xix.
970 3067 1112 3095 Observat.

155 3112 214 3140 cup.
246 3123 252 3130 .

2051 140 2134 187 173

1174 209 1289 240 neceffe
1309 211 1452 253 id‘usque
1471 211 1487 242 a
1505 213 1597 252 capite
1606 209 1763 242 arcessere:
1785 210 1858 252 (aepe
1868 210 1959 241 etiam
1972 209 2136 245 citralicet,

1174 251 1345 283 dummodo
1357 254 1438 294 supra
1448 253 1481 283 fit
1489 254 1569 295 quod
1582 254 1710 284 sumitur
1720 275 1727 286 ‚
1740 253 1830 294 quarn
1840 253 1870 283 id
1883 273 1892 286 ,
1904 253 1938 283 ad
1950 252 2030 293 quod
2042 252 2136 282 sumi-

1175 300 1237 322 tur:
1260 303 1292 324 ut
1301 304 1379 336 aqua
1388 296 1490 336 pluvia
1500 297 1610 326 ultimo
1622 293 1728 337 genePe
1737 306 1770 326 ea
1780 294 1822 326 est
1832 316 1841 328 ,
1861 305 1928 336 quae
1945 295 1980 324 de
2000 295 2073 325 caelo
2083 304 2135 324 ve-

1173 335 1261 363 niens
1273 338 1376 366 crescit
1385 338 1477 367 imbri
1491 348 1495 365 :
1517 337 1565 367 scd
1580 340 1718 378 propiore
1728 338 1796 368 loco
1807 358 1815 371 ‚
1832 339 1865 367 in
1874 347 1934 378 quo
1944 335 2077 377 quafijus
2089 345 2134 366 ar·

1173 375 1260 405 cendi
1270 379 1441 408 continetur
1452 399 1459 411 ‚
1483 389 1575 420 genus
1586 379 1628 409 est
1640 400 1647 413 ,
1667 390 1740 420 aqua
1753 380 1855 419 pluvia
1863 389 1975 409 nocens
1988 389 1993 408 :
2009 378 2072 417 ejus
2082 388 2134 419 ge-

1174 418 1254 461 neris
1263 415 1368 448 formae
1381 440 1389 452 ,
1408 420 1466 449 loci
1476 423 1550 450 vitio
1562 441 1571 454 ‚
1592 422 1728 451 &manu
1747 430 1880 451 nocens:
1901 430 2026 461 quarum
2046 420 2134 450 altera

1172 457 1290 506 jubetur
1308 459 1344 488 ab
1363 461 1473 490 arbitro
1491 463 1638 492 coerceri:
1657 463 1742 493 altera
1752 462 1953 500 nonjubetur.
1983 465 2134 492 Commo-

1171 498 1208 527 de
1229 507 1317 529 etiam
1337 501 1474 531 ti·a6tatur
1494 504 1555 533 haec
1572 507 1791 544 argumentatio
1800 525 1808 538 ‚
1827 515 1893 545 quae
1903 515 1940 534 ex
1955 514 2060 546 genere
2083 504 2133 533 su<

1172 541 1276 573 mitur,
1286 539 1358 570 cum
1369 553 1407 587 ex
1419 552 1482 572 toto
1494 546 1661 585 persequare
1671 548 1775 585 parteis
1788 567 1796 579 ‚
1809 548 1866 576 hoc
1877 546 1971 576 modo
1983 556 1988 574 t
2010 546 2043 575 Si
2052 544 2132 574 doliu

1172 581 1270 610 malus
1281 582 1334 615 est,
1345 593 1415 613 curn
1427 585 1506 614 aliud
1518 588 1620 625 agitur,
1633 587 1714 617 aliud
1725 587 1894 618 simulatur:
1908 596 2083 618 enumerare
2093 586 2133 615 li-

1170 623 1341 663 cet‚quibus
1352 625 1381 654 id
1393 626 1493 669 mod-is
1506 626 1555 656 fiat
1567 638 1571 655 :
1585 628 1693 658 deinde
1702 631 1735 658 in
1745 639 1850 659 eorum
1861 629 1992 670 aliquem
2003 627 2131 670 id,qu0d

1170 674 1271 704 arguas
1283 664 1356 695 dolo
1368 667 1448 696 malo
1460 667 1585 701 metum,
1598 670 1747 700 includere
1761 682 1765 699 1
1777 671 1857 711 quod
1868 681 1961 711 genus
1970 680 2132 712 argumen-

1170 709 1193 735 ti
1204 709 1236 735 in
1245 708 1352 745 primis
1363 706 1487 738 firmum
1499 709 1593 739 videri
1606 711 1688 740 solet.
1726 713 1900 742 Similitudo
1911 714 2053 754 sequitur,
2065 722 2130 753 quae
2151 719 2195 745 ιο

1169 746 1228 777 late
1237 757 1333 788 patet:
1353 749 1401 779 sed
1413 750 1578 780 oratoribus
1589 752 1620 780 &
1630 753 1814 792 philosophis
1826 756 1919 794 magis
1931 776 1939 787 ‚
1963 754 2054 795 quam
2072 764 2130 783 vo-

1169 789 1226 818 bis.
1258 788 1317 820 Etsi
1329 793 1412 822 enirn
1425 802 1532 821 omnes
1543 793 1602 822 loci
1614 793 1680 823 sunt
1691 797 1833 824 omnium
1843 795 2078 835 disputationum
2092 794 2129 826 ad

1169 840 1343 872 argumenta
1352 833 1574 872 suppeditanda,
1586 843 1688 864 tamen
1697 836 1761 865 aliis
1771 835 2020 875 disputationibus
2031 837 2128 867 abun-

1169 872 1289 903 dantius
1308 883 1486 908 occurrunt,
1506 875 1573 905 aliis
1591 875 1753 917 angustius.
1783 879 1883 918 Itaque
1893 889 1997 919 genera
2008 879 2061 908 tibi
2073 888 2130 908 no-

1169 923 1196 944 ta
1205 913 1279 944 sint:
1302 915 1355 945 ubi
1375 926 1475 946 autem
1496 918 1542 946 his
1562 926 1661 951 utare,
1680 917 1975 959 quaestionesipsaete
1984 920 2131 949 admone-

1170 956 1254 986 bunt.
1297 960 1373 987 Sunt
1392 960 1477 988 enim
1496 957 1707 990 similitudines
1719 980 1727 994 ‚
1748 971 1814 1000 quae
1832 971 1870 990 ex
1888 962 2021 1000 pluribus
2040 962 2132 991 colla<

1171 998 1306 1028 tionibus
1324 1002 1505 1038 perveniunt
1521 999 1582 1040 quo
1602 1003 1729 1035 volunt,
1753 1004 1811 1032 hoc
1829 1003 1942 1032 modo:
1965 1003 1998 1033 St
2009 1010 2084 1031 tutor
2096 1001 2133 1032 fi—

1171 1039 1242 1069 dem
1252 1040 1384 1079 praestare
1396 1041 1483 1071 debet
1493 1062 1501 1075 ,
1523 1042 1543 1071 fi
1553 1043 1649 1073 socius
1661 1063 1669 1076 ,
1688 1042 1710 1072 fi
1719 1064 1727 1078 ,
1746 1045 1794 1074 cui
1814 1044 1962 1074 mandaris
1975 1064 1983 1078 ‚
2004 1042 2024 1073 si
2034 1047 2085 1084 qui
2097 1042 2133 1074 fi-

1170 1080 1291 1112 duciam
1301 1085 1460 1122 acceperit:
1484 1083 1571 1113 debet
1589 1087 1678 1115 ctiam
1698 1095 1881 1125 procurator.
1915 1088 1989 1116 Haec
2009 1095 2047 1115 ex
2065 1085 2133 1124 plu-

1168 1123 1252 1153 ribus
1260 1134 1441 1164 perveniens
1451 1124 1512 1166 quo
1522 1126 1605 1160 vult,
1618 1128 1779 1167 appellatur
1789 1126 1913 1157 inducfiio
1921 1139 1933 1154 .·
1952 1137 2019 1168 quae
2030 1127 2131 1157 Graece

1170 1165 1327 1209 05&ssss
1344 1172 1535 1200 nominatur:
1559 1181 1616 1212 qua
1633 1171 1801 1210 plurimum
1820 1171 1863 1201 est
1881 1172 1949 1202 usus
1968 1173 2001 1201 in
2017 1171 2131 1201 sermo-

1170 1210 1261 1240 nibus
1290 1214 1431 1242 Socrates.
1473 1212 1612 1242 Alterum
1631 1212 1837 1243 similitudinis
1856 1224 1949 1253 genus
1968 1213 2129 1243 collatione

1170 1252 1300 1282 sumitur
1309 1273 1318 1286 ‚
1341 1251 1413 1283 cum
1425 1263 1485 1283 una
1495 1264 1539 1283 res
1549 1257 1601 1284 uni
1613 1275 1620 1288 ,
1644 1264 1694 1294 par
1703 1257 1764 1295 pari
1775 1264 1962 1295 comparatur
1973 1275 1984 1288 ,>
1994 1255 2050 1284 hoc
2062 1264 2130 1284 mo-

1166 1293 1225 1323 do:
1245 1294 1492 1334 Qemadmodum
1509 1294 1531 1325 fi
1550 1298 1582 1325 in
1600 1296 1671 1326 urbe
1693 1297 1729 1326 dc
1746 1295 1857 1326 finibus
1867 1295 2065 1326 controversia
2076 1295 2128 1329 est,

1166 1337 1236 1375 quia
1246 1335 1320 1366 fines
1331 1357 1340 1370 ,
1352 1339 1446 1377 magis
1456 1348 1595 1378 agrorum
1605 1337 1747 1368 videntur
1756 1337 1814 1368 effe
1826 1359 1834 1372 ,
1847 1338 1937 1378 quam
1947 1338 2027 1368 urbis
2039 1358 2046 1371 ‚
2061 1336 2131 1367 fini-

1166 1376 1221 1406 bus
1238 1378 1378 1418 regundis
1399 1379 1536 1420 ³adigere
1555 1379 1701 1410 arbitrum
1721 1390 1784 1410 non
1804 1379 1909 1420 poffis:
1936 1378 1994 1413 fic,
2017 1378 2037 1409 si
2056 1389 2131 1420 aqua

1165 1418 1268 1458 pluvia
1285 1422 1320 1451 in
1338 1420 1412 1450 urbe
1431 1431 1521 1451 nocet
1535 1442 1544 1454 ,
1567 1424 1714 1462 quoniam
1730 1432 1776 1452 res
1797 1431 1858 1452 tota
1877 1432 1925 1451 ma
1947 1423 1971 1451 is
1990 1431 2129 1462 agrorum

1166 1459 1225 1494 est,
1249 1465 1332 1502 aqnae
1359 1463 1469 1502 pluviae
1500 1463 1631 1493 arcendae
1652 1463 1768 1505 adigere
1786 1474 1851 1493 non
1869 1432 1957 1503 posticis
1975 1464 2128 1492 arbitrum.

1166 1504 1213 1532 Ex
1224 1504 1333 1534 eodem
1345 1503 1554 1535 similitudinis
1568 1505 1636 1535 loco
1645 1507 1735 1535 etiam
1747 1506 1888 1545 exempla
1897 1505 2075 1538 sumuntur,
2095 1512 2129 1534 ut

1166 1543 1281 1576 Crass'us
1290 1546 1463 1576 in'Curiana
1473 1547 1555 1577 causa
1565 1547 1716 1586 exemplis
1724 1547 1867 1587 plurimis
1876 1547 1945 1577 usus
1956 1545 1997 1576 est
2006 1566 2014 1580 ‚
2039 1555 2129 1587 agens

1164 1584 1201 1616 de
1213 1596 1261 1619 eo,
1272 1588 1325 1628 qui
1336 1586 1493 1623 testamento
1505 1587 1541 1618 fic
1552 1588 1695 1618 heredem
1706 1587 1890 1622 instituisset,
1900 1597 1940 1621 ut,
1952 1586 1973 1617 si
1984 1586 2065 1617 filius
2074 1597 2128 1618 na-

1165 1636 1212 1657 tus
1223 1627 1293 1658 effet
1304 1630 1337 1658 in
1348 1629 1453 1660 decem
1465 1629 1628 1664 mensibus,
1641 1630 1723 1671 isque
1734 1639 1873 1660 mortuus
1884 1629 1979 1670 prius,
1992 1628 2083 1670 qu‘am
2094 1631 2127 1660 in

1163 1669 1246 1699 suam
1266 1671 1391 1702 tutelam
1418 1669 1546 1702 veniss‘et
1562 1682 1567 1700 :
1590 1672 1736 1702 secundus
1754 1673 1838 1701 heres
1857 1671 2052 1701 hereditatem
2072 1670 2129 1700 ob-

1163 1711 1308 1742 tinuiss'et.
1345 1723 1412 1754 qua:
1430 1715 1686 1743 commemoratio
1704 1714 1917 1754 exemplorum
1935 1713 2031 1743 valuit
2049 1732 2058 1745 ‚
2079 1722 2128 1742 ea-

1163 1763 1221 1793 que
1239 1765 1294 1784 vos
1317 1756 1350 1785 in
1370 1754 1581 1795 respondendo
1603 1757 1648 1785 uti
1667 1754 1803 1785 multum
1825 1755 1936 1785 soletis.
1977 1753 2060 1784 Ficta
2083 1762 2127 1783 et-

1163 1798 1224 1826 iam
1236 1797 1395 1836 exempla,
1413 1795 1621 1827 similitudinis
1640 1797 1756 1827 habent>
1768 1799 1833 1827 vim
1852 1809 1856 1826 2
1883 1796 1930 1827 sed
1949 1806 1980 1826 ea
1999 1797 2128 1826 oratoria

1163 1840 1258 1878 magis
1268 1839 1353 1871 sunt,
1373 1838 1465 1879 quarn
1474 1838 1584 1869 vestra:
1603 1849 1787 1879 quamquam
1806 1840 1850 1868 uti
1867 1840 1958 1869 etiam
1974 1848 2030 1867 vos
2049 1838 2126 1867 sole-

1162 1882 1218 1913 tis,
1239 1880 1288 1910 sed
1306 1881 1364 1910 hoc
1384 1880 1495 1910 modo:
1519 1883 1612 1921 Finge
1632 1882 1770 1921 mam-ipt'o
1787 1880 1920 1920 aliquem
1941 1877 2052 1909 dediffe
2071 1878 2101 1908 id
2113 1898 2122 1914 ,

1160 1921 1244 1961 quod
1265 1923 1419 1962 mancipio
1438 1921 1500 1952 dari
1519 1932 1584 1951 non
1602 1921 1707 1961 potest.
1732 1932 1808 1951 num
1829 1922 1941 1951 idcirco
1956 1921 1987 1950 id
2007 1921 2070 1960 ejus
2081 1919 2126 1949 fa-

1162 1965 1247 1992 ctum
1267 1962 1329 1996 est,
1348 1965 1401 2003 qui
1417 1965 1547 2002 accepit?
1564 1972 1614 1993 aut
1633 1973 1709 1992 num
1729 1965 1773 1997 is,
1793 1965 1846 2003 qui
1856 1964 2008 2002 mancipio
2027 1961 2121 1996 dedit,

1162 2005 1202 2034 ob
1213 2015 1278 2034 earn
1288 2014 1354 2034 rem
1373 2004 1401 2034 se
1414 2005 1473 2034 ulla
1485 2014 1514 2033 re
1525 2004 1689 2045 obligavit?
1710 2007 1748 2034 In
1761 2007 1817 2034 huc
1825 2014 1932 2044 genere
1944 2003 2123 2036 oratoribus,

1163 2047 1196 2078 &
1221 2046 1410 2087 philosophis
1430 2044 1603 2076 concessum
1622 2045 1664 2076 est
1683 2066 1691 2080 ,
1724 2055 1757 2076 ut
1774 2056 1857 2076 muta
1878 2048 1968 2075 etiam
1995 2045 2125 2085 loquan-

1163 2098 1228 2123 tur,
1248 2097 1281 2118 ut
1300 2090 1415 2118 mortui
1435 2089 1470 2118 ab
1487 2088 1593 2118 inferis
1611 2091 1798 2123 excitentur,
1822 2097 1871 2118 aut
1888 2086 2020 2127 aliquid,
2040 2086 2123 2126 quod

1164 2131 1228 2162 fieri
1238 2131 1325 2161 nullo
1345 2130 1438 2160 modo
1449 2128 1555 2170 poffit,
1574 2130 1713 2171 augendae
1736 2133 1777 2159 rei
1795 2132 1902 2172 gratia,
1925 2130 2056 2161 dicatur,
2074 2136 2125 2157 aut

1164 2173 1355 2203 minuendae:
1377 2182 1443 2212 quae
1467 2172 1630 2212 hyperbole
1649 2172 1760 2202 dicitur
1779 2183 1784 2201 ;
1815 2172 1848 2201 &
1864 2171 1960 2201 multa
1975 2169 2126 2200 mirabilia

1160 2216 1227 2245 alia.
1253 2214 1309 2244 Sed
1320 2213 1459 2244 latiorest
1468 2223 1591 2253 campus
1610 2214 1748 2244 illorum.
1769 2213 1882 2244 eisdem
1904 2221 2005 2242 tamen
2022 2221 2059 2241 ex
2076 2211 2124 2240 lo-

1160 2260 1201 2288 cis
1221 2256 1266 2295 (ut
1276 2256 1343 2286 ante
1356 2255 1432 2296 dixi)
1452 2256 1527 2285 &in
1538 2257 1698 2289 maximis,
1719 2257 1798 2285 &in
1815 2256 1957 2284 minimis
1981 2252 2124 2294 quaestio-

1160 2299 1251 2329 nibus
1267 2306 1441 2339 argumenta
1460 2297 1619 2327 ducuntur.
1653 2299 1794 2338 Sequitur
1812 2295 2043 2326 similitudinem
2063 2293 2123 2324 dif-
2144 2309 2154 2332 1
2169 2309 2181 2334 χ

1159 2341 1285 2371 ferentia
1292 2342 1333 2370 rei
1343 2360 1352 2373 ,
1364 2339 1499 2369 maxime
1511 2340 1657 2369 contraria
1668 2339 1811 2379 superiori
1823 2350 1827 2368 :
1852 2337 1901 2368 sed
1912 2336 1953 2367 est
1964 2336 2099 2376 ejusdem
2108 2356 2117 2370 ,

1161 2381 1319 2414 dissimile,
1336 2382 1368 2411 ὃς
1378 2382 1629 2411 simileinvenire.
1654 2381 1717 2420 ejus
1727 2382 1843 2422 generis
1854 2381 1915 2409 haec
1927 2379 2010 2408 sunt:
2035 2380 2099 2406 Non
2110 2397 2119 2412 ,

1160 2423 1396 2467 quemadmodum
1405 2423 1488 2463 quod
1498 2423 1621 2452 mulieri
1632 2422 1738 2453 debeas
1748 2443 1756 2456 ,
1777 2421 1856 2451 ῐεᾶὶὲ
1868 2419 1920 2460 ipsi
1929 2420 2050 2449 mulieri
2060 2418 2122 2449 sine
2133 2438 2138 2440 -

1160 2476 1259 2497 tutore
1268 2465 1389 2496 au&ore
1399 2465 1496 2495 solvas
1508 2476 1513 2494 2
1524 2467 1566 2494 ita
1572 2464 1656 2505 quod
1665 2473 1715 2494 aut
1725 2464 1848 2503 pupilla:
1860 2482 1868 2495 ,
1878 2470 1929 2492 aut
1937 2461 2055 2501 pupillo
2066 2460 2120 2490 de-

1161 2508 1240 2542 beas,
1252 2507 1332 2537 1·εὲὶέ
1345 2505 1433 2546 poffis
1443 2506 1551 2536 eodem
1562 2505 1657 2535 modo
1668 2506 1791 2535 solvere·
1812 2505 1963 2543 Deinceps
1973 2503 2055 2532 locus
2067 2502 2118 2537 est,

1160 2553 1212 2591 qui
1224 2550 1398 2579 aconti-ario
1409 2548 1536 2578 ducitur.
1567 2549 1792 2577 Contrariorum
1810 2554 1911 2576 autem
1928 2554 2035 2587 genera
2052 2544 2120 2574 sunt

1159 2594 1255 2632 plura.
1279 2593 1386 2621 Unum
1398 2600 1514 2621 eorum,
1527 2599 1591 2629 qua:
1603 2591 1636 2618 in
1646 2588 1752 2618 eodem
1763 2597 1871 2629 genere
1878 2585 2048 2627 plurimum
2060 2584 2120 2615 dif-

1158 2634 1278 2666 ferunt,
1293 2642 1325 2662 ut
1341 2632 1492 2671 sapientia,
1504 2631 1536 2660 &
1549 2630 1684 2660 stultitia.
1717 2630 1834 2660 Eodem
1843 2637 1946 2659 autem
1956 2638 2062 2671 genere
2073 2627 2120 2657 di·

1158 2684 1284 2706 cuntur,
1306 2674 1418 2714 quibus
1433 2671 1593 2712 propositis
1609 2680 1770 2701 occurrunt
1785 2680 1941 2711 tamquam
1962 2674 1978 2700 e
1997 2671 2121 2711 regione

1156 2716 1295 2758 quaedam
1305 2716 1450 2745 contraria
1460 2735 1469 2747 ,
1484 2723 1517 2744 ut
1526 2715 1669 2744 celeritati
1680 2713 1800 2743 tarditas
1810 2733 1817 2746 ,
1833 2723 1899 2742 non
1908 2711 2062 2742 debilitas:
2083 2720 2121 2741 ex

1155 2759 1266 2800 quibus
1278 2758 1435 2787 contrariis
1448 2764 1622 2796 argumenta
1640 2755 1709 2785 talia
1728 2753 1886 2784 exsistunt:
1913 2753 1947 2783 Si
1958 2752 2121 2789 stultitiam

1155 2802 1291 2841 rugimus
1302 2819 1311 2832 ,
1321 2798 1495 2838 sapientiam
1506 2798 1680 2839 sequamur:
1692 2797 1724 2826 &
1734 2797 1913 2829 bonitatem,
1928 2793 1949 2823 sl
1960 2795 2117 2824 malitiam.

1158 2845 1230 2872 Haec
1240 2862 1248 2875 ,
1260 2851 1327 2881 quae
1337 2850 1373 2869 ex
1385 2839 1492 2869 eodem
1503 2849 1612 2880 genere
1621 2840 1768 2868 contraria
1780 2838 1857 2871 sunt,
1869 2837 2054 2877 appellantur
2065 2835 2117 2865 ad·-

1156 2883 1246 2915 versa.
1277 2886 1353 2913 Sunt
1362 2883 1448 2912 enim
1457 2882 1512 2912 alia
1521 2882 1667 2912 contraria
1676 2901 1686 2915 ‚
1704 2890 1770 2922 quae
1780 2881 1928 2920 privantia
1939 2878 2008 2908 licet
2018 2877 2118 2948 clippei—

2033 2927 2120 2948 emus

155 2998 2116 3020 W..-

1158 3063 1666 3099 VitioriuslibmxrvNar.lestcap.
1681 3072 1724 3090 10.
1902 3095 1907 3100 ¹
1961 3096 1965 3100 ·

1195 3111 1221 3138 3.
1242 3102 1353 3134 (Adigerc
1363 3100 1508 3135 arbitrum]
1521 3101 1563 3127 Sic
1573 3100 1601 3125 Sc
1612 3099 1814 3130 Victoriusmon
1824 3103 1854 3126 ut
1864 3096 2034 3130 alihasffitere,
2045 3090 2117 3127 qued

191 3151 221 3170 2.
237 3143 315 3178 §.nam
324 3145 396 3172 Grati
411 3139 544 3184 συζυγίαι
561 3145 678 3185 vocatia]
699 3145 801 3175 Deloci
812 3144 960 3173 sinceritate
972 3162 982 3178 ,
999 3142 1115 3180 disputat
1157 3139 1185 3166 ὃ(
1196 3138 1285 3173 rejicit
1294 3136 1419 3172 Cul²<i1¹5
1432 3136 1478 3164 lib·
1492 3145 1534 3165 W·
1544 3134 1657 3164 Obstl'l‘·
1668 3145 1724 3171 ΜΡ·
1740 3143 1782 3169 ¹5·

1637 3178 1663 3207 Υ
1684 3186 1697 3214 3
2009 3147 2116 3200 istm&
