2360 3400
10 1203 17 1209 ⁶
61 1207 103 1236 15
120 1208 186 1240 qua:
199 1220 209 1232 ‚
229 1209 263 1229 ut
278 1199 331 1229 scis
343 1219 352 1232 ‚
373 1198 582 1229 exstatorario.

556 88 696 119 ‚DE

133 200 177 231 est
191 197 477 238 reprehendendum.
505 196 613 226 modus
626 205 724 226 tumen
737 195 815 226 adiit.
841 207 860 225 D
870 207 892 226 U
904 207 926 227 R
943 209 953 227 t
977 208 996 228 E
1007 209 1028 228 N
1040 209 1051 228 1
1065 209 1092 230 Μ

133 242 271 271 ὴοῐηπῗίε
282 260 290 273 ,
307 240 353 269 vel
365 238 466 279 potius
480 241 531 268 vix
543 239 679 267 bominis
691 238 806 267 videtur
817 258 825 270 ‚
837 240 1003 278 periculum
1013 243 1094 281 capi—

132 286 169 312 tis
183 281 292 311 inferre
304 283 419 311 multis.
444 281 474 310 id
485 279 555 309 cum
568 280 768 320 periculosum
782 279 833 318 ipsi
845 279 886 310 est
897 300 904 313 ‚
927 285 1091 313 tumetiam

130 323 285 354 sordidum
299 323 332 352 ad
344 324 465 356 ramam,
479 324 671 351 committere
681 341 691 354 ‚
704 330 735 350 ut
745 321 893 351 accusator
904 325 1090 353 nominetur:

131 366 211 405 quod
223 367 351 405 contigit
364 368 405 394 M.
420 367 510 394 Bruto
522 383 530 396 ,
551 364 672 393 summo
685 373 791 406 genere
807 372 876 392 nato
888 382 896 396 ‚
917 365 1000 393 illius
1012 364 1089 399 filio,

129 410 181 446 qui
200 409 274 445 juris
291 408 390 436 civilis
410 417 440 436 in
460 408 568 446 primis
586 406 697 444 peritus
717 406 784 433 tuit.
808 407 906 445 Atque
926 414 1013 436 etiam
1034 408 1090 437 hoc
1108 407 1111 444 l

128 458 308 489 praeceptum
329 447 421 478 officii
441 448 599 488 diligenter
619 445 785 475 tenendum
806 445 867 479 est,
893 456 913 475 N
927 456 945 475 F.
965 456 1019 485 (χρ
1033 458 1088 478 EM

127 500 275 531 umquam
298 493 492 521 innocentem
516 493 524 508 ¹
537 488 651 525 judicio
672 490 776 527 capitis
797 486 932 518 arcessas:
955 489 984 518 id
1004 491 1087 520 enim

127 530 187 562 fine
199 533 306 562 scelere
325 531 388 562 rier‘i
399 533 485 561 nullo
495 530 582 570 paeto
592 528 696 569 potest.
720 531 801 559 Nam
817 539 870 569 Q
882 540 891 558 1
904 540 924 559 n
941 539 961 559 ε
971 541 983 560 s
993 542 1012 560 τ
1028 540 1087 562 tam

126 575 329 603 inhumanum
343 593 352 607 ‚
365 574 457 614 quam
469 573 669 612 eloquentiam
684 591 692 604 ‚
711 570 726 600 a
738 580 839 601 natura
849 572 883 601 ad
897 572 1020 602 salutem
1033 574 1087 602 ho-

127 618 248 645 minum
262 636 269 649 ‚
292 616 324 645 δε
337 616 372 645 ad
386 615 648 645 conservationem
663 614 759 643 datam
778 633 787 646 ,
808 613 843 642 ad
866 614 1015 644 bonorum
1035 625 1087 655 pe-

126 656 199 687 stem
214 677 221 690 ,
243 659 469 697 perniciemque
482 664 655 686 convertere
670 657 679 684 ?
702 658 768 684 Nec
783 663 882 684 tamen
895 675 903 688 ‚
925 665 958 685 ut
971 657 1027 686 hoc
1039 657 1088 686 fu-

123 699 271 739 giendum
283 698 325 728 est
337 719 345 731 ,
366 702 380 718 2
392 702 432 728 ita
443 697 613 728 habendum
625 695 666 726 est
677 697 817 738 religioni
829 717 840 729 ,
860 707 1022 728 nocentem
1034 699 1088 728 ali-

125 740 249 780 quando
261 760 268 773 ‚
291 740 322 769 &
344 739 492 770 nefarium
512 759 520 772 ‚
543 741 733 779 impiumque
752 737 921 768 defendere.
945 740 1009 769 vult
1030 742 1088 770 hoc

125 781 291 811 multitudo
301 801 308 813 ,
322 791 427 821 patitur
437 781 625 812 consuetudo
635 800 643 813 ‚
655 779 711 809 fert
722 782 812 809 etiam
824 781 1003 810 humanitas.
1016 783 1033 823 J
1047 793 1086 812 u—

123 833 145 853 D
157 833 167 852 1
181 833 200 852 c
214 833 224 852 1
237 832 250 851 s
269 822 311 852 est
321 843 329 856 ,
346 824 461 862 semper
472 825 503 852 in
514 820 603 852 causis
615 831 719 851 verum
734 822 829 861 sequi:
853 831 990 861 patroni,
1004 834 1086 853 non-

122 873 292 905 numquam
305 864 478 897 verisimile,
489 866 577 893 etiam
591 862 610 892 fi
623 862 727 892 minus
738 861 770 892 sit
781 873 900 896 verum,
914 864 1084 895 defendere:

121 907 204 946 quod
225 906 349 936 scribere
367 906 541 945 (praesertim
562 915 631 934 cum
651 904 688 934 de
706 905 896 944 philosophia
913 907 1085 947 scriberem)

122 958 187 979 non
205 948 344 978 auderem
366 968 374 981 ‚
397 946 450 976 nisi
472 948 553 977 idem
572 948 698 986 placeret
717 945 888 987 gravissimo
909 950 1082 979 Stoicorum

122 991 264 1020 Panaetio.
287 989 427 1019 Maxime
440 999 538 1019 autem
556 989 588 1018 &
598 989 691 1029 gloria
707 991 828 1027 paritur,
841 989 970 1031 &gratia
981 990 1085 1021 defen-

124 1030 277 1062 sionibus:
296 1042 390 1072 eoque
402 1033 498 1070 major
509 1051 517 1065 ,
539 1029 558 1060 fi
569 1030 689 1071 quando
699 1031 826 1063 accidit,
850 1041 878 1060 ut
890 1034 917 1061 ei
929 1032 1085 1062 subvenia-

103 1084 105 1087 ⁴
120 1083 168 1104 tur
179 1094 187 1107 ‚
206 1076 257 1114 qui
272 1081 389 1114 potentis
407 1074 532 1111 alicuius
546 1073 653 1112 opibus
665 1074 880 1102 circumveniri
895 1093 904 1106 ‚
926 1076 1082 1114 urgerique

118 1116 265 1147 videatur.
290 1125 320 1145 ut
335 1126 390 1145 nos
405 1116 437 1144 ὃς
450 1116 522 1154 saepe
537 1115 607 1144 alias
619 1134 626 1147 ,
648 1114 680 1143 &
692 1114 910 1148 adolescentes,
932 1125 1035 1145 contra
1046 1119 1082 1146 L.

122 1158 211 1189 Sullae
225 1157 410 1187 dominantis
424 1167 495 1197 opes
505 1166 559 1196 pro
571 1160 637 1186 Sex.
649 1157 762 1185 Roscio
772 1158 921 1186 Amerino
934 1157 1080 1187 fecimus:

625 1199 680 1228 Sed
694 1196 835 1237 expositis
846 1198 1080 1230 adolescentium

119 1239 229 1271 officiis
241 1261 248 1274 ,
270 1251 334 1281 quae
350 1242 464 1271 valeant
478 1241 512 1271 ad
527 1241 655 1281 gloriam
677 1240 896 1278 adipiscendam
912 1261 921 1273 ,
941 1241 1081 1281 deinceps

117 1284 155 1313 de
170 1282 378 1313 beneficientia
392 1294 424 1313 ac
438 1283 610 1312 liberalitate
624 1282 786 1311 dicendum
803 1280 854 1311 est.
879 1283 970 1321 Cujus
982 1282 1024 1313 est
1036 1294 1079 1314 ra-

117 1327 162 1355 tio
173 1325 296 1364 duplex.
321 1335 390 1355 nam
411 1335 460 1355 aut
479 1334 567 1364 opera
584 1324 714 1364 benigne
734 1322 767 1353 fit
786 1324 1011 1365 indigentibus,
1031 1335 1081 1355 aut

117 1370 257 1406 pecunia.
280 1366 399 1396 facilior
417 1366 459 1396 est
476 1367 539 1396 haec
558 1364 722 1405 posterior,
746 1365 886 1404 locupleti
896 1367 1056 1405 praesertim
1072 1378 1077 1396 :

116 1409 229 1439 sedilia
240 1409 347 1438 lautior
358 1428 366 1442 ,
386 1419 418 1438 ac
428 1408 611 1447 splendidior
621 1427 630 1440 ‚
648 1408 680 1436 δε
691 1416 757 1435 viro
766 1405 837 1436 forti
850 1427 858 1439 ,
879 1409 1018 1448 claroque
1027 1409 1075 1439 di-

111 1452 212 1492 gnior.
234 1459 418 1490 quamquam
433 1451 517 1478 enim
533 1451 564 1478 in
580 1457 706 1488 utroque
717 1447 794 1477 inest
803 1448 986 1488 gratificandi
998 1450 1074 1479 libe-

114 1492 186 1521 ralis
196 1493 334 1521 voluntas
344 1511 352 1524 ‚
372 1499 472 1520 tamen
489 1493 500 1517 3
513 1490 599 1519 altera
610 1499 647 1518 ex
657 1499 719 1518 arca
732 1509 741 1521 ,
757 1490 846 1518 altera
856 1499 893 1519 ex
904 1493 1010 1520 virtute
1021 1491 1074 1521 de-

111 1535 281 1573 promitur:
305 1542 324 1561 L
336 1542 356 1561 A
366 1542 387 1561 R
397 1542 417 1561 o
429 1542 439 1561 t
452 1543 470 1561 τ
482 1542 493 1561 1
505 1542 523 1561 0
533 1540 584 1570 Q
595 1540 614 1559 E
630 1550 639 1563 ‚
662 1540 728 1570 quae
749 1529 783 1559 fit
803 1540 842 1559 ex
861 1540 890 1559 re
908 1530 1069 1566 familiari,

111 1575 231 1605 fontem
246 1575 344 1614 ipsu-m
361 1574 554 1615 benignitatis
567 1573 714 1602 exhaurit.
738 1573 779 1601 ita
788 1571 972 1613 benignitate
984 1573 1072 1603 beni—

110 1617 210 1657 gnitas
227 1617 361 1646 tollitur:
380 1626 438 1656 qua
455 1625 517 1655 quo
537 1616 567 1644 in
583 1615 694 1654 plureis
709 1613 775 1643 usus
790 1612 825 1642 sis
837 1634 848 1646 ‚
867 1624 902 1643 eo
918 1615 1023 1645 minsis
1037 1617 1070 1646 in

110 1659 225 1688 multos
236 1660 278 1687 uti
290 1656 389 1697 poffis.
414 1661 452 1687 At
462 1659 514 1697 qui
525 1666 623 1696 opera,
634 1655 664 1685 id
674 1654 726 1688 est,
738 1655 858 1688 virtute,
871 1656 903 1685 &
913 1656 1070 1701 indust-ria,

112 1698 261 1732 benefici,
275 1699 452 1729 &liberales
462 1708 549 1728 erunt
560 1718 568 1731 ‚
583 1700 660 1737 prim
667 1695 717 1726 um
730 1706 792 1736 quo
802 1696 939 1736 pluribus
948 1702 1071 1737 protue-

107 1744 170 1772 rint
182 1761 189 1774 ‚
212 1752 249 1771 eo
260 1742 358 1781 plures
367 1740 402 1770 ad
417 1740 547 1781 benigne
558 1738 732 1769 faciendum
742 1738 891 1777 adjutores
902 1739 1071 1771 habebunt:

107 1783 218 1813 deinde
230 1782 421 1822 conficetudine
432 1780 649 1812 beneficientia:
658 1781 818 1819 paratiores
829 1789 916 1809 erunt
925 1801 935 1813 ,
951 1781 983 1810 &
994 1791 1070 1811 tam-

107 1835 198 1866 quam
224 1826 449 1854 exercitatiores
468 1823 503 1854 ad
527 1824 603 1853 bene
633 1821 669 1851 de
697 1822 801 1851 multis
823 1823 1068 1865 promerendum.

105 1872 124 1894 4
134 1866 274 1897 Praeclare
293 1868 325 1895 in
343 1865 466 1906 epistola
479 1864 606 1905 quadam
617 1863 821 1892 Alexandrum
843 1863 939 1893 tilium
950 1866 1067 1904 Philip-

105 1918 161 1949 pus
172 1909 283 1938 accusat
294 1927 302 1941 ‚
320 1908 401 1948 qubd
417 1906 567 1947 largitione
581 1904 640 1934 beni
646 1905 798 1933 volentiam
809 1905 995 1934 Macedonum
1004 1918 1067 1936 con-

99 1949 232 1991 fiffletur.
256 1950 328 1990 Qae
339 1957 381 1983 te,
400 1949 510 1977 matum
521 1968 529 1982 ‚
550 1949 650 1987 inquit
661 1966 669 1979 ‚
684 1955 758 1975 ratio
769 1957 797 1974 tn
808 1945 972 1986 istamspem
983 1949 1067 1977 indu-

105 1993 155 2021 xit
167 2012 176 2025 ‚
192 1999 226 2021 ut
234 2002 274 2021 eos
284 1990 448 2029 tzbifideleis
455 1998 570 2031 putares
579 1994 640 2028 jore
649 2008 657 2021 ‚
679 1999 747 2030 quos
755 1989 872 2027 pecunia
887 1990 1041 2030 corrupiffl’s
1052 1994 1063 2019 ,Ρ

103 2037 162 2063 uin
180 2041 213 2062 tu
229 2035 258 2062 ia
271 2035 329 2074 agir
339 2053 346 2066 ‚
369 2040 402 2061 ut
411 2032 584 2062 Macedones
596 2042 646 2059 non
661 2038 688 2059 te
701 2040 789 2070 regem
798 2030 884 2068 fimm
894 2050 902 2063 ‚
919 2031 967 2069 sed
976 2034 1061 2061 mini-

94 2075 189 2112 strum
200 2075 586 2116 &praebitoremsperentfore
598 2076 607 2102 ?
622 2076 634 2100 5
645 2074 724 2101 Bene
737 2070 895 2106 mzmstrum
904 2093 912 2105 ,
926 2074 960 2105 &-
971 2072 1060 2115 ὄρνι-

102 2116 242 2153 biforem3
262 2119 330 2159 quia
344 2116 500 2148 sordidum
514 2117 592 2159 regi:
614 2113 725 2146 melius
739 2115 827 2145 etiam
841 2133 849 2148 2
869 2116 950 2155 quod
968 2115 1057 2158 largi·
1073 2137 1076 2157 1

139 2231 162 2249 1.
182 2224 277 2257 Judicio
296 2221 384 2256 capitis
402 2222 529 2256 areeffiu]
552 2223 612 2248 Duo
623 2224 662 2248 :iit
682 2223 796 2249 hominis
807 2223 976 2256 durijudicio
988 2227 1058 2252 niul-

785 64 1239 125 Oeatc'irs

136 158 246 189 tribuat
261 147 323 187 'boc
344 155 478 186 muneris
490 173 498 188 ,
517 154 564 193 cuj
569 163 601 184 us
613 154 756 184 inimicos
772 154 871 185 ulcisci
886 155 990 196 saepius
1000 176 1015 190 ‚.
1030 167 1091 188 non
1115 169 1118 186 ι
1137 161 1257 196 tionem,
1269 162 1452 204 corruptelam
1463 163 1616 196 efl'ediitit.
1641 168 1684 197 Fi
1695 175 1714 196 τ
1729 167 1812 198 enim
1825 167 1973 202 deterior,

1334 80 1375 127 L
1410 95 1428 126 1
1467 96 1509 128 B.
1588 82 1670 130 ΙΙ.ἶ

1135 204 1208 242 cipit
1220 224 1228 236 ,
1248 213 1334 245 atque
1347 205 1383 235 ad
1399 206 1479 236 idem
1498 207 1612 246 semper
1622 207 1855 247 exspetstandum
1867 213 2004 250 paratior.
2033 215 2102 245 Hoc

1137 245 1188 273 ilie
1211 244 1293 275 filio:
1318 256 1390 276 san
1412 257 1591 287 praeceptum
1613 259 1755 289 putemus
1767 253 1922 282 omnibus.
1945 255 2103 295 Qamob-

1135 296 1198 315 rem
1219 287 1249 317 id
1268 288 1390 327 quidem
1413 299 1474 319 non
1493 290 1619 320 dubium
1641 290 1683 322 est
1706 311 1714 325 ⁷
1741 296 1818 332 quin
1837 295 1888 324 iila
1909 295 2076 337 benignitas
2087 319 2096 330 .

1136 337 1200 367 qua:
1211 331 1326 359 constat
1343 340 1381 360 ex
1392 340 1479 371 opera
1489 351 1496 364 ,
1518 332 1548 361 &
1562 332 1704 363 industria
1715 354 1723 367 ,
1735 336 1770 364 ,ἐξ
1779 335 1932 366 honestior
1942 336 1974 367 sit
1983 358 1991 370 ‚
2005 339 2038 369 &
2058 339 2099 370 la-

1135 369 1194 398 tius
1205 380 1299 409 pateat
1310 391 1318 403 ‚
1343 372 1375 402 &
1395 372 1624 413 poffitprodess'e
1635 375 1782 414 pluribus.
1806 388 2038 420 nonnumquam
2054 389 2098 415 ta·-

1134 421 1204 440 men
1226 411 1268 441 est
1286 414 1474 453 largiendum
1491 434 1499 447 ‚
1519 425 1574 445 nec
1587 417 1642 445 hoc
1655 416 1846 456 benignitatis
1859 430 1953 460 genus
1964 424 2096 452 omnino

1137 453 1356 496 repudiandum
1366 455 1454 485 est&
1463 457 1550 496 7saepe
1561 458 1679 487 idoneis
1691 460 1867 490 hominibus
1878 463 2096 503 indigentibus.

1136 494 1172 523 dc
1184 505 1212 523 re
1223 497 1361 526 familiari
1374 498 1609 536 impuriendum
1624 510 1629 528 2
1642 500 1690 530 sed
1701 500 1862 542 diligenter
1872 523 1880 536 ‚
1892 513 1977 544 atque
1989 507 2097 536 mode-

1134 545 1204 566 rate.
1239 538 1272 565 M
1284 548 1304 567 u
1316 548 1335 567 L
1345 549 1363 567 τ
1377 548 1388 568 1
1409 549 1492 568 enim
1512 543 1692 579 patrimonia
1712 541 1900 578 effuderunt,
1922 548 2095 578 inconsulte

1133 577 1298 618 largiendo.
1322 580 1404 621 Qid
1423 590 1521 610 auten-i
1544 581 1584 612 est
1605 582 1722 613 stultius
1735 604 1742 618 ‚
1763 585 1853 625 quam
1869 587 1948 626 quod
1968 588 2095 620 libenter

1130 618 1219 648 facias
1231 639 1239 653 ‚
1259 631 1358 651 curare
1369 642 1377 654 ‚
1401 631 1432 652 ut
1445 622 1475 652 id
1491 623 1604 653 diutius
1618 624 1713 655 facere
1729 636 1792 656 non
1806 627 1917 667 possis?
1939 633 2037 670 Atque
2049 641 2093 660 et-

1131 663 1189 691 iam
1205 671 1218 690 s
1229 671 1247 690 ε
1257 672 1340 701 Qu
1352 673 1372 692 N
1383 675 1402 692 τ
1412 674 1430 693 u
1444 674 1466 693 R
1481 665 1670 706 largitionem
1682 669 1802 707 rapinae.
1826 669 1906 699 Cum
1919 673 2001 701 enim
2014 672 2094 702 dan-

1131 703 1171 732 do
1182 713 1265 742 egere
1276 708 1420 743 coeperint
1431 726 1439 738 ,
1458 706 1564 736 alienis
1579 707 1667 737 bonis
1683 719 1790 739 manus
1806 710 1910 741 afferre
1928 723 2087 754 coguntur.

1129 746 1168 774 ita
1181 765 1188 777 ‚
1208 744 1278 774 cum
1291 746 1503 777 benivolentia:
1514 750 1721 788 comparanda:
1735 753 1818 782 causa
1828 752 1955 784 benefici
1968 754 2026 784 ess'e
2038 766 2090 785 ve-

1129 787 1204 816 lint:
1227 796 1291 818 non
1311 796 1390 817 tanta
1410 789 1505 818 studia
1523 789 1715 830 assequuntur
1728 803 1834 823 corum
1847 815 1855 827 ‚
1876 796 1986 835 quibus
1996 797 2090 827 dede-

1129 837 1209 861 runt,
1221 838 1328 869 quanta
1339 829 1407 860 odia
1419 841 1522 860 eorum
1534 851 1542 864 ,
1556 832 1665 872 quibus
1674 834 1858 865 ademerunt.
1881 839 2088 878 Qamobrem

1126 880 1181 900 nec
1192 874 1230 900 ita
1240 871 1406 902 claudenda
1417 872 1459 902 est
1469 883 1513 902 res
1523 873 1679 904 familiaris
1690 895 1697 908 ,
1713 886 1744 905 ut
1754 887 1818 906 eam
1832 878 2002 920 benignitas
2012 891 2084 921 ape—

1128 914 1184 941 rire
1196 922 1257 941 non
1271 912 1372 952 possit:
1389 924 1443 944 nec
1453 917 1492 944 ita
1501 915 1653 946 reseranda
1664 936 1672 949 ‚
1687 927 1719 947 ut
1729 927 1824 957 pateat
1835 922 1989 951 omnibus.
2014 933 2086 952 mo-

1126 954 1180 983 dus
1192 954 1368 985 adhibeatur
1379 975 1386 989 ‚
1401 957 1482 996 isque
1494 956 1638 988 referatur
1649 958 1681 988 :id
1694 959 1854 990 facultates.
1873 964 2010 993 Omnino
2021 974 2089 994 me-

1126 995 1245 1025 minifl'e
1259 996 1404 1027 debemus
1419 999 1448 1028 id
1462 1018 1470 1032 ‚
1490 999 1572 1039 quod
1584 999 1599 1029 a
1614 999 1723 1030 nostris
1737 1003 1915 1033 hominibus
1930 1004 2085 1045 saepiffime‘:

1127 1037 1319 1077 usurpatum,
1335 1040 1395 1077 jam
1408 1041 1439 1069 in
1451 1040 1861 1079 pro-serbiiconsuetudinem
1882 1049 1983 1080 venit,
2003 1057 2088 1077 LAR-

1123 1089 1297 1109 oirtonvi
1309 1090 1454 1111 FUNDUM
1471 1091 1535 1111 NON
1553 1092 1697 1113 HABERE.
1710 1094 1821 1115 etenim
1835 1090 1902 1127 quis
1911 1088 2007 1127 potest
2018 1099 2086 1119 mo-

1123 1121 1178 1150 dus
1189 1120 1263 1155 effe,
1276 1124 1346 1152 esim
1361 1123 1392 1152 &
1404 1123 1483 1153 idem
1496 1126 1548 1164 qui
1558 1125 1778 1157 consueverunt
1788 1147 1795 1160 ‚
1810 1129 1842 1158 ὃς
1855 1129 1933 1159 idem
1947 1130 2021 1161 illud
2034 1133 2084 1161 alii

1124 1162 1312 1194 defiderent?
1346 1167 1488 1195 Omnino
1499 1166 1560 1195 duo
1573 1167 1752 1207 suntgenera
1772 1169 1921 1209 largorum
1935 1182 2081 1212 :quorum

1122 1205 1229 1238 alteri,
1241 1206 1374 1247 prodigi:
1395 1207 1499 1240 alteri,
1515 1208 1666 1238 liberales:
1689 1220 1705 1239 P
1716 1220 1794 1240 Ron
1806 1221 1815 1241 1
1827 1221 1848 1241 G
1860 1223 1869 1241 1
1883 1232 1891 1246 ,
1912 1223 1962 1253 qui
1974 1216 2081 1254 epulis,

1127 1247 1160 1276 δε
1171 1248 1429 1281 viscerationibus,
1442 1249 1474 1278 &
1487 1246 1501 1268 ⁸
1511 1250 1708 1290 gladiatorum
1721 1254 1911 1288 muneribus,
1924 1255 2082 1290 ludorum,

1124 1291 1382 1330 venationumque
1395 1300 1530 1330 apparatu
1543 1312 1551 1324 ‚
1572 1295 1712 1331 pecunias
1726 1294 1914 1333 profundunt
1925 1299 1954 1327 in
1967 1308 2014 1328 eas
2024 1309 2081 1332 res.

1121 1341 1246 1371 quarum
1262 1334 1444 1362 memoriam
1458 1343 1507 1362 aut
1523 1334 1642 1364 brevem
1657 1355 1664 1368 ‚
1684 1345 1732 1365 aut
1747 1337 1861 1367 nullam
1877 1341 2009 1370 omnino
2024 1339 2082 1370 sint

1121 1372 1264 1402 relrzsturi.
1289 1375 1314 1403 L
1325 1384 1335 1403 1
1346 1385 1363 1403 B
1373 1383 1393 1403 E
1402 1384 1424 1403 R
1435 1384 1454 1404 A
1465 1384 1484 1404 L
1494 1384 1512 1404 E
1522 1385 1535 1404 a
1556 1385 1676 1410 autem,
1696 1378 1819 1417 quisuis
1829 1379 2018 1411 facultatibus
2029 1391 2080 1413 aut

1118 1424 1217 1453 captos
1228 1415 1243 1444 a
1256 1415 1449 1454 praedonibus
1464 1417 1638 1450 redimunt,
1659 1422 1709 1448 aut'
1719 1429 1757 1449 aes
1767 1420 1902 1452 alienum
1914 1423 2081 1463 suscipi-unt

1117 1458 1285 1486 amicorum
1301 1477 1309 1490 ‚
1320 1466 1368 1487 aut
1378 1459 1409 1487 in
1422 1456 1550 1488 filiarum
1561 1460 1762 1491 collocatione
1771 1461 1914 1500 adjuvant
1924 1483 1932 1497 ‚
1953 1474 2002 1494 aut
2012 1467 2082 1505 opi·

1117 1499 1248 1527 rulantur
1266 1500 1314 1528 vel
1333 1502 1366 1528 in
1387 1509 1417 1529 re
1430 1500 1587 1540 quaerenda
1600 1520 1609 1533 ,
1629 1503 1678 1530 vel
1690 1504 1832 1542 augenda.
1855 1507 1957 1544 Itaque
1969 1508 2077 1541 miror,

1114 1539 1186 1578 quid
1201 1541 1233 1568 in
1247 1549 1382 1569 mentem
1396 1542 1731 1582 veneritTheophrasto
1745 1562 1753 1576 ,
1774 1546 1806 1573 in
1818 1555 1854 1574 eo
1864 1546 1943 1576 libro
1954 1567 1962 1579 ‚
1983 1557 2077 1587 quern

1113 1581 1150 1609 de
1165 1580 1280 1610 divitiis
1295 1580 1404 1621 scripfit
1418 1592 1424 1610 :
1445 1584 1476 1611 in
1490 1592 1551 1622 quo
1564 1586 1659 1613 multa
1672 1585 1828 1624 praeclare:
1848 1586 1924 1616 illud
1939 1588 2075 1619 absurde.

1114 1621 1164 1652 Est
1175 1623 1258 1651 enim
1271 1623 1385 1652 multus
1395 1624 1428 1652 in
1440 1624 1583 1655 laudanda
1594 1625 1827 1667 magnificentia,
1841 1628 1875 1659 ὃς
1884 1633 2074 1669 apparatione

1112 1665 1302 1703 popularium
1325 1674 1488 1695 munerum
1505 1676 1511 1694 :
1536 1666 1696 1709 taliumque
1713 1669 1884 1707 sumtuum,
1897 1671 2075 1708 facultatem

1105 1704 1237 1742 frustum
1248 1706 1425 1735 divitiarum
1433 1716 1528 1747 putat.
1551 1710 1629 1738 Mihi
1638 1716 1739 1739 autem.
1749 1711 1799 1741 ille
1810 1711 1925 1741 frixuris
1935 1713 2070 1744 liberali-

1111 1749 1176 1776 tatis
1185 1767 1192 1781 ,
1213 1749 1298 1785 cujus
1309 1750 1448 1788 exempla
1457 1759 1548 1788 pauca
1556 1751 1666 1789 posui,
1677 1752 1775 1781 multo
1785 1753 1819 1782 &
1830 1754 1929 1792 major
1939 1755 2070 1790 videtur,

1111 1788 1271 1818 &cei·tior.
1293 1792 1310 1815 9
1319 1791 1439 1830 Qaiito
1451 1789 1624 1821 Aristoteles
1637 1795 1755 1833 gravius
1766 1813 1774 1826 ,
1796 1795 1829 1824 δε
1840 1794 1940 1825 verius
1955 1807 2010 1827 iios
2026 1808 2074 1828 re-

1110 1830 1269 1868 prehendit
1283 1850 1291 1862 ,
1310 1840 1362 1871 qm
1376 1831 1614 1872 haspeeuniarum
1630 1834 1770 1874 effusiones
1782 1839 1811 1854 ¹0
1821 1847 1873 1865 mm
1885 1837 2067 1874 admiremur,

1108 1870 1254 1911 quaefiunt
1261 1872 1298 1900 ad
1307 1871 1523 1902 multitudinem
1531 1873 1730 1904 defendendam.
1753 1884 1786 1906 at
1801 1878 1824 1906 ii
1836 1879 1888 1919 qui
1896 1877 1932 1908 ab
1943 1879 2014 1916 hoste
2023 1880 2072 1910 ob.-

1102 1912 1239 1952 fidentur,
1245 1912 1273 1952 fi
1280 1923 1364 1942 emere
1376 1917 1384 1932 ¹
1392 1915 1653 1955 '‘aquasextarium
1662 1918 1741 1946 mina
1752 1922 1973 1959 cogerentur,hoc
1980 1923 2070 1962 primii

1105 1953 1263 1982 incredibile
1272 1953 1343 1983 nobis
1354 1955 1442 1984 videri
1455 1976 1462 1989 ,
1484 1958 1643 1998 omneisque
1651 1960 1770 1988 mirari:
1784 1962 1833 2000 fid
1842 1982 1850 1995 ‚
1866 1960 1931 1991 ciam
1939 1966 2066 1994 attende-

1105 1997 1180 2029 rint3
1201 1996 1314 2025 veniam
1325 1997 1474 2036 neceffi'tati
1483 1998 1567 2027 dare:
1586 2010 1614 2028 m
1626 2001 1663 2028 hu
1673 2002 1967 2039 immanibusjaiinm
1977 2027 1985 2039 ,
2000 2007 2068 2045 infi-

1105 2038 1228 2078 mosque
1237 2037 1381 2076 fitmtz‘bm
1391 2062 1397 2074 ‚
1410 2039 1483 2068 nihzl
1491 2051 1537 2069 nos
1546 2051 1709 2082 magnopere
1718 2046 1829 2078 mrrar1'3
1842 2038 1906 2074 iiam
1912 2049 2064 2087 prasertim

1106 2090 1152 2107 nec
1169 2079 1319 2118 neceffitczti
1336 2080 1525 2119 subveniatur
1536 2103 1544 2115 ‚
1564 2093 1609 2112 nec
1624 2084 1750 2124 dignitas
1767 2095 1925 2126 augentem
1947 2090 2062 2131 ipsizque

1102 2122 1151 2150 illa
1160 2121 1318 2152 ”deffinitio
1329 2123 1519 2154 multitudinis
1523 2123 1564 2166 fit
1576 2129 1584 2144 ¹
1594 2126 1646 2155 3ad
1654 2127 1734 2156 breve
1744 2138 1934 2170 exiguumque
1943 2139 2062 2172 tempn53

1973 2183 2059 2215 eaque

1105 2237 1153 2253 vox
1167 2228 1274 2263 quidem
1286 2230 1334 2255 liuc
1345 2230 1488 2257 convenit:
1512 2238 1588 2257 notit
1598 2231 1667 2256 enim
1680 2241 1738 2257 eum
1759 2232 1804 2267 qui
1814 2232 1928 2258 calculos
1939 2233 2062 2259 tribubus

100 2265 141 2284 tos
152 2258 279 2286 arcessere
291 2279 300 2291 ,
310 2261 337 2285 &
348 2258 473 2286 arccss'ere
485 2259 587 2294 capitis,
609 2259 657 2284 boc
674 2259 759 2285 minus
771 2259 898 2286 viderunt
909 2280 916 2293 ‚
938 2262 983 2296 qui
996 2262 1058 2288 binc
1102 2262 1205 2296 diribit,
1217 2274 1268 2291 non
1281 2266 1326 2300 qui
1337 2275 1472 2297 nummos,
1485 2276 1562 2302 quem
1575 2268 1696 2299 diviserem
1708 2267 1805 2293 reiftius
1816 2267 1928 2294 dixer-is.
1947 2271 2062 2295 Yraebitor

100 2295 367 2330 expuleijtiiitjrtdiciv3
377 2302 470 2321 contra
482 2295 574 2320 libros.
595 2295 768 2321 Gulielmius.

105 2337 108 2339 ⁴
135 2340 163 2357 2.
182 2335 224 2357 Ita
234 2333 366 2358 habendum
376 2334 410 2358 ef?
419 2331 549 2364 religginmst]
570 2329 739 2357 Addideraiit
750 2331 808 2362 alii,
820 2336 978 2366 contrarium,
989 2343 1013 2369 pi
1021 2343 1057 2360 τε-

96 2373 138 2393 tei·
149 2367 206 2394 mss‘.
221 2367 420 2403 edrionemque
430 2367 549 2393 omnium
561 2367 672 2402 primam
685 2377 693 2398 5
713 2368 740 2393 iii
753 2368 847 2403 quibus
859 2370 930 2395 vocis
942 2371 996 2404 ejus
1009 2380 1055 2397 nec

98 2403 158 2430 vola
169 2413 216 2430 nec
227 2404 378 2439 vestigium.

133 2448 159 2475 3.
177 2442 265 2466 Altera
274 2450 302 2466 ex
312 2439 399 2473 arem]
415 2438 522 2474 Rejecit
533 2439 575 2465 lias
588 2446 640 2465 tres
652 2440 770 2471 voculas,
782 2447 810 2466 ut
821 2439 969 2468 siibdititias
981 2443 1054 2469 Lan-

92 2483 166 2510 gius,
176 2478 238 2502 cum
251 2486 301 2502 non
312 2475 450 2501 invenisset
461 2476 486 2502 in
508 2485 561 2501 uno
572 2476 676 2510 zcripto.
699 2476 785 2501 minus
806 2476 890 2503 reete.
911 2487 971 2504 arca
981 2481 1049 2505 enini

92 2511 205 2538 firmitur
216 2521 263 2546 pro
273 2519 362 2547 parata
373 2520 543 2537 nummorum
555 2512 638 2546 copia,
655 2511 718 2547 saepe
730 2512 832 2538 Tullio.

128 2555 156 2580 4.
174 2548 292 2572 'Erat-lare
300 2550 326 2572 in
336 2549 429 2579 epistola
438 2547 568 2580 quadam]
591 2547 675 2573 Palat.
686 2548 766 2583 prim.
778 2558 829 2574 non
841 2548 919 2574 habet
930 2550 1051 2585 praeposi—

94 2583 206 2614 tionem,
218 2592 302 2618 ireque
312 2582 485 2608 desideratur.
506 2582 579 2608 Idem
591 2583 668 2618 paulo
682 2584 735 2618 post
748 2584 855 2610 exhibet
868 2604 875 2615 ‚
894 2586 988 2617 Qidn
998 2596 1051 2611 ma-

89 2619 247 2654 I.·1m‚iiiquit
260 2638 268 2650 ,
286 2622 311 2644 in
321 2621 388 2651 lst'am
400 2637 408 2649 ‚
419 2618 469 2648 slyr.
488 2627 540 2644 noxi
554 2626 581 2644 ut
594 2619 694 2654 vulgati
707 2639 715 2651 ,
734 2621 801 2652 Qud
810 2628 832 2645 te
841 2623 928 2646 malum
940 2641 947 2652 ‚
959 2625 1052 2656 inquit,

90 2656 203 2686 rationis,
214 2662 259 2681 aut
272 2674 278 2686 ,
287 2656 343 2687 Qae
353 2663 376 2679 re
386 2655 473 2679 malum
486 2673 493 2685 ,
508 2657 587 2688 inquit
600 2674 607 2686 ,
621 2659 695 2681 ratio.
715 2665 832 2690 moxque
843 2666 890 2692 pro
905 2659 1055 2690 praelatorem

86 2697 172 2723 putem
182 2695 194 2717 ἒ
213 2691 320 2726 oggerit
332 2709 339 2721 ,
355 2692 601 2723 praebitoremsperem
608 2692 655 2722 fiire
667 2695 677 2716 ?
697 2700 753 2726 quae
765 2701 876 2727 uti-aque
888 2692 979 2724 leerio,
992 2694 1049 2720 vul-

88 2734 177 2761 gatam
189 2726 323 2754 antecedit
334 2726 463 2752 bonitate.
484 2734 557 2752 certe
570 2726 633 2752 illud
646 2734 740 2759 putent,
753 2737 804 2754 non
816 2728 865 2754 effe
875 2730 992 2756 mitioris
1002 2740 1051 2765 ge-

90 2762 214 2795 turinum,
225 2763 285 2789 inde
296 2761 490 2798 sciamus,quod
502 2762 587 2788 exstet
597 2763 618 2795 ej
625 2773 652 2789 us
664 2763 757 2790 loco-in
771 2764 813 2790 etl.
825 2765 941 2792 Roman.
954 2766 1048 2802 prima,

88 2798 117 2823 δί
128 2799 211 2826 palat.
223 2799 273 2825 sec.
286 2801 427 2829 existiment.
448 2805 586 2834 utramque
597 2798 750 2834 scripturam
763 2800 918 2828 admisissem
939 2802 963 2828 iii
985 2812 1048 2829 con-

89 2841 194 2861 textum
210 2854 217 2867 ,
228 2835 274 2862 nili
285 2835 348 2861 ess‘ct
358 2842 451 2861 contra
461 2834 544 2861 bonos
556 2843 641 2861 mores
653 2836 717 2862 stare
728 2836 879 2862 testimonio
890 2838 965 2863 unius
979 2850 983 2864 :
1000 2839 1048 2864 :id-

87 2869 144 2896 r'nifi
165 2878 251 2898 tamen
272 2870 340 2897 illud
354 2873 449 2904 sperem
461 2872 532 2903 f0re3
554 2871 625 2905 quod
637 2872 803 2898 Anemaecius
822 2872 977 2908 prodidiss'et
991 2893 998 2906 ‚
1014 2876 1047 2901 iic

54 2910 58 2913 ”
84 2914 191 2942 quoque
203 2907 335 2934 restarciii
346 2906 496 2942 exemplari
507 2907 673 2941 Augustam».
936 2922 939 2928 ι

122 2951 149 2975 5.
168 2946 232 2969 Bene
251 2945 404 2976 ministrum,
422 2943 492 2976 dfe]
515 2943 579 2968 Har-c
591 2942 755 2970 vietor-lanis
775 2945 802 2970 ὅτ
814 2944 1044 2972 Aldinis'abssint.

81 2977 199 3013 peffime.
217 2978 313 3014 absque
323 2978 360 3004 eis
380 2979 450 3005 enim
463 2979 541 3005 nimis
554 2980 634 3014 quam
656 2979 784 3014 frigidum
806 2980 841 3006 est
855 2980 921 3006 illud
935 3001 943 3013 ,
962 2984 1045 3008 melim

77 3017 151 3040 eriam
163 3037 171 3047 ,
192 3015 262 3050 quod
273 3014 358 3041 statim
369 3013 394 3041 se
416 3015 499 3041 uitur.
520 3015 584 3050 quid
604 3015 681 3050 quod*
692 3016 815 3043 omnibus
836 3017 934 3044 litteris
945 3027 1042 3054 reprae-

75 3049 180 3077 stntent
195 3050 323 3077 Palatinae
334 3059 402 3076 meni
424 3059 504 3082 ranae,
514 3052 540 3077 8<
554 3051 724 3087 Augustanos.

87 3087 92 3092 '
109 3086 138 3111 6.
158 3087 335 3120 Trahitur-em]
360 3085 523 3112 Gulielmius
542 3086 705 3115 adiiotavitx·
723 3097 785 3114 cave
805 3088 920 3124 sequaris
939 3090 1040 3125 eosqui

68 3129 215 3158 reponunt,
227 3123 380 3150 diribitorem.
399 3122 519 3159 primum
532 3131 626 3152 contra
637 3123 697 3153 sunt.
706 3123 770 3153 libri
780 3134 885 3154 ornnes.
899 3125 995 3155 deiude
1006 3136 1038 3155 iie

1099 2307 1186 2326 autem
1202 2310 1307 2337 proprie
1318 2303 1434 2328 convivii
1452 2302 1589 2329 dominus.
1608 2302 1659 2329 huc
1678 2303 1792 2330 fortassis
1806 2304 1834 2330 in
1846 2305 1956 2330 Lucano
1967 2314 2060 2332 emen-

1098 2335 1171 2362 datio
1184 2347 1239 2363 mea
1253 2337 1330 2372 possit
1341 2338 1478 2364 inculcari.

1131 2381 1159 2406 7.
1179 2378 1240 2405 Sapo
1250 2375 1334 2399 idoneis
1345 2376 1476 2400 hominibus
1485 2375 1655 2407 indigentibus,
1665 2375 1734 2409 ἐγω]
1756 2374 1892 2402 Lastintii
1904 2385 1972 2408 aevo,
1982 2378 2060 2403 idonei

1097 2407 1216 2435 homines
1227 2410 1294 2435 haud
1305 2410 1348 2436 alii
1362 2411 1418 2437 fei-i:
1438 2421 1516 2446 quani
1529 2412 1590 2437 boni
1603 2413 1629 2436 δ’(
1644 2412 1787 2447 locupletes
1799 2411 1954 2439 dicebantur
1969 2424 1973 2439 :
1997 2413 2058 2440 ideo

1096 2451 1219 2478 tanquam
1231 2446 1344 2471 astutum
1358 2449 1384 2472 Sc
1403 2451 1528 2481 ἑπικὲρειον
1549 2447 1598 2472 lioc
1608 2456 1764 2483 praeceptum
1778 2448 1946 2483 reprehendit
1957 2468 1966 2481 ,
1987 2449 2058 2485 quast

1093 2479 1147 2506 illis
1172 2481 1252 2507 solum
1275 2481 1338 2507 cil'et
1357 2481 1564 2519 'impertiendum
1577 2503 1585 2514 ,
1609 2484 1653 2518 qni
1676 2484 1812 2510 restituere
1830 2486 1942 2520 possent.
1955 2484 2000 2511 lib.
2014 2495 2056 2512 vi..

1092 2525 1150 2551 cap.
1165 2526 1174 2542 ι
1185 2527 1205 2542 ι.
1229 2517 1278 2542 Sed
1289 2520 1380 2544 idemus
1388 2521 1519 2551 indigentes
1538 2520 1647 2545 omnino
1665 2519 1730 2546 dicit
1741 2521 1838 2546 Cicero
1858 2522 1954 2557 probos
1971 2523 2058 2553 hoini-

1093 2561 1138 2578 nes
1151 2560 1304 2588 paupertate
1316 2556 1459 2590 oppressos.
1481 2558 1584 2580 Gronov.

1131 2588 1158 2614 8.
1180 2591 1345 2615 Gladiawrum
1363 2592 1525 2624 mimeribm]
1548 2590 1632 2617 i‘alat.
1643 2592 1720 2627 prim.
1732 2593 1886 2624 gladiatoriis
1897 2612 1905 2625 ,
1916 2593 1986 2628 quod
1998 2593 2055 2620 fei-i:

1094 2623 1197 2650 malim.
1217 2625 1292 2660 supra
1302 2635 1408 2662 quoque
1418 2626 1505 2653 deleri
1524 2626 1671 2653 dietioiiem
1682 2630 1796 2654 dicuntur
1809 2648 1817 2660 ‚
1837 2629 1961 2665 infraque
1971 2631 2056 2663 causta,

1090 2660 1245 2693 jubentibus
1258 2671 1281 2687 in
1288 2661 1316 2687 ss'.

1127 2704 1156 2730 9.
1176 2699 1270 2729 Qanio
1279 2699 1548 2733 Arissozelesgravim]
1562 2700 1683 2726 Muretus
1697 2699 1814 2727 malebat
1822 2703 1911 2734 Aristo,
1922 2701 1994 2737 quod
2003 2702 2055 2729 lio-

1094 2740 1151 2758 rum
1164 2733 1228 2759 iiiiiil
1241 2734 1410 2760 inveniretur
1421 2736 1447 2761 iii
1461 2736 1615 2761 Aristotele.

1133 2777 1173 2794 io.
1192 2773 1245 2795 Non
1263 2770 1433 2804 admiremur]
1456 2770 1565 2797 Fulvius
1578 2771 1689 2798 Ursinus
1709 2772 1817 2807 putabat
1829 2771 1911 2799 deleri
1927 2773 2054 2809 possead-

1091 2804 1245 2831 verlativam
1258 2807 1411 2841 particulam
1425 2826 1433 2838 ,
1443 2815 1535 2833 conti-a
1548 2815 1663 2833 mentem
1674 2807 1791 2834 aut-:toris
1805 2828 1812 2840 ‚
1824 2808 1978 2844 quaeabilla
1991 2819 2053 2837 voce

1091 2847 1145 2866 tota
1156 2841 1253 2876 pendet
1267 2850 1274 2871 3
1295 2851 1379 2879 neque
1390 2843 1468 2869 ,iliter
1485 2844 1681 2878 argumentatio
1700 2845 1755 2879 ejus
1767 2844 1886 2880 procedit
1897 2865 1904 2877 ,
1927 2854 1956 2872 ut
1966 2847 2053 2881 liquet

1091 2886 1122 2902 ex
1136 2876 1315 2911 sequentibus.

1128 2921 1165 2939 ii.
1189 2915 1414 2947 <Ajicsscxtarium
1427 2918 1493 2940 mina
1512 2916 1669 2951 cogeremur]
1693 2916 1777 2943 Palat.
1787 2916 1867 2952 prim.
1884 2920 1952 2943 mina
1960 2921 2056 2951 argenti

1087 2956 1209 2981 cogamur.
1231 2959 1276 2975 nec
1287 2949 1416 2985 displicet.

1127 2993 1169 3010 η.
1189 2987 1303 3011 0.·Ιεπῑηυ
1313 2986 1500 3020 multitudinis]
1515 2986 1609 3014 Forsan
1622 2987 1730 3020 melius,
1741 2988 1864 3014 der'eHatio
1875 2991 1997 3017 multitud,
2012 2991 2050 3016 uzi

1085 3020 1158 3046 estin
1171 3021 1255 3047 Palat.
1268 3022 1293 3047 iii
1306 3023 1340 3046 D.
1354 3023 1383 3048 F.
1397 3023 1421 3049 iii
1434 3022 1543 3049 Altliiiis
1556 3022 1609 3049 sex.
1621 3024 1794 3067 placebatque
1807 3026 1885 3051 cti.im
1900 3025 2040 3052 Gulielm..

1124 3065 1166 3091 ¹3·
1187 3059 1225 3082 Sit
1234 3058 1268 3082 ad
1283 3059 1353 3083 breve
1371 3061 1522 3092 exignumque
1532 3067 1643 3092 rempm3
1665 3069 1737 3094 eaque
1748 3069 1763 3086 a
1783 3063 1891 3094 lrwffimo
1905 3071 1992 3095 quoque
2003 3073 2009 3085 s
2025 3064 2051 3086 ln

1083 3102 1126 3125 qno
1137 3111 1145 3124 ‚
1167 3093 1235 3127 (ly-n]
1257 3095 1367 3120 Sec-itus
1379 3095 1432 3120 sum
1454 3095 1600 3121 editionem
1619 3096 1839 3123 accuratiffimam
1862 3097 1936 3122 Petri
1957 3100 1968 3122 x
1979 3097 2051 3123 itio,—

1083 3128 1114 3155 i·ii
1128 3148 1136 3162 ²
1157 3128 1203 3156 nili
1216 3129 1285 3165 quod
1298 3129 1462 3166 adposuerim
1474 3131 1581 3166 illudfit
1593 3151 1602 3163 ‚
1621 3139 1651 3160 ut
1669 3132 1796 3168 placebat
1804 3132 1938 3162 Lambino
1951 3151 1965 3164 ‚·
1979 3131 2050 3166 quod

1402 3167 1431 3194 R
1442 3176 1455 3194 r
1466 3176 1479 3195 i·
1494 3176 1505 3194 i·
1517 3177 1530 3196 i·
1541 3177 1552 3196 i·
1564 3177 1576 3195 r
1597 3176 1609 3203 3
1967 3177 2051 3195 ainan-

1980 102 2109 151 1237

1991 172 2044 214 qui
2055 181 2107 202 ac.-

2102 1174 2148 1208 16
