2295 3400
175 119 272 165 280
604 116 1098 166 M.Tu1.1.11

171 208 252 230 terea
258 198 508 242 quinquagesima·
519 198 722 240 exigebantur.
733 201 806 229 Sunt
817 199 877 228 haec
889 198 895 236 j
900 208 947 228 am
958 197 993 229 ad
1005 207 1114 228 cccm-
1122 207 1132 226 t

174 241 273 272 millia
284 263 292 275 ‚
313 251 400 271 cccc
418 241 501 271 mod.
522 243 623 270 tritici.
654 244 693 270 At
703 250 757 282 ego
771 250 857 269 cccc
866 241 964 270 millia
974 241 1046 270 lucri
1057 238 1134 269 faEta

175 282 233 313 csse
245 284 390 314 dixeram.
414 293 478 312 non
488 284 570 312 enim
582 282 659 312 duco
671 284 702 311 in
714 284 766 312 liac
776 283 890 311 ratione
902 302 910 314 ,
929 292 981 311 eos
994 303 1001 315 ,
1024 282 1134 322 quibus

173 327 264 355 ternis
275 325 440 354 medimnis
452 334 516 354 non
526 323 568 354 est
581 324 698 354 licitum
709 323 852 353 decidere.
885 321 1003 353 Verum
1015 344 1022 356 ‚
1043 333 1074 353 ut
1083 325 1136 353 hac

173 367 234 406 ipsa
253 368 366 396 ratione
386 367 535 396 summam
547 364 752 406 meipromiffi
762 365 931 405 compleam
941 386 949 399 ,
977 365 1013 395 ad
1023 363 1135 406 singula

175 407 371 437 medimntlm
384 408 472 437 multi
485 418 539 437 H-s
549 407 611 437 duo
622 428 629 440 ‚
650 408 740 438 multi
759 416 812 437 ihs
822 409 956 448 quinque
965 405 1135 438 acceffionis

173 449 354 490 cogebantur
365 449 448 479 dare:
469 451 519 489 qui
532 451 699 479 minimum
712 469 720 483 ,
742 448 854 490 singula
874 459 983 479 numm
990 448 1053 479 sim.
1078 449 1136 479 hoc

174 493 342 520 minimum
359 500 391 521 ut
408 491 582 531 sequamur,
601 493 747 532 quoniam
765 501 808 521 xc
824 490 1020 521 medimnum
1039 491 1137 520 millia

174 532 476 565 duximus‚accedant
485 531 521 562 co
533 543 627 566 novo,
637 533 801 575 peffimoque
814 542 934 575 exemplo
945 542 998 563 11-s
1009 543 1051 563 xc
1063 533 1136 562 mil-

173 575 224 604 lia.
244 576 303 604 Hic
314 575 392 604 milii
402 577 491 605 etiam
501 575 598 605 dicere
607 575 737 608 audebit,
748 585 858 616 magno
870 575 897 605 se
909 575 1048 604 decumas
1059 584 1135 604 ren-

175 614 284 646 didisse
294 636 302 650 ,
321 616 394 646 cum
405 616 560 646 exeodem
571 627 640 658 agro
650 637 658 650 ,
680 617 812 647 dimidio
829 617 890 654 plur
910 617 964 657 ips}
978 615 1134 652 abstulerit,

175 655 368 700 animpopulo
382 661 459 687 Rom.
473 658 606 698 miserit?
623 669 737 688 ccxw.
750 657 890 689 modium
904 659 1040 688 millibus
1049 658 1138 688 decu-

176 709 242 730 inas
251 710 308 740 agri
319 702 465 730 Leontini
476 700 647 731 vendidisti.
671 700 692 730 si
701 711 739 730 ex
752 702 815 742 lege
828 721 834 734 2
849 710 977 741 magno:
993 699 1013 730 si
1025 720 1033 733 ,
1046 709 1079 730 ut
1089 700 1138 729 lex

176 740 248 771 ess'et
258 741 355 771 libido
366 751 523 782 tua,parvo
536 753 541 771 :
561 741 591 776 si,
605 752 646 775 ut,
662 753 727 783 quae
737 742 872 772 dimidiae
884 740 988 775 essent,
1004 741 1138 773 decumae

177 793 354 813 vocarentur
367 794 371 812 z
392 793 483 824 parvo
501 784 671 814 vendidisti.
697 786 797 814 multo
815 786 898 814 enini
915 784 1007 824 plui-is
1024 782 1139 813 fruGtus

178 826 388 855 annuiSiciliae
399 827 502 856 venire
512 835 689 866 potuerunt,
704 824 724 855 si
734 826 762 856 id
775 836 801 856 te
816 826 939 858 senatus,
950 834 1001 855 aut
1010 826 1140 865 populus

179 869 341 897 Romanus
357 865 451 898 facere
465 866 616 898 voluisset.
648 870 764 898 etenim
776 867 992 907 saepe-decuma:
1005 869 1077 896 tanti
1088 876 1139 896 ve-

179 911 304 939 nierunt
314 929 322 942 ,
342 907 415 938 cum
425 910 488 951 lege
499 911 662 940 Hieronica
671 912 810 939 venirent
822 930 829 942 ,
854 911 958 949 quanti
978 919 1059 938 nunc
1076 908 1140 948 lege

181 953 292 981 Verress
300 952 467 980 venierunt.
479 951 561 981 Cedo
571 953 647 981 milii
659 951 831 982 CNorbani
842 950 983 980 decumas
993 950 1139 979 venditas.

182 994 214 1021 C.
238 994 483 1022 NORBANI
519 994 756 1022 DECUMAE
796 993 1052 1022 VENDIT=AE
1085 993 1140 1020 Λ-

182 1035 210 1064 G
221 1037 245 1064 R
256 1037 273 1063 I
296 1037 320 1064 L
331 1036 388 1064 EO
400 1036 431 1062 N
442 1036 564 1063 TINI.
577 1036 669 1075 Atqui
680 1043 743 1064 tum
755 1044 852 1074 neque
864 1033 1012 1072 judicium
1024 1034 1060 1063 de
1072 1043 1141 1063 mo-

179 1076 222 1106 do
228 1077 238 1115 j
245 1086 368 1117 ugcrum
379 1075 500 1106 dabatur
514 1087 519 1105 t
536 1086 634 1117 neque
644 1079 727 1106 enim
737 1085 794 1106 erat
806 1076 1015 1106 Artemidorus
1027 1078 1140 1105 Corne-

179 1118 241 1147 lius
258 1126 459 1157 recuperator:
478 1128 573 1158 neque
589 1118 624 1148 ab
633 1127 745 1148 aratore
756 1117 939 1158 magistratus
949 1117 1065 1147 Siculus
1075 1125 1140 1146 tan-

181 1167 249 1190 tum
259 1159 410 1200 exigebat,
430 1169 577 1200 quantum
595 1159 778 1190 decumanus
794 1159 923 1189 ediderat
938 1170 943 1187 ·.
963 1169 1018 1189 nec
1026 1157 1140 1188 benefi-

180 1203 264 1231 cium
274 1201 426 1241 petebatur
435 1200 450 1231 a
460 1201 629 1232 decumano
639 1222 647 1235 ,
660 1204 734 1232 utin
746 1202 844 1241 iugera
854 1199 966 1241 singula
977 1202 1066 1230 ternis
1076 1210 1140 1238 me7

181 1243 298 1273 dimnis
315 1242 532 1272 deridereliceret
541 1255 551 1270 .·
571 1253 627 1273 nec
636 1243 837 1273 nummorum
849 1241 1043 1273 accessionem
1053 1252 1142 1283 coge—

181 1284 267 1315 batur
282 1294 374 1315 arator
394 1284 461 1315 dare
473 1305 481 1318 ‚
502 1295 558 1315 nec
566 1294 662 1315 ternas
671 1283 925 1326 quinquagesimas
935 1284 1083 1314 frumenti
1092 1283 1142 1314 ad-

182 1326 252 1357 dere
265 1337 271 1356 :
291 1326 324 1356 &
341 1335 442 1357 tamen
458 1327 573 1367 populo
588 1329 732 1357 Romano
743 1336 866 1367 magnus
876 1325 1022 1356 frumenti
1034 1335 1143 1355 nume-

118 1372 167 1404 50
183 1378 232 1399 rus
249 1368 429 1398 mittebatur.
474 1368 556 1410 Qid
564 1368 707 1399 veroistae
719 1367 771 1398 sibi
781 1367 1049 1412 quinquagesimae,
1070 1367 1142 1408 quid

180 1409 273 1451 porro
292 1420 494 1440 nummorum
513 1409 689 1441 accessiones
704 1411 833 1440 volunt?
850 1420 911 1451 quo
920 1409 949 1439 id
953 1411 1019 1448 jure
1030 1430 1038 1443 ‚
1056 1419 1141 1450 atque

180 1450 269 1485 adeo,
278 1462 339 1492 quo
350 1452 380 1481 id
390 1454 490 1492 potius
499 1462 549 1482 ore
557 1451 676 1483 fecisti?
692 1462 839 1482 nummos
850 1452 935 1482 dabat
945 1460 1050 1481 arator.
1062 1461 1139 1491 quo-

183 1493 301 1525 modo?
318 1502 367 1523 aut
378 1493 457 1523 unde
467 1500 476 1526 ?
486 1496 550 1535 qui,
561 1492 581 1524 si
591 1492 766 1536 largissimus
776 1492 834 1524 effe
844 1493 947 1526 vellet,
961 1494 1143 1523 cumulatio-

181 1546 214 1566 re
231 1536 370 1565 mensura
387 1543 535 1569 uteretur,
559 1545 591 1566 ut
612 1545 698 1566 antea
707 1535 841 1566 solebant
850 1534 984 1565 facerem
994 1535 1141 1569 decumis,

182 1576 255 1608 curn
265 1587 347 1618 aequa
358 1577 469 1619 lege,&
478 1577 655 1608 conditione
665 1577 818 1607 venibant.
830 1580 859 1606 Is
871 1586 1036 1607 nummum
1047 1576 1140 1606 dabat.

182 1619 294 1651 Unde?
305 1619 341 1649 de
350 1617 523 1649 frumento?
536 1618 614 1660 quasi
624 1617 767 1650 habuisset
777 1639 785 1653 ,
797 1627 825 1649 te
833 1628 968 1659 praetore,
978 1618 1059 1659 quod
1070 1628 1144 1648 ven—

183 1661 275 1692 deret.
300 1663 348 1691 De
358 1662 430 1690 vivo
442 1662 532 1702 igitur
541 1669 601 1691 erat
611 1661 726 1702 aliquid
735 1661 938 1694 resecandum,
950 1669 982 1690 ut
992 1658 1073 1694 effer,
1086 1669 1144 1689 un-

182 1703 221 1734 de
248 1703 386 1743 Apronio
411 1702 446 1732 ad
471 1703 542 1733 illos
564 1702 678 1733 fruetus
697 1705 865 1733 arationum
885 1704 944 1732 hoc
969 1702 1145 1731 corollarium

181 1754 386 1775 nummorum
403 1744 565 1774 adderetur.
594 1746 663 1787 Jam
680 1744 712 1775 id
724 1743 815 1785 porrb
826 1743 927 1774 utrum
939 1744 1065 1774 libentes
1076 1763 1085 1777 ‚
1106 1754 1145 1774 an

181 1786 409 1817 invitidabant?
420 1786 568 1817 libentes?
587 1787 737 1820 amabant,
746 1786 846 1820 credo,
858 1787 1041 1826 Apronium.
1066 1787 1146 1815 invi-

182 1830 228 1858 ti?
247 1838 304 1869 qua
313 1838 360 1861 re,
379 1826 434 1857 nisi
446 1828 520 1858 vi&
531 1828 612 1858 malo
623 1848 632 1861 ‚
650 1828 849 1870 cogebantur?
872 1830 940 1869 Jam
951 1827 1004 1857 iste
1016 1848 1024 1861 ‚
1049 1828 1145 1857 homo

183 1868 406 1900 amentissimus
416 1888 424 1902 ,
443 1870 475 1898 iri
485 1869 657 1900 vendundis
667 1870 802 1900 decumis
815 1879 1014 1900 nummorum
1022 1868 1147 1908 faciebat

132 1915 137 1923 ‘
182 1909 363 1942 accessiones
373 1910 408 1940 ad
418 1909 545 1953 singulas
556 1911 714 1942 decumas:
734 1922 830 1954 neque
843 1912 976 1941 multum
990 1922 998 1945 ·,
1017 1911 1088 1941 bina
1097 1920 1146 1941 aut

185 1962 267 1984 terna
285 1953 382 1982 millia
398 1952 530 1983 addebat.
555 1951 631 1984 fiunt
642 1963 693 1993 per
711 1955 879 1983 triennium
899 1963 952 1982 ms
970 1951 1089 1982 fortasse
1109 1962 1142 1982 ιο

184 1995 295 2025 millia.
319 1997 388 2025 Hoc
399 2005 497 2036 neque
506 1994 628 2038 exemplo
638 1996 812 2037 cujusquam
825 2016 834 2029 ‚
853 2005 951 2035 neque
961 1994 1094 2033 ullojure
1101 1993 1147 2024 fc-

183 2039 241 2068 cit:
261 2047 358 2078 neque
367 2047 433 2066 eam
444 2039 604 2077 pecuniam
615 2038 734 2067 retulit:
753 2047 851 2078 neque
868 2038 926 2067 hoc
942 2046 1068 2076 parvum
1089 2038 1146 2066 cri-

185 2089 260 2109 men
268 2078 529 2119 quemadmodum
541 2078 716 2109 defensurus
727 2078 758 2109 sit
769 2100 778 2112 ‚
796 2080 893 2108 homo
907 2079 1065 2119 quisquam
1076 2088 1146 2108 um—

208 2131 276 2151 uam
286 2122 473 2161 excogitavit.
487 2120 577 2161 Qipd
586 2120 659 2151 esim
669 2122 709 2150 ita
719 2119 764 2153 sit,
775 2120 864 2151 audes
875 2120 984 2154 dicere,
996 2129 1023 2150 te
1034 2130 1146 2161 magno

184 2131 327 2193 decumas
335 2161 514 2196 vendidisse,
522 2161 594 2193 cum
604 2161 637 2193 sit
643 2163 844 2202 perspicuum,
858 2171 886 2192 te
895 2162 984 2196 bona,
996 2161 1146 2192 fortunas-

185 2214 245 2249 que
256 2213 415 2238 aratorum,
426 2214 489 2234 non
498 2205 603 2244 populi
613 2207 707 2235 Rom.
718 2204 767 2234 scd
779 2205 822 2233 tui
832 2203 960 2244 quaestus
969 2204 1060 2237 causa,
1070 2201 1146 2233 ven-

186 2244 314 2276 didisse?
334 2245 397 2279 Ut,
417 2244 437 2275 si
478 2248 523 2275 uis
542 2246 662 2276 villicus
672 2255 710 2275 ex
721 2255 758 2275 eo
768 2244 865 2275 fundo
876 2265 885 2279 ,
910 2249 918 2264 ¹
931 2247 983 2285 qui
1002 2254 1057 2275 H-s
1072 2245 1148 2275 dena

189 2285 371 2321 meritaffet,
389 2256 494 2317 excisis
510 2287 663 2318 arboribus
680 2297 712 2317 ac
729 2287 880 2320 venditis,
901 2284 1012 2316 demtis
1029 2287 1147 2328 tegulis,

186 2328 391 2359 instrumento
401 2349 409 2362 ,
419 2339 526 2368 pecore
535 2329 702 2360 abalienato
713 2349 722 2362 ‚
741 2328 872 2359 domino
881 2338 936 2358 xx.
950 2328 1048 2358 millia
1057 2339 1149 2358 num-

189 2370 280 2402 mum
297 2380 351 2410 pro
361 2381 393 2401 x.
406 2371 521 2400 miserit
531 2382 537 2400 z
561 2370 679 2401 sibialia
688 2378 827 2410 praeterea
836 2379 958 2400 centum
970 2369 1148 2399 confecerit:

185 2411 289 2454 primo
300 2412 456 2446 dominus,
467 2414 585 2454 ignarus
596 2412 791 2443 incommodi
800 2412 844 2442 sui
855 2411 998 2451 ,gaudeat
1008 2431 1017 2445 ,
1029 2411 1149 2441 villico-

181 2465 247 2495 ·que
254 2453 419 2484 deleamur
429 2474 438 2488 ‚
457 2454 538 2495 quod
548 2463 631 2485 tanto
643 2453 695 2483 fibi
704 2454 772 2494 plus
781 2453 926 2483 mercedis
946 2463 983 2483 ex
997 2452 1093 2482 fundo
1104 2463 1149 2482 re-

189 2495 306 2526 fectum
318 2494 367 2526 sic:
386 2495 505 2529 deinde,
518 2495 590 2526 cum
600 2496 736 2529 audierit,
747 2505 792 2525 eas
803 2505 859 2528 res,
872 2494 980 2536 quibus
989 2493 1076 2524 fundi
1086 2493 1148 2524 fru-

189 2537 256 2567 ‹Slus
267 2557 276 2571 ‚
295 2538 327 2568 &
337 2538 450 2568 cultura
460 2540 636 2568 continetur
645 2558 653 2572 ‚
664 2545 777 2568 amotas
787 2557 796 2571 ,
810 2537 844 2567 &
853 2536 988 2567 venditas
1001 2546 1006 2565 :
1027 2536 1149 2566 summo

182 2579 321 2621 supplicio
331 2579 471 2609 villicum
482 2578 600 2613 afficiat,
612 2579 646 2610 &
656 2579 755 2611 secum
767 2578 846 2608 male
856 2577 957 2608 aditum
965 2587 1057 2618 putet:
1072 2580 1146 2607 item

186 2621 319 2661 populus
330 2623 421 2651 Rom.
430 2631 500 2651 cum
512 2621 701 2661 audit,pluris
711 2621 852 2651 decumas
862 2618 1029 2651 vendidisse
1039 2622 1147 2649 C.Vei·-

190 2672 255 2692 rem
265 2682 274 2695 ,
284 2672 374 2703 quam
385 2661 667 2693 innocentissimum
678 2664 839 2692 hominem
852 2682 860 2695 ,
882 2663 931 2692 cui
942 2660 995 2691 iste
1006 2659 1148 2694 successit,

192 2707 228 2734 C.
238 2703 439 2737 Sacerdotem,
450 2713 532 2744 putat
543 2705 570 2734 se
579 2704 695 2734 bonum
706 2706 739 2734 in
749 2702 1150 2743 arationibu32fru6libusque

191 2747 252 2776 suis
263 2743 554 2776 habuisse-custodem
566 2766 574 2780 ,
594 2756 626 2776 ac
635 2746 785 2776 villicum.
807 2744 880 2775 cum
901 2745 1039 2778 senserit,
1060 2743 1150 2774 istum

192 2797 287 2817 omne
297 2786 534 2817 instrumentum
544 2797 704 2821 aratorum,
716 2790 820 2817 omnia
827 2785 954 2827 subfidia
965 2785 1153 2826 vestigalium

192 2827 360 2858 vendidisse
370 2849 379 2862 ,
390 2837 517 2859 omnem
528 2829 609 2869 spem
620 2829 797 2869 posteritatis
807 2831 927 2859 avaritia
936 2828 984 2858 sua
997 2826 1151 2861 sustulisse,

190 2871 339 2901 arationes
358 2871 390 2900 &
408 2880 493 2912 agros
508 2870 679 2912 vetiligaleis
698 2869 815 2902 vastasse
835 2890 844 2904 ,
860 2879 952 2911 atque
967 2868 1132 2900 exinanisse
1144 2879 1151 2899 :

232 2978 241 2995 1
250 2989 256 2994 .
274 2970 321 3002 Q}
332 2969 392 2994 H-s
402 2969 462 2994 daia
472 2971 620 3005 meritasset]
633 2971 674 2996 Ita
685 2969 752 2996 l’all.
764 2979 824 2996 nain
835 2969 878 2995 ed.
892 2977 946 2995 vet.
957 2971 1085 3004 mercasset.
1105 2969 1153 2994 Vi-

192 3004 314 3046 Ct‘oriana
326 3024 334 3036 ,
353 3008 390 3031 cni
410 3006 471 3031 H-s.
488 3005 549 3030 dena
566 3014 652 3031 mercar
669 3008 719 3041 ιρι
731 3025 739 3038 ,
757 3005 829 3042 quod
841 3007 905 3033 &in
915 3004 1062 3041 exemplari
1073 3005 1150 3032 Nan-

194 3050 285 3069 niano.

231 3087 259 3103 a..
279 3080 352 3103 Letoi·
361 3077 486 3110 &strides
505 3076 656 3111 defit-erent]
677 3076 779 3104 Admifi
790 3077 856 3104 hanc
868 3076 1023 3113 scripturam
1033 3086 1154 3113 quorun-

194 3112 254 3176 ldatm
273 3113 403 3142 libi-etum
415 3132 424 3148 ,
442 3112 514 3150 quod
533 3114 617 3149 magis
635 3113 771 3151 placuisset
784 3113 933 3143 Gulielmio
951 3116 1032 3151 quam
1051 3113 1135 3144 altera
1146 3133 1154 3147 ,

202 3158 221 3178 Λ
231 3158 266 3180 95·

1180 119 1707 167 C1cnizou1s

1177 197 1274 238 ipsum
1286 199 1439 229 maximos
1449 197 1576 239 quaestus
1586 217 1594 232 ,
1613 197 1781 240 praedasque
1790 194 1910 228 fecisse:
1934 197 2079 240 intelliget
2091 197 2138 230 sei

1176 250 1247 270 cum
1266 239 1368 270 assum
1386 239 1443 270 esse
1462 239 1606 280 pessime:
1627 240 1718 271 istum
1739 250 1837 270 autem
1858 242 1979 271 summo
1991 241 2135 281 supplicio

1178 281 1305 323 dignum
1315 281 1508 312 existimabit.
1555 282 1646 312 Unde
1662 292 1731 323 ergo
1748 284 1806 312 hoc
1823 283 1952 324 intelligi
1963 282 2078 322 potest?
2097 291 2136 313 ex

1179 325 1235 354 hoc
1246 324 1381 354 maxime
1394 345 1402 357 ,
1416 323 1498 364 quod
1507 333 1573 364 ager
1582 323 1768 354 decumanus
1777 326 1938 364 provinciae
1951 324 2059 355 Sicilia:
2068 333 2139 364 pro-

1178 375 1240 406 Pter
1250 365 1334 395 istius
1344 368 1496 396 avaritiam
1508 366 1628 405 deszrtiu
1638 364 1690 394 eff.
1714 375 1810 406 neque
1821 365 1852 396 id
1863 365 1962 396 solum
1972 365 2139 398 accidit.uti
2172 400 2200 405 Ὗ

1179 408 1485 448 minusmultisjugis
1495 416 1617 441 ararent,
1632 406 1653 436 si
1662 410 1715 448 qui
1727 409 1758 437 in
1769 409 1843 448 agris
1854 409 2058 438 remanserunt
2070 407 2139 441 ·‚sed

1179 451 1268 479 ctiam
1279 470 1287 482 ,
1302 458 1334 479 ut
1344 451 1486 489 permulti
1495 449 1658 488 locupletes
1670 451 1811 479 homines
1824 470 1832 482 ,
1848 449 1992 491 magni&
2003 451 2073 479 navi
2082 458 2142 480 ara-

1180 500 1257 521 tores
1268 512 1276 524 ‚
1288 501 1370 531 agros
1379 495 1393 510 ²
1403 492 1485 521 laetos
1497 510 1505 524 ,
1517 501 1549 521 ac
1558 491 1682 521 fertileis
1693 491 1877 525 desererent,
1890 491 2023 531 totasque
2034 492 2142 521 aratio-

1181 543 1234 562 nes
1254 533 1503 574 derelinquerent.
1536 533 1570 562 Id
1579 532 1655 562 adeo
1665 533 1731 563 sciri
1741 531 1886 563 facillime
1894 533 1991 573 potest
2001 542 2039 562 ex
2048 533 2143 563 literis

1180 575 1309 614 publicis
1320 577 1647 614 civitatum,propterea
1657 574 1739 615 quod
1749 574 1813 615 lege
1824 577 1988 605 Hieronica
1998 583 2144 605 numerus

1181 627 1328 653 aratorum
1345 619 1506 657 quotannis
1524 616 1601 657 apud
1615 615 1800 657 magistratus
1810 616 1931 657 publice
1941 616 2143 647 subscribitur.

1183 661 1287 689 Recita
1297 659 1418 688 tandem
1431 678 1438 691 ‚
1459 667 1532 699 quot
1551 661 1695 698 acceperit
1708 667 1831 689 aratores
1842 660 1901 699 agri
1911 660 2056 688 Leontini
2067 661 2145 687 Ver-

1181 710 1234 730 res.
1260 703 1282 728 O
1295 702 1412 730 CTOG
1422 702 1556 729 [ΝΓΛ
1579 701 1636 729 ΤΚ
1649 701 1737 730 EIS.
1760 709 1834 741 quot
1852 710 1932 730 anno
1950 702 2039 730 tertio
2049 698 2143 739 profi-

1183 751 1309 772 teantur.
1333 745 1514 772 'summm
1533 752 1600 772 ουτ)
1633 746 1740 773 Unum
1752 743 1783 772 &
1793 744 2008 783 quinquaginta
2018 744 2143 771 aratores

1184 785 1223 813 ita
1233 784 1322 814 video
1333 783 1466 823 dejcaos
1476 804 1483 817 ‚
1504 793 1534 814 ut
1552 786 1598 814 his
1618 794 1656 814 ne
1676 786 1779 814 vicarii
1799 783 1922 825 quidem
1942 781 2142 814 successerint.

1185 828 1268 866 Qot
1276 834 1401 855 aratores
1412 846 1420 860 ‚
1431 826 1608 856 adveniente
1619 835 1648 856 te
1661 847 1668 859 ,
1689 825 1811 856 fuerunt
1820 827 1880 867 agri
1892 823 2076 865 Mutycnsis?
2095 826 2144 855 vi-

1184 867 1308 896 deamus
1327 877 1365 896 ex
1383 868 1488 897 litteris
1506 868 1644 908 publicis.
1678 870 1698 897 C
1707 870 1731 897 E
1741 870 1771 895 N
1780 869 1841 896 Tv
1850 868 1890 897 M
1909 870 1932 894 O
1943 868 2025 896 CTO
2035 868 2061 896 G
2070 867 2143 896 IN-

1184 910 1252 936 TA
1275 910 1400 938 OCTO.
1425 909 1528 951 Qid?
1545 920 1625 940 anno
1641 912 1751 940 tertio?
1774 909 1987 939 CENTUM
2007 910 2070 938 ET
2096 911 2143 938 ‘U-

1184 952 1215 978 N
1223 953 1251 979 v
1262 950 1294 980 S.
1325 950 1486 992 Osz‘toginta
1501 952 1613 991 septem
1632 961 1758 982 aratores
1778 961 1857 981 unus
1865 950 2026 992 ageristius
2036 950 2144 989 injuria

1183 991 1341 1022 desiderat:
1362 1001 1446 1033 atque
1465 992 1539 1023 adeo
1558 993 1656 1024 nostra
1671 993 1784 1033 respub.
1803 995 1951 1034 quoniam
1968 992 2020 1022 illa
2036 991 2143 1032 populi

1182 1036 1280 1063 Rom.
1298 1033 1454 1076 veffigalia
1468 1035 1534 1065 sunt
1544 1055 1552 1067 ,
1569 1036 1651 1065 hunc
1661 1044 1706 1065 tot
1716 1033 1963 1074 patrumfamilias
1975 1043 2143 1064 numerum

1189 1079 1199 1102 3
1213 1074 1372 1109 desiderat,
1393 1076 1426 1106 δε
1442 1077 1580 1116 reposcit.
1611 1081 1690 1118 Ager
1700 1075 1883 1107 Herbitensis
1891 1078 1991 1116 primo
2001 1085 2081 1105 anno
2091 1076 2144 1105 ha-

1186 1117 1251 1147 buit
1262 1127 1385 1147 aratores
1396 1117 1553 1151 ducentos,
1562 1120 1778 1159 quinquaginta
1787 1118 1909 1158 septem,
1921 1119 2009 1147 tertio
2018 1126 2143 1148 centum.

1183 1161 1303 1199 viginti.
1327 1160 1399 1190 hinc
1418 1168 1541 1190 centum
1556 1162 1675 1200 triginta
1685 1161 1795 1200 septem
1806 1158 2030 1200 patresfamilias
2041 1168 2144 1189 eXtor-

1186 1211 1232 1230 res
1252 1200 1456 1242 profugerunt.
1489 1200 1680 1242 Agyrinensis
1697 1212 1762 1243 ager
1774 1222 1782 1235 ,
1811 1211 1942 1242 quorum
1957 1202 2121 1230 hominum
2134 1201 2141 1230 !

1185 1243 1275 1283 quam
1285 1241 1481 1274 honestorum
1495 1245 1500 1272 ἔ
1518 1253 1608 1283 quam
1618 1243 1804 1283 locupletum
1817 1242 1980 1273 !-ducentos
1991 1243 2142 1283 quinqua-

1185 1286 1267 1326 ginta
1276 1293 1402 1314 aratores
1416 1284 1520 1315 habuit
1528 1287 1629 1324 primo
1639 1295 1720 1315 anno
1729 1294 1859 1325 praeturae
1871 1294 1937 1315 tuae.
1961 1284 2043 1324 Qid
2053 1285 2143 1314 tertio

1186 1336 1267 1356 anno
1278 1327 1288 1353 ?
1311 1324 1475 1367 mstoginta,
1486 1327 1745 1367 quemadmodum
1757 1327 1866 1367 legatos
1877 1325 2087 1367 Agyrinenseis
2097 1335 2142 1356 re-

1184 1370 1273 1398 citare
1283 1378 1321 1398 ex
1331 1368 1460 1408 publicis
1470 1369 1575 1398 litteris
1583 1368 1715 1399 audistis.
1760 1368 1817 1399 Pro
1835 1368 1876 1398 dii
1896 1367 2083 1398 immortales
2097 1369 2103 1395 l
2121 1365 2143 1398 fi

1186 1420 1224 1440 ex
1234 1411 1388 1450 provincia
1397 1418 1456 1440 tota
1464 1419 1586 1440 centum
1599 1411 1779 1452 septuaginta
1788 1412 1813 1449 ej
1818 1407 1929 1443 ecisses,
1945 1408 2091 1449 possesne,
2099 1409 2146 1448 se-

1187 1462 1257 1481 veru
1265 1450 1409 1490 judicibus
1419 1472 1427 1485 ,
1449 1452 1544 1483 salvus
1553 1451 1611 1482 esse
1622 1458 1632 1484 ?
1651 1455 1739 1483 Unus
1749 1462 1815 1493 ager
1823 1449 2012 1494 Agyrinensis
2020 1460 2145 1482 centum

1186 1495 1369 1534 septuaginta
1389 1493 1552 1524 aratoribus
1571 1496 1691 1525 inanior
1708 1492 1782 1524 cum
1799 1492 1848 1527 sit,
1867 1503 1923 1524 vos
1935 1491 2145 1532 conjesturam

1188 1537 1279 1566 totius
1288 1537 1452 1575 provincia:
1466 1545 1529 1565 non
1539 1535 1653 1566 facietis
1664 1540 1673 1566 ?
1692 1539 1790 1577 Atque
1799 1537 1858 1565 hoc
1866 1535 2001 1576 peraeque
2011 1536 2045 1564 in
2054 1535 2145 1565 omni

1186 1587 1256 1618 agro
1273 1577 1442 1607 decumano
1459 1579 1627 1617 reperietis:
1650 1578 1760 1619 quibus
1778 1577 1891 1618 aliquid
1914 1586 2016 1607 tamen
2034 1576 2146 1617 reliqui

1186 1619 1277 1649 fuerit
1286 1628 1323 1649 cx
1335 1629 1444 1659 magno
1453 1621 1639 1659 patrimonio
1648 1639 1657 1654 ‚
1681 1629 1731 1649 eos
1751 1621 1783 1649 in
1802 1620 1876 1658 agiis
1895 1620 2016 1648 minore
2033 1616 2147 1648 instru-

1189 1670 1304 1694 mento,
1317 1664 1334 1687 4
1344 1663 1447 1690 minus
1457 1661 1561 1691 multis
1566 1662 1657 1702 jugis,
1669 1659 1837 1691 remansisse
1846 1680 1854 1694 ‚
1866 1658 1947 1701 quod
1959 1659 2144 1693 metuebant,

1189 1701 1210 1732 fi
1220 1701 1410 1736 recessissent,
1424 1712 1462 1732 ne
1473 1703 1599 1744 reliquas
1606 1702 1741 1734 fortunas
1751 1704 1872 1732 omneis
1881 1703 2068 1732 amitterent:
2080 1702 2151 1742 qui-

1189 1745 1243 1774 bus
1253 1753 1352 1774 autern
1363 1743 1416 1774 iste
1426 1745 1637 1785 nihilreliqui,
1658 1745 1741 1786 quod
1760 1744 1934 1784 perderent,
1951 1743 2077 1777 fecerat,
2096 1751 2150 1773 eos

1188 1786 1276 1826 plane
1286 1796 1353 1816 non
1362 1785 1462 1817 solum
1473 1796 1511 1816 ex
1519 1789 1593 1828 agris
1604 1807 1612 1820 ,
1631 1785 1737 1816 verum
1749 1796 1786 1816 ex
1796 1786 1966 1816 civitatibus
1976 1785 2035 1823 suis
2045 1782 2153 1824 profu-

1188 1827 1269 1869 gisse.
1295 1829 1344 1858 Illi
1354 1827 1418 1868 ipsi,
1429 1830 1482 1868 qui
1496 1829 1705 1861 remanserant,
1716 1831 1769 1858 vix
1779 1827 1906 1866 decuma
1914 1829 1990 1866 pars,
1999 1835 2151 1857 aratorum

1189 1869 1321 1900 relicsturi
1331 1880 1413 1911 agros
1424 1880 1531 1900 omnes
1542 1880 1623 1900 crant
1633 1890 1641 1904 ‚
1664 1868 1718 1900 nisi
1729 1869 1765 1900 ad
1775 1879 1826 1899 eos
1837 1869 1979 1899 Metellus
1990 1871 2092 1898 Roma
2101 1868 2151 1898 lit-

1190 1921 1263 1942 teras
1283 1909 1421 1945 misiss'et‚
1440 1912 1469 1941 se
1480 1911 1621 1942 decumas
1631 1912 1694 1953 lege
1706 1913 1868 1942 Hieronica
1875 1910 2070 1941 venditurum
2081 1929 2090 1944 ‚
2115 1909 2150 1940 &

1193 1951 1247 1983 nisi
1257 1953 1339 1983 abiis
1351 1954 1409 1983 hoc
1419 1952 1577 1993 petivisset,
1589 1962 1622 1983 ut
1632 1951 1757 1984 sererent
1765 1952 1857 1994 quam
1866 1953 2035 1993 plurimum
2047 1962 2053 1981 z
2067 1949 2152 1993 quod

1191 1996 1237 2025 illi
1250 1995 1418 2035 sempersui
1429 1995 1513 2035 caufiz
1515 1996 1653 2034 fecerant,
1665 1994 1737 2026 cum
1748 2005 1801 2025 eos
1812 2005 1906 2027 nemo
1916 2002 2153 2036 rogaret,quam-

1191 2037 1243 2067 diu
1254 2037 1463 2077 intelligebant
1473 2057 1481 2071 ,
1494 2037 1553 2067 sese
1563 2035 1616 2067 sibi
1626 2058 1635 2071 ,
1649 2038 1682 2068 &
1692 2038 1806 2077 populo
1815 2037 1960 2068 Rom'ano
1968 2057 1977 2070 ,
1990 2046 2054 2066 non
2064 2035 2152 2065 Verri

1192 2079 1224 2108 ὃς
1237 2081 1373 2119 Apronio
1383 2079 1486 2112 serere,
1498 2078 1683 2119 impendere,
1695 2079 1835 2109 laborare.
1848 2080 1917 2120 Jam
1927 2076 2012 2111 verb.
2021 2077 2151 2117 judices,

1190 2119 1211 2150 fi
1221 2122 1392 2151 Siculorum
1404 2119 1540 2150 fortunas
1559 2121 1728 2162 negligitis:
1746 2119 1767 2150 si
1777 2141 1785 2154 .
1806 2119 2066 2161 quemadmodum
2077 2119 2153 2148 socii

1189 2163 1295 2202 populi
1306 2165 1400 2192 Rom.
1411 2161 1426 2192 a
1437 2161 1656 2202 magistratibus
1667 2161 1775 2192 nostris
1785 2161 1947 2192 tra6lentur
1957 2181 1965 2194 ,
1985 2171 2049 2191 non
2066 2159 2152 2190 labo·
2195 2190 2203 2198 ,

1191 2206 1277 2234 ratis:
1299 2213 1327 2234 at
1344 2214 1399 2233 vos
1417 2213 1617 2233 communem
1635 2204 1739 2243 populi
1759 2206 1853 2234 Rom.
1873 2203 1989 2234 causam
2002 2202 2151 2242 suscipite,

1190 2255 1277 2286 atque
1287 2244 1448 2275 defendite.
1481 2244 1600 2280 Eje&os
1610 2254 1735 2275 aratores
1744 2244 1802 2275 efl'e
1812 2245 1895 2276 dico:
1919 2254 2003 2285 agi-os
2020 2243 2153 2284 veEtiga-

1192 2289 1247 2317 leis
1256 2295 1378 2317 vexatos
1394 2307 1401 2320 ,
1421 2296 1504 2327 atque
1515 2288 1685 2317 exinanitos
1695 2286 1711 2317 a
1721 2290 1812 2317 Verre
1825 2298 1830 2316 :
1851 2287 2019 2327 populatam
2031 2306 2039 2320 ‚
2060 2294 2154 2317 vexa-

1193 2338 1314 2369 tamque
1332 2329 1538 2367 provinciam:
1558 2329 1620 2359 haec
1636 2330 1742 2359 omnia
1760 2329 1856 2359 doceo
1865 2329 1972 2359 litteris
1981 2329 2152 2361 civitatum,
2169 2325 2177 2331 “
2196 2342 2200 2349 ,

1195 2371 1226 2400 ὃς
1235 2373 1357 2410 privatis
1364 2371 1577 2410 primariorum
1587 2372 1724 2400 virorum
1736 2370 1929 2401 testimoniis.

1194 2412 1344 2451 amplius?
1363 2422 1439 2441 num
1451 2412 1611 2451 expediatis
1621 2433 1629 2447 ,
1642 2412 1716 2443 dum
1727 2415 1766 2442 L.
1776 2412 1920 2442 Metellus
1929 2413 1964 2445 is,
1975 2413 2028 2453 qui
2038 2411 2152 2441 multos

1194 2456 1226 2483 in
1237 2453 1327 2483 istum
1340 2452 1437 2484 testeis
1447 2455 1576 2494 imperio
1587 2454 1620 2492 &
1630 2454 1772 2494 potestate
1781 2454 1924 2484 deterruit
1935 2473 1943 2487 ‚
1957 2454 2038 2484 idem
2049 2452 2153 2483 absens

1194 2495 1230 2526 de
1242 2495 1325 2525 istius
1335 2495 1441 2525 scelere
1452 2515 1460 2529 ‚
1475 2496 1666 2535 improbitate
1675 2517 1684 2530 ,
1704 2495 1823 2527 audacia
1833 2495 2042 2527 testimonium
2053 2494 2149 2525 dicat?

1195 2547 1258 2567 non
1269 2539 1386 2577 opinor.
1419 2540 1458 2567 At
1468 2538 1492 2567 is
1502 2537 1618 2578 optime
1631 2558 1639 2572 ‚
1651 2539 1703 2578 qui
1712 2535 1842 2568 successit
1851 2537 1900 2568 isti
1912 2558 1920 2570 ,
1932 2538 2032 2577 potuit
2040 2545 2155 2578 cogno-

1195 2579 1284 2609 scere.
1307 2581 1350 2608 Ita
1361 2577 1403 2608 est
1414 2589 1419 2608 2
1440 2579 1549 2609 verum
1559 2580 1691 2609 amicitia
1700 2579 1860 2621 impeditur.
1884 2582 1923 2609 At
1932 2578 2020 2609 debet
2028 2588 2084 2608 nos
2094 2586 2158 2608 cer·
2172 2591 2174 2593 ’

1196 2623 1285 2650 tiores
1296 2619 1401 2654 facere,
1413 2631 1473 2661 quo
1484 2621 1571 2661 passo
1582 2622 1609 2651 se
1620 2622 1725 2652 habeat
1732 2623 1898 2660 provincia.
1913 2620 2021 2651 Debet:
2033 2629 2169 2650 verum-·

1197 2672 1296 2692 tamen
1314 2672 1378 2692 non
1392 2665 1519 2704 cogitur.
1543 2665 1630 2693 Num
1640 2665 1707 2704 quis
1718 2665 1751 2692 in
1761 2665 1885 2692 Verrem
1897 2664 1932 2693 L.
1946 2662 2064 2692 Metelli
2074 2659 2157 2692 testi·
2192 2696 2193 2699 Ἰ

1198 2706 1341 2734 monium
1354 2706 1478 2744 requirit
1489 2707 1612 2735 ?nemo.
1635 2715 1710 2734 num
1720 2706 1787 2745 quis
1796 2703 1945 2744 postulat?
1962 2713 2027 2735 non
2037 2705 2156 2743 opinor.

1198 2745 1279 2785 Qid
1299 2744 1320 2775 si
1340 2744 1516 2776 testimonio
1533 2748 1568 2776 L.
1583 2747 1719 2780 Metelli,
1741 2756 1773 2777 ac
1793 2747 1897 2776 litteris
1908 2746 1969 2775 haec
1977 2746 2159 2776 omniavera

1199 2786 1256 2817 esse
1267 2787 1384 2817 docebo
1395 2790 1405 2816 ?
1415 2787 1488 2828 quid
1499 2787 1602 2818 dicetis
1614 2791 1624 2817 ?
1643 2786 1744 2818 utrum
1754 2788 1916 2818 Metellum
1927 2786 2036 2819 falsum
2047 2785 2157 2817 scribe-

1198 2831 1242 2858 re?
1252 2839 1288 2858 an
1300 2830 1432 2859 amicum
1443 2829 1497 2859 laed
1503 2829 1572 2859 endi
1582 2828 1640 2859 esse
1649 2829 1813 2869 cupidum?
1825 2839 1863 2859 an
1873 2838 2040 2868 praetorem,
2051 2836 2159 2869 quem-

1200 2870 1366 2901 admodum
1385 2874 1397 2897 ἲ
1407 2872 1564 2911 provincia
1582 2869 1686 2901 affecta
1705 2869 1738 2901 sit
1747 2890 1756 2906 2
1776 2870 1909 2901 nescire?
1931 2871 2037 2901 Recita
2050 2870 2159 2909 litterat

2039 2913 2077 2942 L.
2089 2912 2158 2940 Me-

1236 2977 1262 3004 3.
1283 2969 1402 3002 &fiderat
1411 2969 1441 3000 <5-
1450 2955 1817 3004 rzpffiit.]mit
1826 2986 1834 3000 ,
1849 2957 1981 3005 adscripsit
1991 2977 2044 2995 orae
2053 2966 2159 2996 Guliel-
2174 2975 2178 2981 “
2192 2995 2197 3000 .

1199 3014 1268 3072 mig?
1274 3025 1385 3068 ’munuc
1393 3040 1539 3074 multis-jugis
1549 3040 1702 3074 rnnanfiffn]
1722 3039 1832 3076 Vulgati
1842 3040 1954 3078 amplius
1967 3059 1975 3073 ,
1989 3040 2052 3075 jugis
2061 3043 2159 3067 minorue

1169 3107 1172 3109 ¹
1197 3077 1298 3109 remanfi
1311 3076 1360 3102 Sed
1371 3085 1401 3102 ea
1412 3085 1463 3102 vox
1474 3075 1543 3102 abest
1555 3076 1632 3102 Fabr.
1643 3076 1671 3102 &
1683 3077 1774 3102 Narin.
1785 3077 1811 3102 &
1825 3084 1928 3104 tantum
1942 3077 2040 3103 turbat.

1199 3147 1217 3176 l*
1235 3121 1261 3145 5.
1280 3112 1566 3148 Pro-cincia’affici‘afit]
1579 3112 1672 3142 Nann-
1685 3114 1787 3148 afflic'la.
1806 3112 1851 3141 sed
1862 3111 1967 3142 videtur
1976 3111 2091 3145 alterum
2099 3118 2156 3144 mo-

1211 3157 1263 3178 tus.

2051 3184 2154 3217 nsum
2183 3170 2196 3187 f

1970 2369 2052 2412 Qid
2061 2369 2152 2400 vultis
2168 2380 2212 2417 53

2157 271 2208 325 5¹⁸

2163 1367 2212 1410 52·
2245 1408 2253 1426 1
