2360 3400
639 87 736 127 ΒΕ

168 163 379 201 ,εἰίῐίωᾶὶαεω
394 171 460 194 non
470 160 606 204 iniquam
617 170 719 202 putet,
731 172 764 194 ac
771 162 870 194 videat
882 163 916 192 in
927 163 1036 203 primis
1046 182 1054 196 ‚
1067 163 1137 204 qui-

175 211 234 242 bus
250 209 287 240 de
305 207 393 238 rebus
413 206 567 247 loquatur:
582 203 603 234 fi
622 205 704 235 seriis
716 225 726 239 ,
746 205 933 236 severitatem
944 204 1082 235 adhibeat
1094 215 1100 234 :
1112 203 1133 235 fi

169 249 302 293 jocofis‚
324 248 471 290 leporem.
490 249 524 277 in
541 247 705 288 primisque
725 246 900 287 provideat,
919 256 958 277 ne
977 248 1076 277 sermo
1086 248 1135 277 vi-

172 295 252 324 tium
272 291 395 332 aliquod
411 289 523 320 indicet
542 287 634 319 ineffe
653 287 890 329 moribus:quod
909 288 1045 318 maxime
1065 297 1132 318 tum

173 334 251 365 solet
259 331 467 366 evenire,cum
479 330 611 362 studiose
620 330 657 361 de
667 331 838 361 absentibus
848 329 1022 361 detrahendi
1035 330 1132 363 causa,

170 384 224 406 aut
235 384 287 416 per
295 374 461 405 ridiculum
472 393 482 407 ‚
505 382 555 404 aut
564 372 663 403 severe
675 392 685 407 ,
709 371 856 403 maledice
866 391 875 406 ,
896 371 1133 402 contumeliose·

172 426 233 458 que
251 416 372 447 dicitur.
390 416 552 447 Habentur
568 422 667 444 autern
685 414 864 455 plerumque
874 413 1027 444 sermones
1036 421 1086 443 aut
1096 411 1133 442 de

173 457 350 489 domesticis
368 459 497 500 negotiis
507 476 516 491 ,
535 464 584 486 aut
601 455 638 485 de
648 455 812 495 rep.autde
821 456 930 485 artium
942 453 1048 485 studiis
1059 474 1068 489 ,
1088 462 1132 484 at-

172 509 235 542 que
252 499 400 531 doSlnina.
424 498 530 529 Danda
544 498 730 539 igituropera
739 496 781 528 est
791 516 800 531 ‚
821 505 854 527 ut
863 498 953 527 etiam
967 495 987 526 si
1000 496 1133 526 aberrare

172 541 209 572 ad
217 542 274 572 alia
284 544 417 582 coeperit,
429 541 463 572 ad
471 541 536 571 haec
545 548 700 570 revocetur
710 540 805 569 oratio
814 549 821 568 ι
845 541 854 558 ¹
867 538 916 569 sed
928 558 937 572 ‚
958 547 991 568 ut
1000 547 1131 579 cumque

167 583 297 614 aderunt
313 593 359 614 res
370 604 380 618 ,
406 592 503 615 neoue
515 582 599 612 enim
615 591 725 611 omnes
754 578 885 611 2iisdem
900 580 935 610 de
946 580 1053 614 rebus,
1076 589 1131 609 nec

172 626 261 655 omni
274 635 408 666 tempore
419 645 428 659 ‚
447 616 503 655 fiee
515 622 652 653 similiter
663 621 855 653 dele&amur.
880 621 1132 652 Animadverten—

171 666 246 696 dum
261 666 304 697 est
312 676 402 697 etiarn
414 686 423 700 ,
444 675 589 707 quatenus
600 665 696 694 sermo
706 663 938 694 deleekationem
949 663 1053 694 habeat
1065 673 1070 692 :
1083 663 1128 699 &,

111 710 150 753 38
171 716 205 739 ut
221 709 388 748 incipiendi
410 710 485 738 ratio
506 707 616 740 fuerit,
638 707 676 736 ita
694 709 706 733 3
720 704 754 735 fit
765 704 1049 736 desinendimodus.
1072 705 1129 735 Sed

171 749 331 791 quomodo
342 751 373 779 in
386 750 474 779 omni
483 750 545 779 vita
556 746 717 778 reaiffime
726 748 916 787 praecipitum
936 755 968 776 ut
978 746 1131 787 perturba-

173 794 273 822 tiones
283 790 434 830 fugiamus
446 811 454 824 ,
474 790 506 820 id
518 789 572 822 est,
585 798 686 819 motus
696 790 792 819 animi
803 790 930 822 nimios,
943 790 1051 818 rationi
1062 797 1126 818 non

168 833 438 872 obtemperanteis:
452 831 488 862 sic
498 830 649 871 ejusmodi
661 830 796 860 motibus
807 830 904 859 sermo
915 829 1003 860 debet
1015 839 1127 863 vacare,

171 884 212 905 ne
228 883 278 904 aut
296 875 338 904 ira
356 872 491 906 exsistat,
515 871 841 912 autcupiditasaliqua‚
862 879 913 901 aut
921 872 1058 912 pigritia,
1080 880 1129 902 aut

167 918 287 957 ignavia
299 935 309 949 ‚
329 924 379 946 aut
399 914 455 945 tale
474 913 586 955 aliquid
596 922 737 953 appareat.
757 914 952 953 maximeque
960 913 1128 943 curandum

169 956 224 992 est,
234 966 267 988 ut
276 966 328 987 eos
339 977 348 990 ‚
359 956 555 998 quibus-cum
567 955 739 985 sermonem
750 953 938 985 conferimus
953 973 962 988 ,
975 955 1008 984 &
1019 957 1126 988 vereri,

170 999 206 1030 &
222 999 346 1040 diligere
357 998 522 1028 videamur.
546 996 776 1038 objurgationes
787 997 877 1026 etiam
890 1006 1032 1026 nonnum
1057 1006 1127 1027 uam

169 1040 312 1071 incidunt
331 1038 496 1071 neceffariae
510 1059 519 1073 ,
542 1041 574 1069 in
597 1039 707 1079 quibus
730 1037 877 1069 utendum
898 1037 942 1068 est
957 1037 1034 1068 forta
1060 1049 1075 1068 e
1095 1039 1128 1069 &

168 1083 257 1113 vocis
278 1084 475 1113 contentione
487 1082 600 1121 majore
610 1100 619 1115 ,
642 1080 674 1110 δε
686 1080 847 1110 verbomm
857 1082 995 1120 gravitate
1005 1082 1126 1111 acriore.

168 1127 189 1151 4
204 1123 236 1154 id
256 1124 407 1164 agendum
418 1125 508 1153 etiam
522 1143 531 1156 ,
550 1131 631 1153 utne
642 1132 674 1152 ea
684 1121 780 1152 facere
791 1121 947 1152 videamur
957 1122 1047 1151 irati:
1065 1121 1126 1155 sed,

168 1173 204 1196 ut
221 1165 256 1196 ad
269 1166 418 1195 urendum
432 1185 441 1199 ,
463 1165 496 1195 &
508 1168 522 1192 5
535 1163 694 1195 secandum
707 1175 717 1198 ς
733 1162 772 1194 fic
782 1162 815 1193 &
827 1163 862 1193 ad
872 1164 931 1194 hoc
939 1163 1127 1203 genuscasti-

166 1207 259 1248 gandi
280 1226 289 1241 ,
319 1206 385 1238 raro
403 1226 411 1241 ‚
434 1208 582 1247 invitique
603 1207 772 1236 veniamus.
807 1214 863 1235 nec
884 1215 1028 1245 umquam
1041 1226 1050 1239 ,
1071 1203 1127 1236 nifi

166 1247 333 1279 necessario
345 1268 353 1282 ,
366 1247 386 1278 si
396 1249 478 1279 nulla
487 1250 651 1288 reperietur
659 1247 715 1278 alia
725 1246 886 1277 medicina.
913 1247 962 1277 sed
974 1255 1077 1277 tamen
1087 1249 1128 1277 ira

165 1291 271 1331 procul
290 1289 363 1320 abiit
377 1310 386 1324 ‚
410 1289 480 1320 cum
491 1300 549 1331 qua
559 1288 728 1320 nihilre&e
739 1288 801 1319 fieri
812 1308 821 1323 ‚
850 1289 929 1319 nihil
943 1287 1126 1320 considerate

165 1330 274 1373 potest.
298 1330 315 1352 ⁶
335 1334 444 1373 Magna
460 1341 560 1362 autem
579 1340 659 1371 parte
680 1331 824 1361 clementi
842 1330 1033 1372 castigatione
1053 1331 1124 1362 licet

165 1375 224 1408 uti,
235 1374 377 1414 gravitate
388 1382 490 1404 tamen
500 1372 640 1413 adjqu
651 1392 660 1406 ‚
676 1377 690 1401 7
703 1382 734 1402 ut
743 1373 776 1402 &
792 1373 929 1402 severitas
939 1372 1126 1406 adhibeatur,

165 1414 202 1446 &
218 1416 406 1446 contumelia
429 1415 596 1454 repellatur.
619 1424 706 1454 atque
718 1416 809 1444 etiam
817 1413 894 1443 illud
904 1414 1003 1453 ipsum
1017 1434 1026 1448 ,
1043 1415 1125 1455 quod

163 1456 330 1487 acerbitatis
340 1456 428 1487 habet
439 1457 620 1497 objurgatio,
632 1454 860 1500 significandum
870 1454 1018 1496 est‚ips1us
1028 1457 1125 1490 causa,

163 1500 218 1539 qui
229 1498 422 1539 objurgetur,
443 1497 611 1536 susceptum
622 1496 689 1525 esse.
712 1495 846 1526 Redium
859 1495 900 1525 est
911 1505 1021 1530 autem,
1033 1499 1124 1528 etiam

164 1541 198 1569 in
225 1540 288 1568 illis
309 1538 561 1569 contentionibus
582 1557 590 1571 ,
613 1547 680 1578 quae
695 1547 767 1567 cum
787 1535 1006 1567 inimiciffimis
1025 1536 1101 1568 fiunt
1113 1558 1123 1572 ,

160 1581 252 1611 etiam
261 1578 282 1609 fi
292 1580 381 1610 nobis
388 1580 506 1620 indigna
514 1579 680 1612 audiamus,
691 1587 792 1609 tamen
801 1580 973 1619 gravitatem
985 1581 1125 1613 retinere,

160 1621 346 1653 iracundiam
367 1622 518 1661 repellere.
540 1631 606 1661 quae
618 1624 703 1650 enirn
714 1630 786 1650 cum
796 1621 894 1660 aliqua
902 1621 1125 1660 perturbatione

163 1662 256 1698 fiunt,
264 1660 345 1694 ⁸nec
353 1661 522 1694 constanter
535 1662 599 1693 fieri
608 1659 730 1704 possunt
740 1681 749 1696 ,
771 1670 827 1692 nec
837 1661 872 1692 ab
884 1662 932 1696 iis,
942 1664 995 1703 qui
1004 1662 1122 1698 adsunt,

827 81 1286 130 Orrrcr1s

1384 85 1478 132 [.1
1514 100 1558 132 B.
1647 87 1684 134 I.
2014 105 2138 156 1227

1179 164 1308 205 probari.
1331 163 1481 198 Deforme
1500 168 1591 199 etiam
1609 166 1654 199 est
1673 188 1684 203 .
1700 167 1738 200 de
1753 168 1785 210 s?
1804 169 1860 212 ipso
1879 170 2054 212 praedicare‚
2073 174 2146 206 falsa

1179 207 1345 246 praesertim
1358 228 1367 243 ,
1390 207 1424 239 &
1433 218 1503 240 cum
1516 208 1650 241 irrifione
1659 211 1848 244 audientium
1860 233 1869 248 ,
1882 216 1996 246 imitari
2005 216 2140 248 militem

1177 249 1355 289 gloriosum.
1379 253 1395 278 9
1409 253 1446 282 Et
1457 253 1602 292 quoniam
1612 255 1717 284 omnia
1727 255 1934 296 persequimur
1943 276 1952 291 ,
1973 257 2141 296 (volumus
2161 262 2173 294 3
2179 261 2203 294 9

1178 291 1302 330 quidem
1323 292 1423 326 certe,
1445 293 1455 333 )
1473 293 1637 325 dicendum
1655 294 1698 326 est
1717 298 1806 327 etiam
1825 317 1834 332 ,
1861 298 1983 339 qualem
2001 301 2140 331 hominis

1179 333 1331 367 honorati,
1343 333 1376 364 &
1385 335 1530 375 principis
1539 335 1668 367 domurn
1680 337 1790 377 placeat
1801 338 1871 373 effe,
1883 342 1954 371 ¹0cu
1959 341 1966 380 j
1971 351 2005 371 us
2015 340 2085 372 finis
2094 341 2141 373 est

1178 374 1264 403 usus:
1281 375 1316 405 ad
1339 385 1432 416 quern
1452 378 1710 410 accommodanda
1728 378 1771 410 est
1789 380 1957 412 aedificandi
1968 382 2137 424 descriptio:

1179 414 1321 446 &tamen
1332 417 1499 448 adhibenda
1507 418 1662 460 dignitatis
1675 439 1684 454 ‚
1704 422 1991 463 commoditatisque
2005 424 2138 465 diligen·

1177 458 1225 486 tia.
1248 459 1306 488 Cn.
1333 458 1459 489 O&avio
1470 479 1479 493 ‚
1498 463 1550 501 qui
1561 462 1678 501 primus
1687 472 1725 492 ex
1735 463 1787 494 illa
1795 463 1912 495 familia
1921 466 2027 496 consul
2036 465 2137 497 factus

1176 497 1220 528 est
1232 518 1240 532 ,
1258 500 1369 530 honori
1387 500 1473 531 fuiss'e
1483 505 1652 542 accepimus
1661 523 1670 537 ,
1691 504 1772 545 quod
1783 506 1953 545 praeclaram
1964 506 2138 547 aedificasset·

1177 543 1187 559 ¹
1195 543 1203 559 ¹
1216 543 1252 587 in
1261 541 1402 575 Palatino,
1416 543 1449 573 &
1462 543 1581 583 plenam
1592 544 1744 586 dignitatis
1755 547 1884 578 domum
1896 558 1902 577 ι
1913 558 1979 589 quae
1989 559 2059 580 cum
2068 550 2138 580 vul-

1174 581 1214 622 go
1225 582 1366 613 Viseretur
1377 603 1386 617 ,
1398 583 1547 626 suffragata
1557 586 1686 617 domino
1695 607 1703 622 ‚
1717 598 1800 619 novo
1811 590 1933 620 homini
1945 610 1953 624 .
1976 590 2012 621 ad
2023 591 2134 621 consu-

1173 624 1268 654 latum
1288 625 1451 664 putabatur.
1487 628 1562 657 hanc
1581 630 1703 659 Scaurus
1726 630 1890 661 demolitus
1902 651 1910 665 .
1935 631 2133 663 accessionem

1173 664 1312 704 adjunxit
1320 667 1444 697 aedibus.
1459 670 1561 709 Itaque
1573 669 1623 699 ille
1637 672 1669 700 in
1680 671 1759 701 suam
1771 672 1900 703 domum
1912 674 2130 704 ¹2consulatum

1172 708 1289 746 primus
1302 709 1401 738 attulit
1413 719 1418 737 :
1429 711 1478 739 hic
1489 710 1618 744 summi,
1641 712 1673 741 Sc
1685 712 1836 743 clarissimi
1847 716 1904 744 viri
1915 714 1997 745 filius
2010 735 2019 749 ,
2032 718 2063 745 in
2075 715 2133 745 do-

1175 758 1262 778 mum
1283 750 1512 790 multiplicatam
1536 771 1544 785 ‚
1566 762 1630 782 non
1649 754 1794 793 repulsam
1817 755 1915 786 solum
1934 758 2036 787 retulit
2054 776 2062 790 ‚
2084 758 2133 787 sed

1173 791 1378 830 ignominiam
1393 811 1401 825 ‚
1427 792 1459 822 &
1475 793 1686 824 calamitatem.
1710 797 1848 827 Ornanda
1860 796 1902 827 est
1912 800 1996 828 enim
2008 798 2132 838 dignitas

1174 832 1294 866 d·omo‚¹
1304 836 1316 860 3
1327 842 1390 863 non
1400 843 1438 863 ex
1448 834 1543 864 domo
1555 844 1614 865 tota
1623 838 1791 876 quaerenda:
1805 848 1859 868 nec
1869 839 1964 869 domo
1975 839 2132 873 dominus.

1173 873 1222 904 sed
1247 873 1378 905 domino
1388 875 1500 905 domus
1519 876 1704 908 honestanda
1713 878 1764 909 est.
1790 879 1822 909 &
1834 889 1866 910 ut
1875 882 1907 910 in
1918 884 2023 911 ceteris
2038 885 2070 908 ¹4
2079 883 2133 912 ha-

1174 915 1270 946 benda
1280 918 1354 946 ratio
1365 927 1430 947 non
1440 917 1490 948 sua
1499 917 1610 952 solum,
1622 919 1671 949 sed
1685 922 1776 951 etiam
1788 922 1915 952 aliorum
1929 921 1983 953 :fic
1993 925 2025 953 in
2036 923 2132 954 domo

1173 957 1244 987 clari
1265 959 1421 992 hominis,
1443 961 1476 989 in
1493 969 1584 1000 quam
1605 960 1779 1002 &hospites
1790 964 1877 994 multi
1889 964 2052 1004 recipiendi
2067 985 2077 999 ,
2099 965 2134 995 δε

1171 998 1356 1030 admittenda
1366 1002 1530 1031 hominum
1542 1005 1568 1028 ¹5
1577 1003 1720 1044 cujusque
1730 1007 1848 1045 generis
1858 1005 2036 1040 multitudo,
2049 1006 2136 1037 adhi—

1173 1040 1269 1071 benda
1286 1040 1329 1071 est
1345 1051 1413 1072 cura
1434 1042 1573 1073 laxitatis.
1597 1044 1682 1074 aliter
1699 1046 1798 1085 ampla
1806 1046 1918 1076 domus
1928 1047 2067 1079 dedecori
2077 1047 2133 1078 do-

1172 1084 1260 1112 mino
1285 1083 1361 1123 saepe
1384 1082 1418 1113 fit
1432 1103 1441 1116 ,
1465 1082 1486 1113 fi
1508 1083 1550 1115 est
1572 1086 1605 1115 in
1620 1095 1652 1115 ea
1662 1087 1802 1117 solitudo.
1823 1088 1856 1118 δε
1868 1089 2004 1118 maxime
2018 1109 2026 1122 ,
2048 1087 2068 1119 fi
2077 1090 2135 1119 ali-

1172 1123 1294 1164 quando
1313 1126 1373 1155 alio
1394 1126 1525 1156 domino
1546 1126 1631 1157 solita
1651 1126 1694 1158 est
1713 1127 1902 1170 frequentari.
1928 1130 2070 1161 odiosum
2089 1130 2133 1162 est

1171 1168 1268 1198 enirn,
1281 1165 1353 1196 cum
1365 1166 1380 1196 a
1392 1168 1640 1206 praetereuntibus
1649 1169 1776 1199 dicitur:

1251 1205 1281 1227 ¹⁶
1291 1212 1314 1237 0
1325 1208 1420 1237 domus
1429 1210 1561 1250 antiqua,
1574 1210 1636 1242 heu,
1649 1211 1736 1252 quhm
1744 1211 1848 1252 dispari
1855 1212 1999 1243 dominare
2007 1212 2130 1243 domino!

1170 1250 1253 1290 quod
1263 1250 1389 1291 quidem
1401 1252 1447 1280 his
1458 1251 1645 1292 temporibus
1658 1255 1692 1283 in
1705 1254 1810 1284 multis
1820 1254 1890 1285 licet
1902 1255 2011 1285 dicere.
2037 1259 2063 1284 ι7
2072 1258 2129 1286 Ca-

1169 1291 1307 1322 vendum
1325 1301 1425 1322 autem
1445 1291 1503 1326 est,
1522 1293 1686 1333 praesertim
1707 1293 1727 1325 fi
1748 1297 1809 1336 ipse
1826 1295 1956 1328 aedifices
1967 1316 1976 1331 ‚
1996 1306 2035 1327 ne
2047 1305 2131 1329 extra

1171 1333 1299 1364 modum
1324 1333 1423 1364 sumtu
1435 1353 1444 1368 ,
1468 1334 1502 1364 &
1513 1334 1739 1375 magnificentia
1747 1338 1870 1376 prodeas
1883 1348 1889 1368 τ
1902 1348 1965 1380 quo
1978 1340 2009 1368 in
2019 1347 2130 1378 genere

1171 1375 1305 1405 multum
1318 1376 1390 1405 mali
1401 1378 1492 1406 etiam
1505 1377 1537 1406 in
1546 1377 1669 1419 exemplo
1680 1377 1730 1408 est.
1743 1378 1876 1410 studiose
1885 1382 1969 1410 enim
1980 1381 2128 1421 plerique,

1169 1417 1332 1456 praesertim
1344 1412 1372 1436 ¹⁸
1382 1418 1415 1447 in
1425 1418 1500 1448 hanc
1509 1427 1633 1458 partem,
1648 1423 1675 1446 ¹9
1686 1419 1760 1451 faeta
1769 1423 1942 1461 principum
1952 1423 2109 1452 imitantur
2123 1434 2129 1451 :

1170 1466 1202 1487 ut
1213 1460 1248 1488 L.
1269 1458 1407 1492 Luculli,
1428 1459 1540 1489 summi
1549 1461 1618 1493 viri,
1630 1462 1783 1495 virtutem,
1794 1465 1885 1503 quis?
1903 1463 2026 1504 atquam
2038 1464 2128 1494 multi

1166 1499 1307 1529 villarum
1330 1498 1588 1540 magnificentiam
1608 1503 1718 1532 imitati
1738 1504 1806 1533 sunt
1825 1504 1836 1530 ?
1852 1514 1978 1544 quarum
2000 1504 2126 1544 quidem

1168 1540 1246 1570 certe
1263 1539 1307 1570 est
1325 1541 1514 1571 adhibendus
1533 1542 1662 1575 modus,
1682 1543 1718 1573 ad
1732 1544 2030 1585 mediocritatemque
2041 1556 2132 1576 revo-

1169 1581 1291 1612 candus:
1303 1581 1470 1622 eademque
1480 1582 1671 1613 mediocritas
1678 1585 1746 1614 20ad
1756 1594 1883 1615 omnem
1895 1586 2129 1620 usum‚cu1cum-

1168 1632 1227 1663 que
1246 1624 1315 1653 vitae
1339 1623 1542 1654 transferenda
1558 1623 1611 1654 est.
1646 1625 1703 1655 Sed
1724 1627 1787 1657 haec
1806 1626 1960 1658 haetenus.
1984 1630 2021 1658 In
2040 1631 2130 1660 omni

1167 1672 1268 1697 autem
1277 1663 1397 1696 afflone
1406 1665 1593 1706 suscipienda
1602 1685 1611 1701 ,
1623 1668 1678 1698 tria
1689 1668 1757 1699 sunt
1767 1669 1895 1700 tenenda
1907 1679 1912 1698 :
1922 1669 2058 1710 primum
2071 1690 2079 1704 ,
2094 1679 2128 1701 ut

2014 1714 2129 1753 appeti-

201 1797 226 1814 ι.
245 1787 290 1813 Sed
297 1792 414 1820 utcunque
428 1785 530 1810 aderunt
542 1793 580 1810 res
592 1803 600 1815 ‚
609 1782 677 1817 ἅμ]
698 1782 824 1809 Deletum
835 1782 890 1810 ibat
899 1782 1062 1811 Gulielmius
1075 1794 1123 1812 vo-

161 1823 284 1852 cabulum
295 1832 332 1848 res
344 1841 352 1854 ,
371 1820 532 1848 auetoritate
544 1822 584 1847 M.
596 1821 627 1846 F.
639 1821 674 1845 D.
686 1827 772 1854 neque
783 1819 862 1845 etiam
871 1819 958 1846 exstat
967 1820 994 1846 in
1006 1820 1121 1848 Palatin.

161 1860 258 1887 verum
268 1860 330 1886 cum
342 1867 390 1894 pro
399 1866 429 1883 ea
439 1863 540 1892 pugnet
549 1855 637 1882 Aldus
648 1855 740 1890 Nepos
753 1874 762 1887 ‚
781 1855 862 1881 malui
873 1854 901 1881 id
914 1855 1066 1891 relinquere
1077 1855 1122 1883 suo

160 1896 223 1923 loco
235 1915 243 1928 ‚
262 1897 343 1931 quam
355 1902 414 1920 curn
424 1891 479 1928 ipso
488 1893 557 1919 inire
567 1899 700 1918 certamen
712 1900 721 1922 5
743 1891 836 1927 utique
847 1892 910 1917 cum
929 1890 1023 1918 habeat
1031 1892 1120 1919 omnis

161 1931 248 1961 editio
259 1937 334 1957 vetus
342 1950 348 1956 .
865 1963 870 1968 ι
1050 1963 1055 1969 ¹

196 1977 224 1995 2.
242 1967 324 2001 lisdem
333 1967 359 1992 de
369 1964 463 1998 rebus]
485 1963 663 1999 subintellige
672 1970 926 1990 commemoratione
938 1982 945 1994 ,
956 1970 1002 1990 aut
1012 1963 1076 1998 quid
1088 1964 1120 1990 fi-

160 2004 226 2031 mile
238 2023 246 2036 ‚
265 2012 317 2030 non
329 2001 400 2029 euim
419 1999 488 2027 tollo
497 2007 592 2028 contra
612 1999 715 2026 codices
725 1999 752 2025 de
763 2018 772 2032 ,
790 1998 862 2036 quod
872 1999 1018 2026 Lambinus
1029 1999 1119 2027 audet.

159 2040 335 2068 Gulielmius.
968 2071 973 2076 .
1012 2071 1017 2076 ⁴

196 2084 224 2112 3.
243 2079 279 2102 Sit
289 2073 404 2109 desinendi
412 2072 517 2107 modun]
538 2072 618 2099 Nihil
631 2072 733 2099 variant
744 2071 837 2098 nostri.
855 2071 1019 2099 Turnebiani
1030 2078 1118 2099 tamen

160 2112 215 2139 duo
225 2111 366 2145 destinandi.
378 2108 530 2136 consulatur
540 2109 588 2135 lib.
599 2117 691 2135 xviii.
702 2117 759 2143 cap.
774 2115 820 2143 39.
1073 2144 1078 2149 ι
1098 2144 1103 2149 ι

194 2155 224 2182 4.
242 2148 272 2174 1d
280 2147 394 2180 agendum
404 2147 474 2171 etiam
485 2164 494 2177 ‚
513 2153 577 2171 mne
595 2153 622 2171 ea
635 2146 719 2178 facere
735 2145 863 2170 videamur
880 2144 969 2178 iuml]
990 2144 1119 2180 Requirit

159 2182 290 2211 sententia
301 2202 309 2215 ,
320 2189 415 2209 tantum
425 2188 470 2208 aut
479 2188 570 2213 tamen,
581 2190 632 2207 non
645 2183 726 2206 etiam.
746 2181 999 2214 annotatqueJanus
1009 2179 1117 2206 Guliel-

159 2220 228 2247 mius
237 2218 334 2247 alicubi
353 2217 498 2258 scripturn5
517 2217 692 2252 satagendum:
713 2215 794 2247 fific,
815 2215 880 2242 nihil
894 2215 993 2242 certius
1008 2235 1016 2249 ‚
1035 2217 1116 2252 quam
1160 2252 1165 2257 ι

154 2258 228 2282 etiam
238 2253 394 2282 mutandum
404 2263 432 2280 in
443 2253 520 2280 aliam
533 2261 715 2289 quamcunque
726 2250 882 2287 particulam
890 2271 896 2277 .

194 2301 221 2325 5.
240 2291 370 2318 secandum
385 2299 394 2321 3
408 2290 443 2324 fic
460 2290 490 2321 (17-
507 2290 541 2315 ad
556 2289 621 2324 hoe]
643 2288 779 2314 Revocavi
797 2286 952 2323 scripturam
971 2286 1116 2323 primarum

155 2325 318 2359 editionum,
328 2329 400 2353 certe
412 2326 604 2352 Palatinorum.
625 2323 793 2351 Camerarius
804 2324 875 2349 enim
893 2322 994 2350 duabus
1007 2323 1115 2351 vocibus

155 2364 270 2400 amplius
283 2383 291 2395 ‚
305 2363 434 2397 strandum
444 2362 524 2387 ιηιάιιι·
533 2363 634 2387 veniunt
646 2361 704 2393 ,fic-
724 2359 881 2395 posteriores
892 2360 944 2386 unzi
954 2367 1027 2387 tantu
1033 2369 1070 2392 in,
1076 2361 1115 2393 se-

155 2401 258 2426 candum
268 2400 366 2432 medici5
379 2400 414 2433 fic
423 2407 463 2423 nos
473 2398 506 2423 ad
512 2399 552 2424 hoc
567 2406 620 2431 gen.
629 2398 687 2430 cast.
698 2405 753 2422 raro
770 2398 893 2430 invitique
901 2398 1029 2422 veniamus
1038 2415 1047 2429 ,
1070 2396 1115 2423 sed

155 2443 252 2473 praeter
262 2444 354 2463 omnes
365 2433 423 2460 mss.
514 2469 527 2474 -
656 2467 661 2473 .
774 2468 779 2473 ⁶
798 2468 803 2473 ¹

191 2473 220 2499 6.
242 2477 336 2506 Magna
347 2476 528 2504 amemparte.j
549 2468 725 2497 Recentiores
739 2467 817 2501 editi,
828 2474 942 2501 exparte,
952 2474 1045 2496 contra
1056 2469 1113 2497 mss'.

156 2506 185 2535 St
195 2507 256 2535 edd.
269 2507 401 2534 exoletas.

192 2552 221 2578 7.
241 2544 307 2573 Ut&
318 2540 462 2575 severit-w]
484 2540 564 2567 Haud
583 2539 654 2567 secus
672 2539 788 2567 ViE'torii
807 2539 911 2573 editio,
931 2549 1016 2577 neque
1035 2541 1114 2569 aliter

156 2580 271 2607 Palatia.
283 2585 329 2605 aut
341 2580 372 2605 F.
383 2587 433 2603 non
445 2576 523 2603 editis
534 2577 593 2603 aliis
602 2576 670 2603 abest
680 2577 718 2607 &-

191 2615 220 2641 8.
241 2619 289 2641 Nec
299 2614 488 2646 confluunt-fieri
501 2613 593 2646 poffimr
603 2631 612 2644 ‚
630 2621 671 2639 nec
683 2614 712 2638 ab
720 2612 751 2638 iic
759 2614 800 2647 qui
809 2611 896 2646 adsient
907 2614 1032 2649 probari]
1054 2613 1112 2641 Ex·-

154 2651 231 2688 preffi
252 2650 400 2677 Palatinum
420 2648 499 2684 prim.
519 2649 562 2675 cui
583 2647 639 2674 fere
657 2648 757 2675 accedit
775 2647 858 2674 editio
876 2649 995 2675 omnium
1016 2649 1111 2686 prima.

155 2686 222 2714 editi
232 2687 302 2713 enim
313 2685 418 2722 postea,
437 2693 465 2710 ca
481 2694 522 2710 nec
531 2686 662 2718 constanter
671 2684 826 2720 fim'pqffimt
838 2703 846 2718 ‚
865 2693 906 2711 nec
926 2685 956 2711 iis
975 2689 1016 2720 qui
1025 2687 1112 2720 adstant

154 2724 398 2795 αρξῗώὲζιᾷαοηίαηι
419 2761 496 2783 omnia
510 2757 672 2791 persequimur
693 2758 813 2791 (volumus
862 2757 922 2783 idem
939 2756 1010 2791 certi)
1031 2758 1111 2784 dicen-

153 2794 220 2827 dum,
229 2795 297 2829 &c.]
319 2795 419 2820 Iterum
439 2793 579 2829 sugillatur
591 2794 770 2829 typographus
789 2802 820 2819 ne
834 2793 875 2819 cio
893 2794 951 2828 quis
962 2793 1109 2827 Parrhafio,

153 2836 277 2866 tanquam
290 2831 358 2856 hunc
376 2830 462 2856 locum
474 2829 622 2865 corruperit
634 2848 641 2861 ,
661 2830 724 2856 cnm
736 2838 796 2855 vera
815 2828 878 2856 esset
887 2829 987 2856 leetio:
1010 2832 1042 2855 Et
1051 2840 1107 2864 quo-

152 2869 220 2892 niam
228 2869 305 2893 omnia
311 2866 418 2900 per-liqui
426 2868 534 2891 volumus
544 2866 635 2899 quidem
644 2866 714 2895 certe,
724 2865 856 2897 dicendum,
865 2865 916 2896 ὠτ.
936 2873 964 2892 at
975 2875 1032 2892 eam
1044 2865 1108 2892 scri-

153 2909 260 2938 pturam
272 2912 322 2930 non
334 2903 442 2929 invenio
454 2902 479 2928 in
493 2902 577 2928 Palat.
588 2910 639 2928 non
653 2902 677 2928 in
688 2901 752 2929 olim
764 2901 829 2927 cusis
842 2920 850 2933 ,
860 2910 911 2928 non
923 2901 949 2929 in
960 2901 1107 2929 celebribus

151 2937 215 2966 edd.
227 2938 268 2966 sed
279 2939 355 2975 plane
367 2939 493 2975 priorem.
515 2947 599 2974 neque
612 2937 674 2964 ferri
686 2937 769 2974 potest
778 2937 860 2963 altera
870 2937 937 2971 ejus.

192 2983 235 3001 ιο.
254 2976 391 3009 Cujus-finis
399 2978 434 3001 eft
443 2975 525 3009 usia]
546 2975 588 3000 Sic
598 2976 625 3000 ὃ(
637 2974 749 3001 palatin.
764 2973 926 3000 Gulielmius
937 2972 1051 3001 malebat
1062 2993 1071 3006 ,
1080 2974 1109 3005 &-

152 3008 220 3043 usue,
249 3010 303 3037 uod
313 3012 339 3037 &
351 3010 378 3037 in
388 3011 428 3036 M.
441 3012 470 3036 F.
482 3011 518 3036 D.
532 3011 596 3037 item
615 3019 725 3037 avorum
744 3018 801 3036 aevo
818 3009 899 3039 cusis;
923 3017 954 3036 ut
963 3008 1032 3037 dicat
1043 3020 1109 3037 eun-

151 3045 214 3073 dern
245 3056 303 3073 nern
314 3045 460 3073 aedificandi
470 3045 564 3073 domus
574 3046 625 3074 effe
634 3047 663 3073 &
675 3046 761 3074 usum.
781 3046 826 3083 qui
837 3045 923 3074 sensus
933 3046 1013 3074 etiam
1024 3047 1108 3074 resul-

151 3088 194 3111 nt
202 3091 235 3109 ex
247 3083 330 3109 altera
339 3081 478 3118 scriptura.

190 3127 233 3146 u.
250 3119 428 3154 zambrium]
450 3118 494 3147 Sic
511 3118 632 3148 Danielis
649 3118 698 3149 ms.
715 3119 928 3158 ssiffragaturque
945 3118 1031 3151 editio
1047 3119 1106 3150 Ro-

1161 1794 1239 1813 mana
1256 1787 1376 1814 omnium
1396 1788 1527 1824 princeps.
1548 1789 1657 1824 vulgata
1665 1792 1771 1817 Palatia.
1791 1792 1878 1817 minus
1897 1790 1977 1819 belle.
2000 1792 2026 1819 in
2037 1793 2125 1821 altero

1161 1820 1315 1850 subauditur
1333 1830 1416 1850 monte.
1435 1824 1474 1852 ita
1491 1824 1557 1860 saepe
1575 1825 1690 1861 legimus
1702 1845 1711 1859 ,
1728 1829 1754 1852 in
1763 1829 1882 1854 Aventino
1893 1845 1902 1860 ,
1920 1830 1947 1854 in
1963 1829 2121 1864 ‹AEsquilinm

1162 1857 1342 1885 Gulielmius.

1203 1902 1245 1920 n..
1260 1895 1412 1928 Confiaelatum
1425 1897 1521 1929 primur
1537 1897 1651 1931 attufit]
1671 1896 1784 1934 Nupere
1798 1897 1900 1934 vulgati
1911 1900 1993 1925 Intulit
2009 1919 2017 1933 ,
2037 1900 2126 1928 minus

1163 1928 1248 1956 reete.
1268 1930 1405 1966 respondit
1414 1932 1485 1958 enim
1496 1934 1579 1958 attulit
1589 1932 1630 1959 illi
1642 1935 1725 1959 retulit
1733 1934 1804 1970 quod
1816 1943 1879 1961 mox
1890 1934 2020 1971 sequitur.
2041 1946 2127 1973 neque

1162 1965 1233 1992 enim
1245 1965 1272 1992 id
1281 1966 1395 1994 otiosum
1407 1967 1443 1994 est
1456 1987 1464 2000 ,
1483 1974 1514 1994 ut
1523 1967 1630 2004 quidam
1641 1976 1800 2002 autumant5
1823 1970 1973 2008 habentque
1990 1980 2127 2010 utrunque.

1163 2002 1191 2027 &
1203 2009 1270 2029 vett.
1280 2002 1344 2029 edd.
1354 2004 1382 2030 &
1394 2002 1455 2029 libri
1468 2003 1570 2030 calamo
1580 2005 1693 2031 exarati.

1201 2046 1243 2073 ¹3·
1263 2043 1317 2065 Non
1335 2049 1364 2065 ex
1381 2040 1443 2065 domo
1460 2046 1510 2065 rora
1527 2041 1680 2075 quaerendas]
1706 2042 1747 2068 lta
1764 2042 1952 2070 Gulielmiani.
1974 2052 2033 2071 nam
2052 2044 2125 2080 typis

1161 2073 1293 2108 quondam
1306 2074 1434 2111 publicati
1447 2094 1455 2107 ,
1465 2085 1510 2101 non
1519 2082 1569 2102 tota
1579 2086 1608 2102 ex
1618 2078 1679 2103 domo
1689 2079 1826 2112 quaerenda.
1846 2079 1979 2107 recentius
1992 2080 2122 2116 impl-effi,

1160 2110 1222 2136 domo
1233 2111 1335 2144 dignim
1344 2118 1404 2143 tota,
1414 2112 1465 2142 ἀνι.
1482 2111 1622 2147 superflue.

1200 2152 1242 2178 ¹4-
1260 2146 1376 2173 Habenda
1385 2150 1446 2173 ratio
1454 2157 1500 2173 non
1511 2148 1664 2183 fiai-folum]
1685 2149 1873 2185 Vulgatiusfiei
1883 2168 1892 2183 ,
1912 2158 2005 2179 contra
2013 2151 2126 2180 consen·

1156 2180 1211 2208 sum
1225 2190 1345 2210 veterum
1358 2183 1582 2210 membranarum.
1603 2184 1779 2212 Gulielmius.

1200 2226 1244 2252 ις.
1263 2220 1379 2253 Cujusque
1391 2220 1510 2254 generim]
1531 2221 1624 2247 Inveni
1644 2221 1751 2248 &istud
1770 2223 1797 2248 in
1816 2222 1940 2250 omuibus
1960 2222 2125 2251 editionibus

1154 2262 1212 2315 jare?
1231 2255 1387 2291 antiquatis.
1417 2256 1446 2282 δε
1467 2262 1555 2283 tamen
1576 2256 1713 2284 Palatinus
1741 2258 1829 2286 noster
1846 2258 1972 2296 expreffit
1989 2278 1998 2292 ‚
2016 2261 2125 2294 cujusque

1157 2299 1191 2316 mo
1208 2301 1227 2316 ι.

1198 2326 1240 2352 16.
1258 2331 1277 2353 ο
1286 2327 1366 2353 domm·
1375 2327 1479 2361 antique?
1486 2329 1530 2354 heu
1541 2347 1549 2359 ‚
1560 2327 1632 2362 qmim
1642 2329 1735 2363 dispari
1744 2329 1862 2356 dominare
1871 2330 1985 2365 domim]
2004 2330 2120 2358 Retinni

1159 2362 1229 2397 quod
1241 2362 1328 2390 inveni
1338 2363 1365 2390 in
1376 2362 1518 2399 plerisque,
1529 2364 1593 2391 cusis
1603 2373 1712 2391 avorum
1725 2365 1834 2392 saeculo:
1858 2374 1932 2393 tanto
1941 2366 2049 2402 quidem
2062 2377 2121 2394 rna-

1158 2399 1199 2434 gis
1210 2398 1282 2435 quod
1291 2399 1422 2427 calculum
1433 2400 1471 2427 eis
1484 2399 1613 2427 adderent
1633 2400 1690 2427 mss‘.
1701 2401 1843 2429 Gulielinii
1853 2402 2030 2439 aliorumque.
2050 2403 2122 2430 haud

1159 2435 1325 2471 reprehendo
1339 2442 1426 2463 tamen
1441 2445 1499 2472 quae
1508 2435 1595 2462 distat
1606 2436 1725 2464 Turneb.
1738 2437 1785 2464 lib.
1797 2446 1911 2466 xxviii.
1929 2447 1987 2475 cap.
2001 2447 2047 2475 39.
2061 2439 2123 2466 Ad-

1159 2470 1336 2498 versariorum
1350 2482 1356 2499 ε
1380 2472 1436 2498 imo
1448 2481 1495 2499 nec
1503 2472 1632 2499 abhorreo
1643 2474 1658 2499 a
1678 2472 1833 2509 transpositu
1844 2474 1986 2501 verborum
2007 2476 2052 2516 qui
2063 2475 2122 2511 pla·

1159 2507 1216 2534 cuit
1226 2507 1386 2535 Gulielmio.
1410 2508 1521 2535 Sirleto.
1541 2518 1600 2535 nam
1612 2509 1720 2536 Latomi
1738 2509 1891 2544 conjectura
1910 2512 1926 2537 a
1936 2511 2047 2538 Nanmo
2056 2520 2121 2547 pro-

1157 2543 1241 2570 dueta
1250 2543 1298 2570 lib.
1310 2553 1352 2571 ix.
1364 2543 1515 2571 Miscellan.
1526 2545 1637 2571 nimium
1649 2545 1704 2572 abit
1715 2546 1852 2572 alitteris.

1195 2588 1236 2614 17.
1255 2580 1394 2607 cavendum
1411 2588 1490 2607 antem
1500 2581 1560 2615 effi]
1585 2582 1614 2608 In
1626 2581 1712 2608 sedem
1729 2581 1863 2617 pristinam
1875 2582 1956 2610 intuli
1968 2591 2059 2610 vocem
2070 2592 2120 2610 au-

1155 2623 1201 2642 tem
1212 2634 1220 2648 ‚
1237 2625 1295 2652 quae
1305 2617 1332 2643 &
1343 2616 1370 2642 in
1381 2616 1425 2643 ed.
1436 2617 1556 2644 Romana
1567 2617 1652 2653 prima
1666 2638 1672 2649 ,
1684 2617 1849 2653 vulgatisque
1860 2619 1874 2645 :i
1886 2618 2020 2651 ViEtorio,
2031 2628 2119 2656 neque

1155 2652 1282 2680 recedunt
1292 2652 1423 2680 Gulielin.
1433 2660 1478 2681 aut
1488 2653 1587 2681 Palatt.
1597 2654 1735 2689 sequentes
1745 2654 1904 2681 invexerant
1916 2674 1924 2687 ‚
1941 2656 2073 2682 cavendum
2082 2657 2117 2682 ef?

1153 2697 1236 2715 enam.

1193 2724 1234 2752 18.
1254 2728 1282 2751 1η
1299 2726 1362 2751 hanc
1378 2726 1496 2760 partem]
1518 2725 1633 2753 Restitui
1645 2726 1713 2788 quod
1726 2726 1872 2767 publicarat
1887 2726 1954 2753 olim
1964 2725 2115 2759 Vietorius,

1153 2761 1277 2797 quoniam
1289 2761 1312 2788 ei
1325 2761 1446 2788 faverent
1457 2762 1554 2788 l'alatt.
1566 2762 1594 2788 &
1605 2763 1647 2789 Gu
1661 2763 1790 2790 ielmiani.
1811 2762 1884 2798 seqq.
1893 2766 1919 2788 in
1930 2765 2060 2797 harpam.

1192 2805 1234 2833 19.
1256 2799 1332 2823 Fac'ia
1346 2800 1479 2830 principum
1488 2799 1642 2833 imitanum]
1666 2799 1841 2826 Mauritianus
1856 2808 1944 2832 meus,
1957 2801 2113 2834 principium.

1153 2843 1238 2870 neque
1248 2834 1318 2860 secus
1329 2833 1414 2860 editio
1425 2834 1546 2861 Romana
1557 2835 1651 2869 prima.
1671 2835 1846 2862 Gulielmius.

1188 2879 1234 2896 ιο.
1254 2870 1308 2897 tAd
1322 2879 1408 2896 omnem
1416 2870 1481 2902 usiam
1491 2872 1623 2904 cultumque
1638 2873 1695 2897 vitae
1712 2871 1906 2906 transferenda]
1928 2871 1969 2898 lta
1978 2869 2065 2908 scripsi
2078 2880 2114 2898 ex

1153 2907 1218 2933 meis
1238 2905 1323 2932 libris.
1344 2915 1403 2932 nam
1422 2905 1454 2932 ab
1473 2905 1606 2933 habitandi
1621 2906 1805 2934 mediocritate
1819 2906 1972 2934 admonitus
1986 2927 1994 2939 ,
2013 2908 2112 2934 iterum

1152 2941 1268 2969 inculcat
1280 2961 1287 2973 ,
1307 2941 1332 2968 in
1342 2941 1417 2968 omni
1429 2942 1491 2968 vitae
1501 2941 1545 2968 usu
1557 2952 1587 2970 ac
1597 2943 1670 2970 cultu
1684 2943 1827 2970 tenendum
1839 2943 1865 2970 id
1879 2943 1949 2980 quod
1961 2944 1997 2971 est
2008 2943 2115 2970 medio-

1153 2986 1218 3009 cre;
1239 2977 1394 3013 fugiendum
1414 2977 1441 3004 id
1460 2978 1530 3014 quod
1545 2986 1590 3006 aut
1604 2979 1715 3006 nimium
1730 2988 1776 3007 aut
1785 2989 1888 3016 parum.
1909 2980 1972 3007 Alia
1984 2979 2115 3007 sententia.

1152 3014 1234 3049 vulgo
1244 3014 1328 3041 edunt
1339 3033 1346 3045 ‚
1366 3014 1399 3040 ad
1407 3023 1545 3040 communem
1553 3017 1620 3049 uficm
1629 3018 1760 3050 cultumque
1769 3019 1826 3043 vita
1836 3017 1969 3050 referenda.
1990 3024 2020 3043 ut
2030 3016 2114 3047 dicat,

1147 3050 1202 3085 jam
1215 3050 1427 3077 mediocritatem
1439 3050 1606 3078 referendam
1625 3051 1657 3079 ad
1668 3051 1791 3088 cujusque
1801 3052 1875 3080 ul'um
1886 3053 1913 3078 8(
1925 3052 2027 3079 cultum
2042 3052 2114 3078 vitae.
2133 3055 2134 3058 ’

1153 3086 1225 3114 reste
1237 3085 1262 3114 id
1273 3086 1381 3123 quidem
1394 3097 1400 3114 :
1422 3086 1462 3113 sed
1475 3095 1567 3114 contra
1577 3097 1669 3115 omnes
1681 3088 1775 3117 libros.
1795 3088 1828 3117 fic
1838 3088 2001 3118 Gulielmius
2013 3097 2022 3120 3
2040 3087 2116 3121 cujus

1152 3123 1350 3162 castigationem
1360 3122 1470 3161 praefert
1480 3123 1564 3152 editio
1574 3124 1700 3154 Visstorii.

1430 3161 1663 3199 Qqqqqqq²

2018 3161 2110 3187 LTer-
