2337 3400
183 137 285 200 634
487 127 582 173 An
636 121 1031 167 Por-vnum·
1071 108 1161 177 1:1⁷1·
1224 111 1578 180 EQ1JTES
1641 116 1820 167 Rom.

1098 245 1260 302 AD

195 366 842 468 POPuLuM
905 364 1078 453 ET
1147 361 1718 478 EQJITES
1789 367 2155 459 ROM.

320 523 940 608 ANTEQUAM
1010 523 1256 583 IRET
1322 523 1432 584 IN
1500 524 2031 588 EXSILIUM.

261 666 347 705 Haec
356 656 480 702 oratio
493 655 549 698 est
561 653 770 715 inelegans,
784 651 999 696 inconcinna
1018 681 1031 703 ,
1046 647 1179 711 insulfic
1194 677 1206 699 ‚
1223 660 1336 710 atque
1351 649 1477 712 inepta
1488 686 1500 703 ‚
1525 650 1682 712 denique
1694 653 1759 697 vix
1774 652 1922 697 Latina.
1964 659 2097 712 Iraque
2106 656 2171 715 qui

193 742 276 771 eam
295 723 466 769 Ciceroni
489 719 728 782 adscribunt,
753 719 883 764 eadem
898 730 1006 779 opera
1031 718 1109 777 regi
1129 716 1242 761 alicui
1264 717 1431 778 opulento
1454 713 1589 780 vestem
1609 720 1781 778 aliquam
1803 717 1912 781 craffiv
1932 716 1998 780 filo
2018 721 2169 776 tritam,

194 809 237 838 ac
250 794 415 838 laceram
428 787 669 834 circumdent.

464 910 479 939 1
494 906 615 949 quando
630 906 831 938 inimicorum
846 905 996 946 impetum
1013 902 1167 945 propulsa-

430 982 438 992 ..
466 960 496 980 re
508 970 518 983 ,
538 959 569 980 ac
581 949 747 989 propellere
757 947 878 988 cupistis
891 969 900 981 ‚
919 946 1073 978 defendite
1084 956 1166 976 nunc

374 1028 384 1033 -
405 1028 422 1031 ⁴⁷
467 990 598 1022 univerfi
610 1000 705 1020 unum
716 1009 724 1024 ‚
738 992 810 1031 qui,
826 1001 863 1020 ne
873 999 982 1020 omnes
993 988 1166 1019 concidere-

378 1029 446 1072 ffi-»Q
470 1036 507 1064 tis
518 1053 526 1067 ,
541 1033 705 1073 ardoreque
715 1031 847 1063 flammae
857 1031 1089 1073 conflagraretis,
1102 1032 1165 1060 mei

312 1098 321 1120 ι
349 1091 357 1099 .
391 1067 439 1115 »²⁸73
469 1077 574 1114 capitis
600 1075 738 1115 periculo
757 1084 822 1104 non
841 1074 977 1104 dubitavi
995 1073 1163 1113 providere.

298 1114 307 1122 '
384 1110 446 1165 3³5
471 1119 573 1150 Nam,
594 1126 686 1157 quem
707 1118 826 1147 virtutis
844 1117 938 1157 gloria
955 1125 1027 1146 cum
1050 1115 1168 1145 summa

414 1153 432 1169 '²
471 1158 557 1189 laude
567 1158 602 1188 ad
613 1159 726 1189 coelum
738 1159 848 1188 extulit
858 1178 866 1191 ‚
879 1157 1011 1188 eundem
1023 1158 1167 1186 inimico-

197 1211 268 1233 rum
285 1200 402 1232 invidia
420 1198 628 1241 indigniffime
648 1198 821 1241 oppress‘um
842 1200 986 1240 deprimit
1002 1198 1038 1228 ad
1057 1198 1168 1238 suppli-

200 1246 300 1274 cium.
321 1245 354 1274 Si
363 1241 495 1273 liberum
505 1251 686 1283 conceptam
696 1242 890 1273 dulcedinem
903 1243 1008 1271 animo
1019 1240 1165 1270 inclusam

201 1287 367 1317 continetis
377 1305 386 1319 ‚
406 1285 505 1315 nolite
514 1294 550 1315 eo
562 1285 638 1315 velle
649 1294 747 1315 carere
760 1305 769 1318 ,
787 1285 839 1325 qui
848 1282 1025 1314 carissimam
1039 1280 1166 1312 vestram

201 1328 442 1369 procreationem
461 1325 515 1356 fibi
534 1325 593 1357 effe
611 1326 709 1357 duxit.
733 1328 758 1357 E
771 1337 815 1356 ετ
837 1335 889 1355 EN
906 1335 917 1355 1
932 1335 959 1355 M
981 1324 1104 1355 liberale
1123 1321 1171 1353 of-

202 1369 308 1400 ficium
320 1389 329 1404 ‚
346 1369 439 1399 serere
454 1367 636 1399 beneficium
651 1389 660 1403 ,
679 1377 713 1399 ut
725 1377 838 1398 metere
849 1366 939 1408 poffis
954 1365 1098 1398 fruEtum.
1122 1366 1172 1395 Fi-

203 1412 253 1442 dei
266 1411 415 1442 conducit
424 1429 433 1444 ,
445 1412 479 1441 in
490 1411 559 1441 loco
568 1430 576 1446 ,
591 1410 731 1441 debitum
742 1410 913 1440 retribuere.
937 1409 1001 1439 illic
1011 1410 1095 1443 enim
1106 1408 1172 1438 ani-

204 1455 251 1484 mi
268 1453 408 1488 voluntas
419 1453 566 1524 prospensa
578 1453 791 1493 comprobatur
806 1462 811 1481 :
831 1449 879 1482 hic
893 1453 1044 1481 memoria
1055 1450 1170 1481 collau-

204 1495 303 1526 datur.
326 1497 428 1535 Itaque
439 1514 448 1529 ,
482 1505 493 1524 1
503 1495 652 1526 omnibus
671 1504 691 1525 G
702 1505 723 1524 R
735 1504 785 1525 Av
796 1503 817 1523 ε
836 1494 1102 1533 servitutisjugum
1112 1490 1172 1522 effe

205 1537 296 1568 debet
307 1538 342 1567 in
354 1537 491 1567 libertate
502 1536 654 1568 educatis:
673 1536 706 1567 sit
723 1538 749 1566 is
767 1534 872 1567 vestris
885 1536 998 1566 animis
1010 1531 1172 1574 acceptissi—

206 1589 277 1610 mus
288 1599 297 1613 ,
307 1580 359 1620 qui
370 1578 386 1608 a
395 1577 496 1609 vestro
505 1588 631 1619 corpore
640 1579 747 1619 jugum
759 1575 980 1609 acerbiffimum
993 1577 1103 1616 repulit
1115 1577 1172 1606 ser-

206 1622 326 1652 vitutis.
347 1622 406 1653 Et,
428 1618 449 1649 fi
463 1621 593 1656 majores
610 1619 700 1651 vestri
719 1630 770 1650 eos
785 1621 1000 1659 imperatores,
1045 1620 1075 1648 ui
1088 1618 1172 1649 mili-

207 1672 274 1693 tum
286 1664 396 1693 virtute
406 1660 541 1692 hostium
551 1661 706 1703 fregerunt
714 1661 850 1692 furorem
861 1680 870 1695 ‚
883 1629 1099 1701 jucundissimo
1110 1659 1173 1690 fru-

207 1704 260 1735 Etu
276 1704 422 1735 libertatis
436 1704 632 1742 reconciliato
643 1724 652 1739 ‚
673 1714 735 1734 non
749 1703 848 1734 solum
861 1702 962 1734 statuis
969 1702 1079 1743 dignos
1090 1710 1184 1743 puta-v

209 1755 280 1777 runt
291 1767 300 1780 ,
322 1745 373 1776 sed
391 1746 482 1776 etiam
495 1755 604 1777 aeterna
620 1747 769 1787 triumphi
788 1745 875 1776 laude
890 1745 1084 1775 decorarunt:
1105 1754 1170 1775 tum

208 1797 266 1818 vos
275 1797 345 1818 eum
355 1787 513 1818 consulem
526 1807 534 1821 ,
545 1789 599 1828 qui
610 1798 674 1818 non
683 1789 820 1819 militum
830 1788 966 1828 praesenti
976 1785 1171 1820 fortitudine,

208 1830 259 1860 sed
274 1830 322 1860 sua
335 1830 449 1866 eximia
464 1831 561 1860 animi
574 1831 684 1861 virtute
695 1829 839 1860 hostilem
849 1831 966 1860 civium
977 1837 1114 1859 mentem
1129 1829 1174 1859 se-

208 1881 297 1913 natus
307 1867 485 1902 auetoritate
494 1871 660 1902 vindicavit
669 1891 678 1906 ,
698 1871 868 1902 existimate
878 1871 967 1901 vobis
979 1870 1172 1900 retinendum

213 1916 244 1944 in
256 1915 374 1944 civitate
382 1910 450 1943 effe.
493 1915 524 1944 Si
537 1933 546 1947 ,
557 1923 626 1953 quae,
634 1912 780 1944 beneficia
790 1911 830 1943 fin
854 1913 911 1942 ulis
922 1912 1041 1943 civibus
1051 1931 1060 1946 ,
1073 1913 1173 1952 priva-

207 1965 326 1997 timque
344 1955 470 1988 dantur,
495 1965 528 1986 ea
544 1955 688 1991 solentii's
701 1954 801 1993 efl'efr
853 1955 936 1994 uasa,
956 1954 972 1984 a
984 1954 1094 1995 quibus
1109 1955 1177 1985 sunt

208 1997 358 2038 profecta:
376 1998 443 2037 jure
460 1997 492 2027 &
504 1996 615 2028 merito
632 1995 752 2037 poss'um
769 2007 825 2039 ego
838 2006 895 2028 vos
911 1996 947 2026 ad
965 1994 1172 2026 defensionem

209 2050 287 2070 mcae
303 2039 404 2070 salutis
421 2038 571 2070 adhortari
583 2060 591 2073 ,
611 2049 687 2080 quos
706 2039 881 2070 conservavi
898 2038 1066 2068 universos.
1090 2039 1172 2068 Nam

210 2081 308 2123 neque
319 2083 417 2121 majus
426 2080 469 2112 est
477 2081 639 2112 defendere
649 2091 744 2112 unum
756 2102 764 2115 ‚
783 2082 874 2122 quim
884 2080 1034 2120 populum
1047 2090 1053 2109 ;
1075 2090 1174 2121 neque

211 2126 312 2154 vetius
332 2124 347 2153 a
366 2123 508 2165 singulis,
526 2124 615 2164 quam
635 2123 671 2154 ab
687 2124 834 2154 omnibus
846 2131 975 2162 repetere
989 2120 1086 2153 officii
1099 2131 1174 2163 prae-

214 2168 328 2200 mium,
342 2165 373 2196 &
385 2165 518 2196 fruetum
532 2165 704 2206 :propterea
715 2164 797 2205 quod
807 2167 840 2195 in
852 2166 944 2195 unius
954 2164 1091 2204 periculo
1100 2165 1176 2205 saepe

214 2210 374 2239 eontentio
393 2217 479 2247 parva
495 2206 537 2238 est
548 2227 556 2241 ,
576 2217 609 2238 ut
627 2208 702 2238 levis
717 2207 750 2237 fit
763 2207 847 2238 labor
859 2206 1010 2237 defensori
1025 2205 1175 2237 sustinen-

217 2249 292 2287 dus:
313 2251 344 2279 'in
354 2259 427 2288 reip.
439 2249 565 2284 insidiis,
577 2259 639 2290 quo
653 2248 773 2280 firmius
783 2248 825 2279 est
834 2248 916 2290 quod
929 2257 1126 2289 oppugnatur,
1138 2259 1176 2280 eo

216 2293 380 2332 paratiores
390 2292 601 2325 suntinimici,
615 2300 647 2322 ut
661 2293 698 2321 iis
713 2290 773 2322 fine
785 2301 831 2321 tna
855 2301 892 2321 na
900 2290 1176 2325 sollicitudine‚in-

216 2332 330 2364 dustria
339 2353 349 2367 ‚
364 2335 474 2363 virtute
483 2343 547 2363 non
557 2341 644 2374 queat
654 2331 754 2362 resisti.
778 2336 814 2363 Et
836 2333 1008 2373 ingulorum
1019 2342 1092 2372 opes
1103 2333 1177 2373 saepe

215 2375 285 2406 sunt
296 2384 401 2405 tenues
414 2395 421 2407 ,
437 2375 470 2404 ὃς
479 2373 611 2404 infirmae
622 2374 656 2404 ad
662 2376 795 2414 gratiam
805 2373 995 2404 referendam
1006 2393 1015 2407 ,
1033 2383 1066 2403 ut
1076 2377 1178 2414 opitu-

215 2418 269 2449 lari
280 2416 547 2448 benemerentibus
557 2425 620 2446 non
629 2424 740 2457 queant
749 2436 757 2449 ‚
773 2414 793 2445 si
805 2414 940 2448 maxime
952 2417 1088 2454 cupiant:
1109 2416 1180 2445 uni-

216 2460 372 2490 versorum
383 2458 534 2489 auxilium
546 2457 584 2488 eb
593 2458 762 2499 plurimum
776 2455 896 2499 prodest
905 2476 913 2491 ‚
934 2455 1018 2498 quod
1036 2454 1180 2487 firmiori-

217 2501 275 2540 bus
286 2502 396 2541 opibus
406 2499 448 2530 est
458 2510 579 2530 nixum.
603 2501 676 2542 Jure
686 2501 776 2539 igitur
790 2519 800 2534 ²
812 2500 958 2541 quoniam
971 2499 1003 2529 δε
1014 2500 1180 2538 majorim-

219 2544 308 2582 pensa
317 2545 350 2573 in
361 2544 484 2583 patriam
496 2541 590 2572 officii
602 2541 661 2575 est,
682 2542 774 2583 quarn
785 2544 816 2572 in
827 2543 941 2582 privata
951 2539 985 2571 fit
995 2539 1177 2574 defensione,

220 2585 253 2615 &
262 2585 328 2624 plus
338 2585 353 2616 a
362 2585 450 2615 vobis
460 2583 585 2624 piaefidii
596 2605 604 2618 ,
616 2584 706 2624 quam
717 2583 733 2614 a
741 2587 850 2614 ceteris
865 2584 931 2623 opis
941 2583 975 2614 ad
986 2583 1112 2614 salutem
1125 2593 1180 2623 po-

221 2627 276 2656 test
288 2625 385 2657 afferri
397 2638 402 2656 :
414 2637 469 2657 vos
479 2625 627 2660 obtestor,
638 2636 715 2667 quos
727 2626 846 2656 mihi&
856 2625 964 2656 debere
974 2646 983 2659 ‚
996 2625 1029 2655 &
1038 2623 1121 2665 posse
1133 2627 1181 2655 in-

172 1926 192 1949 23

221 2669 323 2709 telligo
335 2670 487 2709 opitulari.
510 2671 583 2698 Non
594 2670 740 2699 convenit
750 2670 834 2699 enirn
847 2688 855 2703 ‚
866 2667 937 2699 cum
949 2678 1004 2709 ego
1014 2668 1049 2698 ad
1060 2677 1181 2708 prome·
1200 2664 1202 2673 ’

221 2712 353 2741 rendum
364 2710 501 2741 officium
512 2719 572 2741 tam
581 2709 694 2741 fuerim
702 2710 870 2751 expeditus:
880 2719 935 2740 vos
945 2711 979 2740 ad
991 2709 1181 2741 referendam

224 2754 350 2792 gratiam
361 2751 418 2783 effe
429 2753 587 2783 tardiores:
606 2762 646 2783 ne
657 2773 665 2787 ‚
686 2754 772 2792 cujus
782 2751 1020 2793 amplitudinem
1036 2772 1044 2786 ‚
1063 2762 1096 2783 ac
1115 2753 1182 2793 glo—

228 2796 304 2824 1iam
322 2795 407 2825 laude
419 2815 426 2829 ,
447 2804 535 2836 atque
554 2794 724 2826 honoribus
743 2794 927 2835 amplificare
948 2794 1080 2825 debeatis
1089 2815 1098 2829 ‚
1120 2794 1184 2835 ejus

228 2837 471 2867 incolumitatem
490 2857 499 2871 ‚
521 2837 554 2868 &
586 2837 712 2867 salutem
730 2856 739 2872 ‚
767 2836 961 2867 deserendam
984 2836 1176 2868 existimetis.

194 2888 208 2921 3
230 2879 350 2908 Etenim
363 2888 437 2909 errat
447 2877 466 2908 si
475 2880 542 2920 quis
551 2879 725 2914 arbitratur,
739 2879 927 2910 M.Tullium
941 2878 1052 2909 idcirco
1063 2881 1096 2909 in
1104 2880 1185 2919 capi-

228 2922 264 2958 tis
275 2921 441 2959 periculum
452 2921 654 2963 vocari‚qubd
664 2921 823 2963 deliquerit
833 2921 958 2963 aliquid,
969 2921 1049 2963 quod
1060 2923 1184 2962 patriam

225 2961 336 3008 leserit
347 2982 355 2995 ,
371 2961 453 3003 quod
466 2964 606 3004 improbe
618 2966 737 2995 vixerit.
760 2974 825 2995 non
837 2966 943 2995 citatur
954 2974 1021 2994 reus
1034 2963 1163 2995 audaciae
1178 2974 1183 2992 :

227 3011 346 3034 virtum
358 3015 418 3034 retu
432 3007 545 3036 citatur.
570 3017 634 3037 non
644 3007 792 3038 accusatur
800 3006 882 3049 quod
893 3006 1032 3047 rempub.
1043 3009 1074 3037 vi
1086 3015 1182 3047 oppu-

227 3050 341 3087 gnarit,
363 3047 410 3077 sed
427 3046 509 3088 quod
525 3050 619 3079 bomo
635 3059 733 3080 novus
745 3049 950 3090 perniciosum
967 3049 1121 3079 nobilium
1137 3058 1182 3078 re-

226 3088 365 3118 stinxerit
375 3088 522 3119 furorem.
546 3092 620 3120 Non
630 3091 715 3121 obest
726 3093 803 3121 mihi
813 3093 906 3132 turpis
918 3111 926 3126 ,
941 3091 974 3121 δε
985 3101 1098 3121 nocens
1109 3111 1118 3124 ,
1133 3090 1183 3121 sed

225 3129 430 3174 honestiffime
440 3130 768 3173 laudatiffimeque‚a6ta
778 3137 845 3164 vita.
859 3143 924 3164 non
932 3133 1006 3163 odio
1015 3133 1182 3165 bonorum,

221 3171 271 3204 scd
281 3173 396 3205 invidia
405 3183 526 3214 premor
537 3174 698 3206 malorum.
721 3177 900 3218 Intelligunt
910 3177 1052 3207 homines
1061 3194 1070 3210 2
1083 3184 1138 3212 tot,
1150 3175 1184 3208 &

1197 2981 1205 3019 l

1199 3019 1206 3081 l

1208 911 1267 935 tam
1281 905 1430 946 praeclaris
1442 905 1626 937 testimoniis
1637 926 1646 941 ‚
1666 906 1934 948 monumentisque
1946 907 2068 938 virturis
2079 915 2167 936 com-

1206 957 1311 988 paratis
1324 960 1332 982 5
1344 948 1499 979 MTullio
1509 969 1518 983 ‚
1530 949 1604 979 dum
1617 947 1650 979 sit
1661 951 1825 980 incolumis
1835 969 1844 983 ,
1856 948 1920 980 fore
1931 970 1941 984 ‚
1951 950 2107 989 voluptati.
2121 947 2171 978 id-

1206 989 1288 1020 circo
1299 992 1392 1020 vitam
1404 992 1514 1030 eripere
1524 993 1650 1032 cupiunt
1660 1011 1668 1025 ‚
1680 1001 1713 1022 ut
1722 1002 1792 1023 curn
1803 992 1906 1032 spiritu
1918 992 2037 1022 sensum
2048 999 2171 1032 quoque

1205 1031 1552 1071 adimantjucund'itatis.
1573 1035 1688 1064 Nonne
1701 1036 1788 1075 igitur
1798 1033 1960 1075 indignum
1970 1032 2025 1066 est,
2036 1042 2088 1062 eos
2096 1032 2172 1072 prae-

1207 1074 1279 1102 miis
1289 1075 1366 1103 meis
1378 1074 1512 1104 invidere
1525 1094 1533 1108 ,
1554 1077 1606 1115 qui
1620 1077 1729 1106 virtute
1740 1085 1847 1106 certare
1863 1076 2047 1106 noluerunt?
2067 1083 2119 1104 eos
2136 1075 2170 1102 in

1205 1118 1436 1145 contentionem
1447 1117 1572 1146 honoris
1581 1119 1696 1151 venire,
1706 1120 1758 1158 qui
1769 1116 1878 1148 officiis
1891 1118 1917 1148 se
1927 1118 2053 1156 superari
2062 1115 2173 1156 aequis-

1207 1154 1284 1186 fimo
1294 1158 1400 1186 animo
1413 1158 1566 1188 tulerunt?
1585 1156 1605 1186 si
1616 1158 1714 1188 dulcis
1724 1158 1767 1189 est
1778 1159 1872 1199 gloria
1883 1179 1892 1193 ,
1912 1158 2096 1199 consequere
2105 1157 2173 1187 vir-

1207 1206 1307 1228 tutem
1320 1208 1325 1228 :
1346 1199 1412 1228 noli
1423 1198 1549 1239 abjicere
1560 1199 1674 1230 labores
1686 1219 1695 1234 ‚
1716 1210 1815 1240 petere
1825 1201 1993 1231 honorem:
2019 1201 2172 1229 honorem

1210 1240 1280 1270 dico
1294 1244 1305 1271 .>
1324 1240 1426 1271 immo
1440 1240 1512 1272 verb
1525 1239 1638 1272 famam
1650 1261 1658 1275 ‚
1681 1241 1834 1275 fortunas,
1854 1241 2004 1272 familiam
2015 1260 2024 1275 ‚
2044 1240 2170 1273 liberos.

1209 1291 1296 1322 caput
1305 1302 1314 1317 ‚
1338 1293 1464 1323 corpus,
1486 1283 1585 1324 ipsum
1602 1283 1733 1325 denique
1754 1284 1930 1324 sanguinem
1943 1303 1952 1317 ‚
1974 1283 2006 1314 &
2024 1283 2171 1312 animam.

1210 1324 1293 1354 Cedo
1302 1327 1417 1356 invitus
1428 1326 1464 1356 de
1474 1335 1534 1366 rep.
1546 1324 1621 1356 cedo
1632 1324 1784 1366 oppressus
1795 1327 1830 1356 de
1841 1325 1963 1356 fortuna
1973 1345 1982 1358 ‚
1998 1324 2034 1354 de
2043 1324 2175 1365 dignita-

1209 1375 1237 1396 te
1250 1377 1255 1395 :
1271 1366 1391 1398 discedo
1401 1367 1418 1398 a
1427 1377 1486 1408 rep.
1497 1366 1596 1398 viElus
1605 1369 1725 1399 audacia
1736 1368 1899 1398 malorum.
1923 1369 2026 1397 Liceat
2039 1374 2174 1398 manere,

1210 1406 1232 1437 fi
1250 1418 1314 1439 non
1332 1410 1422 1439 illum
1437 1412 1481 1440 M.
1494 1410 1636 1440 Tullium
1648 1431 1657 1444 ,
1678 1409 1835 1441 custodem
1853 1409 1937 1440 urbis
1950 1429 1959 1443 ‚
1978 1407 2173 1438 defensorem

1210 1452 1355 1481 omnium
1366 1471 1374 1486 ,
1387 1461 1502 1492 patrem
1514 1454 1615 1492 patriae
1627 1463 1632 1481 z
1651 1452 1766 1483 atcerte
1777 1452 1912 1493 reliquias
1922 1450 2010 1480 Tullii
2020 1460 2032 1477 .·
2045 1450 2130 1480 liceat
2138 1450 2173 1479 in

1211 1492 1376 1532 conspeetu
1393 1495 1508 1524 civium
1520 1513 1530 1528 ‚
1549 1495 1582 1524 in
1600 1495 1654 1525 hac
1673 1494 1767 1529 urbe,
1789 1504 1879 1536 quam
1898 1503 1936 1524 ex
1954 1491 2171 1534 parricidarum

1209 1533 1346 1565 faucibus
1358 1537 1483 1576 eripuit,
1497 1545 1652 1566 remanere
1661 1556 1670 1571 ‚
1689 1536 1766 1567 tecta
1774 1538 1917 1567 omnium
1927 1555 1937 1570 ,
1952 1534 2021 1565 fana
2029 1533 2171 1565 deorum,

1212 1577 1381 1607 univerfiim
1396 1577 1500 1608 videre
1515 1579 1649 1618 periculo
1659 1579 1814 1609 liberatam
1829 1579 1881 1609 suo
1894 1577 2065 1608 civitatem:
2085 1575 2174 1605 liceat

1211 1628 1248 1648 ex
1259 1619 1312 1650 hac
1323 1618 1447 1650 flamma
1467 1620 1587 1650 evolare
1599 1639 1607 1653 ‚
1630 1620 1792 1660 praesertim
1803 1621 1856 1661 qui
1873 1618 1952 1649 illud
1973 1619 2104 1658 impium
2117 1617 2168 1645 in-

1208 1661 1352 1691 cendium
1372 1661 1559 1702 perditorum
1583 1663 1749 1692 hominum
1771 1663 1914 1701 lacrymis
1941 1661 2045 1700 potius
2069 1660 2146 1688 meis
2156 1676 2167 1692 ‚

1208 1703 1300 1743 quam
1314 1704 1454 1744 sanguine
1472 1703 1570 1734 vestro
1585 1703 1728 1746 restingui
1741 1704 1847 1734 malui.
1870 1705 1979 1742 Neque
1990 1702 2074 1731 enim
2086 1708 2170 1740 peto,

1211 1754 1244 1774 ut
1255 1746 1332 1779 mihi
1342 1745 1419 1776 detis
1428 1749 1521 1776 vitam
1536 1757 1541 1775 :
1560 1746 1609 1776 sed
1620 1745 1718 1777 datam
1729 1755 1830 1786 repeto
1840 1765 1850 1778 ‚
1860 1753 1894 1775 ut
1901 1742 2039 1774 reddatis.
2061 1745 2092 1773 Si
2103 1751 2172 1772 me-

1212 1786 1345 1817 ministis
1354 1788 1436 1828 quod
1446 1788 1527 1821 dedi,
1540 1798 1594 1818 vos
1604 1798 1669 1819 non
1679 1788 1794 1818 debetis
1805 1786 1956 1819 oblivisci,
1966 1784 2015 1815 std
2025 1783 2171 1815 retribue-

1208 1838 1238 1858 re
1247 1829 1330 1869 quod
1340 1829 1467 1859 debetis⁴
1489 1832 1574 1864 Vos,
1593 1840 1648 1860 vos
1664 1829 1797 1860 obtestor
1808 1849 1818 1863 ‚
1835 1829 1880 1859 dii
1890 1826 2096 1860 immortales,
2117 1827 2170 1867 qui
2188 1837 2211 1870 4

1212 1880 1289 1901 meae
1301 1873 1400 1901 menti
1415 1872 1534 1901 lumina
1549 1871 1720 1912 praetulist'is
1730 1891 1739 1906 ,
1757 1870 1830 1902 curn
1845 1868 2026 1900 consensum
2036 1867 2172 1899 exstinxi

1209 1914 1430 1952 conjurationis
1441 1933 1449 1948 ,
1467 1923 1626 1954 arcemque
1638 1914 1719 1944 urbis
1728 1914 1765 1944 ab
1775 1912 1919 1944 incendio
1929 1931 1939 1946 ,
1957 1920 1990 1941 ac
2000 1910 2124 1941 flamma
2133 1910 2174 1940 li-

1196 1978 1198 1987 .
1210 1954 1310 1985 beravi
1322 1975 1329 1988 ‚
1341 1954 1510 1996 liberosque
1519 1955 1634 1986 vestros
1647 1956 1663 1986 ὲ
1674 1957 1792 1997 gremio
1802 1975 1811 1988 ‚
1823 1955 1857 1985 &
1866 1953 2032 1994 complexu
2040 1961 2174 1983 matrum

1209 1996 1244 2026 ad
1255 1996 1367 2027 caedem
1380 2017 1388 2031 ‚
1405 1997 1437 2027 &
1445 2007 1583 2028 cruorem
1598 2007 1662 2028 non
1674 1998 1741 2028 sum
1752 1996 1847 2038 paffus
1857 1994 1995 2027 abstrahi.
2019 1996 2106 2024 Num
2116 1995 2175 2035 igi-

1211 2047 1260 2068 tur
1268 2038 1365 2078 potest
1376 2038 1441 2068 fieri
1451 2039 1638 2070 &clientibus
1648 2049 1679 2069 ut
1689 2041 1813 2079 recipiar
1823 2058 1832 2072 ‚
1853 2037 1923 2069 cum
1936 2057 1944 2070 ,
1965 2036 1980 2067 a
1997 2036 2107 2077 quibus
2120 2037 2175 2067 de-

1211 2080 1299 2110 beam
1310 2083 1448 2115 retineri,
1460 2081 1583 2121 rejicere
1592 2081 1770 2112 instituant?
1790 2082 1870 2111 Socii
1881 2078 1942 2120 quo
1952 2078 2068 2120 fugiant
2077 2098 2085 2112 ,
2097 2077 2171 2109 cum

1210 2122 1306 2154 aditus
1322 2122 1438 2154 custodi
1451 2126 1552 2163 patriae
1565 2124 1725 2164 praeclusus
1739 2122 1794 2153 sit?
1816 2120 1984 2164 Qomodo
1996 2121 2060 2160 spes
2071 2120 2171 2159 salutis

1210 2165 1333 2206 reliquis
1342 2163 1479 2195 residebit
1489 2185 1498 2199 ,
1519 2165 1591 2196 cum
1603 2166 1721 2196 civibus
1731 2165 1871 2206 praeclusa
1882 2162 1917 2194 sit
1930 2161 2112 2202 exspe&atio
2122 2162 2172 2191 in-

1210 2207 1416 2238 columitatis?
1438 2208 1499 2238 Pax
1512 2229 1521 2241 ‚
1540 2208 1573 2238 &
1587 2208 1748 2238 concordia
1763 2208 1911 2238 exn-aneis
1922 2207 2060 2246 gignetur
2070 2224 2080 2237 ‚
2097 2201 2172 2233 cum

1211 2250 1274 2290 jam
1287 2248 1463 2280 domesticis
1473 2260 1536 2280 non
1551 2249 1684 2283 12i1dear,
1694 2250 1743 2280 sed
1752 2248 1873 2290 publice
1881 2245 2054 2287 providenti
2063 2247 2175 2285 cripia-

1214 2295 1282 2324 tur?
1304 2294 1386 2322 Nam
1400 2292 1473 2333 qurd
1488 2302 1542 2333 ego
1557 2291 1766 2331 improborum
1779 2288 1855 2320 faeta
1867 2297 2014 2319 renovem
2024 2289 2174 2321 oratione,

1216 2343 1247 2365 ut
1265 2333 1519 2374 redintegratione
1536 2334 1619 2362 illius
1639 2333 1856 2371 conjurationis
1874 2331 1994 2361 animos
2012 2329 2175 2359 vulnerem

1215 2374 1352 2406 vestros?
1372 2374 1541 2403 Auxilium
1553 2375 1590 2403 ab
1604 2375 1711 2404 alienis
1724 2372 1893 2415 efflagitabo
1902 2392 1911 2406 ‚
1930 2381 2000 2402 cum
2015 2372 2108 2401 civeis
2121 2380 2176 2401 ve-

1199 2448 1201 2451 ,
1216 2416 1294 2447 stros
1304 2416 1465 2446 deseratis?
1486 2418 1599 2445 Sociort
1608 2433 1611 2444 ι
1620 2428 1646 2445 :i
1657 2418 1799 2446 invocem
1812 2412 1975 2445 subsidium
1986 2412 2058 2443 cum
2072 2412 2088 2443 a
2097 2413 2177 2443 civi·

1214 2459 1271 2488 bus
1281 2458 1474 2488 interclusum
1486 2456 1519 2487 sit
1529 2457 1719 2498 praesidium?
1742 2460 1842 2499 Qam
1853 2457 1951 2486 colere
1958 2464 2081 2497 gentem
2094 2463 2179 2485 nunc
2335 2467 2336 2480 κ

1218 2499 1370 2531 instituam
1385 2501 1391 2514 ³
1410 2501 1489 2530 utri.
1525 2499 1664 2530 utcustos
1675 2501 1816 2540 accipiar,
1837 2508 1873 2529 an
1884 2497 2063 2538 urproditor
2071 2496 2178 2527 exclu-

1201 2543 1288 2574 dar?
1310 2540 1431 2572 fiutcoi
1451 2545 1463 2568 ἰ
1478 2551 1592 2572 ΑνειτΟΉ
1613 2553 1624 2567 ⁴1·
1639 2541 1703 2572 .stra
1715 2542 1957 2583 eritignominia.
1981 2537 2024 2570 sln
2035 2547 2067 2569 ut
2079 2547 2178 2579 oppu-

1201 2604 1203 2615 >
1218 2593 1336 2626 gnator:
1354 2584 1472 2625 praeclse
1483 2586 1692 2614 ·:iuirt0:iinia.
1716 2587 1817 2624 Itaque
1827 2581 1907 2624 quod
1917 2582 2019 2622 putavi
2029 2579 2093 2611 fore
2103 2589 2179 2622 gau-

1219 2628 1305 2657 dium
1319 2647 1327 2660 ,
1339 2627 1369 2657 id
1381 2626 1492 2659 exstitit
1503 2629 1643 2657 exitium.
1664 2628 1716 2659 Si,
1728 2628 1860 2666 Qirites
1871 2645 1879 2659 ‚
1889 2623 2021 2655 eundem
2032 2625 2064 2653 in
2075 2630 2178 2652 cetero-

1220 2680 1284 2698 rum
1299 2669 1439 2709 peiiculis
1455 2668 1630 2699 haberemus
1639 2670 1777 2699 animum
1789 2688 1796 2699 ,
1819 2677 1911 2708 quem
1925 2668 1957 2696 in
1971 2663 2081 2696 nostris
2094 2662 2178 2694 diffi-

1218 2712 1382 2742 cultatibus
1394 2731 1403 2745 ³
1423 2711 1455 2742 &
1465 2721 1519 2751 pro
1531 2708 1779 2742 i-zz.oceiitiffimo
1791 2718 1912 2751 quoque
1919 2715 2105 2748 propugnare
2115 2725 2124 2740 ,
2143 2705 2178 2736 &

1220 2752 1466 2785 nocentissimum
1477 2763 1629 2794 quemque
1640 2762 1809 2793 oppugnare
1820 2753 1909 2782 nobis
1917 2747 2109 2783 utilissimum
2121 2745 2180 2777 effe

1221 2796 1431 2826 arbitraremur
1440 2815 1450 2830 ‚
1467 2795 1501 2826 δε
1510 2793 1529 2825 fi
1538 2805 1609 2825 cum
1622 2797 1731 2835 optimi
1739 2794 1881 2833 cujusque
1890 2791 1978 2821 rebus
1987 2788 2111 2820 adversis
2122 2799 2181 2819 no-

1223 2837 1313 2868 stram
1321 2838 1458 2871 salutem,
1468 2847 1537 2868 cum
1548 2836 1780 2867 deterrimorum
1793 2835 1956 2864 hominum
1966 2832 2112 2865 secundis,
2123 2840 2180 2861 no-
2335 2865 2337 2880 1

1225 2880 1282 2911 stra
1291 2880 1420 2920 pericula
1429 2888 1599 2920 putaremus
1608 2876 1771 2915 conjuncta
1784 2886 1789 2905 ;
1804 2876 1976 2917 frequentes
1987 2872 2126 2914 profec‘tb
2138 2881 2183 2903 ta·
2335 2887 2337 2907 1

1221 2923 1302 2954 libus
1310 2922 1467 2954 conatibus
1477 2921 1600 2951 obviam
1610 2922 1650 2950 ire
1662 2921 1827 2950 niteremur
1839 2929 1845 2947 ;
1861 2927 1958 2958 neque
1969 2917 2079 2958 partim
2089 2917 2182 2946 inno·
2335 2938 2337 2951 A

1222 2967 1321 2996 centia
1331 2964 1412 2998 freti,
1421 2974 1491 3004 part:
1499 2974 1528 2993 tn
1541 2962 1700 2993 nobilitate
1709 2962 1786 2994 nixi,
1798 2963 1904 3001 partim
1915 2961 2049 2999 potentia
2057 2968 2090 2989 ac
2099 2957 2184 2989 mul-
2336 2973 2337 2986 l

1222 3004 1351 3038 titudine
1361 3008 1470 3038 amicii
1478 3015 1529 3035 um
1539 3003 1608 3036 fuiti
1617 3023 1626 3039 ,
1645 3013 1715 3034 cum
1727 3002 1866 3043 perfacile
1876 3001 2118 3033 existimaremus
2129 2998 2182 3030 ad—

1223 3050 1422 3081 versariorum
1431 3049 1496 3078 vim
1507 3067 1516 3081 ,
1531 3056 1564 3077 ac
1574 3045 1739 3077 factionem
1749 3045 1764 3075 ὲ
1774 3045 1864 3075 nobis
1875 3045 1978 3085 repelli
1989 3042 2071 3085 poffe
2079 3063 2087 3077 ‚
2099 3041 2182 3073 subi·
2335 3030 2337 3061 l

1223 3092 1254 3123 ιὸ
1269 3090 1321 3131 ipsi
1335 3089 1424 3120 simili
1439 3089 1574 3129 periculo
1586 3090 1805 3121 circumventi,
1826 3089 1859 3117 in
1875 3085 1977 3117 nostro
1987 3095 2096 3117 eventu
2105 3085 2184 3116 alio-
2335 3064 2337 3132 4

1223 3143 1293 3164 rum
1312 3131 1540 3163 reminiscentes
1555 3131 1654 3164 casus,
1675 3131 1742 3170 jure
1761 3129 1792 3160 id
1808 3129 1898 3160 nobis
1913 3129 2043 3160 accidere
2056 3129 2183 3168 nequic-
2335 3133 2337 3173 l

1222 3185 1314 3217 quarn
1333 3183 1535 3217 quereremur.
1581 3174 1657 3213 Quis
1669 3174 1755 3204 enim
1769 3170 1810 3203 est
1821 3191 1830 3207 ‚
1848 3173 1981 3213 Qirites
1990 3191 2000 3207 ‚
2019 3171 2071 3212 qui
2085 3178 2178 3217 nunc,
2201 3171 2221 3203 5
2335 3177 2337 3215 ς

2113 3218 2185 3241 cum
2336 3216 2337 3231 ¹
