2339 3379
663 137 1254 183 Pu1trppreA

193 232 226 255 ut
234 231 291 265 ego
302 222 379 253 nihil
389 219 494 254 vidiffe
502 218 621 253 videar,
638 228 732 250 vertat
742 220 770 250 se
781 239 789 253 ,
809 219 1035 260 senatuipareat.
1055 228 1147 250 num-

191 275 282 306 quam
292 264 397 295 faciet:
418 273 481 293 non
492 262 642 292 invidebit
654 262 724 291 huic
738 271 813 292 meae
826 262 928 303 gloriae
940 272 945 290 :
967 260 1076 293 malet,
1096 270 1146 290 me

190 308 355 346 sapientem
368 306 384 336 a
396 305 484 335 vobis
493 324 502 337 ,
521 306 609 344 quarn
623 303 652 333 se
663 303 834 333 modestum
846 301 1021 333 existimari.
1043 301 1147 341 Qd?

190 349 253 388 ipse
270 346 291 386 fi
312 347 403 380 velit,
425 355 502 376 num
511 347 600 375 etiam
612 347 648 375 L.
658 344 778 375 fratrem
796 343 946 385 passurum
959 343 1147 373 arbitramur?

190 399 286 429 nuper
300 388 424 428 quidem
442 387 549 417 dicitur
559 387 594 417 ad
605 387 702 417 Tibur
712 407 720 421 ‚
741 396 775 417 ut
783 389 910 426 opinor,
931 395 1002 416 cum
1012 386 1040 414 ei
1051 384 1146 414 labare

191 433 239 461 M.
250 431 402 460 Antonius
411 428 562 459 videretur
572 448 580 462 ,
602 438 733 459 mortem
746 428 829 459 fratri
838 427 896 458 effe
907 428 1073 457 minitatus.
1097 427 1149 455 Et-

191 474 292 503 iamne
302 471 338 501 ab
351 471 410 500 hoc
427 470 617 501 mirmillone
628 469 753 501 Asiatico
763 471 878 501 senatus
890 467 1026 499 mandata
1035 487 1045 500 ‚
1070 467 1151 507 lega-

192 522 292 544 torum
305 512 394 542 verba
402 512 579 543 audientur?
598 523 653 543 nec
669 514 753 542 enirn
771 513 883 542 secerni
899 512 914 541 a
927 509 1014 539 fratre
1024 511 1145 549 poterit,

191 563 270 585 tanta
282 554 444 593 praesertim
455 553 638 584 annositate.
662 564 731 584 nam
750 556 799 584 hic
816 556 894 584 inter
910 552 980 582 illos
989 552 1149 581 Africanus

192 595 252 626 est:
272 597 365 635 pluris
378 595 503 627 habetur
514 616 522 629 ‚
542 596 632 637 quarn
644 598 678 626 L.
689 596 860 626 Trebellius
870 614 878 628 ‚
901 594 996 634 pluris
1008 612 1016 626 ‚
1038 595 1047 612 ¹
1057 591 1148 633 quam

191 640 231 667 Τ.
244 639 368 667 Plancus
379 657 388 670 .
407 637 577 668 adolescens
597 638 712 668 nobilis
730 648 736 666 :
761 639 814 678 qui
833 636 976 666 omnibus
996 634 1150 664 sententiis

191 681 330 709 maximo
341 678 437 709 vestro
446 679 549 719 plausu
559 680 779 710 condemnatus
790 698 799 712 ‚
820 677 920 707 nescio
937 675 1096 716 quomodo
1113 675 1142 704 se

189 721 320 761 conjecit
336 722 368 750 in
383 721 499 751 turbam
510 741 519 755 ,
540 723 676 762 atqueita
686 720 810 751 moestus
819 719 906 748 rediit
917 737 925 751 ‚
944 726 977 746 ut
991 715 1144 763 retraeffius3

190 772 256 792 non
273 762 404 793 reversus
422 763 573 793 videretur
586 774 592 792 :
616 761 653 793 fic
672 762 843 792 contemnit
856 778 864 792 ‚
886 767 1040 798 tamquam
1059 755 1080 786 fi
1100 757 1146 802 illi

189 813 279 845 aqua,
294 804 326 834 ὃ(
336 806 399 845 igni
409 803 605 834 imerdffitum
615 804 657 834 sit.
669 801 829 842 aliquando
840 809 927 841 negat
937 803 965 828 ei
975 799 1077 829 locum
1088 797 1145 828 esse

191 854 329 885 oportere
340 847 374 875 in
382 847 472 879 curia,
482 848 533 886 qui
543 844 711 875 incenderit
719 843 844 873 curiam.
860 844 942 872 Nam
953 840 1143 871 Trebellium

188 887 276 917 valde
283 889 346 927 jam
357 887 466 928 diligit:
480 887 580 916 oderat
590 895 667 918 tum.
678 886 749 914 cum
761 884 813 914 ille
824 882 932 914 tabulis
943 884 1032 912 novis
1041 882 1145 912 adver-

189 929 321 959 sabatur:
338 930 400 969 jam
417 929 476 958 i'ert
491 930 524 957 in
541 927 637 957 oculis
650 946 658 959 ‚
677 925 833 967 postquam
844 924 943 964 ipsum
954 924 1144 954 Trebellium

189 971 267 1000 vidit
277 969 337 1000 sine
347 970 455 1000 tabulis
464 970 553 999 novis
560 968 678 1008 salvum
687 967 736 1005 ff
745 977 808 998 non
818 964 908 1007 pofl'e.
931 964 1042 996 audiss'e
1059 968 1144 995 enim

189 1022 245 1042 vos
254 1012 378 1042 arbitror
387 1030 396 1044 ‚
408 1012 538 1049 Qirites
549 1030 557 1044 ‚
572 1012 654 1051 quod
664 1013 753 1040 etiam
763 1009 864 1039 videre
875 1007 1012 1048 potuistis
1023 1028 1031 1041 ‚
1042 1009 1144 1049 quoti-

185 1053 236 1083 die
253 1053 426 1092 sponsores‚
447 1052 480 1082 &
493 1052 652 1082 creditores
662 1050 858 1081 L.Trebellii
876 1051 1050 1080 convenire.
1074 1047 1145 1079 Ofi-

187 1094 239 1125 des
248 1095 332 1132 (binc
350 1095 432 1123 enim
450 1103 524 1133 puto
534 1094 724 1124 Trebellium
735 1090 867 1123 sumsisse
875 1092 1059 1132 cognomen)
1079 1101 1145 1132 quae

186 1134 284 1177 potest
300 1134 359 1165 effe
375 1136 473 1175 major
491 1134 583 1169 fides,
605 1145 694 1177 quam
705 1134 837 1165 fraudare
846 1133 1028 1164 creditores?
1047 1133 1143 1163 domo

185 1176 362 1218 profugere?
373 1186 492 1217 propter
502 1187 540 1208 aes
550 1178 683 1208 alienum
694 1178 798 1207 venire
807 1175 842 1206 ad
851 1185 932 1205 arma
943 1178 953 1204 ?
964 1175 1015 1205 ubi
1025 1174 1145 1215 plausus

186 1220 240 1249 ille
249 1221 282 1248 in
291 1220 446 1258 triumpho
456 1217 499 1249 est
510 1220 520 1245 ?
530 1219 602 1259 saepe
609 1218 688 1249 ludis
699 1222 709 1244 ἓ
720 1217 771 1248 ubi
781 1217 904 1248 aedilitas
915 1216 1009 1247 delata
1020 1217 1142 1247 summo

186 1259 288 1291 studio
297 1260 449 1290 bonorum
461 1263 472 1290 ?
482 1262 547 1301 quis
557 1260 601 1291 est
611 1281 619 1295 ‚
631 1262 682 1301 qui
692 1261 772 1290 hunc
782 1269 847 1289 non
857 1259 923 1289 casu
932 1257 1085 1288 existimet
1094 1269 1139 1288 re-

146 1307 168 1337 5
189 1301 236 1331 &e
245 1300 364 1332 fecisse?
383 1304 516 1342 nequitia
526 1301 568 1332 est
579 1322 588 1335 ,
603 1303 696 1332 scelus
705 1301 756 1331 cst.
800 1301 856 1331 Sed
867 1301 956 1330 redeo
968 1300 1004 1330 ad
1013 1310 1140 1334 amores,

187 1343 366 1384 deliciasque
375 1344 496 1377 nostras,
506 1345 715 1373 L.Antonium
727 1363 736 1376 ,
745 1344 796 1383 qui
807 1352 862 1372 vos
872 1343 992 1371 omneis
1004 1343 1037 1371 in
1048 1340 1140 1371 fidem

186 1385 205 1415 s
202 1395 269 1415 uam
280 1387 398 1425 recepit.
421 1386 534 1424 negatis
545 1388 555 1414 ?
565 1395 641 1414 num
651 1385 800 1425 quispiam
811 1383 853 1413 est
864 1382 995 1413 vestrfim
1007 1403 1016 1416 ‚
1027 1384 1078 1424 qui
1089 1385 1142 1413 tri-

185 1425 262 1456 bum
272 1437 335 1457 non
345 1426 468 1457 habeat?
482 1425 560 1456 certe
572 1436 677 1456 nemo.
698 1427 791 1466 Atqui
800 1425 890 1455 illum
900 1428 1034 1466 quinque
1046 1425 1078 1454 &
1089 1427 1141 1455 tri-

185 1469 268 1509 ginta
277 1468 371 1498 tribus
380 1477 541 1507 patronum
550 1468 736 1507 adoptarunt.
759 1467 873 1497 Rursus
883 1467 1046 1497 reclamatis
1058 1467 1140 1496 ?Ad-

183 1510 288 1549 spicite
296 1508 311 1539 a
321 1508 434 1540 finistra
442 1510 525 1539 illam
537 1508 704 1550 equestrem
717 1508 840 1540 statuam
852 1511 1027 1542 inauratam,
1039 1510 1072 1538 in
1083 1518 1141 1549 qua

184 1550 258 1591 quid
273 1551 453 1591 inscriptum
473 1550 539 1581 est?
561 1560 721 1591 0311<qu
734 1571 743 1584 ,
767 1560 808 1580 ET
826 1560 999 1580 τιυῡιΝτΑ
1017 1560 1140 1581 ramus

183 1601 347 1623 PATRONO.
370 1594 479 1635 Populi
491 1594 584 1623 Rom.
599 1595 690 1635 igitur
704 1592 747 1623 est
763 1602 902 1633 patronus
916 1595 954 1622 L.
965 1594 1118 1622 Antonius
1131 1594 1142 1621 ?

184 1634 295 1664 malam
307 1634 431 1675 quidem
441 1635 487 1664 illi
495 1634 622 1675 pestem.
646 1635 778 1665 Clamori
789 1635 870 1665 enirn
883 1633 981 1664 vestro
991 1632 1138 1664 ass'entior.

182 1685 249 1705 non
259 1674 355 1706 modo
365 1677 415 1707 hic
425 1677 511 1707 latro:
524 1687 615 1718 quem
625 1677 768 1707 clientem
779 1676 885 1706 habere
894 1686 988 1706 nemo
999 1676 1082 1706 velit.
1090 1675 1139 1706 sed

183 1719 252 1759 quis
262 1728 408 1758 umquam
420 1720 506 1749 tantis
515 1719 624 1759 opibus
634 1739 642 1753 ,
663 1721 753 1749 tantis
762 1718 850 1748 rebus
858 1717 946 1758 gestis
954 1717 1014 1748 fuit
1022 1737 1030 1751 ‚
1045 1718 1136 1760 quise

181 1760 291 1799 populi
299 1762 397 1790 Rom.
409 1760 532 1790 viEtoris
542 1781 551 1794 ,
568 1760 748 1802 dominique
758 1762 900 1790 omnium
910 1759 1050 1801 gentium
1061 1767 1140 1789 tuto-

182 1809 242 1833 mn
254 1800 351 1831 dicere
363 1801 483 1832 auderet
495 1804 505 1831 ?
526 1804 559 1832 in
571 1803 655 1837 foro,
670 1805 706 1832 L.
717 1803 844 1833 Antonii
855 1801 979 1832 statuam
988 1801 1140 1832 videmus:

179 1839 281 1872 'ficut
290 1843 375 1873 illam
385 1844 567 1882 Q-Tremuli
579 1864 588 1877 ,
599 1846 651 1885 qui
663 1846 816 1874 Hernicos
827 1843 950 1877 devicit,
961 1852 1028 1873 ante
1039 1842 1141 1873 Casto-

181 1884 233 1913 ris.
257 1885 284 1913 O
296 1884 517 1923 impudentiam
530 1885 738 1916 incredibilem
753 1888 758 1915 ἱ
780 1893 938 1914 tantumne
954 1882 1007 1913 sibi
1025 1883 1140 1918 sumfit,

184 1926 255 1964 quia
273 1924 394 1965 Mylasis
414 1927 565 1956 mirmillo
584 1927 733 1957 Thracem
749 1926 897 1967 jugulavit
914 1945 924 1959 ,
958 1923 1139 1956 familiarem

182 1967 272 1996 suum
285 1969 295 1996 ?
306 1977 438 2007 quonam
449 1968 545 1998 modo
554 1967 644 1998 istum
655 1967 731 1998 ferre
738 1967 890 2008 poss'emus
899 1987 908 2001 ‚
919 1965 941 1998 si
949 1967 983 2005 in
993 1968 1052 1997 hoc
1058 1966 1138 2009 foro,

182 2007 382 2048 spenstantibus
392 2008 480 2039 vobis
488 2029 496 2043 ,
506 2008 716 2051 depugnasset?
733 2010 789 2040 Sed
800 2010 863 2039 haec
872 2019 930 2039 una
938 2008 1045 2050 statua..
1053 2008 1142 2040 altera

181 2050 219 2079 ab
233 2050 382 2090 equitibus
392 2053 527 2081 Roman.
542 2062 618 2092 equo
636 2051 776 2091 publico:
796 2052 849 2091 qui
866 2052 942 2084 item
959 2049 1139 2085 adscribunt,

182 2100 345 2121 pai-nouo.
371 2095 471 2131 Qiem
484 2102 626 2133 umquam
643 2092 697 2123 iste
710 2093 785 2122 ordo
798 2101 958 2132 patronum
977 2092 1141 2132 adoptavit?

181 2131 202 2162 si
212 2142 392 2173 quemquam
402 2153 411 2167 ,
422 2134 526 2164 debuit
534 2144 595 2164 me.
612 2134 660 2165 sed
670 2144 720 2164 me
731 2136 852 2164 omitto.
866 2144 958 2175 quem
968 2135 1138 2164 censorem?

180 2183 273 2214 quem
283 2176 494 2215 imperatorem
505 2177 626 2218 ?ag1·um
638 2177 684 2206 his
695 2174 804 2206 divifit.
828 2178 854 2205 Ο
864 2175 999 2206 sordidos
1009 2188 1018 2210 -,
1028 2177 1079 2217 qui
1089 2185 1138 2206 ac-

179 2219 339 2255 ceperunt!
351 2218 527 2257 improbum
538 2238 547 2252 ‚
555 2220 607 2258 qui
618 2217 731 2248 dederit
742 2220 747 2246 !
760 2221 932 2248 statuerunt
941 2219 1031 2247 etiam
1042 2216 1135 2247 tribu-

179 2259 213 2286 ni
232 2258 375 2288 militares
385 2278 393 2292 ‚
414 2261 467 2300 qui
485 2261 517 2289 in
536 2259 718 2289 exercitibus
732 2260 850 2290 Caesaris
869 2259 986 2289 duobus
1003 2258 1134 2289 fuerunt.

180 2300 255 2338 Qis
273 2298 317 2330 est
331 2299 385 2330 iste
399 2301 493 2332 ordo?
513 2302 604 2331 multi
612 2300 733 2331 fuerunt
743 2301 848 2331 multis
859 2303 891 2330 in
904 2301 1076 2342 legionibus
1085 2310 1137 2341 per

180 2348 337 2371 totannos.
360 2342 407 2372 his
419 2352 540 2383 quoque
554 2341 654 2373 divisit
661 2344 847 2373 Semurium.
869 2345 999 2382 Campus
1007 2345 1134 2373 Martius

178 2381 302 2412 restabat
313 2403 321 2416 ,
342 2382 397 2413 nisi
413 2383 496 2424 prius
510 2394 581 2415 curn
594 2383 681 2414 fratre
695 2383 822 2426 fugiffet.
845 2384 902 2414 Sed
915 2385 977 2413 haec
994 2394 1132 2425 agrorum

177 2422 329 2465 affignatio
337 2426 438 2464 paullo
447 2426 516 2456 ante
527 2446 536 2460 ‚
548 2428 680 2468 Qirites
689 2447 698 2460 ,
711 2425 871 2456 L.Caesaris
882 2446 890 2459 ,
902 2424 1052 2456 clariffirni
1062 2427 1133 2460 viri,

177 2464 212 2494 &
228 2465 458 2504 praestantiffimi
483 2467 626 2499 senatoris
646 2468 792 2498 sententia
812 2466 953 2498 diffoluta
973 2466 1026 2498 est.
1062 2468 1132 2498 huic

175 2508 260 2536 enim
279 2506 380 2537 affenfi
389 2528 398 2542 ‚
420 2509 635 2549 septemvirum
646 2509 708 2540 ειᾶει
717 2508 901 2540 sustulimus.
921 2510 1028 2551 Jacent
1040 2509 1132 2540 bene-

176 2546 243 2578 ficia
255 2549 401 2580 Nuculae:
420 2550 507 2592 friget
523 2561 665 2592 patronus
684 2552 850 2581 Antonius.
873 2561 944 2581 nam
957 2549 1130 2590 poffeffores

173 2599 279 2620 animo
287 2594 418 2633 aequiore
426 2592 578 2625 discedent
587 2604 593 2623 z
603 2593 721 2625 nullam
729 2592 897 2634 impensam
904 2592 1043 2623 fecerant:
1051 2602 1132 2624 non-

211 2766 234 2783 1.
249 2757 327 2790 Qrim
333 2760 361 2784 T.
371 2761 489 2791 Plancux,
499 2760 629 2793 adolescens
638 2762 720 2787 nobilis·
729 2772 736 2787 :
746 2763 796 2795 qui,
808 2760 876 2794 ἐγὼ]
897 2758 989 2786 Editio
998 2758 1124 2787 Lambini

172 2793 295 2828 amplius,
305 2797 423 2827 Plancus,
432 2806 503 2830 quam
514 2799 622 2828 Eximat,
634 2797 763 2830 adolescens
772 2797 853 2823 nobilis
862 2797 979 2821 Plancum
989 2815 998 2828 ,
1012 2798 1065 2830 qui,
1073 2797 1125 2827 &aa

171 2828 241 2863 quod
251 2836 337 2856 tamen
349 2841 399 2857 non
411 2832 497 2858 exstat
506 2833 532 2858 in
544 2833 649 2864 nostris,
660 2841 705 2859 aut
716 2832 882 2860 Manutiana.

206 2872 235 2890 ²--
252 2870 316 2893 Secut
323 2868 389 2893 illam
397 2868 567 2903 &Tremulij
586 2871 680 2896 Trebelli
696 2868 755 2898 mff.
775 2868 845 2897 unde
855 2867 919 2896 fecit
937 2867 1050 2895 Tremelli}
1060 2868 1125 2895 Fer-

1334 138 1654 185 SEXTA.
2064 139 2154 206 603

1196 218 1271 250 dum
1283 218 1500 255 instruxerant,
1520 224 1627 261 partim
1649 219 1717 261 quia
1735 229 1797 250 non
1818 216 2029 253 confidebant,
2050 222 2159 259 partim

1194 263 1265 301 quia
1275 271 1338 291 non
1353 263 1508 293 habebant.
1531 264 1586 294 Sed
1599 263 1650 292 illa
1659 262 1751 293 statua
1761 264 1838 302 palm
1844 265 1899 294 aris
1909 282 1917 295 ‚
1930 261 1965 291 de
1975 271 2034 302 qua
2044 281 2052 294 ‚
2063 261 2081 290 si
2093 272 2159 292 me-

1194 303 1270 332 liora
1284 311 1418 343 tempora
1433 303 1527 335 effent
1538 324 1545 338 ,
1568 314 1632 334 non
1642 302 1757 344 poss'em
1769 302 1829 334 fine
1843 304 1902 334 risu
1916 304 2031 333 dicere:
2048 305 2083 333 L.
2094 313 2159 334 AN-

1196 353 1297 373 ·rouro
1310 354 1387 382 JANr
1407 355 1510 376 Manu
1529 355 1695 376 plu-norw.
1718 348 1822 376 Itane?
1841 347 1934 387 Janus
1946 344 2065 374 medius
2075 347 2107 375 in
2118 348 2155 376 L.

1195 385 1324 414 Antonii
1337 387 1477 417 clientela
1491 386 1523 417 fit
1538 393 1548 418 Ρ
1567 390 1634 428 quis
1648 397 1792 428 umquam
1808 389 1841 417 in
1854 387 1909 417 illo
1920 388 1999 427 Jano
2013 388 2156 417 inventus

1195 424 1238 454 est
1247 445 1255 458 ‚
1266 429 1318 466 qui
1330 429 1364 456 L.
1376 430 1511 459 Antonio
1522 431 1607 459 mille
1620 427 1785 459 nummum
1795 428 1882 459 ferret
1892 428 2085 468 expensum.-
2099 429 2154 459 Sed
2172 429 2194 462 6

1195 467 1290 496 nimis
1307 469 1401 498 multa
1420 469 1456 499 de
1471 472 1574 510 nugis:
1595 471 1630 500 ad
1642 471 1756 501 causam
1769 491 1777 504 ,
1802 470 1976 510 bellumque
1988 469 2154 500 redeamus:

1195 517 1376 548 quamquam
1391 520 1456 540 non
1465 513 1600 540 alienum
1610 511 1668 541 fuit
1677 513 1816 551 personas
1825 512 1966 552 quasdam
1979 512 1995 541 a
2008 511 2095 541 vobis
2108 523 2156 542 re—

1194 550 1354 590 cognosci:
1376 560 1426 584 ut,
1449 552 1628 591 quibuscum
1643 553 1756 582 bellurn
1766 562 1932 592 gereretur,
1952 551 2065 593 poffitis
2075 555 2156 584 taciti

1194 592 1334 631 cogitare.
1367 594 1430 632 Ego
1449 602 1548 622 autem
1568 604 1623 623 vos
1641 595 1763 629 hortor,
1785 597 1935 636 Qirites,
1956 603 2007 628 ut,
2027 595 2118 625 etiarn
2132 595 2154 626 si

1195 634 1306 661 melius
1324 633 1405 663 aliud
1422 632 1481 662 fuit
1494 654 1502 667 ‚
1523 643 1624 664 tamen
1645 635 1809 675 legatorum
1827 636 1957 666 reditum
1976 636 2155 676 exspectetis

1192 675 1298 703 animo
1309 684 1405 714 aequo.
1427 675 1559 705 celeritas
1577 675 1706 705 detracta
1723 677 1759 706 de
1777 677 1859 707 causa
1879 677 1936 708 est:
1960 678 2034 708 boni
2053 687 2154 709 tamen

1192 715 1304 755 aliquid
1319 714 1432 746 acceffit
1445 717 1480 746 ad
1492 717 1618 746 causam.
1642 717 1713 746 cum
1736 721 1818 748 enim
1838 719 1923 760 legati
1943 722 2152 755 renuntiarint,

1192 757 1273 796 quod
1284 758 1363 787 certe
1372 758 1586 789 renuntiabunt
1597 779 1605 792 ‚
1626 768 1688 787 non
1703 760 1736 788 in
1752 759 1844 789 vestra
1858 760 2000 799 potestate
2011 781 2020 795 ,
2040 771 2103 791 non
2119 764 2151 792 in

1192 799 1309 828 senatus
1319 797 1377 828 esse
1388 802 1559 829 Antonium
1575 811 1580 828 ;
1600 802 1666 841 quis
1679 802 1733 830 erit
1747 809 1806 830 tam
1818 803 1974 841 improbus
1983 805 2059 833 civis
2069 823 2077 836 ,
2098 806 2151 844 qui

1191 839 1281 869 illum
1297 842 1399 870 civem
1418 841 1592 872 habendum
1612 847 1714 881 putet?
1738 844 1830 872 Nunc
1841 845 1924 873 enim
1935 845 2001 873 sunt
2009 846 2151 883 pauciilli

1190 882 1314 921 quidem
1326 902 1334 916 ,
1350 883 1399 912 sed
1411 892 1511 913 tamen
1521 883 1620 923 plures
1629 905 1636 916 ‚
1657 882 1745 924 quam
1758 893 1818 923 rep.
1830 883 1955 924 dignum
1967 885 2010 915 est
2021 905 2030 918 ,
2049 888 2101 926 qui
2112 889 2151 919 ita

1189 923 1358 963 loquantur.
1379 927 1427 954 Ne
1439 926 1549 966 legatos
1559 925 1682 965 quidem
1695 925 1955 965 exspeeiabimuoe
1971 926 2058 956 Istam
2069 928 2148 965 certe

1188 974 1297 995 vocem
1309 985 1317 999 ‚
1339 964 1623 1008 simulationemque
1641 967 1808 999 clementiae
1822 987 1830 1001 ‚
1851 967 2041 1007 extorquebit
2053 971 2091 999 iis
2105 979 2151 999 res

1189 1006 1250 1046 ipsa
1259 1007 1388 1046 publica.
1413 1010 1482 1050 Qo
1494 1010 1584 1038 etiam
1594 1029 1602 1042 ,
1616 1018 1647 1039 ut
1657 1007 1800 1039 confitear
1811 1009 1897 1038 vobis
1908 1029 1916 1043 ,
1927 1011 2058 1050 Qirites
2069 1030 2076 1043 ‚
2089 1013 2150 1041 mi-

1189 1046 1248 1077 nus
1260 1048 1406 1079 hodierno
1416 1050 1465 1080 die
1474 1050 1618 1081 contendi
1632 1071 1639 1085 ‚
1657 1049 1761 1080 minus
1772 1051 1903 1080 laboravr
1913 1070 1922 1085 ‚
1935 1061 1968 1080 nt
1977 1052 2056 1080 mihi
2066 1052 2150 1082 sena-

1190 1098 1236 1119 tus
1247 1089 1406 1121 ass'entiens
1417 1092 1582 1122 tumultum
1595 1092 1776 1126 decerneret,
1787 1093 1850 1134 saga
1860 1093 1938 1122 sumi
1948 1093 2073 1134 juberet.
2085 1103 2149 1124 ma·

1189 1131 1231 1161 lui
1246 1133 1354 1172 viginti
1370 1132 1476 1163 diebus
1491 1133 1558 1173 post
1572 1134 1747 1165 sententiam
1763 1144 1862 1164 meam
1876 1134 1985 1165 laudari
1995 1134 2031 1164 ab
2044 1137 2149 1165 omni-

1187 1173 1255 1206 bus,
1265 1174 1356 1215 quam
1368 1177 1382 1205 a
1393 1178 1493 1216 paucis
1502 1176 1593 1206 hodie
1602 1178 1770 1216 vituperari.
1794 1179 1991 1217 Qapropter,
2002 1178 2146 1217 Qirites,

1187 1215 1354 1255 exspedhte
1365 1217 1530 1258 legatorum
1542 1217 1672 1248 reditum
1685 1239 1695 1251 ‚
1717 1218 1748 1248 &
1764 1228 1929 1258 paucorum
1943 1218 2061 1248 dierum
2080 1228 2149 1248 mo-

1186 1256 1302 1286 lestiam
1313 1257 1461 1289 devorate.
1485 1258 1618 1300 quicum
1631 1259 1786 1293 redierint,
1797 1258 1817 1288 sl
1826 1269 1930 1300 pacem
1940 1258 2066 1291 afferent
2077 1270 2083 1289 τ
2093 1269 2148 1290 cu-

1183 1298 1291 1338 pidum
1302 1309 1362 1329 me.
1384 1299 1548 1331 fibellum:
1569 1301 1731 1341 providum
1743 1301 1915 1342 judicatote.
1938 1304 1987 1332 An
2008 1311 2063 1342 ego
2081 1311 2147 1332 non

1184 1340 1360 1379 provideam
1373 1344 1449 1372 meis
1457 1343 1576 1373 civibus
1585 1344 1594 1370 ?
1603 1353 1668 1373 non
1678 1343 1741 1373 dies
1752 1364 1761 1377 ,
1774 1342 1948 1384 noEteisque
1958 1342 1994 1373 de
2004 1342 2097 1373 vestra
2108 1343 2149 1373 li-

1185 1382 1295 1412 bertate
1307 1403 1315 1416 ,
1335 1383 1372 1413 de
1393 1386 1468 1425 reip.
1486 1385 1577 1415 salute
1594 1387 1747 1426 cogitem?
1769 1385 1850 1427 Qid
1870 1387 1953 1414 enim
1973 1394 2037 1414 non
2050 1384 2146 1415 debeo

1183 1423 1271 1454 vobis
1280 1444 1288 1458 ‚
1299 1427 1431 1466 Qirites
1441 1447 1449 1461 ,
1461 1437 1552 1467 quem
1562 1437 1616 1457 vos
1626 1427 1678 1467 {ise
1686 1434 1780 1456 ortum
1789 1447 1797 1461 ,
1807 1426 1987 1457 hominibus
1996 1425 2145 1456 nobiliffi-

1185 1468 1244 1495 mis
1255 1486 1263 1500 ,
1282 1467 1428 1498 omnibus
1438 1468 1605 1498 honoribus
1615 1489 1623 1503 ‚
1644 1468 1837 1509 praetulistis?
1854 1478 1893 1498 an
1911 1470 2041 1510 ingratus
2054 1468 2144 1498 sum?

1184 1510 1252 1548 quis
1266 1507 1389 1541 mmsis?
1411 1511 1461 1550 qui
1473 1530 1482 1543 ,
1503 1512 1591 1550 partis
1605 1510 1772 1540 honoribus
1783 1530 1793 1545 ,
1814 1510 1934 1541 eosdem
1945 1507 2016 1551 geffi
2030 1513 2063 1539 in
2075 1508 2145 1539 foro

1184 1548 1300 1580 labores
1312 1570 1321 1583 ‚
1342 1560 1419 1591 quos
1433 1553 1465 1581 in
1480 1552 1628 1591 petendis.
1650 1551 1732 1582 rudis
1745 1554 1779 1583 in
1793 1551 1963 1592 republica?
1982 1553 2050 1592 quis
2059 1560 2147 1581 exer-

1184 1593 1302 1621 citatior
1311 1611 1320 1625 ,
1339 1594 1393 1633 qui
1405 1594 1514 1634 viginti
1523 1594 1586 1633 jam
1600 1603 1696 1624 annos
1706 1593 1822 1624 bellurn
1831 1603 1933 1634 geram
1944 1602 2015 1623 cum
2028 1595 2146 1633 impro-

1185 1632 1231 1662 bis
1241 1633 1378 1666 civibus?
1421 1635 1627 1677 Qamobrem
1638 1655 1647 1670 ,
1663 1636 1813 1678 Quirites,
1833 1633 1978 1668 confilio,
1996 1643 2144 1676 quantum
2163 1641 2181 1674 7

1183 1683 1289 1714 potero
1301 1695 1310 1709 ,
1324 1675 1427 1706 labore
1436 1683 1503 1717 plus
1511 1676 1597 1717 paene
1607 1696 1617 1711 ‚
1635 1680 1727 1718 quarn
1735 1686 1840 1717 potero
1849 1697 1859 1712 ‚
1874 1676 2031 1707 excubabo
2042 1696 2051 1712 ‚
2066 1678 2145 1718 vigi-

1184 1716 1312 1758 laboque
1327 1727 1382 1758 pro
1398 1719 1495 1749 vobis.
1519 1719 1634 1749 etenim
1651 1720 1719 1760 quis
1735 1717 1779 1749 est
1795 1720 1890 1753 civis,
1909 1718 2073 1759 praesertim
2086 1719 2146 1749 hoc

1182 1759 1274 1799 gradu
1286 1780 1296 1793 ,
1308 1769 1372 1801 quo
1381 1770 1431 1790 me
1440 1771 1494 1792 vos
1506 1759 1564 1791 effe
1574 1760 1713 1791 voluistis
1722 1781 1731 1795 ,
1743 1769 1804 1790 tam
1814 1761 1928 1791 oblitus
1938 1759 2079 1791 beneficii
2092 1770 2146 1790 ve-

1186 1800 1256 1838 stri,
1276 1799 1355 1831 tam*
1397 1812 1517 1833 mernor
1526 1804 1644 1843 patriae,
1666 1804 1727 1833 ta'm
1743 1803 1890 1832 inimicus
1907 1801 2060 1843 dignitatis
2071 1803 2141 1840 suae2

1184 1852 1276 1883 quem
1286 1853 1351 1873 non
1361 1854 1376 1873 e
1390 1846 1471 1875 ‘citet
1480 1864 1490 1878 ‚
1509 1854 1573 1874 non
1587 1844 1760 1874 inflammet
1774 1852 1872 1874 tantus
1884 1843 1980 1874 vester
1995 1843 2142 1875 iste=con-

1182 1884 1306 1915 sensus?
1319 1886 1427 1916 multas
1436 1905 1445 1919 ,
1460 1886 1637 1927 magnasque
1647 1886 1738 1916 habui
1747 1885 1852 1915 consul
1862 1887 2024 1921 conciones
2034 1907 2043 1920 ,
2058 1886 2142 1916 mul-

1183 1927 1220 1955 tis
1237 1925 1383 1960 interfui,
1405 1927 1523 1958 nullam
1535 1937 1680 1968 umquam
1700 1926 1765 1957 vidi
1783 1935 1895 1957 tantam
1906 1947 1916 1961 ,
1936 1936 2045 1967 quanta
2061 1936 2142 1960 nunc

1183 1966 1277 1997 vestra
1286 1967 1337 1998 est.
1362 1970 1470 1999 Unum
1479 1969 1596 2000 sentitis
1605 1978 1715 2004 ornnes
1724 1988 1733 2003 ‚
1752 1977 1849 1998 unum
1860 1968 1984 1999 studetis
1993 1988 2002 2004 ‚
2019 1971 2067 1999 M.
2078 1971 2143 1999 An-

1181 2010 1262 2043 tonii
1271 2017 1413 2041 conatum
1427 2019 1556 2041 avertere
1566 2009 1581 2040 a
1591 2013 1652 2050 re'p.
1663 2009 1998 2052 furoremexstinguere
2010 2031 2019 2044 ‚
2039 2012 2141 2051 oppri-

1183 2060 1265 2080 mere
1274 2050 1437 2081 audaciam.
1452 2051 1543 2082 'idem
1557 2052 1668 2082 volunt
1683 2052 1946 2091 omnes‘oidines:
1966 2052 2076 2083 eodem
2090 2054 2141 2083 ἑτι-ἰ

1182 2090 1526 2134 cumbuntmunicipia'‚
1542 2094 1690 2128 coloniae,
1709 2092 1817 2128 cundia
1826 2094 1919 2132 Italia.
1943 2096 2046 2135 Itaque
2056 2094 2140 2124 sena-

1182 2143 1247 2164 tum
1264 2134 1315 2164 sua
1332 2135 1434 2173 sponte
1451 2135 1528 2165 bene
1544 2134 1669 2165 firmum
1681 2156 1690 2168 ,
1698 2134 1855 2174 firmiorem
1863 2134 1957 2166 vestra
1966 2135 2140 2170 audieritate

1180 2175 1300 2206 fecistis.
1323 2178 1417 2205 Venit
1434 2185 1573 2216 tempus,
1593 2179 1726 2218 Qirites
1737 2197 1746 2212 ,
1768 2177 1860 2207 serius
1874 2179 2025 2212 omnino,
2045 2187 2137 2218 quam

1179 2217 1305 2259 dignum
1315 2217 1430 2257 populo
1440 2219 1536 2248 Rom.
1544 2217 1603 2248 fuit
1614 2230 1620 2248 ¹.
1630 2219 1678 2250 sed
1690 2228 1790 2249 tamen
1800 2220 1840 2249 ita
1851 2228 2001 2249 maturum
2012 2240 2021 2253 ,
2034 2229 2067 2249 ut
2076 2219 2138 2249 dif-

1179 2258 1250 2289 ferti
1263 2269 1327 2299 jam
1345 2261 1418 2289 hora
1434 2269 1498 2289 non
1515 2258 1610 2299 poffit.
1634 2260 1693 2291 fuit
1705 2262 1814 2302 aliquis
1826 2260 1921 2297 fatalis
1934 2261 2015 2291 casus
2027 2281 2035 2295 ‚
2055 2263 2138 2291 utita

1179 2300 1277 2331 dicam
1288 2321 1298 2335 ‚
1308 2310 1401 2342 quem
1412 2302 1538 2332 tulimus
1548 2322 1556 2335 ‚
1568 2312 1692 2343 quoquo
1702 2302 1797 2333 modo
1807 2302 1949 2333 ferendus
1958 2302 2025 2332 fuit.
2041 2313 2134 2336 nunc,

1178 2341 1199 2371 fi
1217 2344 1286 2383 quis
1303 2344 1377 2376 erit,
1397 2344 1452 2373 erit
1468 2344 1666 2374 voluntarius.
1689 2345 1837 2384 populum
1852 2346 1946 2374 Rom.
1966 2345 2074 2375 servire
2091 2343 2136 2374 fas

1176 2394 1242 2414 non
1256 2383 1315 2414 est:
1332 2394 1423 2426 quem
1435 2384 1478 2415 dii
1488 2387 1675 2417 immortales
1685 2386 1831 2416 omnibus
1840 2386 1980 2427 gentibus
1990 2388 2136 2426 imperare

1175 2426 1347 2457 voluerunt.
1371 2427 1460 2456 resin
1471 2436 1643 2458 extremum
1656 2427 1697 2458 est
1715 2427 1841 2459 adducta
1857 2428 2027 2458 discrimen.
2050 2427 2137 2457 deli-

1175 2467 1285 2498 bertate
1304 2468 1481 2499 decernitur.
1513 2478 1561 2499 aut
1578 2471 1704 2500 vincatis
1724 2478 1860 2510 oportet,
1881 2470 2032 2510 Qirstes,
2050 2468 2134 2509 quod

1176 2508 1314 2550 Ρτοὶεᾶὸ
1330 2510 1363 2540 &
1372 2512 1479 2550 pietate
1489 2510 1583 2541 vestra
1593 2532 1603 2545 ,
1621 2512 1654 2541 δε
1665 2520 1743 2542 tanta
1752 2510 1911 2541 concordia
1919 2510 2133 2551 consequemi-

1178 2553 1230 2586 ni,
1241 2560 1292 2582 aut
1299 2552 1421 2593 quidvis
1430 2555 1542 2592 potius,
1553 2553 1643 2593 quam
1655 2553 1794 2583 serviatis.
1814 2555 1914 2581 ALIAE
1924 2553 2062 2582 nationes
2073 2552 2133 2584 ser-

1174 2594 1316 2624 virtutem
1326 2596 1388 2636 pati
1395 2592 1528 2634 poliunt,
1541 2597 1553 2621 3
1563 2595 1669 2635 populi
1678 2595 1811 2625 Romani
1822 2592 1864 2623 est
1873 2596 1990 2634 propria
1998 2594 2130 2625 libertas.
2156 2595 2161 2600 ”

1859 2655 1927 2700 Μ.
1966 2654 2127 2702 Tur.-

1168 2760 1263 2787 rarius.
1281 2760 1362 2786 malui
1373 2769 1424 2795 ego
1443 2761 1553 2786 Tremuli.
1574 2760 1626 2786 fuit
1644 2761 1714 2786 enini
1735 2769 1881 2795 cognomen
1893 2759 2057 2786 Marciorum
2070 2779 2077 2793 ,
2097 2759 2131 2786 de

1169 2793 1222 2835 (juo
1234 2795 1361 2823 videndus
1371 2795 1469 2822 amicus
1482 2796 1567 2822 noster
1583 2796 1728 2832 Stephanus
1741 2796 1848 2832 Pighius
1860 2795 1929 2821 libro
1940 2805 1968 2822 v.
1981 2796 2128 2823 Fastorum.

1207 2840 1233 2867 3.
1255 2835 1340 2865 ‘Populi
1347 2834 1444 2858 Romani
1454 2834 1489 2858 ef?
1502 2835 1599 2865 proprie:
1607 2833 1736 2868 leheman]
1758 2831 1958 2861 l'al.sec.P.R.
1977 2841 2014 2859 res
2025 2834 2060 2859 eff
2070 2839 2129 2868 pro-

1164 2870 1222 2902 pria
1232 2870 1339 2896 liberior.
2129 2886 2132 2889 ’

2009 3075 2131 3109 amr-1221·-

1458 3075 1601 3113 Ggsss²
