2360 3400
729 87 1603 148 ἘπιικοΜΕΝτῇΑ.

183 182 255 206 nem
268 167 442 213 potentium
454 167 624 199 secederent
633 187 642 202 ,
654 166 731 208 leges
741 167 860 198 sacratas
870 165 923 207 ipsi
934 164 986 197 fibi
1000 167 1136 199 restitue-

178 225 266 248 rent,
288 213 366 243 duos
386 211 678 244 tribunoscreaient,
699 220 838 239 montem
850 210 1027 240 illumtrans
1040 213 1135 240 Anie-

177 266 250 287 nem
267 275 275 289 ,
297 256 350 295 qui
370 253 459 282 hodie
479 263 571 282 mons
586 256 670 283 Sacer
689 261 885 284 nominatur,
903 254 935 281 in
955 262 1016 292 quo
1030 253 1133 282 armati

175 297 391 328 consederant,
413 304 528 324 aeternae
548 303 703 324 memoriae
713 294 1019 324 causaconsecrarent.
1038 303 1134 333 itaque

175 337 343 378 auspicato,
363 336 482 377 postero
501 347 599 370 anno,
621 338 660 366 X.
684 337 796 366 tribuni
816 335 1006 375 pl.comitiis
1015 336 1133 365 cui-latis

175 381 265 412 creati
277 380 356 410 sunt.

222 424 296 452 Asc.
308 422 323 462 ]
344 424 427 452 Tum
440 441 448 455 ‚
461 419 631 461 interposita
642 418 700 450 fide
709 429 761 459 per
770 420 840 449 treis
849 420 958 460 legatos
969 438 977 452 ,
989 416 1132 458 ampliffi-

176 473 246 495 mos
258 466 338 494 viros
348 483 356 498 ,
369 466 503 494 Romam
515 464 618 492 armati
632 470 817 492 reverterunt
829 485 834 489 .
846 471 878 490 in
889 464 1045 490 Aventino
1057 470 1131 490 con-

172 505 333 540 sederunt,
348 507 417 535 inde
429 506 534 535 armati
548 515 578 534 in
587 506 770 544 Capitolium
784 512 940 532 venerunt.
964 503 1068 533 decem
1081 504 1130 532 tri-

173 546 272 578 bunos
290 549 331 588 pl.
349 558 400 588 per
423 546 598 587 pontificem
614 567 623 580 ,
642 544 723 587 quod
744 545 929 585 magistratus
949 545 1050 574 nullus
1062 554 1131 578 erat,

169 599 352 620 creaverunt.
378 592 475 619 Etiam
489 590 551 619 haec
570 597 731 618 recentiora
743 597 886 626 praetereo
902 611 906 615 .
924 596 1036 626 ponam
1048 589 1131 626 prin-

172 633 288 670 cipium
300 630 467 670 justiffimae
477 631 621 660 libertatis
631 628 766 662 Celsi-am,
778 639 836 669 qua
847 629 910 669 lege
920 627 1128 669 suffragiorum

166 673 239 713 jus,
267 671 449 712 putestasque
457 673 629 702 convaluit:
651 677 772 702 alteram
783 669 908 701 Caffiam
922 690 930 704 ,
949 681 1013 711 quae
1025 672 1130 711 populi

167 713 283 755 judicia
295 712 435 744 firmavit.

212 756 304 796 Asc]
324 758 384 796 Qi
403 765 466 785 non
491 754 585 785 modo
608 754 678 785 cum
699 755 798 788 Sulla,
816 753 921 784 verum
943 758 1030 784 etiarn
1044 773 1052 787 ‚
1075 754 1130 783 illo

170 806 314 830 mortuo,
337 798 452 836 semper
474 798 531 826 hoc
550 807 601 837 per
624 798 652 826 se
675 798 802 827 summis
813 796 922 835 opibus
935 795 1127 825 retinendum

169 848 351 880 putaverunt
363 859 371 871 ,
394 837 594 868 inimicillimi
612 841 649 868 C.
660 841 754 868 Cottae
766 844 907 870 ruerunt,
927 837 1008 877 quod
1021 847 1045 866 is
1054 848 1127 868 con-

170 882 217 911 sul
236 881 370 921 paullum
390 880 518 910 tribunis
529 884 571 920 pl.
584 891 648 910 non
658 880 810 920 potestatis
820 899 828 913 ‚
852 879 899 909 sed
911 879 1066 918 dignitatis
1076 880 1126 910 ad-

169 922 256 953 didit.

217 964 311 1006 Asc.]
332 963 486 1006 Qamdiu
505 964 627 1006 quidem
647 965 706 995 hoc
722 966 827 994 animo
836 974 902 1005 erga
910 973 965 993 nos
980 963 1030 993 illa
1043 963 1128 1003 plebs

166 1007 225 1037 erit
234 1026 242 1040 ‚
265 1017 326 1047 quo
335 1007 361 1036 se
372 1005 503 1036 ostendit
514 1005 570 1036 effe
582 1026 591 1038 .
612 1005 682 1036 cum
695 1007 790 1047 legem
803 1009 968 1038 Aureliam,
979 1004 1050 1036 cum
1061 1007 1127 1035 Ro·

167 1048 258 1080 stiam
271 1058 334 1078 non
344 1048 443 1078 modo
457 1051 570 1088 accepit
581 1068 589 1082 ‚
615 1048 662 1078 sed
674 1050 763 1078 etiam
775 1047 955 1088 efflagitavit.

210 1089 301 1131 Asci]
328 1092 478 1130 Memoria
498 1100 585 1119 teneo
606 1110 614 1123 ,
639 1089 710 1120 cum
731 1093 866 1129 primum
890 1089 1037 1119 senatores
1054 1098 1124 1119 cum

165 1132 318 1173 equitibus
329 1134 478 1162 Romanis
489 1134 551 1172 lege
566 1131 843 1170 Plotiajud'icarent,
857 1133 1015 1160 hominem
1027 1133 1064 1160 iis
1075 1150 1083 1164 ‚
1095 1141 1127 1160 ac

167 1174 512 1214 nobilitatiperinvisum
524 1193 533 1207 ,
558 1176 612 1203 Cn⁴
628 1176 808 1214 PompeJum
821 1193 830 1206 ,
841 1173 956 1203 causam
970 1180 1032 1213 iege
1043 1175 1128 1202 Varia

165 1215 203 1246 de
214 1215 364 1254 maiestate
374 1215 495 1246 dixisl'e.

205 1256 385 1289 Patscdzbr
399 1258 444 1298 8.]
457 1260 531 1299 Qae
541 1256 895 1297 intermisi'acomplureis
904 1266 1011 1287 annos.

208 1301 298 1331 Pais.
310 1298 397 1341 ibid]
418 1303 504 1330 Num
514 1299 848 1341 alicuigratificabantur
858 1308 907 1329 aut
916 1299 1037 1328 homini
1047 1318 1057 1332 ‚
1078 1307 1128 1329 aut

166 1342 270 1372 ordini
282 1344 294 1370 ?

212 1386 300 1414 Pais.
313 1382 363 1412 lib.
371 1393 407 1413 10
420 1384 436 1424 J
447 1385 591 1423 Coeptum
602 1385 692 1425 igitur
703 1393 754 1423 per
763 1392 814 1412 eos
825 1403 834 1417 ‚
854 1384 906 1424 qui
916 1384 962 1423 agi
972 1382 1128 1416 volebant,

164 1423 294 1456 desitum
306 1424 348 1454 est
358 1435 405 1464 pei
418 1427 508 1458 hunc,
521 1428 573 1465 qui
584 1424 710 1454 dece-ffu-

213 1466 411 1507 Pnisdibss]
434 1468 574 1496 Circuitis
592 1466 695 1496 rostris
716 1466 895 1505 ejicerentur
913 1464 1061 1505 lapidibus
1072 1467 1127 1496 ho-

166 1517 280 1540 mines.

207 1549 338 1590 Prusa]
349 1552 409 1591 Qi
419 1550 591 1590 eloquentia
600 1550 705 1579 ceteris
715 1548 878 1578 antecellit.

208 1592 378 1632 AQtJiLA]
397 1591 555 1622 Referium
576 1591 742 1621 tribunitiis
753 1590 890 1631 legibus,
913 1587 1092 1620 exhaustum
1104 1589 1120 1619 a

166 1634 276 1675 quibus
287 1631 331 1668 sit,
342 1632 395 1673 ipfi
406 1634 511 1664 serunt.
724 1645 729 1650 ·

531 1677 626 1703 Cetera
641 1673 750 1713 desunt.

468 1718 526 1747 Pro
537 1719 569 1745 C.
585 1716 740 1745 Cornelio.
765 1715 812 1743 11.

528 1755 623 1787 ‘Deest
642 1764 769 1785 mittum.

208 1803 282 1831 Asc.
302 1799 334 1830 &
356 1802 650 1830 FoaroNAriAiius
667 1798 708 1826 iib
724 1807 750 1837 3.
769 1796 869 1837 Rhet]
881 1799 1015 1837 Pugnem
1027 1796 1124 1837 aperte

164 1852 268 1874 contra
279 1840 536 1872 nobiliffimorum
547 1842 712 1871 hominum
725 1844 909 1872 voluntates,
921 1838 1016 1869 studia
1026 1859 1034 1872 ‚
1048 1848 1124 1869 con-

163 1883 238 1918 filia.
251 1885 504 1926 cogitationesque
514 1893 620 1913 eorum
633 1884 763 1922 aperiam
776 1881 785 1906 ?

207 1930 338 1958 Cicsao
357 1935 514 1955 onAromt
533 1925 644 1965 pena]
668 1926 694 1953 O
709 1923 832 1953 callidos
844 1923 984 1952 homines
997 1942 1005 1956 ‚
1025 1921 1044 1952 ὁ
1059 1932 1121 1952 rem

162 1978 360 2009 excogitatam
374 1988 382 2002 ,
403 1967 423 1997 ὁ
443 1971 563 2008 ingenia
571 1965 731 1998 metuenda
745 1968 750 1994 Ε
778 1964 876 1994 testeis
887 1964 951 1994 dare
965 1967 1122 1994 volumus.

163 2020 256 2052 quem
269 2030 277 2043 ‚
290 2011 398 2051 quaesi),
412 2009 550 2040 nostrum
560 2008 680 2041 fefellit,
694 2017 731 2037 ita
741 2016 794 2036 vos
807 2005 864 2036 esse
874 2005 1002 2035 i‘aeiuros
1020 2009 1030 2035 ?

207 2054 299 2093 Asc]
318 2055 401 2082 Num
424 2054 455 2082 in
475 2062 511 2081 eo
530 2072 538 2085 ,
562 2052 615 2091 qui
636 2048 691 2080 sint
710 2051 741 2078 hi
762 2048 868 2081 testes,
889 2047 1045 2077 haesltatls?
1066 2058 1122 2089 ego

164 2094 254 2125 vobis
272 2095 358 2124 edam
378 2094 465 2124 duos.
483 2095 592 2135 reliqui
604 2093 670 2122 sunt
681 2092 717 2121 de
726 2090 1059 2121 consularibusinimic'i
1071 2100 1121 2119 tii-

165 2136 292 2167 bunitiae
309 2135 461 2176 potestatis
478 2148 481 2164 :
495 2145 579 2176 pauci
590 2132 925 2175 praetereaass'entatores
934 2142 1039 2163 eorum
1051 2151 1060 2166 ‚
1079 2141 1122 2162 at-

164 2176 344 2221 queass'eclae
357 2178 584 2219 subsequuntur.
626 2177 637 2190 ⁸

208 2220 301 2261 Asa]
321 2220 376 2250 Sed
400 2218 419 2249 fi
441 2222 628 2250 tamiliariter
645 2228 683 2248 ex
701 2216 884 2257 QCatulm
907 2214 1121 2255 sapientiffimo

164 2264 232 2292 viro
249 2271 337 2303 atque
352 2260 568 2292 humaniffimo
581 2281 590 2295 ‚
609 2262 702 2290 velim
714 2268 844 2300 quaerere
855 2278 863 2291 ,
888 2267 983 2287 utrius
998 2261 1117 2288 tandem

166 2304 222 2334 tibi
233 2305 401 2334 tribunatus
413 2304 516 2334 minus
527 2304 643 2344 probari
654 2301 750 2342 potest
760 2321 769 2335 ‚
791 2303 825 2330 C.
837 2299 981 2333 Cornelii,
996 2309 1043 2332 an,
1058 2309 1121 2329 non

164 2346 263 2376 dicam
286 2349 315 2377 P.
335 2347 459 2386 Sulpicii
478 2366 487 2380 ,
512 2356 576 2376 non
593 2347 630 2375 L.
650 2346 823 2376 Saturnini,
845 2352 908 2371 non
927 2343 961 2371 C.
984 2343 1121 2374 Gracchi,

163 2397 227 2419 non
244 2389 363 2418 Tiberii
375 2400 379 2416 :
391 2390 549 2418 neminem
561 2408 569 2421 ‚
590 2397 680 2429 quem
694 2385 741 2415 isti
754 2383 1121 2428 seditiosumexistimant,

164 2430 335 2460 nominabo
350 2430 415 2460 :sed
426 2431 566 2460 avunculi
577 2439 620 2459 tui
632 2448 640 2461 ‚
649 2430 799 2469 QCatule
812 2425 997 2459 ,claii1limi‚
1008 2435 1120 2465 patrlae-

163 2481 222 2512 que
233 2471 425 2503 amantiffimi
436 2475 493 2502 viri
507 2491 516 2505 ,
536 2471 611 2512 quid
626 2474 702 2500 milii
712 2469 832 2499 tandem
845 2468 1054 2508 responsurum
1065 2477 1121 2508 pu-

164 2514 252 2544 tatis?

430 2554 498 2597 pos?
507 2565 557 2583 xx.
571 2554 664 2593 versus
675 2549 869 2593 hpraecedenti.

205 2596 297 2638 Asc]
309 2597 390 2638 Qid
404 2600 415 2626 ?
426 2603 591 2627 avunculus
605 2605 674 2625 tuus
687 2615 695 2629 ‚
707 2593 881 2624 clarillimus
892 2595 948 2627 vir,
960 2592 1119 2624 clariffimo

164 2647 243 2679 patre
257 2659 266 2673 ,
286 2649 343 2669 avo
356 2659 364 2672 ‚
388 2640 554 2678 majoribus
569 2658 578 2672 ‚
597 2647 661 2667 non
671 2636 790 2666 silentio
801 2655 809 2669 ‚
822 2636 938 2665 favente
950 2637 1119 2669 nobilitate,

163 2682 251 2711 nullo
268 2678 456 2712 intercess'ore
466 2690 637 2720 comparato
647 2699 655 2712 ‚
677 2679 790 2718 populo
800 2680 838 2708 R.
850 2678 933 2708 dedit
943 2697 952 2711 ,
972 2678 1003 2707 δε
1014 2687 1118 2717 poten-

161 2721 344 2753 tiffimorum
365 2725 528 2752 hominum
548 2724 684 2762 collegiis
699 2729 807 2760 eripuit
825 2720 1065 2760 cooptandurum
1080 2720 1118 2750 sa-

161 2766 318 2795 cerdotum
344 2764 542 2804 potestatem?
571 2766 675 2805 Qid?
695 2764 777 2792 idem
798 2765 954 2791 Domitius
978 2764 1021 2791 M.
1043 2763 1118 2792 sila-

164 2816 241 2837 num
262 2827 271 2842 ,
289 2808 477 2837 consularem
502 2808 681 2838 homiuem,
700 2804 961 2846 quemadmodum
985 2804 1120 2834 tribunus

158 2849 204 2889 pl.
218 2853 357 2879 vexavit?

208 2892 298 2933 Asc]
321 2894 394 2922 Haec
419 2890 461 2921 est
477 2888 675 2921 controversia
686 2888 856 2929 ejusmodi,
875 2896 907 2918 ut
918 2889 995 2918 mihi
1006 2887 1120 2919 tribuni

163 2933 204 2972 pl·
225 2936 269 2963 Cn
300 2937 477 2967 Domitius,
497 2934 603 2963 Catulo
646 2931 661 2946 ’'
684 2934 717 2960 M
748 2930 1116 2970 Terpoliuscontemtiffi-

164 2983 252 3004 mum
265 2985 380 3005 nomen
392 2976 521 3013 ejectum
533 2974 590 3005 effe
601 2976 685 3004 exiis
696 2983 746 3013 qui
758 2974 867 3002 tribuni
880 2974 918 3013 pl.
931 2971 1061 3003 fuerunt.

205 3018 279 3046 Cic.
299 3021 381 3046 Orat.
398 3018 466 3058 perf.
488 3018 522 3049 &
541 3026 659 3057 Qum:
680 3014 752 3054 [φρ
783 3015 855 3056 ι4]
871 3018 948 3045 Num
962 3024 1057 3055 neque
1068 3024 1117 3044 me

161 3056 279 3088 divitiae
290 3069 427 3091 movent,
439 3061 548 3099 quibus
558 3068 666 3089 omnes
677 3062 846 3090 Atricanos,
860 3058 890 3086 ὅ(
905 3058 1015 3086 Laelios
1025 3063 1114 3086 multi

164 3100 345 3133 venalitiarii
356 3121 364 3137 ‚
377 3101 609 3141 mercatoresque
624 3101 815 3141 superarunt,
835 3098 1032 3141 aequevestis
1043 3118 1052 3136 ³
1067 3109 1117 3131 aut

1187 167 1326 198 caelatum
1343 177 1447 199 aurum
1460 188 1469 203 ‚
1493 169 1526 201 &
1543 178 1698 212 argentum
1709 191 1718 207 ‚
1736 182 1798 215 quo
1808 172 1926 205 nostros
1935 181 2048 206 veteres
2057 178 2140 208 Mar-

1185 210 1278 256 cellos
1290 229 1299 243 ,
1320 211 1535 253 Maximosque
1549 214 1639 244 multi
1655 218 1786 246 eunuchi
1800 217 1816 247 ὲ
1829 219 1912 256 syria
1922 237 1930 250 ‚
1952 220 2140 259 AEgyptoque

1185 259 1330 298 vicerunt.
1352 262 1448 293 neque
1459 252 1530 284 vei-o
1541 265 1668 287 movent
1678 266 1726 287 me
1736 267 1912 289 ornamenta
1922 258 1975 290 ista
1985 260 2139 293 villarum,

1181 293 1290 332 quibus
1304 295 1339 323 L.
1351 296 1488 325 Paullum
1502 315 1510 329 ,
1525 297 1557 326 &
1570 299 1759 330 Mummium
1771 320 1780 333 ‚
1803 302 1855 341 qui
1865 300 1952 331 rebus
1962 302 2007 331 his
2020 301 2137 336 urbem,

1180 335 1357 375 Italiamque
1373 346 1500 367 omnem
1521 338 1697 370 referserunt
1708 361 1717 375 ,
1737 342 1773 372 ab
1783 343 1884 384 aliquo
1896 343 1986 374 video
1995 342 2137 384 perfacili:

1182 377 1318 410 Deliaco,
1330 387 1379 407 aut
1388 381 1460 417 Syro
1472 379 1598 418 potuisse
1609 382 1747 421 superari.

1222 420 1310 448 Pius.
1321 418 1372 448 lib.
1381 429 1391 448 1
1401 420 1416 449 8
1424 421 1447 461 .]
1459 423 1534 462 Qis
1543 431 1602 452 tam
1612 423 1766 455 abundans
1775 427 1882 467 copiis.

1530 466 1667 494 Extrema
1685 467 1795 506 desunt.

1263 503 1539 535 CONTRA
1583 508 1616 537 C.
1660 512 2062 546 ANTONIUM‚

1631 559 1650 579 E
1672 561 1691 580 τ

1369 588 1404 617 L.
1458 590 1949 628 CATILINAM,

1411 632 1632 670 Competitores
1643 635 1672 662 in
1687 643 1754 673 toga
1769 635 1904 666 candida.

1511 673 1600 702 Deest
1615 682 1796 717 principium.
2127 711 2131 714 ,

1219 711 1552 758 OMtsttAtxtAftomoJ
1565 718 1655 750 Dico,
1669 720 1697 747 Ρ.
1709 720 1733 748 C
1757 719 1906 758 superiore
1916 718 2131 759 no&e‚cujus—

1175 750 1244 781 dam
1268 754 1404 783 homlnis
1416 756 1528 785 nobilis
1539 777 1547 790 .
1576 758 1608 787 &
1619 758 1704 788 valde
1719 762 1750 789 in
1766 762 1823 790 hoc
1836 762 2001 801 largitionis
2013 761 2126 802 quaestu

1174 803 1260 826 noti,
1285 794 1318 824 &
1337 805 1470 837 cogniti,
1491 798 1620 829 domum
1642 801 1803 832 Catilinam
1821 802 1853 833 &
1873 804 2046 834 Antonium
2057 813 2127 834 cum

1176 835 1373 876 sequestribus
1387 838 1444 868 suis
1453 840 1638 871 convenisse.

1215 879 1315 918 Qem
1326 889 1408 909 enim
1422 891 1471 910 aut
1480 892 1612 912 amicum
1625 883 1729 914 habere
1741 884 1838 925 potest
1851 888 1874 916 is
1887 905 1896 920 ,
1919 888 1972 926 qui
1983 895 2029 917 tot
2037 886 2131 916 civeis

1174 920 1411 967 trucidavitfflm
1420 924 1562 953 clientem
1575 944 1583 959 ,
1595 928 1647 966 qui
1659 928 1689 955 in
1703 927 1750 956 sua
1759 930 1878 958 civitate
1886 938 1957 959 cum
1971 931 2128 969 peregrino

1173 971 1291 1002 negavit
1301 963 1329 992 se
1342 964 1458 1002 judicio
1467 976 1554 1006 aequo
1564 977 1672 997 certare
1680 967 1785 1008 poffe?

1216 1005 1282 1033 Nec
1292 1004 1321 1033 se
1330 1005 1389 1042 jam
1400 1015 1464 1036 tum
1476 1008 1688 1048 respexit,cuin
1698 1009 1876 1052 gravissimis
1887 1011 1990 1043 vestris
2005 1012 2131 1043 decretis

1173 1044 1277 1075 absens
1285 1056 1402 1077 notatus
1412 1048 1463 1078 est.

1216 1089 1252 1116 In
1268 1088 1392 1135 judiciis
1402 1100 1511 1130 quanta
1521 1094 1565 1122 vis
1576 1091 1646 1123 esset
1656 1113 1664 1127 ‚
1684 1093 1800 1125 didicit.
1826 1105 1895 1125 cum
1908 1094 1949 1125 est
1959 1095 2117 1126 absolutus

1173 1127 1193 1158 fi
1208 1138 1256 1159 aut
1267 1131 1341 1160 illud
1354 1132 1501 1168 iudicium
1518 1154 1526 1167 ‚
1539 1135 1648 1165 autilla
1656 1135 1806 1167 absolutio
1817 1137 2005 1168 nominanda
2015 1136 2069 1167 est.

1213 1173 1364 1211 Populum
1374 1173 1446 1204 verb
1457 1194 1466 1208 ‚
1487 1175 1559 1206 cum
1570 1176 1753 1217 inspectante
1765 1184 1878 1218 populo
1890 1198 1898 1212 ‚
1916 1179 2031 1209 collum
2040 1179 2132 1210 secuit

1174 1213 1311 1243 hominis
1323 1218 1459 1246 maxime
1471 1219 1634 1257 populariS‚
1645 1222 1748 1259 quanti
1759 1221 1866 1251 faceret
1878 1241 1886 1254 ,
1897 1220 2037 1251 ostendit.

1217 1257 1269 1285 Me
1280 1276 1289 1288 ,
1311 1266 1367 1296 qua
1375 1267 1506 1303 amentia
1515 1259 1657 1290 ιηάυᾶυε
1667 1260 1700 1290 sit
1714 1281 1723 1295 ‚
1734 1271 1764 1292 ut
1774 1271 1982 1292 contemneret
1991 1261 2123 1296 ‚consti-

1175 1305 1256 1344 tuere
1276 1307 1340 1327 non
1359 1299 1489 1339 polium.
1510 1305 1614 1332 utrum
1641 1313 1727 1343 aequo
1738 1307 1842 1334 animo
1852 1306 1980 1334 laturum
1993 1310 2133 1344 putaVit?

1174 1348 1211 1368 an
1230 1348 1263 1369 in
1284 1340 1338 1386 suo
1347 1342 1580 1374 tamiliariffimo
1591 1355 1655 1374 non
1668 1344 1782 1376 viderat
1792 1367 1800 1380 ,
1819 1356 1868 1377 me
1878 1355 1916 1376 ne
1926 1347 2056 1377 aliorum
2065 1348 2133 1387 qui-

1173 1382 1244 1410 dem
1255 1384 1378 1421 injurias
1388 1385 1581 1416 mediocriter
1589 1384 1670 1426 poss'e
1679 1386 1776 1417 ferre?

1215 1423 1299 1453 Alter
1317 1433 1423 1464 pecore
1442 1430 1531 1456 omni
1550 1428 1673 1458 vendito
1685 1448 1693 1462 ‚
1714 1429 1747 1459 &
1759 1429 1878 1460 saltibus
1889 1430 1981 1470 probe
1991 1428 2127 1464 addictis,

1173 1464 1301 1503 pastores
1311 1470 1438 1500 retinet,
1453 1478 1492 1498 ex
1501 1470 1610 1509 quibus
1624 1490 1631 1504 ,
1643 1471 1702 1504 ait,
1716 1471 1754 1505 se,
1765 1470 1837 1501 cum
1847 1473 1932 1506 velit,
1945 1471 2044 1502 subito
2053 1471 2135 1512 fugi-

1174 1515 1307 1536 tivorum
1331 1508 1445 1538 bellum
1467 1514 1677 1541 excitaturum.
1697 1512 1771 1542 alter
1791 1513 1912 1543 induxit
1929 1523 2019 1546 eum,
2038 1522 2131 1553 quem

1173 1551 1289 1587 potuit,
1310 1557 1342 1579 ut
1351 1551 1473 1589 repente
1486 1552 1662 1592 gladiatores
1672 1573 1680 1586 ‚
1692 1555 1807 1593 populo
1817 1564 1880 1583 non
1891 1554 2011 1584 debitos
2021 1573 2030 1587 ,
2042 1555 2135 1594 polli-

1172 1598 1296 1622 ceretur,
1307 1600 1383 1630 quos
1393 1592 1452 1630 ipse
1463 1594 1627 1624 consularis
1637 1595 1812 1625 candidatus
1825 1596 1994 1636 perspexit,
2005 1595 2038 1626 δε
2049 1597 2131 1638 legit,

1173 1630 1206 1660 &
1217 1640 1302 1660 emit.
1319 1633 1461 1671 praesente
1471 1636 1586 1675 populo
1597 1638 1625 1666 R
1646 1635 1761 1666 raditum
1774 1637 1825 1667 est.

1214 1674 1420 1713 Qamobrem
1431 1685 1537 1716 augere
1547 1679 1636 1708 etiam
1650 1679 1801 1709 mercedes
1812 1678 1832 1708 fi
1842 1679 1934 1709 vultis
1944 1682 1980 1718 Q.
1988 1681 2129 1710 Mucium

1170 1723 1332 1744 conantem
1356 1716 1453 1757 legem
1474 1719 1621 1757 impedire
1633 1740 1642 1753 ,
1664 1730 1696 1750 ut
1706 1720 1941 1760 coepitsenatus‚
1967 1724 2047 1752 COS.
2061 1731 2132 1761 pro-

1173 1755 1285 1784 hibei-e.
1309 1756 1358 1785 sed
1376 1767 1431 1798 ego
1440 1768 1472 1788 ea
1480 1761 1548 1801 lege
1557 1770 1718 1792 contentus
1730 1763 1794 1792 sum
1808 1781 1817 1796 ,
1835 1773 1894 1803 qua
1905 1763 1983 1794 duos
1992 1764 2132 1795 consules

1170 1795 1334 1838 designatos
1348 1808 1410 1828 uno
1421 1809 1556 1840 tempore
1567 1802 1701 1833 damnari
1715 1803 1859 1834 vidimus.

1213 1841 1260 1886 Te
1274 1848 1374 1869 rameri
1386 1860 1394 1874 ‚
1416 1844 1452 1879 Q.
1466 1844 1560 1876 Muci,
1573 1853 1633 1874 tam
1649 1846 1727 1875 male
1743 1845 1839 1886 derep
1863 1846 2045 1882 existimare,
2058 1857 2128 1878 mo-

1172 1879 1242 1910 leste
1266 1880 1330 1910 fero
1341 1901 1348 1914 ‚
1368 1892 1419 1922 qui
1429 1882 1567 1915 hesterno
1577 1886 1626 1916 die
1640 1897 1688 1916 me
1699 1885 1756 1917 effe
1767 1887 1894 1929 dignum
1907 1890 2064 1920 consulatu
2076 1900 2130 1920 ne-

1171 1922 1268 1963 gabas.
1287 1922 1381 1963 quid?
1397 1926 1527 1965 populus
1548 1929 1707 1958 Romanus
1724 1939 1827 1960 minus
1837 1930 1999 1971 diligenter
2009 1931 2061 1962 scit
2075 1930 2129 1962 sibl

1170 1964 1351 1995 constituere
1361 1967 1551 1998 delensorem
1565 1989 1574 2002 ‚
1594 1974 1685 2011 quam
1699 1980 1729 2001 tu
1742 1971 1819 2001 tibi?
1841 1981 1891 2013 qui
1905 1992 1913 2006 ,
1934 1972 2005 2004 cum
2019 1982 2046 2004 te
2056 1973 2130 2004 furti.

1171 2009 1207 2037 L.
1228 2008 1356 2036 Calenus
1375 2019 1523 2054 argueret,
1543 2021 1592 2040 me
1610 2011 1797 2052 potiffimum
1808 2013 1998 2045 fortunarum
2010 2025 2129 2046 tuarum

1166 2058 1328 2094 patronum
1349 2049 1407 2080 esse
1425 2051 1547 2082 voluisti
1580 2054 1612 2083 &
1631 2057 1717 2094 cujus
1734 2065 1765 2085 tu
1782 2055 1944 2086 confilium
1966 2059 2056 2087 intua
2068 2066 2130 2087 tur-

1169 2089 1287 2131 pissima
1303 2092 1386 2122 causa
1404 2092 1538 2135 delegisti
1550 2115 1558 2128 ,
1581 2097 1661 2126 hunc
1672 2095 1950 2128 honestissimarum
1963 2109 2063 2129 rerum
2075 2099 2130 2129 de·

1169 2133 1320 2182 sensorem
1339 2136 1468 2174 populus
1486 2138 1515 2166 R
1544 2137 1662 2167 auc'tore
1685 2148 1712 2168 te
1732 2159 1740 2172 ,
1759 2141 1913 2179 repudiare
1933 2140 2052 2180 potest?
2072 2139 2127 2171 nlsl

1169 2176 1246 2205 rorte
1258 2177 1316 2205 hoc
1326 2176 1461 2206 dicturus
1472 2188 1577 2219 es,quo
1590 2190 1725 2220 tampore
1737 2192 1751 2211 a
1762 2183 1795 2211 L.
1809 2182 1922 2212 Caleno
1932 2185 2002 2212 furti
2015 2183 2131 2212 delatus

1171 2215 1205 2246 sis
1218 2236 1226 2250 ‚
1247 2226 1275 2247 te
1295 2227 1332 2247 eo
1352 2228 1488 2258 tempore
1507 2231 1539 2250 in
1560 2231 1609 2250 me
1629 2224 1682 2252 tibi
1702 2232 1806 2262 parum
1818 2223 1994 2254 auxiliiess'e
2006 2222 2124 2254 vidiffe.

1213 2263 1310 2299 Atque
1327 2279 1335 2293 ,
1360 2269 1392 2289 ut
1410 2259 1500 2291 istum
1520 2272 1660 2294 omittam
1683 2275 1714 2294 in
1734 2274 1867 2295 exercitu
1877 2267 2001 2297 Sullano
2011 2266 2129 2306 praedo-

1170 2310 1242 2331 ncm
1258 2321 1267 2334 ,
1292 2304 1326 2331 in
1343 2304 1469 2332 introitu
1478 2305 1670 2344 gladiatorem
1684 2326 1693 2339 ,
1717 2316 1746 2336 in
1758 2306 1883 2338 Victoria
1892 2309 2127 2348 quadugarium.

1210 2346 1258 2373 Te
1277 2342 1349 2390 vero
1369 2363 1377 2377 ‚
1395 2346 1539 2379 Catilina,
1558 2347 1745 2378 consulatum
1768 2348 1896 2387 sperare,
1920 2359 1967 2380 aut
1985 2359 2127 2391 cogitare.

1169 2395 1231 2416 non
1251 2385 1423 2425 prodigium
1435 2406 1443 2420 ‚
1465 2397 1551 2429 atque
1568 2399 1741 2429 portentum
1753 2390 1815 2420 est?
1834 2391 1849 2420 ii
1859 2391 1968 2432 quibus
1979 2401 2063 2422 enim
2075 2401 2128 2431 pe-

1170 2430 1230 2458 tis?
1247 2439 1262 2457 a
1280 2428 1465 2468 principibus
1483 2433 1632 2462 civitatis?
1651 2441 1702 2472 qui
1723 2432 1777 2462 tibi
1790 2452 1797 2465 ‚
1817 2432 1888 2462 cum
1911 2435 1945 2463 L.
1971 2435 2126 2464 Volcatius

1168 2470 1272 2516 consul
1294 2479 1325 2499 iu
1345 2468 1472 2500 consilio
1491 2471 1610 2506 luiss'ct,
1631 2483 1668 2503 ne
1680 2474 1934 2514 petendiquidem
1947 2475 2125 2515 potestatem

1169 2511 1226 2542 esse
1246 2512 1427 2542 voluerunt?
1446 2514 1461 2543 a
1481 2514 1686 2545 senatoribus?
1706 2516 1805 2556 quide
1815 2516 1987 2548 au&‹›ritate
1998 2517 2046 2548 sua
2057 2517 2126 2557 spo-

1169 2555 1272 2583 liatum
1284 2556 1471 2584 ornamentis
1479 2557 1624 2587 omnibus
1634 2577 1641 2591 ,
1654 2561 1791 2587 vinctum
1802 2568 1887 2598 paene
1901 2561 2050 2590 Atricanis
2059 2569 2128 2589 ora-

1170 2596 1284 2626 toribus
1295 2596 1498 2626 tradiderunt?
1520 2600 1555 2628 ab
1566 2598 1830 2640 equestrioidine?
1848 2611 1938 2641 quem
1951 2599 2126 2631 trucidasti?

1169 2638 1185 2668 a
1204 2639 1311 2678 plebe?
1329 2640 1377 2667 cui
1389 2638 1589 2678 spe-&taculum
1601 2641 1751 2680 ejusmodi
1763 2651 1810 2672 tua
1820 2643 1978 2673 crudelitas
1988 2643 2124 2684 praebuit,

1168 2689 1200 2709 ut
1210 2690 1304 2710 nemo
1315 2678 1374 2709 sme
1382 2679 1466 2710 luctu
1480 2682 1514 2711 ad
1521 2682 1627 2722 spicere
1639 2704 1647 2716 ,
1661 2682 1719 2712 sine
1729 2694 1844 2724 gemitu
1856 2684 2000 2715 recordari
2009 2683 2127 2724 posset?

1211 2726 1317 2752 ΑεεοΝ
1333 2722 1347 2763 ]
1371 2723 1461 2763 Qod
1483 2734 1568 2764 caput
1588 2734 1750 2754 etiamtum
1764 2726 1888 2765 plenum
1900 2737 2007 2757 animae
2020 2727 2053 2756 &
2066 2727 2127 2766 spi-

1168 2767 1254 2797 ritus,
1266 2764 1300 2794 ad
1311 2765 1424 2794 Sullam
1438 2766 1529 2806 usque
1539 2767 1720 2808 abJaniculo
1731 2768 1765 2798 ad
1778 2768 1871 2798 aedcm
1884 2769 2049 2809 Aponium
2062 2778 2127 2800 rna-

1169 2806 1258 2836 nibus
1270 2806 1332 2846 ipse
1342 2807 1400 2836 suis
1411 2806 1528 2837 detulit.

1211 2850 1309 2889 Qis?
1334 2858 1364 2878 tu
1384 2857 1467 2887 potes
1487 2852 1518 2878 in
1540 2849 1714 2881 defensione
1735 2861 1782 2882 tua
1790 2849 1887 2883 dicere
1902 2875 1911 2888 ‚
1935 2852 2016 2894 quod
2026 2852 2073 2882 illi
2087 2861 2126 2882 ne

1171 2890 1445 2931 dixeruntquidem
1464 2894 1473 2920 ?
1496 2892 1658 2923 tibidicere
1670 2894 1857 2924 nonlicebit.

1211 2934 1356 2977 Denique
1375 2934 1421 2963 iili
1443 2943 1546 2973 negare
1567 2944 1729 2974 potuerunt
1740 2956 1748 2970 ‚
1771 2936 1802 2966 &
1817 2946 2002 2977 negaverunt
2013 2961 2018 2966 .
2029 2945 2059 2966 tu
2071 2935 2127 2966 tibi

1170 2984 1207 3004 ne
1229 2975 1379 3005 inlitiand'i
1398 2975 1521 3014 quidem
1544 2978 1737 3016 impudentia:
1750 2982 1850 3008 locum
1864 2978 2020 3019 reliquisti.
2039 2987 2128 3017 quare

1169 3024 1305 3056 praeclarzi
1316 3017 1572 3055 dicemurjudicia
1583 3018 1716 3053 tillim-‚si
1726 3030 1776 3060 qui
1789 3019 1969 3051 infitiantem
1983 3020 2127 3050 Luscium

1167 3059 1419 3091 condemn-irunt,
1433 3061 1592 3090 Catilinam
1604 3061 1784 3092 absolverint
1794 3061 2002 3092 confitentem.

1210 3104 1239 3132 Is
1250 3111 1320 3143 ergo
1334 3110 1421 3141 neg-it
1433 3102 1459 3130 st·
1472 3104 1606 3142 ignarum
1619 3102 1676 3134 ess'e
1689 3123 1697 3138 ,
1709 3103 1780 3136 cum
1793 3113 1882 3136 etiam
1896 3106 1954 3138 illi,
1970 3106 2131 3142 imperitos

1366 3146 1606 3176 cccccccc-2.
2026 3145 2054 3175 se
2075 3144 2133 3175 bo·
