2360 3400
703 56 741 104 F
805 72 840 106 R
907 74 939 106 Α
1010 74 1043 105 0
1111 73 1152 107 M*
1219 77 1249 109 ε
1317 77 1352 111 N
1422 77 1459 109 τ
1525 78 1575 110 Α.

1991 77 2115 126 13¹5

159 141 233 176 cum
253 143 276 174 ii
292 141 360 174 sunt
379 139 499 173 alterius
509 159 519 175 ‚
537 139 592 182 qui
610 139 655 172 sui
667 138 790 181 possunt
802 137 871 171 effe.
893 138 965 171 cum
976 150 1074 172 autem
1086 142 1118 171 hi
1162 153 1307 185 umquam
1319 145 1455 175 mortalis
1464 143 1571 187 affequi
1581 143 1680 186 potuit
1690 142 1750 176 fine
1760 143 1873 176 eximia
1882 143 2000 176 virtutis
2008 145 2114 186 gloria.

191 187 350 215 mulantur.

158 186 188 218 fa
200 230 287 257 Nou.
304 223 439 265 Infestum
453 235 537 255 mare.
560 223 725 266 Myoparo]
749 226 831 254 Nam
849 223 920 255 cum
939 232 1118 265 quaereretur

153 277 195 299 ex
213 278 250 298 eo
261 288 270 302 ‚
290 277 351 308 quo
371 269 477 297 scelere
491 267 665 307 compulsus
676 276 756 296 mare
766 267 886 296 haberet
897 265 1041 296 infestum
1053 275 1115 296 uno

152 319 356 351 myoparone:
373 310 489 339 Eodem
502 329 510 343 ,
523 310 640 349 inquit,
653 317 715 348 quo
725 317 756 337 tu
768 308 877 338 orbem
890 317 980 338 terrae.

198 354 301 382 Geni..
316 350 364 380 lib.
383 360 406 381 i.
417 359 477 392 cap.
489 351 555 391 22.]
581 353 654 380 Non
665 359 798 390 gravarer
812 369 820 383 ,
833 349 908 380 Laeli
919 369 928 382 ‚
948 347 1004 379 nisi
1015 348 1048 379 &
1058 349 1114 379 hos

153 394 233 425 velle
245 402 378 433 putarem
390 412 398 426 ‚
421 393 453 423 &
464 393 525 433 ipse
534 401 672 432 cuperem
684 401 711 422 te
724 401 845 432 quoque
856 392 986 432 aliquam
998 399 1111 430 partem

153 436 245 475 hujus
257 434 349 465 nostri
363 436 510 465 sermonis
520 443 663 474 attingere
677 444 681 462 :
696 434 858 472 praesertim
871 432 942 463 cum
954 433 1015 462 heri
1026 431 1113 462 dixe-

152 479 194 507 ris
205 497 213 511 ‚
241 487 269 507 te
288 477 376 507 nobis
395 478 484 506 etiam
505 475 738 516 superfuturum.
773 473 879 504 verum
889 494 898 508 ‚
919 473 939 504 fi
948 474 979 505 id
989 473 1110 515 quidem

154 518 219 549 fieri
230 529 292 549 non
302 518 399 559 potest
412 529 416 548 :
429 528 466 548 ne
477 516 551 548 desis
564 538 572 551 ‚
584 526 692 547 omnes
702 526 730 547 te
741 526 890 557 rogamus.

196 563 301 591 LAcT.
321 560 370 589 lib.
383 561 410 590 6⁴
426 568 483 600 cap.
498 559 544 600 8.]
568 570 596 589 2.
612 559 663 590 Est
671 559 796 599 quidem
808 557 879 588 verb
894 558 960 591 lex,
980 556 1058 587 reEta
1068 566 1112 587 ra-

150 604 208 636 tio,
220 612 330 633 naturae
339 611 507 642 congruens
518 621 526 634 ‚
547 599 654 631 diffusa
665 603 696 630 in
706 602 828 631 omneis
838 619 846 634 ‚
858 599 998 631 constans
1009 618 1018 633 ‚
1032 599 1112 629 sern-

151 646 270 685 piterna
281 664 289 678 ,
300 654 365 685 quae
378 653 464 674 vocet
474 643 508 673 ad
519 642 657 673 officium
666 642 802 682 jubendo
812 661 820 675 ,
841 641 971 672 vetando
983 641 998 671 a
1008 640 1112 671 fraude

150 686 297 716 deterreat
310 705 318 718 ,
330 695 394 726 quae
407 694 507 715 tamen
520 695 616 725 neque
626 685 736 724 probos
746 683 850 714 frustra
857 684 953 723 jubet,
964 692 1013 713 aut
1023 691 1112 716 vetat,

148 736 208 757 nec
216 726 517 766 improbosjubendo
528 746 536 760 ‚
559 736 608 756 aut
618 725 746 756 vetando
757 734 870 756 movet.
895 725 1045 765 Huiclegi
1056 734 1112 755 nec

148 768 288 810 obrogari
299 768 342 798 sas
353 767 405 801 est,
417 778 515 809 neque
524 768 658 808 derogari
669 778 707 798 ex
716 769 771 798 hac
781 766 895 808 aliquid
909 767 978 796 licet
988 785 996 799 ,
1012 776 1111 806 neque

146 819 210 841 tota
220 811 352 851 abrogari
362 809 467 850 potest.
492 813 557 840 Nec
568 808 641 840 vero
652 819 701 840 aut
712 819 762 849 per
773 810 906 840 senatum
915 828 924 842 ‚
936 816 986 838 aut
995 817 1046 847 per
1056 817 1113 847 po-

146 852 255 893 pulum
268 852 344 882 solvi
356 853 407 882 hac
418 852 481 891 lege
493 850 656 890 possumus.
681 853 789 891 Neque
805 849 848 881 est
866 850 1044 892 quaerendus
1057 860 1112 880 ex*

143 894 283 935 ,planator
292 913 303 927 ‚
322 902 372 924 aut
384 896 529 932 interpres
542 894 605 932 ejus
615 893 692 922 alius
705 903 710 921 :
732 903 787 922 nec
797 895 853 922 erit
862 895 919 922 alia
929 893 979 922 lex
990 894 1110 925 Romae‚

145 936 204 966 alia
214 937 342 965 Athenis
352 954 361 969 ,
381 935 438 965 alia
450 944 532 966 nunc
542 954 550 968 ‚
572 936 627 966 alia
638 934 780 976 posthac3
800 934 850 965 sed
863 935 895 964 &
905 936 1024 964 omneis
1036 944 1109 975 gen-

143 979 204 1009 teis
215 997 224 1011 ,
237 977 270 1008 δε
280 979 516 1016 omnitempore
526 987 585 1007 una
595 978 644 1007 lex
655 997 664 1009 ,
682 977 715 1006 &
724 976 903 1016 sempiterna
914 996 922 1010 ‚
937 976 969 1006 &
981 978 1109 1005 immor-

145 1019 215 1050 talis
224 1018 410 1053 continebit;
421 1018 556 1060 unusque
567 1020 622 1048 erit
630 1021 806 1049 communis
816 1017 896 1059 quasi
909 1017 1061 1057 magister,
1075 1017 1109 1048 &

145 1063 312 1101 imperator
322 1062 466 1091 omnium
478 1063 561 1090 Deus
571 1060 623 1090 ille
635 1080 643 1094 ,
656 1061 728 1101 legis
738 1061 827 1097 hujus
838 1062 982 1090 inventor
991 1079 1001 1094 ,
1016 1059 1112 1089 disce—

144 1112 261 1144 prator,
283 1104 375 1134 lator:
394 1105 442 1133 cui
452 1105 505 1143 qui
516 1112 579 1132 non
590 1103 721 1143 parebit,
738 1101 799 1142 ipse
811 1102 839 1132 se
848 1100 962 1142 fugiet,
983 1111 1016 1131 ac
1026 1110 1111 1131 natu-

143 1155 208 1176 ram
218 1146 357 1175 hominis
371 1144 573 1185 aspernabitur
583 1164 592 1178 ,
613 1153 700 1185 atque
718 1144 778 1174 hoc
796 1144 861 1183 ipso
879 1146 942 1173 luet
961 1144 1110 1175 maximas

143 1196 246 1229 poenas
255 1207 265 1222 ‚
277 1185 392 1218 etiamsi
403 1195 498 1217 cetera
508 1187 649 1226 supplicia
660 1205 668 1220 ‚
679 1195 745 1227 quae
753 1194 895 1226 putantur
906 1204 914 1219 ,
928 1183 1075 1226 effugerit.

187 1231 291 1260 LAcr.
301 1228 385 1267 lib.5.
396 1236 455 1271 cap.
464 1228 528 1269 19]
545 1230 625 1258 Huic
636 1237 668 1258 tu
678 1229 745 1258 viro
754 1236 827 1268 quas
837 1227 957 1257 divitias
968 1227 1109 1267 objicies?

142 1280 210 1311 quae
220 1272 347 1311 imperia
356 1274 366 1300 ?
374 1281 440 1312 quae
450 1280 539 1312 regna
549 1272 619 1312 ?qui
630 1269 683 1301 ista
692 1271 799 1300 omnia
809 1278 892 1309 putat
902 1270 1046 1302 humana,
1060 1268 1108 1299 sua

144 1312 225 1343 bona
234 1312 338 1343 divina
346 1314 472 1351 judicat.

184 1356 295 1385 Paisc.
309 1353 359 1384 lab.
369 1354 416 1395 8.]
439 1352 456 1368 *
476 1353 587 1395 quibus
595 1352 754 1388 assentior,
770 1352 930 1384 sollicitam
943 1353 975 1384 &
985 1355 1102 1394 pericu-

144 1396 241 1427 losam
252 1395 400 1437 justitiam
415 1405 479 1426 non
490 1394 548 1425 ess'e
558 1396 708 1435 sapientis.

188 1440 275 1469 Non.
297 1436 464 1467 vbiGem't.
479 1445 528 1477 pro
546 1435 704 1477 ablativa]
727 1435 839 1466 Noster
855 1445 955 1468 autem
966 1438 1106 1478 populus,

142 1479 231 1512 sociis
242 1478 442 1510 defendendis
451 1498 460 1512 ,
471 1487 613 1508 terrarum
623 1479 684 1515 jam
696 1480 838 1507 omnium
850 1487 963 1517 potitus
973 1479 1026 1509 est.

187 1524 274 1552 Nou.
291 1520 456 1562 Largitas]
479 1517 496 1533 *
519 1527 545 1559 3.
559 1520 666 1559 Pyrrhi
683 1519 795 1549 ridetur
812 1519 928 1559 largitas
945 1520 960 1550 a
976 1529 1042 1551 cos.
1054 1530 1106 1552 aut

139 1564 324 1596 Samnitium
334 1563 428 1602 copiae
439 1562 531 1592 Curio
541 1560 713 1592 defuerunt.

184 1606 271 1636 Nou.
285 1604 409 1647 Apud]
431 1604 527 1643 cujus
536 1604 627 1634 etiam
638 1601 743 1633 focum
754 1604 826 1637 Cato
836 1601 890 1631 ille
899 1601 1000 1633 noster
1011 1623 1020 1638 ‚
1029 1602 1101 1634 cum

140 1655 263 1679 venerat
273 1646 308 1676 ad
320 1646 391 1676 sein
406 1645 533 1676 Sabinos
542 1663 551 1678 ‚
564 1653 596 1674 ut
604 1654 641 1675 ex
651 1644 716 1684 ipso
726 1643 934 1677 audiebamus,
946 1645 1040 1675 visere
1053 1646 1102 1677 so-

141 1689 221 1719 lebat
231 1707 241 1722 ,
259 1687 337 1728 apud
356 1696 448 1728 quem
468 1685 572 1716 sedens
585 1687 768 1717 Samnitium
782 1684 939 1725 quondam
953 1685 1100 1722 hostium,

140 1738 206 1762 tum
217 1730 279 1771 jam
293 1730 454 1760 clientium
469 1728 588 1759 suorum
600 1727 681 1758 dona
690 1727 906 1767 repudiaverat.

181 1776 220 1803 A.
231 1775 313 1802 Auo.
326 1769 377 1800 lib.
388 1780 438 1801 22.
451 1777 509 1812 cap.
522 1769 569 1810 6.]
593 1770 725 1800 Nullum
737 1769 853 1799 bellum
865 1768 1022 1810 suscipitur
1032 1769 1048 1801 a
1058 1771 1102 1801 ci·

139 1816 233 1846 vitate
243 1817 360 1854 optima
369 1833 378 1848 ‚
390 1810 445 1843 nisi
454 1822 502 1842 aut
512 1821 566 1852 pro
578 1809 635 1842 fide
647 1831 655 1846 ,
666 1820 716 1841 aut
725 1820 779 1850 pto
788 1811 890 1841 salute.

183 1859 225 1887 D.
237 1859 319 1887 Auo.
337 1854 387 1885 lib.
399 1864 451 1885 22.
473 1862 531 1895 cap.
541 1862 570 1891 4.
584 1853 693 1895 civit]
715 1851 732 1867 ¹⁸
753 1862 884 1894 quorum
897 1862 961 1883 non
975 1863 1102 1894 corpora

140 1898 210 1929 sunt
227 1900 259 1929 in
276 1898 385 1929 caelum
401 1897 493 1927 elata:
513 1898 704 1936 nequeenim
716 1904 819 1925 natura
827 1903 973 1936 pateretur
984 1915 993 1930 ,
1015 1905 1047 1926 ut
1057 1896 1100 1931 id,

140 1940 223 1983 quod
233 1938 304 1970 esset
314 1939 351 1969 de
362 1949 435 1970 terra
445 1957 455 1973 ‚
467 1937 522 1968 nifi
533 1940 564 1967 in
574 1947 647 1968 terra
657 1947 802 1968 maneret.

183 1985 224 2013 D.
237 1985 318 2012 Aue,-
331 1980 381 2011 lib.
393 1990 445 2011 22.
457 1980 550 2021 cap.6.
563 1979 673 2021 Civit.]
697 1980 792 2019 Magis
803 1977 846 2009 est
856 1980 887 2009 in
897 1980 1036 2010 Romulo
1046 1979 1100 2010 ad-

141 2024 316 2055 mirandum
330 2043 339 2057 ,
360 2021 442 2064 quod
452 2023 540 2052 ceteri
553 2040 561 2055 ‚
580 2023 631 2062 qui
648 2022 692 2052 dii
709 2031 747 2052 ex
761 2021 940 2051 hominibus
951 2020 1021 2052 faeti
1039 2019 1099 2052 effe

138 2066 295 2100 dicuntur,
311 2064 416 2096 minus
426 2063 550 2094 eruditis
561 2064 725 2094 hominum
739 2063 844 2094 seculis
853 2062 987 2098 fuerunt,
998 2073 1030 2094 ut
1041 2062 1098 2094 fin-

140 2107 232 2150 gendi
242 2108 409 2148 proclivior
418 2104 489 2136 effet
498 2107 573 2136 ratio
585 2125 594 2139 ‚
603 2105 675 2136 cum
686 2107 820 2145 impetiti
829 2102 917 2135 facile
927 2105 963 2136 ad
972 2105 1099 2136 creden—

136 2151 214 2181 dum
245 2150 482 2190 impellerentur.
527 2148 656 2177 Romuli
672 2156 772 2178 autem
790 2155 908 2177 aetatem
928 2146 1035 2177 minus
1053 2148 1101 2179 his

140 2193 289 2225 sexcentis
306 2193 393 2222 annis
405 2210 413 2225 ‚
430 2191 492 2230 jam
515 2191 686 2220 inveteratis
696 2189 823 2223 litteris,
842 2198 929 2230 atque
941 2188 1099 2224 dod-lirinis,

140 2235 292 2275 omnique
300 2233 358 2264 illo
367 2234 493 2273 antiquo
507 2241 545 2261 ex
554 2232 666 2262 inculta
675 2232 839 2262 hominum
849 2233 909 2262 vita
918 2241 1016 2271 errore
1027 2231 1097 2262 sub-

140 2276 213 2310 lato,
223 2274 309 2306 fuiffe
319 2277 482 2306 cernimus.

182 2320 223 2348 D.
247 2321 332 2348 Ano.
352 2316 481 2358 ibidem]
504 2317 551 2346 Ex
568 2325 632 2362 quo
652 2315 781 2357 intelligi
799 2313 897 2356 potest
914 2334 924 2350 ‚
941 2315 1101 2356 permultis

140 2362 228 2391 annis
241 2369 310 2390 ante
320 2361 494 2389 Homerum
505 2357 592 2388 fuisse
605 2378 613 2392 ,
624 2367 714 2398 quarn
725 2359 916 2388 Romulum:
930 2359 1030 2397 utjam
1042 2358 1097 2388 do—

139 2401 198 2433 &is
207 2401 388 2432 hominibus
400 2421 408 2434 ‚
421 2411 454 2431 ac
463 2399 650 2440 temporibus
662 2398 729 2440 ipfis
741 2399 864 2430 eruditis
874 2399 909 2430 ad
921 2398 1098 2441 fingendum

139 2446 197 2474 vix
218 2445 379 2485 quicquam
402 2441 473 2473 esset
495 2443 565 2473 loci.
585 2444 744 2482 antiquitas
764 2443 847 2471 enim
860 2441 1100 2482 recipitfabulas,

141 2484 225 2516 fictas
243 2487 335 2515 etiam
355 2493 588 2525 nonnumquam
611 2483 780 2514 incondite.
802 2485 875 2514 Haec
897 2493 964 2514 aetas
983 2493 1096 2518 autem,

139 2537 202 2567 Jam
221 2528 340 2557 exculta
357 2527 519 2566 praesertim
531 2545 540 2560 ,
560 2526 593 2556 δε
607 2526 739 2559 erudita,
759 2535 853 2556 omne
863 2525 946 2566 quod
957 2524 1022 2556 fieri
1033 2536 1098 2557 non

141 2567 237 2612 potest
247 2589 256 2603 ‚
277 2569 397 2608 respuit.

186 2612 340 2641 [ΑΟ-[ΑΝ.
358 2608 410 2639 lib.
421 2618 451 2647 5.
461 2620 488 2638 c.
504 2618 549 2648 19.
560 2612 693 2640 SENECA
714 2608 818 2649 lib.r9.
830 2607 924 2651 epist]
936 2609 1022 2650 Apud
1033 2612 1099 2642 En·

143 2653 230 2684 nium
244 2652 281 2682 fic
291 2653 424 2693 loquitur
433 2650 602 2685 Africanus,

107 2696 109 2699 “
185 2704 207 2733 4
216 2695 238 2725 S
240 2696 249 2723 ι’
253 2695 301 2734 feu
311 2694 376 2724 endo
382 2694 481 2733 plagas
491 2692 626 2730 coelestum
637 2694 776 2733 aftendere
783 2694 918 2736 cuiquam
930 2693 985 2729 eft',

186 2738 235 2768 Μι
243 2736 298 2776 [ὀίί
308 2737 368 2765 coeli
382 2737 708 2777 Maximaportapatet.

186 2779 238 2810 Est
248 2779 318 2809 vero
330 2799 339 2814 ‚
361 2779 480 2819 inquit,
493 2780 642 2809 Atricanc.
661 2788 733 2808 nam
748 2779 781 2809 &
792 2779 916 2810 Herculi
926 2779 1029 2810 eadem
1042 2780 1102 2821 ipsa

141 2829 228 2862 porta
242 2830 345 2861 patuit.

186 2866 329 2895 seneca.
347 2861 436 2903 ibid]
457 2862 514 2892 Hic
528 2861 572 2892 est'
582 2863 627 2892 ille
637 2861 712 2904 fitus
721 2883 730 2897 ,
753 2862 800 2893 cui
809 2874 886 2894 nemo
905 2863 973 2894 civis
983 2884 993 2899 ,
1015 2875 1102 2907 neque

357 2903 442 2940 hostu-

190 2946 303 2987 init
311 2945 448 2989 profastis
459 2946 562 2976 reddere
571 2955 635 2989 oprae
641 2947 775 2988 pretium.

190 2991 229 3019 D.
251 2993 334 3019 Auo.
345 2989 397 3018 lib.
409 2997 434 3029 3.
455 3000 476 3017 c.
487 2999 531 3026 15·
551 2989 658 3030 civit]
682 2988 697 3002 ¹
722 2998 837 3020 tantum
847 2989 900 3021 'est
910 2992 1098 3025 consecutus,

146 3040 190 3064 ut,
202 3032 271 3061 cum
286 3032 385 3061 subito
396 3032 456 3060 sole
465 3030 632 3065 obscurato,
648 3041 711 3061 non
722 3031 933 3072 comparuiss'et
944 3053 952 3067 ‚
973 3033 1098 3064 deorum

143 3074 178 3103 in
195 3083 325 3105 numero
341 3072 506 3105 collocatus
523 3082 674 3113 putaretur
686 3084 690 3103 :
702 3083 793 3116 quam
816 3077 996 3115 opinionem
1006 3085 1101 3107 nemo

1203 187 1243 215 D.
1263 196 1343 217 Atro.
1363 186 1467 217 lib.22.
1479 187 1554 228 c.6.]
1569 191 1722 228 Propterea
1733 187 1766 218 δε
1780 186 1872 218 istum
1887 197 1951 218 non
1962 187 2114 218 creditum

1160 228 1239 257 inter
1254 230 1338 258 Deos
1347 238 1497 269 receptum
1509 231 1560 260 tali
1571 239 1670 260 morte
1682 248 1690 262 ‚
1714 232 1782 270 quia
1792 227 1913 260 fortaffe
1923 228 2004 270 quod
2013 230 2114 259 eratin

1159 270 1297 299 Romulo
1308 270 1469 310 probatum
1485 291 1494 305 ‚
1515 273 1650 302 Romani
1660 271 1776 312 vulgari
1785 271 1949 302 noluerunt
1959 290 1968 306 ‚
1979 268 1999 301 fi
2012 272 2070 302 hoc
2080 270 2115 302 δε

1159 311 1242 340 alteri
1253 312 1438 342 tribueretur.

1200 354 1305 383 LAcr.
1325 352 1407 392 lzb.5.
1429 365 1451 384 c.
1461 355 1525 397 19]
1537 355 1610 386 Vult
1620 354 1708 396 plane
1718 356 1811 385 virtus
1821 356 1989 385 honorem:
2005 364 2060 385 nec
2071 352 2114 384 est

1158 394 1276 424 virtutis
1299 396 1360 425 ulla
1374 397 1430 426 alia
1448 406 1561 427 merces
1575 417 1583 430 ,
1608 407 1698 438 quam
1718 406 1820 427 tamen
1837 395 2113 436 illaaccipitfacile‚

1157 437 1252 476 exigit
1270 446 1335 467 non
1354 438 1469 468 acerbe.
1492 438 1540 469 sed
1559 437 1579 468 si
1598 448 1649 469 aut
1659 440 1764 479 ingrati
1777 437 1927 472 universi,
1950 448 1999 468 aut
2013 437 2112 468 invidi

1158 479 1270 512 multi,
1289 488 1337 509 aut
1359 481 1480 510 inimici
1499 490 1637 520 potentes
1656 481 1716 510 suis
1733 481 1876 511 virtutem
1896 482 2028 520 praemiis
2040 480 2112 521 spo-

1158 518 1247 552 lium,
1258 530 1303 550 nae
1316 521 1365 550 illa
1377 521 1403 551 se
1415 531 1515 552 tamen
1527 523 1633 552 multis
1643 523 1754 553 solatiis
1763 521 1904 556 oblestat,
1917 523 2112 563 maximeque

1156 560 1210 591 suo
1220 561 1325 592 decore
1336 563 1467 602 seipsam
1479 563 1629 594 sustentat.

1199 605 1238 632 D.
1264 612 1346 634 Ano.
1365 603 1468 635 libzz.
1483 606 1538 635 c.6.
1554 605 1661 648 civia]
1673 605 1729 636 Sed
1744 606 1791 636 his
1801 606 1901 646 poenis
1912 625 1920 639 ‚
1938 614 2009 646 quas
2020 606 2111 637 etiam

1157 642 1319 675 stultissimi
1329 647 1460 676 sentiunt
1469 667 1477 681 ,
1492 646 1615 688 egestate
1625 667 1633 681 ,
1647 648 1774 681 exsulio,
1786 648 1928 681 vinculis,
1940 647 2113 678 verberibus

1155 686 1316 717 elabuntur
1331 687 1405 727 saepe
1416 691 1541 728 privati,
1566 690 1663 719 oblata
1675 691 1783 719 mortis
1795 690 1954 720 celeritate.
1976 690 2114 719 Civitati-

1156 727 1211 758 bus
1222 738 1320 758 autem
1334 739 1416 759 mors
1428 731 1485 770 ipsa
1495 740 1582 770 poena
1593 730 1645 761 est:
1656 741 1722 771 qua:
1732 731 1848 761 videtur
1857 731 1872 761 a
1882 740 1970 771 poena
1981 728 2113 770 singulos

1156 769 1318 801 vindicare.
1339 771 1426 802 debet
1440 775 1523 802 enim
1534 772 1694 803 constituta
1706 772 1742 803 sic
1754 771 1810 803 effe
1820 775 1925 804 civitas
1936 792 1944 807 ‚
1957 781 1988 802 ut
2002 781 2112 803 aeterna

1157 810 1200 841 fit.
1218 814 1320 853 Itaque
1339 814 1440 843 nullus
1459 816 1597 844 interitus
1606 814 1650 844 est
1659 816 1732 855 reip.
1745 815 1902 848 naturalis,
1923 815 2111 848 uthominis,

1154 854 1188 883 in
1198 864 1259 894 quo
1270 864 1355 885 mors
1365 865 1426 885 non
1439 855 1534 886 modo
1546 855 1701 887 necessaria
1710 856 1752 887 est
1762 876 1769 890 ,
1781 856 1887 886 verum
1899 859 1989 887 etiam
2005 865 2113 896 optan-

1153 895 1190 926 da
1200 896 1336 937 peri’aepe.
1356 899 1470 928 Civitas
1480 907 1578 928 autem
1590 909 1659 928 cum
1670 899 1795 932 tollitur,
1807 897 1932 932 deletur,
1944 896 2041 928 exstin
2064 898 2113 927 ui-

1155 945 1202 967 tur
1212 957 1220 971 ,
1240 937 1337 969 simile
1357 939 1400 970 est
1417 940 1645 980 quodammodo
1654 960 1662 974 ‚
1684 950 1717 971 ut
1736 942 1853 982 magnis
1871 949 1959 980 parva
1973 949 2031 970 con
2047 949 2112 970 era-

1155 989 1235 1013 mus,
1246 990 1280 1010 ac
1291 980 1310 1010 si
1319 984 1424 1011 omnis
1438 983 1486 1012 bic
1496 982 1629 1012 mundus
1640 984 1763 1013 intereat
1771 992 1803 1012 ac
1813 981 1961 1012 concidat.

1196 1023 1236 1051 D.
1256 1031 1393 1053 auousr.
1414 1022 1496 1053 lib.2.
1525 1031 1636 1065 cap.2r.
1660 1024 1764 1064 Civis]
1779 1024 1868 1063 Resp.
1882 1022 1927 1054 est
1939 1033 1983 1053 res
1994 1023 2107 1063 populi.

1155 1064 1287 1103 Populus
1296 1074 1396 1095 autem
1411 1075 1475 1095 non
1488 1068 1591 1095 omnis
1599 1075 1694 1096 coetus
1706 1066 1914 1096 multitudinis
1924 1085 1933 1098 ‚
1956 1066 2004 1096 sed
2017 1073 2112 1097 coetus

1153 1106 1227 1146 juris
1239 1107 1398 1139 consensu,
1412 1107 1445 1137 ὃς
1454 1108 1590 1137 utilitatis
1600 1109 1823 1138 communione
1835 1108 1970 1138 sociatus.

1195 1149 1237 1177 D.
1250 1157 1327 1178 auo.
1339 1147 1469 1191 ibidem]
1483 1149 1571 1189 Resp.
1582 1159 1627 1180 res
1637 1148 1679 1180 est
1690 1149 1806 1189 populi,
1820 1148 1893 1179 cum
1903 1149 1979 1179 bene
1989 1158 2021 1179 ac
2032 1146 2111 1189 juste

1153 1191 1266 1230 geritur
1275 1210 1284 1223 ,
1307 1188 1366 1221 five
1376 1191 1410 1221 ab
1420 1201 1483 1222 uno
1497 1201 1563 1232 rege
1574 1210 1582 1225 ,
1602 1189 1666 1222 sive
1675 1190 1691 1221 a
1700 1193 1801 1231 paucis
1813 1190 2010 1231 optimatibus
2021 1209 2029 1224 ‚
2054 1187 2114 1220 five

1153 1231 1189 1261 ab
1208 1232 1350 1263 universo
1368 1234 1494 1274 populo.
1513 1233 1583 1264 cum
1594 1233 1667 1263 vero
1676 1232 1805 1272 injustus
1815 1232 1859 1263 est
1869 1242 1922 1263 rex
1935 1251 1944 1266 ι
1964 1241 2054 1272 quem
2067 1241 2115 1272 ty·

1154 1282 1283 1304 rannum
1302 1284 1395 1305 voco:
1408 1284 1459 1305 aut
1478 1274 1582 1313 injusti
1604 1277 1765 1315 optimates
1775 1294 1784 1309 ,
1805 1284 1938 1315 quorum
1950 1273 2112 1304 consensus

1145 1313 1244 1345 *factio
1266 1315 1386 1347 est:aut
1404 1316 1764 1358 injustusipsepopulus‚
1784 1319 1834 1347 cui
1844 1326 1961 1347 nomen
1973 1313 2115 1346 ufitatum

1152 1357 1273 1387 nullum
1291 1360 1407 1398 reperio
1418 1378 1426 1393 ‚
1448 1358 1503 1388 nisi
1519 1368 1551 1389 ut
1562 1360 1653 1389 etiarn
1665 1359 1762 1399 ipsum
1775 1367 1938 1399 tyrannum
1951 1357 2115 1397 appellem:

1151 1400 1284 1439 nonjam
1294 1400 1400 1431 vitiosa
1411 1420 1420 1434 ‚
1435 1400 1484 1431 sed
1494 1402 1625 1431 omnmo
1637 1401 1720 1431 nulla
1728 1401 1803 1439 resp.
1815 1399 1858 1430 est
1868 1419 1877 1433 ‚
1889 1402 2034 1440 quoniam
2046 1408 2112 1434 non

1153 1439 1195 1471 est
1213 1450 1258 1470 res
1268 1442 1373 1482 populi
1385 1462 1394 1476 ‚
1415 1441 1486 1472 curn
1498 1451 1643 1482 tyrannus
1652 1451 1717 1473 eam
1730 1462 1739 1476 ,
1760 1441 1891 1472 factiove
1901 1440 2042 1481 capessiit:
2057 1450 2113 1472 nec

1150 1482 1210 1522 ipse
1221 1484 1351 1522 populus
1365 1483 1407 1514 est
1417 1504 1426 1518 ‚
1436 1482 1457 1520 fi
1469 1482 1502 1514 fit
1518 1483 1647 1523 injustus
1659 1504 1668 1517 ,
1686 1486 1832 1524 quoniam
1843 1493 1908 1513 non
1920 1482 1962 1513 est
1973 1483 2113 1513 multitu·

1150 1524 1190 1553 do
1198 1525 1274 1563 juris
1282 1525 1429 1555 consensu
1440 1544 1449 1559 ‚
1461 1525 1495 1556 ὃ(
1508 1526 1644 1555 utilitatis
1654 1527 1879 1555 communione
1892 1525 2011 1554 sociata.

1191 1567 1232 1594 D.
1254 1574 1331 1595 Auo.
1350 1565 1453 1596 lib.22.
1474 1575 1552 1596 c.21.
1572 1566 1683 1606 ζημίη]
1702 1566 1765 1595 Ubi
1779 1564 1850 1596 vero
1858 1565 1971 1605 justitia
1981 1574 2046 1595 non
2060 1563 2114 1600 est.

1150 1614 1205 1636 nec
1221 1607 1269 1644 jus
1288 1606 1384 1647 potest
1397 1605 1465 1637 effe.
1489 1607 1572 1649 quod
1581 1609 1664 1638 enirn
1674 1609 1739 1646 jure
1752 1605 1804 1641 fit,
1824 1605 2049 1647 profeEtbjuste
2062 1605 2112 1637 fit:

1148 1648 1230 1688 quod
1240 1658 1340 1679 autern
1353 1647 1386 1679 fit
1400 1648 1522 1689 injuste,
1534 1650 1663 1690 necjure
1675 1648 1738 1679 fieri
1752 1648 1857 1689 potest·
1879 1658 1945 1679 non
1956 1650 2040 1679 enim
2052 1649 2115 1685 iura

1148 1690 1275 1720 dicenda
1293 1690 1383 1724 sunt,
1403 1691 1452 1721 vel
1470 1690 1600 1730 putanda
1612 1710 1621 1725 ‚
1642 1692 1746 1732 iniqua
1764 1692 1929 1721 hominum
1940 1690 2113 1725 constituta,

1146 1729 1218 1760 cum
1239 1731 1315 1761 illud
1325 1733 1416 1763 etiam
1425 1730 1478 1772 ipfi
1491 1732 1534 1768 ius
1543 1730 1602 1762 effe
1611 1733 1735 1766 dicant,
1755 1731 1837 1772 quod
1847 1732 1884 1762 de
1894 1730 2015 1771 justitiae
2026 1731 2114 1765 fonte

1148 1775 1331 1803 manaverit:
1351 1772 1518 1814 falsumque
1537 1772 1571 1804 fit
1581 1793 1589 1807 ‚
1613 1772 1696 1814 quod
1715 1773 1731 1804 ὲ
1749 1773 1931 1814 quibusdam
1955 1783 2019 1804 non
2031 1773 2112 1805 re6te
2126 1781 2130 1785 ·

1147 1813 1345 1845 sentientibus
1355 1815 1416 1845 dici
1429 1815 1504 1846 solet
1514 1835 1524 1850 ‚
1540 1815 1570 1846 id
1583 1816 1628 1853 jus
1638 1814 1708 1851 effe,
1719 1815 1802 1857 quod
1812 1817 1851 1850 ei,
1864 1816 1915 1857 qui
1925 1816 1993 1856 plus
2004 1815 2112 1856 potest,

1147 1856 1221 1886 utile
1230 1855 1281 1886 est.

1189 1900 1229 1928 D.
1242 1907 1323 1929 Atro.
1334 1897 1415 1936 lib-4.
1427 1905 1523 1928 eontra
1533 1898 1708 1941 Pelagium]
1720 1902 1767 1930 An
1778 1909 1842 1930 non
1852 1901 2019 1933 cernimus,
2031 1901 2113 1940 opti-

1147 1949 1200 1970 mo
1218 1941 1328 1981 cuique
1339 1940 1532 1971 dominatum
1549 1941 1585 1971 ab
1594 1942 1653 1982 ipsa
1663 1951 1766 1972 natura
1779 1962 1788 1975 ‚
1812 1951 1884 1973 cum
1895 1942 2014 1972 summa
2027 1943 2112 1973 utili-

1147 1990 1203 2013 tate
1223 1981 1417 2013 infirmorum
1427 1982 1530 2013 darum
1545 1993 1550 2012 :
1570 1986 1632 2014 Cui·
1640 1985 1731 2026 igitur
1740 1983 1814 2014 deus
1824 1985 1969 2017 homini,
1990 1986 2112 2015 animus

1147 2026 1272 2064 imperat
1281 2026 1402 2065 corpori
1413 2044 1422 2059 ,
1441 2025 1651 2056 ratiolibidini
1663 2045 1672 2060 ,
1693 2025 1935 2067 iracundiasque,
1959 2026 1993 2056 &
2005 2028 2113 2057 ceteris

1146 2064 1258 2097 vitiosis
1268 2066 1402 2106 ejusdem
1413 2068 1509 2109 animi
1519 2067 1650 2107 partibus
1663 2070 1673 2097 ?

1188 2111 1224 2138 Α.
1244 2107 1471 2150 Αυο.ι’ὂι“ιίεηι.]
1492 2108 1549 2140 Sed
1561 2109 1594 2140 &
1613 2108 1802 2150 imperandi,
1821 2109 1855 2140 &
1870 2109 2028 2149 serviendi
2042 2109 2111 2142 sunt

1145 2147 1408 2181 diffimilitudines
1426 2151 1650 2191 cognoscendae.
1671 2153 1752 2181 Nam
1764 2171 1773 2186 ‚
1803 2160 1837 2182 ut
1858 2153 1977 2182 animus
1990 2154 2111 2192 corpori

1145 2191 1255 2222 dicitur
1273 2193 1419 2233 imperare
1430 2212 1439 2227 ,
1465 2193 1574 2224 dicitur
1592 2195 1683 2223 etiam
1699 2193 1824 2223 libidini
1837 2193 1902 2224 :sed
1912 2196 2031 2233 corpori
2047 2213 2056 2228 ‚
2075 2203 2110 2225 ut

1144 2243 1198 2264 rex
1208 2233 1328 2264 civibus
1339 2234 1415 2268 suis,
1431 2244 1593 2275 autparens
1603 2235 1707 2265 liberis
1720 2245 1725 2264 :
1739 2235 1862 2265 libidini
1871 2232 1973 2265 autem
1985 2255 1993 2269 ,
2007 2244 2038 2266 ut
2049 2236 2110 2266 ser·

1146 2278 1192 2306 vis
1211 2275 1356 2306 dominus
1373 2296 1383 2310 ,
1402 2275 1487 2318 quod
1505 2286 1569 2307 eam
1590 2278 1726 2311 coetest,
1748 2277 1781 2307 &
1804 2276 1910 2317 frangit
1923 2287 1929 2306 z
1942 2275 1981 2307 fic
1990 2287 2108 2318 regum,

1145 2316 1183 2348 fic
1196 2319 1411 2359 imperatorum
1423 2338 1432 2353 ‚
1453 2317 1491 2348 fic
1502 2317 1726 2360 magistratuum
1737 2339 1746 2352 ‚
1767 2317 1804 2348 fic
1814 2327 1929 2358 patrum
1941 2339 1950 2353 ,
1962 2317 2000 2350 fic
2010 2329 2110 2360 popu-

1147 2361 1247 2391 lorum
1268 2362 1394 2400 imperia
1404 2360 1523 2391 civibus
1534 2380 1543 2395 ‚
1564 2361 1710 2402 sociisque
1741 2361 1850 2391 raesunt
1860 2381 1868 2394 ‚
1889 2370 1921 2391 ut
1930 2362 2108 2401 corporibus

1145 2404 1276 2433 animus.
1296 2403 1417 2432 domini
1440 2412 1541 2433 autem
1555 2402 1655 2432 servos
1665 2406 1704 2433 ita
1727 2406 1836 2443 atigant
1847 2423 1856 2436 ,
1875 2412 1907 2433 ut
1917 2405 2033 2442 optima
2043 2413 2109 2444 pars

1144 2446 1241 2474 animi
1255 2463 1264 2478 ,
1276 2444 1306 2474 id
1317 2443 1360 2474 est
1368 2463 1379 2479 ,
1391 2444 1528 2484 sapientia
1537 2464 1546 2478 ‚
1561 2444 1694 2484 ejusdem
1704 2446 1801 2474 animi
1812 2445 1932 2475 vitiosas
1943 2465 1952 2479 ‚
1968 2445 2109 2476 imbecil-

1146 2486 1245 2527 lasque
1255 2488 1364 2527 parteis
1379 2506 1387 2520 ,
1399 2495 1432 2517 ut
1443 2486 1588 2517 libidines
1598 2506 1608 2521 ,
1621 2496 1654 2518 ut
1663 2486 1843 2521 iracundias,
1855 2487 1888 2518 δε
1902 2487 2104 2528 perturbatio-

1145 2538 1200 2559 nes
1213 2538 1331 2559 ceteras.

1187 2572 1273 2601 Non.
1286 2570 1491 2612 Mercatura]
1504 2571 1661 2602 Phoenices
1670 2571 1762 2611 primi
1775 2572 1947 2602 mercaturis
1957 2591 1966 2605 ‚
1979 2571 2013 2602 &
2025 2581 2108 2602 mer-

1145 2613 1230 2643 cibus
1250 2613 1310 2643 suis
1328 2615 1481 2643 avaritiam
1494 2632 1502 2646 ‚
1524 2613 1556 2643 &
1578 2611 1834 2653 magnificentiam
1848 2632 1856 2646 ,
1879 2612 1911 2643 &
1930 2613 2105 2654 inexplebi-

1143 2655 1198 2684 leis
1218 2654 1394 2695 cupiditates
1413 2657 1559 2686 omnium
1582 2665 1683 2685 rerum
1702 2654 1950 2695 supportaverant
1968 2657 2002 2687 in
2020 2657 2105 2687 Gra:-

1144 2706 1235 2727 ciam.

1187 2741 1274 2769 Nou.
1298 2737 1497 2780 Confidentia]
1520 2738 1538 2754 ⁸⁸
1559 2738 1630 2770 duas
1647 2737 1700 2769 fibi
1711 2748 1756 2769 res
1765 2758 1774 2773 ‚
1799 2748 1862 2780 quo
1872 2738 1976 2770 minus
1986 2749 2019 2770 in
2031 2739 2102 2771 vul-

1144 2790 1197 2823 gus
1207 2800 1217 2814 ‚
1240 2781 1273 2811 &
1287 2782 1319 2811 in
1330 2780 1398 2811 foro
1407 2781 1528 2816 diceret,
1539 2780 1757 2811 confidentiam
1769 2781 1802 2812 &
1812 2791 1921 2812 vocem
1932 2780 2069 2812 defuisse.

1143 2865 1161 2895 d
1189 2826 1273 2853 Nou.
1287 2823 1435 2865 Proferre]
1446 2824 1595 2865 Sapientia
1601 2824 1686 2864 jubet
1694 2822 1826 2864 proferre
1835 2822 2106 2865 opes‚ampnficare

1166 2874 1274 2895 ivitias.

1188 2910 1276 2937 Nou.
1300 2907 1445 2937 Periclum.
1469 2906 1486 2921 '¹‘
1509 2907 1557 2938 sed
1568 2906 1661 2947 utipfi
1673 2908 1721 2938 seu
1733 2908 1872 2938 animum
1882 2908 2101 2949 periclitentur.

1147 2949 1196 2980 seu
1210 2949 1329 2980 videant
1339 2969 1346 2983 ‚
1358 2950 1430 2990 quid
1442 2950 1469 2980 se
1477 2959 1583 2990 putent
1593 2948 1651 2980 css‘e
1661 2949 1802 2980 faeturos.

1188 2994 1274 3022 Nou.
1295 2992 1492 3033 Imptgritas]
1514 2995 1693 3034 Numquam
1713 2994 1770 3023 viri
1781 2989 1933 3023 fortiffimi
1948 2992 2102 3024 fortitudi-

1147 3035 1207 3067 nis,
1219 3035 1420 3075 impigritatis,
1431 3036 1590 3073 patientiae.

1187 3078 1278 3108 Pais.
1298 3075 1399 3118 lih.6.]
1420 3076 1501 3117 Qid
1522 3086 1591 3117 ergo
1611 3076 1662 3110 illa
1680 3074 1733 3108 fibi
1744 3076 1811 3109 vult
1822 3076 1944 3110 absurda
1952 3078 2103 3118 exceptio,

1431 3120 1461 3149 D
1472 3118 1491 3149 d
1502 3119 1522 3150 d
1530 3118 1549 3150 d
1560 3118 1579 3150 d
1590 3118 1608 3150 d
1620 3118 1638 3150 d
1649 3117 1668 3150 d
1689 3128 1709 3149 2
2053 3117 2109 3150 nifi
