2360 3400
556 117 757 168 Ti'rr
813 120 1217 175 Pomponii

1278 126 1575 175 A'r’ricr
1632 126 1842 176 Viri:
2085 136 2183 198 967

209 207 322 241 vixerit
339 203 430 249 quam
448 201 619 236 instituerat
631 223 640 238 ,
658 204 779 251 parique
802 202 919 245 fastigio
930 202 1043 235 steterit
1056 206 1090 235 in
1101 214 1176 237 utra·
1215 216 1314 241 nores,
1327 207 1495 251 quibusque
1507 209 1693 251 temporibus
1703 208 1831 251 cepiffet.
1854 211 2032 253 parimodo,
2045 214 2183 248 Marcelli

208 262 266 294 que
276 250 406 282 fortuna,
420 251 429 268 ¹
444 246 547 277 nullos
557 245 692 276 habuerit
702 247 819 279 hortos,
834 247 949 276 nullam
959 246 1172 282 suburbanam,
1216 249 1334 280 Claudii
1350 270 1359 285 ‚
1377 251 1413 281 de
1432 252 1646 283 Marcellorum
1661 265 1670 288 3
1690 255 1842 293 Scipionis
1865 256 2021 291 Cornelii,
2043 257 2076 289 &
2094 260 2180 290 Fabii

205 301 255 324 aut
265 291 448 321 maritimam
457 287 641 320 sumtuosam
654 288 758 319 villam
772 300 779 322 3
802 297 899 330 neque
910 290 942 318 in
954 285 1054 322 Italia,
1066 297 1173 328 praetei·

203 332 426 364 ²Ardeatinum
450 351 460 364 ‚
492 330 526 361 &
553 331 805 363 Nomentanum,
837 329 979 360 rusticum
1000 330 1165 369 praedium:

203 374 364 415 omnisque
385 374 450 411 ejus
460 373 593 413 pecuniae
605 371 716 402 reditus
726 371 878 403 constabat
888 373 920 401 in
930 372 1093 411 Epiroticis
1104 391 1112 404 ‚
1135 372 1167 403 ὅ(

200 417 324 448 urbanis
332 413 565 456 pofl'effionibus.
581 422 619 443 ex
629 423 691 455 quo
702 414 842 454 cognosci
851 411 958 453 potest,
972 415 983 440 3
995 422 1064 443 eum
1077 413 1163 444 usum

222 459 334 498 ecuniae
356 467 422 488 non
439 455 667 498 magnitudine,
700 455 749 486 sed
771 456 886 486 ratione
908 456 1007 484 metiri
1028 454 1163 485 solitum.

199 468 397 531 {iendacium
410 509 508 540 neque
518 497 633 529 dicebat
646 517 654 531 ,
666 507 762 538 neque
772 499 832 538 pati
842 504 967 537 poterat.
989 497 1089 537 itaque
1099 498 1163 538 ejus

198 543 326 573 comitas
345 551 409 571 non
430 540 490 572 fine
500 540 653 571 severitate
664 549 726 570 erat
737 560 746 573 ‚
772 548 871 579 neque
880 540 1007 580 gravitas
1018 537 1078 568 fine
1088 537 1160 569 faci-

194 583 299 615 litate:
320 592 354 614 ut
370 582 494 614 difficile
513 581 585 613 esset
604 580 760 612 intellectu
771 601 779 615 ,
800 590 899 611 utrum
911 590 981 610 eum
991 581 1082 610 amici
1097 590 1162 611 ma-

195 628 242 668 gis
261 634 453 660 vererentur,
477 634 515 656 an
534 632 677 655 amarent.
717 622 872 665 Qudquid
890 622 1046 664 rogabatur
1059 641 1069 656 ,
1089 623 1159 653 reli-

195 668 279 709 giose
298 667 512 708 promittebat3
530 664 614 707 quod
635 675 699 695 non
718 666 868 698 liberalis,
889 665 939 695 sed
950 665 1025 694 levis
1036 663 1158 695 arbitra-

195 711 299 744 batur,
320 710 455 750 polliceri
476 709 556 750 quod
567 705 700 748 praestare
711 717 776 737 non
784 705 888 748 posset.
912 705 996 736 Idem
1010 707 1043 736 in
1055 708 1156 736 niten-

198 751 238 782 do
258 751 339 793 quod
360 747 665 782 semel4admififfet,
685 758 764 780 tanta
773 758 928 781 eratcura,
950 756 1058 778 utnon
1069 758 1156 778 man-

197 793 293 824 datam
307 814 316 828 ,
338 792 387 823 sed
406 793 488 823 suam
512 802 576 823 rem
597 789 747 821 videretur
756 800 847 832 agere.
872 790 1018 830 nusquam
1032 789 1155 830 suscepti

196 838 310 878 negotii
329 845 400 865 eum
415 834 571 874 pertaesum
583 832 635 863 est.
657 832 741 863 suam
752 842 837 862 enim
848 831 1106 862 existimationem
1119 834 1153 862 in

195 886 228 908 ea
249 887 280 908 re
289 879 333 919 agi
345 878 481 916 putabat:
500 885 559 917 qua
572 873 649 904 nihil
661 874 785 904 habebat
796 876 899 904 carius.
922 883 983 913 quo
996 872 1103 908 fiebat,
1123 883 1154 904 ut

193 922 321 950 fomnia
330 921 535 950 Ciceronum,
554 915 571 937 ⁶
586 918 725 950 camme,
755 917 865 949 Marii,
876 914 1151 956 QHortensii,A.

193 961 357 1002 Torquati,
377 960 543 989 multorum
563 967 705 998 praeterea
714 960 859 998 Equitum
868 959 1083 988 Romanorum
1097 968 1152 988 ne—

147 1019 149 1022 >
189 1005 269 1043 gotia
278 1009 458 1042 procuraret:
481 1009 520 1030 ex
529 1010 590 1042 quo
597 1000 723 1040 judicari
734 1008 866 1040 poterat,
888 1006 953 1029 non
964 1000 1150 1033 inertia‚sed

185 1043 300 1084 judicio
318 1040 423 1083 fugiss'e
445 1044 535 1082 Reip.
568 1044 820 1082 procurationem.
854 1043 1062 1071 Humanitatis
1079 1041 1150 1072 vero

188 1085 309 1116 nullum
328 1084 431 1115 afferre
451 1086 548 1124 majus
570 1083 782 1114 testimonium
803 1081 921 1123 poss'um
934 1102 942 1117 ,
963 1083 1054 1124 quam
1066 1083 1147 1124 quod

184 1127 355 1158 adolescens
373 1125 456 1156 idem
475 1127 538 1156 seni
555 1126 645 1157 Sullae
665 1125 756 1156 fuerit
769 1123 1002 1164 jucundiffimus
1016 1145 1024 1158 ,
1057 1126 1149 1155 senex

132 1172 138 1174 ’
183 1169 366 1199 adolescenti
384 1170 427 1197 M.
439 1170 550 1202 Brutos
569 1177 638 1198 cum
663 1167 826 1209 aequalibus
836 1175 935 1197 autem
946 1167 1006 1196 suis
1015 1168 1148 1207 QHor-

185 1209 280 1241 tenfio
294 1230 303 1244 ,
324 1210 357 1241 &
369 1211 410 1240 M.
420 1211 567 1240 Cicerone
585 1208 623 1239 sic
633 1211 760 1242 vixerit,
780 1217 813 1239 ut
827 1208 955 1247 judicare
965 1207 1090 1238 difficile
1102 1208 1145 1242 sit,

185 1255 237 1283 cui
259 1254 335 1283 aetati
350 1251 441 1282 fuerit
459 1250 639 1291 aptissimus:
662 1260 844 1292 quamquam
862 1259 932 1280 eum
942 1251 1147 1290 praecipue‘di-

186 1294 263 1324 lexit
278 1295 384 1325 Cicero
395 1314 403 1327 ‚
426 1302 458 1323 ut
477 1303 515 1323 ne
525 1293 614 1323 frater
622 1293 746 1334 quidem
756 1296 783 1322 ei
794 1294 927 1333 Qintus
939 1293 1034 1321 carior
1043 1291 1144 1326 fuerit,

182 1345 233 1366 aut
248 1335 434 1367 familiarior.
456 1336 484 1365 ei
502 1336 544 1365 rei
561 1334 629 1365 sunt
647 1335 783 1368 indicio,
802 1343 906 1374 praeter
915 1343 966 1363 eos
976 1332 1088 1367 libros,
1111 1336 1142 1364 in

185 1378 294 1419 quibus
313 1377 350 1407 de
367 1387 408 1408 eo.
432 1375 502 1407 facit
520 1378 711 1406 mentionem
725 1396 733 1409 ,
751 1386 804 1415 qui
824 1377 856 1405 in
876 1375 984 1415 vulgus
1004 1375 1143 1405 suntedi-

183 1428 227 1453 ti,
249 1418 401 1450 sexdecim
425 1418 583 1449 volumina
612 1416 805 1457 epistolarum
829 1417 866 1446 ab
895 1416 1058 1446 Consulatu
1078 1418 1142 1456 ejus

182 1461 275 1501 usque
292 1460 328 1491 ad
341 1467 513 1489 extremum
526 1468 645 1498 tempus
666 1459 702 1488 ad
729 1463 864 1488 Atticum
885 1455 1056 1487 missarum:
1075 1468 1139 1498 quae

181 1505 234 1543 qui
256 1502 350 1543 legat,
383 1510 448 1531 non
468 1499 601 1530 multum
623 1499 766 1530 desideret
783 1499 938 1529 historiam
960 1508 1136 1530 contexmni

180 1553 285 1574 eorum
305 1551 489 1583 temporum.
512 1540 551 1572 fic
567 1544 652 1572 enim
671 1543 775 1572 omnia
796 1540 945 1571 destudiis
954 1542 1138 1580 principum,

177 1587 262 1616 vitiis
286 1585 417 1618 ducum,
448 1589 462 1612 7
487 1584 733 1614 aemulationibus
765 1585 853 1623 Reip.
883 1583 1043 1622 perscripta
1060 1584 1139 1616 sunt,

178 1636 212 1657 ut
221 1627 300 1657 nihil
310 1628 344 1656 in
355 1627 400 1667 his
412 1635 475 1656 non
484 1635 631 1666 appareat3
648 1625 773 1656 &facile
782 1624 947 1655 existimari
957 1622 1054 1663 poffir,
1066 1635 1137 1664 pru-

175 1668 311 1699 dentiam
328 1668 459 1709 quodam
476 1667 574 1698 modo
591 1667 649 1698 effe
657 1667 889 1698 divinationem.
912 1675 976 1696 non
988 1675 1073 1696 enim
1085 1668 1137 1696 Ci—

173 1720 244 1741 cero
261 1720 294 1741 ea
311 1709 411 1741 solum
422 1729 431 1744 ,
453 1719 518 1750 quae
535 1711 608 1740 vivo
630 1710 658 1740 se
667 1709 835 1741 acciderunt
846 1729 854 1743 ‚
875 1707 975 1739 futura
983 1707 1134 1748 praedixit,

176 1752 226 1783 sed
240 1755 332 1783 etiarn
345 1772 353 1786 ,
374 1761 439 1793 quae
451 1761 532 1781 nunc
542 1752 595 1782 usu
606 1754 756 1785 veniunt,
776 1753 886 1781 cecinit
897 1771 907 1784 ‚
930 1759 963 1780 ut
971 1759 1063 1780 vates.
1087 1753 1135 1786 De

175 1795 285 1834 pietate
303 1802 403 1824 autem
424 1795 515 1823 Attici
526 1793 598 1833 quid
608 1794 693 1833 plura
705 1802 948 1823 commemorem
962 1795 972 1821 ?
990 1791 1062 1823 cum
1074 1793 1133 1822 hoc

175 1836 277 1876 ipsum
293 1831 307 1854 ⁸
325 1835 393 1865 vere
412 1835 592 1875 gloriantem
614 1835 761 1865 audierim
785 1836 817 1863 in
833 1833 937 1863 funere
949 1836 1052 1864 matris
1063 1834 1132 1868 suae,

175 1887 266 1918 quam
289 1877 397 1907 extulit
417 1886 567 1906 annorum
579 1878 742 1918 nonaginta
753 1896 761 1908 ,
781 1875 851 1906 curn
863 1873 1055 1915 efl‘etseptem
1069 1895 1078 1909 ‚
1099 1876 1132 1906 &

176 1920 348 1960 sexaginta,
370 1919 398 1949 se
418 1928 584 1959 numquam
603 1928 673 1949 cum
695 1927 786 1948 matre
806 1919 838 1946 in
857 1919 981 1958 gratiam
999 1915 1130 1950 rediisse,

174 1970 344 2002 numquam
363 1970 434 1991 cum
451 1960 549 1990 sorore
566 1958 653 1990 fuiss'e
672 1962 706 1990 in
728 1958 877 1989 simultate
894 1978 903 1993 ,
930 1969 1020 2000 quarn
1040 1968 1131 1999 prope

175 2006 192 2030 9
211 2012 293 2034 aetate
313 2003 458 2043 aequalem
479 2002 612 2033 habebat.
635 2001 716 2042 quod
742 2000 782 2031 est
792 1999 928 2041 signum,
948 2002 1128 2031 autnullam

174 2054 320 2085 umquam
331 2047 410 2074 inter
419 2054 471 2074 eos
479 2046 703 2085 querimoniam
715 2041 902 2073 incerceffiffe
913 2062 922 2075 ‚
942 2052 991 2073 aut
1001 2044 1082 2073 hunc
1096 2053 1127 2073 ea

171 2085 259 2117 fuisse
267 2088 299 2116 in
309 2087 376 2117 suos
386 2085 581 2126 indulgentia,
593 2094 636 2120 ut,
646 2095 720 2126 quos
730 2094 827 2115 amare
836 2084 967 2119 deberet,
980 2084 1061 2115 irasci
1071 2086 1125 2118 eis,

170 2128 255 2159 nefas
273 2128 402 2159 duceret.
427 2138 523 2168 neque
539 2128 569 2158 id
587 2127 658 2158 fecit
677 2136 780 2157 natura
798 2126 898 2157 solum
918 2126 927 2165 (
943 2136 1126 2167 quamquam

169 2180 280 2201 omnes
289 2172 315 2200 ei
326 2172 483 2210 paremus)
493 2170 543 2200 sed
552 2170 643 2200 etiam
653 2168 801 2200 doetrina.
826 2178 896 2198 narn
909 2168 940 2198 δε
949 2170 1121 2209 principum

168 2212 422 2253 philosophorum
442 2214 481 2242 ita
497 2220 631 2252 percepta
650 2211 787 2242 habuerat
801 2219 962 2251 praecepta,
983 2219 1016 2241 ut
1035 2212 1081 2240 his
1089 2211 1124 2240 ad

167 2254 262 2284 vitam
279 2254 441 2296 agendam,
467 2263 532 2284 non
550 2253 584 2284 ad
595 2252 825 2283 ostentationem
837 2272 845 2287 ,
866 2262 1004 2282 uteretur.
1030 2254 1126 2282 Moris

168 2298 258 2326 etiam
282 2297 433 2336 majorum
454 2296 593 2326 summus
613 2297 746 2325 imitator
763 2294 821 2325 fuit
841 2314 850 2329 ,
881 2294 1124 2335 antiquitatisque

167 2347 295 2369 amator:
318 2348 406 2378 quam
429 2337 503 2368 adeo
519 2337 678 2378 diligenter
695 2337 798 2367 habuit
817 2338 969 2377 cognitam
985 2356 992 2369 ,
1012 2346 1121 2367 uteam

168 2388 262 2410 totam
272 2382 306 2410 in
316 2390 352 2410 eo
363 2379 523 2410 volumine
532 2380 712 2419 exposuerit,
724 2389 786 2420 quo
798 2377 984 2420 magistratus
995 2380 1122 2408 ornavit.

169 2421 254 2451 nulla
263 2423 346 2451 enim
357 2422 408 2452 lex
418 2441 425 2456 ,
437 2431 535 2462 neque
544 2431 603 2461 pax
614 2441 622 2454 ‚
635 2431 733 2462 neque
745 2421 871 2455 bellum,
889 2429 986 2461 neque
996 2430 1041 2450 res
1050 2420 1124 2450 illu-

168 2461 236 2493 stris
256 2462 297 2493 est
307 2464 456 2503 ¹0p0pulo
465 2465 505 2494 R.
522 2473 588 2504 quae
598 2465 704 2493 nonin
714 2472 750 2493 eo
760 2463 814 2493 suo
824 2471 958 2502 tempore
969 2460 1119 2492 sitnotata:

168 2504 202 2534 &
211 2523 219 2537 ‚
236 2505 317 2545 quod
328 2504 547 2536 difficillimum
557 2504 633 2538 fuit,
646 2503 682 2536 fic
694 2504 876 2536 familiarum
887 2506 1037 2545 originem
1049 2504 1120 2534 sub-

165 2549 280 2579 texuit,
302 2555 334 2577 ut
350 2556 388 2576 ex
410 2556 446 2576 co
463 2548 612 2577 clarorum
629 2548 763 2577 virorum
778 2548 957 2587 propagines
970 2544 1114 2585 poffimus

163 2588 352 2628 cognoscere.
378 2591 406 2608 ¹¹
422 2587 562 2619 fecithoc
575 2589 656 2618 idem
669 2589 821 2627 separatim
833 2590 864 2618 in
872 2589 938 2618 aliis
949 2588 1033 2618 libris
1044 2607 1052 2621 ,
1072 2596 1115 2621 ut,

164 2631 209 2660 M.
220 2631 306 2660 Bruti
315 2638 416 2671 rogatu
427 2648 436 2663 ,
453 2630 576 2669 Juniam
585 2630 732 2660 familiam
744 2629 759 2659 a
770 2628 858 2668 stiipe
867 2629 902 2659 ad
912 2630 987 2660 hanc
996 2637 1114 2659 aetatem

159 2671 267 2703 ordine
275 2673 496 2702 enumeraverit
508 2691 517 2706 ,
525 2680 644 2706 notans,
655 2673 707 2712 qui
717 2671 732 2702 a
741 2680 860 2712 quoque
871 2679 963 2705 ortus,
974 2680 1049 2711 quos
1060 2672 1116 2701 ho-

1214 291 1358 337 Maxirni3
1374 296 1402 313 ¹²
1413 293 1450 324 de
1464 293 1637 328 Fabiorum,
1651 295 1684 326 δε
1696 299 1722 323 ¹3
1736 297 1937 328 AEmiliorum
1949 309 1955 327 z
1966 299 2077 339 quibus
2087 300 2177 333 libris

1212 333 1288 362 nihil
1306 333 1403 372 potest
1421 333 1480 365 effe
1489 336 1607 366 dulcius
1620 338 1675 371 iis,
1695 339 1747 378 qui
1761 338 1893 379 aliquam
1910 339 2107 381 cupiditatem
2119 344 2175 374 ha-

1209 372 1282 404 bent
1301 377 1417 406 notitiae
1427 377 1578 408 clarorum
1591 379 1740 409 virorum.
1765 383 1873 422 Arrigit
1884 392 2005 424 quoque
2015 385 2169 424 poeticen,

1208 416 1358 463 credimus
1370 436 1379 450 ,
1401 428 1440 448 ne
1457 420 1521 458 ejus
1543 429 1649 460 expers
1670 419 1740 451 efl'et
1750 421 1912 454 suavitatis.
1939 435 2071 466 namque
2081 426 2172 457 versi·

1207 455 1272 490 bus,
1281 467 1336 504 qui
1347 459 1463 504 honore
1479 480 1486 493 ‚
1499 470 1598 491 rerum
1608 461 1755 502 gestarum
1764 464 1966 504 amplitudine
1977 476 2091 498 ceteros
2102 470 2171 499 Ro-

1205 500 1401 546 mani-populi
1411 501 1619 541 praestiterunt,
1631 505 1768 544 exposuit
1781 517 1789 540 5
1806 508 1855 539 ita,
1868 516 1901 537 ut
1912 507 1966 537 sub
1979 507 2168 550 singulorum

1204 541 1387 581 imaginibus
1395 541 1472 572 faeta
1483 562 1492 576 ,
1504 544 1748 586 magistratusque
1759 557 1863 577 eorum
1876 557 1939 578 non
1952 553 2082 590 amplius
2093 562 2169 592 qua*

1203 587 1305 616 ternis,
1317 584 1453 623 quinisve
1464 583 1593 615 versibus
1603 586 1787 627 descripserit
1804 599 1808 617 :
1822 589 1904 630 quod
1916 592 1968 620 vix
1979 592 2179 625 credendum'

1200 620 1253 657 fit,
1279 632 1371 654 tantas
1391 635 1435 654 res
1455 633 1516 655 tarn
1536 626 1666 657 breviter
1684 629 1810 668 potuiss'e
1832 631 1980 662 declarari.
2004 633 2056 663 Est
2073 637 2163 666 etiam

1200 673 1278 695 unus
1288 665 1366 696 liber
1379 666 1482 697 Graece
1493 667 1650 699 conicerus
1660 669 1696 699 de
1707 672 1862 703 consulatu
1873 674 2037 704 Ciceronis.
2051 676 2165 707 Haere-

1198 715 1266 740 nus,
1279 709 1381 738 Attico
1391 709 1476 742 vivo,
1488 708 1565 739 edita
1576 711 1591 739 a
1603 711 1691 740 nobis
1703 713 1779 742 sunt.
1803 724 1895 748 nunc,
1905 720 2052 756 quoniam
2062 716 2165 748 fortu-

1196 757 1234 778 na
1252 758 1309 779 nos
1322 748 1489 790 superstites
1499 752 1525 780 ei
1540 749 1598 780 effe
1608 751 1706 782 voluit
1717 773 1725 786 ,
1746 755 1859 795 reliqua
1869 758 2098 799 persequemur:
2126 760 2162 792 &

1194 793 1369 831 ¹4quantum
1380 793 1510 832 poterim
1516 802 1662 826 umerum
1674 796 1824 835 exemplis
1832 798 1958 829 lectores
1966 799 2162 836 docebimus,

1197 830 1268 863 ficut
1290 833 1377 874 supra
1399 832 1632 875 significavimus
1645 855 1654 868 ,
1675 835 1742 865 suos
1752 839 1858 878 cuique
1870 850 1969 870 mores
1978 842 2160 884 plerumque

1194 875 1355 906 conciliare
1374 875 1539 907 fortunam.
1561 886 1693 918 namque
1710 878 1761 908 hic
1770 888 1930 911 contentus
1940 884 2047 914 ordine
2057 887 2160 926 Eque-

1194 915 1266 951 stri,
1284 927 1348 958 quo
1372 927 1432 949 erat
1452 927 1552 952 ortus,
1576 921 1607 949 in
1620 918 1797 951 affinitatem
1808 926 2158 965 pervenitimpeiatoris‚

1195 962 1222 987 ¹5
1231 958 1295 989 divi
1313 960 1388 1001 Julii
1411 959 1465 990 filii
1478 980 1486 994 ,
1508 971 1576 991 cum
1600 962 1661 1001 jam
1675 971 1742 993 ante
1755 962 1986 996 familiaritatem
1998 968 2062 1006 ejus
2080 966 2156 1000 esset

1191 1001 1366 1032 consecutus
1376 1022 1384 1036 ‚
1398 1003 1480 1032 nulla
1493 1004 1548 1033 alia
1562 1014 1602 1037 re,
1615 1004 1707 1045 quam
1716 1004 1861 1046 elegantia
1870 1007 1941 1037 vitae
1951 1026 1959 1041 ,
1969 1018 2026 1048 qua
2035 1018 2153 1041 ceteros

1188 1052 1303 1083 ceperat
1310 1046 1460 1084 principes
1470 1046 1754 1087 civitatiS,dignitate
1765 1045 1996 1087 pari‚¹⁶fortuna
2005 1051 2155 1082 humilio-

1191 1095 1232 1114 re.
1255 1094 1332 1116 tanta
1355 1088 1439 1116 enim
1463 1087 1640 1127 prosperitas
1663 1091 1690 1116 ¹7
1702 1089 1845 1119 Caesarern
1864 1089 1907 1119 est
1924 1091 2097 1126 consecuta,
2120 1102 2154 1124 ut

1189 1127 1268 1156 nihil
1279 1129 1306 1157 ei
1317 1137 1381 1158 non
1391 1128 1533 1158 tribueret
1543 1128 1759 1170 i'oi·tuna,quod
1770 1132 1909 1171 cuiquam
1921 1141 1989 1162 ante
1999 1132 2152 1169 detulerit,

1189 1168 1222 1198 &
1241 1171 1410 1200 conciliarit
1428 1190 1436 1203 ‚
1465 1166 1584 1211 ¹8quod
1602 1173 1678 1201 civis
1699 1174 1858 1202 Romanus
1877 1175 1975 1214 quivit
1992 1175 2149 1216 consequi.

1188 1212 1265 1241 Nata
1281 1221 1379 1242 autem
1398 1211 1440 1242 est
1460 1215 1560 1242 Attico
1580 1215 1678 1252 neptis
1694 1223 1733 1243 ex
1753 1217 1903 1255 Agrippa,
1925 1217 1973 1245 cui
1994 1218 2146 1256 virginem

1186 1250 1278 1283 filiam
1292 1257 1320 1280 ¹9
1329 1254 1498 1284 collocavit.
1515 1256 1589 1284 hanc
1598 1255 1691 1285 Caesar
1703 1257 1756 1285 vix
1765 1257 1939 1287 anniculam
1956 1260 2006 1288 Ti.
2017 1259 2148 1290 Claudio

1183 1296 1312 1340 Neroni,
1328 1294 1457 1326 Drusilla
1470 1306 1550 1329 nato,
1562 1298 1703 1338 privigno
1716 1297 1778 1330 suo,
1797 1297 1966 1337 despondit.
1989 1310 2055 1340 quae
2066 1310 2143 1332 con-

1179 1335 1298 1373 μιηᾶὶο
1316 1336 1563 1367 necessitudinem
1574 1348 1679 1368 eorum
1691 1338 1803 1371 sanxit,
1825 1339 2059 1371 familiaritatem
2074 1343 2143 1373 red-

1181 1377 1259 1408 didit
1279 1377 1526 1419 frequentiorem.
1550 1382 1688 1420 quamvis
1707 1389 1774 1410 ante
1792 1382 1853 1411 haec
1866 1382 2010 1422 sponsalia
2020 1393 2084 1413 non
2095 1385 2145 1414 so-

1181 1420 1246 1448 lum
1260 1430 1330 1449 cum
1340 1420 1377 1450 ab
1394 1420 1466 1450 urbe
1478 1420 1596 1454 abess‘et,
1608 1431 1764 1462 nunquam
1774 1422 1808 1452 ad
1819 1423 1940 1453 suorum
1952 1434 2141 1466 quemquam

1180 1461 1290 1491 litteras
1301 1460 1400 1495 misit,
1412 1464 1485 1502 quin
1499 1465 1600 1492 Attico
1611 1465 1752 1497 mitteret,
1767 1464 1840 1504 quid
1850 1475 1946 1506 ageret
1961 1468 2009 1495 :in
2019 1470 2139 1506 primis,

1179 1502 1253 1541 quid
1264 1503 1390 1542 legeret,
1411 1504 1578 1543 quibusque
1590 1505 1621 1533 in
1631 1505 1706 1535 locis
1716 1524 1725 1538 ,
1747 1505 1780 1534 &
1790 1506 1880 1545 quam
1895 1506 1947 1536 diu
1957 1505 2025 1538 estet
2037 1517 2139 1540 mora-

1180 1552 1262 1573 turus
1275 1555 1279 1572 ;
1290 1545 1339 1574 sed
1351 1544 1395 1577 δε,
1405 1555 1475 1574 cum
1486 1544 1557 1574 effer
1567 1547 1600 1574 in
1613 1546 1699 1579 urbe,
1715 1546 1746 1575 &
1756 1555 1875 1586 propter
1885 1550 1918 1566 20
1928 1548 1989 1577 suas
2000 1548 2136 1580 infinitas

1177 1588 1390 1625 occupationes
1402 1585 1506 1616 minus
1517 1587 1588 1626 saepe
1602 1607 1610 1619 ‚
1629 1597 1720 1626 quam
1732 1588 1821 1617 vellet
1832 1608 1841 1620 ,
1867 1590 1967 1618 Attico
1979 1589 2136 1625 frueretur,

1177 1628 1279 1657 nullus
1297 1627 1361 1657 dies
1379 1637 1491 1657 temere
1511 1627 1688 1660 intercessit,
1707 1638 1768 1668 quo
1779 1639 1842 1659 non
1854 1629 1888 1659 ad
1901 1640 1971 1660 eum
1983 1631 2135 1667 scriberet,

1174 1679 1235 1710 quo
1245 1669 1359 1710 aliquid
1368 1669 1404 1699 de
1418 1671 1593 1710 antiquitate
1602 1670 1637 1700 ab
1649 1680 1685 1700 eo
1696 1672 1855 1711 requireret
1869 1683 1879 1705 5
1898 1672 1993 1702 modo
2001 1673 2136 1714 aliquam

1173 1710 1371 1752 quaestionem
1398 1712 1548 1752 poeticam
1574 1713 1600 1741 ei
1623 1721 1802 1752 proponeret
1820 1725 1830 1746 3
1857 1713 2010 1744 interdum
2025 1716 2134 1755 jocans

1174 1756 1237 1793 ejus
1257 1751 1441 1783 verbosiores
1459 1753 1581 1783 eliceret
1599 1752 1740 1794 epistolas
1755 1765 1760 1783 z
1781 1764 1818 1784 ex
1836 1764 1898 1795 quo
1909 1755 2033 1789 accidit,
2056 1756 2132 1789 cum

1173 1795 1250 1825 aedes
1265 1796 1351 1836 Jovis
1369 1797 1489 1825 Feretrii
1507 1797 1539 1824 in
1562 1797 1731 1835 Capitolio,
1752 1795 1789 1825 ab
1807 1797 1945 1826 Romulo
1958 1797 2132 1834 constituta,

1173 1836 1315 1867 vetustate
1331 1846 1420 1877 atque
1437 1838 1548 1866 incuria
1570 1836 1683 1867 dete&a
1693 1837 1913 1877 prolaberetur,
1934 1848 1966 1869 ut
1977 1841 2069 1870 Attici
2079 1841 2133 1871 ad·

1173 1880 1293 1908 monitu
1312 1879 1408 1908 Caesar
1427 1887 1492 1908 earn
1504 1877 1698 1908 reficiendam
1709 1888 1830 1909 curaret.
1855 1882 1963 1920 Neque
1975 1880 2070 1912 veroa
2082 1883 2130 1912 M.

1170 1921 1309 1950 Antonio
1325 1921 1427 1949 minus
1450 1919 1553 1950 absens
1564 1920 1667 1950 litteris
1679 1921 1847 1954 colebatur,
1868 1922 1941 1952 adeo
1956 1931 1987 1952 ut
1995 1923 2130 1954 accurate

1168 1962 1219 1992 ille
1229 1971 1268 1991 ex
1279 1961 1394 1991 ultimis
1409 1963 1491 1991 terris
1501 1981 1509 1994 ,
1527 1961 1600 2002 quid
1612 1971 1708 2002 ageret
1723 1981 1731 1995 ,
1754 1962 1827 2002 quid
1839 1972 1917 1993 curae
1927 1962 1978 1993 fibi
1990 1965 2123 1998 haberet,

1167 2006 1326 2034 certiorem
1343 2002 1450 2034 faceret
1472 2006 1620 2033 Atticum.
1643 2006 1700 2033 hoc
1719 2004 1805 2044 quale
1816 2003 1867 2038 sit,
1893 2004 2129 2036 faciliusexisti-

1168 2046 1262 2076 mabit
1272 2047 1296 2074 is
1311 2065 1319 2079 ,
1331 2047 1381 2086 qui
1390 2045 1521 2085 judicare
1530 2047 1656 2085 poterit,
1669 2054 1787 2086 quantae
1797 2045 1830 2075 sit
1841 2046 2003 2086 sapient1ae‚
2016 2057 2126 2078 eorum

1165 2090 1291 2118 retinere
1303 2088 1390 2118 usum
1402 2107 1410 2120 ‚
1422 2087 1732 2128 benivolentiamque,
1745 2089 1822 2117 inter
1832 2098 1908 2128 quos
1921 2091 2124 2120 maximarum

1164 2139 1264 2159 rerum
1275 2139 1337 2159 non
1349 2127 1448 2159 solum
1461 2129 1616 2159 aemulatio
1625 2149 1633 2162 ‚
1661 2129 1709 2159 sed
1719 2128 1895 2160 obri-efficio
1906 2139 1985 2161 tanta
1994 2132 2125 2162 interce-

1165 2171 1271 2204 debat,
1288 2179 1433 2212 quantum
1453 2170 1511 2200 fuit
1530 2170 1712 2200 intercedere
1732 2169 1846 2201 necess'e
1869 2173 1948 2202 inter
1963 2173 2121 2206 Caesarem,

1163 2222 1250 2253 atque
1270 2214 1442 2243 Antonium
1457 2224 1466 2246 3
1484 2222 1554 2242 cum
1574 2212 1603 2242 se
1625 2221 1749 2253 uterque
1768 2214 1933 2253 principem
1945 2224 2009 2244 non
2019 2214 2122 2244 solum

1163 2255 1245 2285 urbis
1263 2257 1372 2284 Romae
1383 2273 1391 2288 ,
1416 2254 1464 2284 sed
1475 2254 1557 2284 orbis
1568 2262 1711 2284 terrarum
1721 2252 1778 2284 effe
1789 2264 1916 2294 cuperet.
1940 2256 2008 2286 Tali
2023 2256 2120 2286 modo

1162 2297 1234 2327 esim
1245 2297 1370 2336 septem,
1383 2296 1416 2326 &
1428 2295 1608 2336 septuaginta
1617 2305 1710 2325 annos
1719 2294 1904 2336 complesset,
1922 2306 2007 2337 atque
2018 2297 2053 2327 ad
2065 2307 2122 2327 ex-

1161 2348 1287 2369 tremam
1307 2337 1489 2368 sene&utem
1511 2347 1575 2367 non
1597 2340 1700 2368 minus
1718 2337 1862 2379 dignitate
1873 2357 1880 2370 ,
1904 2348 1993 2378 quam
2014 2341 2114 2378 gratia,

1159 2380 1339 2421 fortunaque
1351 2400 1360 2414 ,
1382 2377 1517 2410 crevisset
1535 2379 1546 2418 (
1563 2381 1670 2409 multas
1690 2382 1774 2410 enim
1787 2380 1961 2409 hereditates
1972 2381 2054 2410 nulla
2063 2381 2120 2410 alia

1160 2432 1201 2456 re,
1212 2422 1303 2463 quam
1314 2422 1464 2455 bonitate,
1485 2421 1681 2461 consecutus)
1701 2430 1838 2462 tantaque
1846 2422 2034 2460 prosperitate
2047 2422 2119 2452 usus

1159 2462 1232 2494 esset
1249 2464 1426 2494 valitudinis
1437 2482 1446 2496 ,
1467 2472 1498 2493 ut
1520 2464 1606 2493 annis
1620 2473 1686 2492 xxx
1699 2463 1919 2494 medicinaiion
1932 2461 2118 2503 indiguisset,

1159 2505 1263 2536 naEtus
1281 2505 1324 2536 est
1345 2505 1488 2535 morbum
1500 2524 1509 2538 ,
1530 2514 1621 2545 quem
1633 2506 1722 2534 initio
1733 2504 1834 2544 &ipse
1846 2523 1855 2537 ,
1879 2503 1911 2533 δε
1921 2503 2033 2533 medici
2042 2514 2117 2535 con-

1158 2554 1323 2585 temserunt
1348 2566 1354 2583 z
1374 2563 1443 2584 narn
1472 2561 1612 2594 putarunt
1643 2551 1701 2582 ess'e
1721 2545 1879 2586 πνοισμρν
1897 2557 1904 2578 1
1920 2552 1969 2581 cui
1984 2551 2120 2583 remedia

1157 2598 1264 2627 celeria
1274 2617 1282 2630 ,
1295 2596 1449 2636 faciliaque
1460 2594 1712 2635 proponebantur.
1732 2595 1765 2622 in
1776 2594 1833 2623 hoc
1842 2592 1914 2622 cum
1925 2602 1982 2622 tres
1995 2594 2116 2624 menses

1157 2637 1218 2668 sine
1227 2639 1299 2668 ullis
1310 2638 1469 2668 doloribus
1480 2656 1488 2670 ,
1514 2645 1707 2676 praeterquam
1720 2645 1796 2675 quos
1807 2644 1844 2664 ex
1854 2636 2008 2664 curatione
2016 2637 2115 2675 capie-

1157 2680 1205 2711 bat
1219 2700 1227 2714 ,
1239 2677 1444 2711 consumsisset
1455 2698 1464 2713 ,
1475 2677 1573 2708 subito
1585 2687 1662 2708 tanta
1672 2679 1717 2708 vis
1731 2677 1831 2707 morbi
1845 2678 1877 2706 in
1888 2686 1984 2706 unum
1994 2676 2115 2707 intesti-

2031 2728 2112 2749 num

197 2800 220 2817 1.
240 2790 319 2816 Nullos
328 2789 463 2823 habuerim]
484 2787 588 2814 Gifanii
602 2786 783 2818 liber-,habam

192 2835 222 2853 ι..
242 2825 440 2859 aribannum]
463 2823 542 2850 Liber
553 2822 654 2849 Gifanii
666 2831 675 2854 3
694 2822 851 2848 Arrentinum
862 2838 870 2853 ‚
888 2818 958 2847 unde
968 2818 1020 2855 ipse
1031 2819 1109 2847 Gifa-

157 2862 215 2890 nius
225 2861 366 2898 legendum
377 2867 465 2898 putat,
473 2862 638 2888 eArrerinum.

192 2906 220 2934 3.
238 2902 299 2924 Eum
306 2899 397 2933 ufiam.]
419 2896 521 2923 Gir'anii
530 2895 610 2927 liber,
620 2894 686 2928 ufiaem
696 2901 756 2920 eum.

190 2942 219 2967 4.
236 2935 388 2969 Admififfit]
412 2932 516 2960 Gifanii
525 2931 605 2963 liber,
615 2931 742 2970 annuffr.

192 2979 220 3004 5.
238 2973 322 2996 Omnia
329 2969 489 3003 ciceronum]
512 2968 594 3003 Vulg.
604 2970 730 2992 Ciceronis.

188 3006 217 3033 6.
236 3006 342 3037 Catonia,
351 3008 443 3036 Marii,
453 3004 637 3040 &Horten-sih]
658 3002 726 3029 Ant.
738 3000 816 3035 Augu
822 2999 901 3026 ssinus
912 3001 994 3026 Marci
1003 2998 1109 3031 Catonia,

151 3042 308 3078 &Hortensii
319 3060 327 3072 ,
337 3040 476 3068 emendat:
498 3039 568 3076 quod
579 3039 677 3065 Ursino
688 3038 862 3072 Maiiutioque
873 3036 1009 3072 probatur.

208 3099 213 3105 .
233 3076 475 3110 „AEmulationibusfl
497 3075 579 3102 Liber
589 3074 705 3105 Gffanii,
715 3074 895 3099 mutationibus.

181 3087 210 3141 ἔ.
230 3112 454 3146 mriglarmmem]
476 3111 624 3147 Vulgarum&
637 3112 789 3144 gloriantem.

179 3158 209 3186 9.
228 3151 328 3177 strate
336 3146 473 3182 equalem]
492 3146 585 3179 Abest,
594 3154 674 3178 aetare,
685 3148 700 3172 a
711 3144 814 3172 Gifaiiii
826 3144 906 3171 libro.

180 3194 224 3216 io.
242 3186 327 3220 Populo
335 3185 416 3220 Rom]
438 3182 541 3215 Gifanii
554 3182 622 3223 liger
635 3190 664 3212 iit
673 3182 702 3211 ὃς
714 3183 826 3219 vulgati,
836 3184 914 3216 populi
924 3182 1033 3211 Romani.

1194 2793 1203 2810 ι
1214 2794 1220 2810 i
1230 2804 1235 2810 .
1256 2788 1318 2810 Fecit
1329 2786 1367 2809 hoc
1377 2783 1494 2817 quidem]
1518 2781 1605 2815 Vulgo
1611 2782 1670 2813 fecit
1680 2781 1719 2804 hoc
1729 2780 1831 2812 quidam.

1193 2829 1237 2846 12.
1256 2824 1289 2846 De
1298 2818 1450 2852 Fabiorum]
1471 2820 1514 2847 De,
1526 2816 1551 2842 in
1565 2815 1691 2850 vulgatis,
1703 2813 1784 2841 deest.

1192 2864 1234 2891 13.
1254 2854 1445 2886 stmiliorum]
1465 2854 1633 2883 Corneliorum,
1644 2850 1720 2878 malit
1730 2849 1866 2877 Manutius
1877 2849 1909 2876 eo
1922 2847 1994 2885 quod
2003 2849 2115 2877 cAEmilt'a'

1152 2891 1184 2918 ad
1195 2892 1343 2927 Scipionem
1357 2889 1422 2916 nihil
1433 2889 1592 2924 pertincant.

1191 2935 1234 2960 14.
1252 2929 1374 2959 Qantum
1380 2925 1532 2958 poterimus]
1555 2922 1635 2957 Vulg.
1646 2927 1762 2956 quantum
1772 2924 1924 2954 potuerim.

1191 2972 1200 2989 i
1208 2972 1234 2996 5.
1254 2966 1312 2988 Diri
1319 2961 1463 2996 Juliifilii.]
1485 2959 1587 2986 Gifanii
1599 2958 1678 2989 liber,
1688 2959 1810 2990 Dirifii'ii.

1190 2999 1232 3025 16.
1253 3001 1358 3024 fiir-tuna
1366 2996 1512 3030 humiliore]
1535 2995 1616 3029 Vulg.
1628 2995 1772 3019 humiliores.

1189 3041 1232 3068 ¹7·
1252 3035 1362 3068 Caesarem
1372 3035 1406 3058 ef?
1414 3031 1556 3066 conficiam]
1578 3029 1681 3058 Gifauii
1699 3028 1768 3056 liber
1779 3048 1787 3063 ,
1805 3029 1923 3064 Caesarum
1942 3037 1994 3055 cnm
2011 3030 2047 3055 el?
2053 3035 2108 3055 eon-

1144 3071 1228 3104 fiecnia
1233 3090 1239 3096 .

1192 3105 1234 3131 18.
1254 3105 1321 3137 Qod
1328 3104 1387 3129 cmii
1396 3102 1541 3137 Romanus]
1563 3102 1665 3129 Gifanii
1677 3100 1755 3133 liber,
1765 3101 1826 3136 quod
1833 3110 1896 3128 nemo
1906 3101 1983 3128 adhuc
1993 3100 2063 3126 civis.

1190 3149 1232 3175 19.
1253 3141 1403 3174 Coaocaem‘t]
1424 3139 1526 3167 Gitanii
1537 3138 1615 3170 liber,
1627 3140 1758 3164 collocarat.

1187 3185 1234 3217 ιο,
1254 3176 1460 3213 Suminfinitas]
1482 3174 1584 3207 Gifanii
1594 3174 1673 3211 liber,
1684 3173 1869 3211 irfinitmfitas.
2002 3214 2013 3234 Ι
2036 3205 2118 3237 amu

2017 3223 2026 3234 2
