2297 3389
678 135 990 181 Ouario
1056 146 1194 180 pao
1264 130 1337 179 M.
1402 132 1731 188 eonio..

2072 139 2163 187 521

212 230 285 253 men
298 219 356 252 hoc
366 240 376 254 ‚
395 216 416 249 ‘fi
426 226 459 250 tu
466 213 656 248 contemnis,
674 214 940 254 pertimescamus?
964 215 1060 255 Qare
1071 213 1162 243 nobis
1182 216 1187 260 f
1208 209 1456 242 dissimulandum
1464 209 1662 252 putaretised
1670 219 1724 240 cur
1732 207 1921 243 diutiusvos,
1926 205 2054 248 judices,
2063 206 2167 236 teneo?

209 264 250 294 da
258 266 352 296 viam,
362 262 568 298 rationemque
577 254 771 287 defensionis.
783 265 852 286 nam
864 265 913 286 aut
922 255 1019 295 pudor
1028 264 1097 286 tuus
1110 254 1163 284 de-

206 304 330 338 fendet,
345 303 424 333 nihil
434 301 450 331 ξι
459 303 502 330 Μ.
514 298 613 329 Coelio
621 298 805 338 petulantius
823 295 879 327 ess'e
888 297 1020 327 factum:
1042 305 1091 326 aut
1100 298 1160 325 im—

208 346 368 386 pudentia,
387 343 498 373 &huic
508 360 517 375 ,
539 341 683 370 &ceteris
693 349 832 380 magnam
843 339 877 369 ad
889 339 916 370 se
931 336 1157 369 defendendum

146 391 189 417 21
207 387 378 418 facultatem
388 383 478 415 dabit.
498 381 555 412 Sed
564 382 711 422 quoniam
728 379 875 411 emeriifl‘e
890 382 955 421 jam
967 379 983 410 ὲ
1002 379 1085 409 vadis
1097 397 1105 411 ‚
1126 378 1159 407 δε

204 428 344 468 scopulos
354 423 540 466 praetervedha
548 423 668 453 videtur
676 424 771 454 oratio
781 433 857 456 mea,
868 421 1015 463 perfacilis
1024 421 1103 450 mihi
1113 429 1162 449 re-

207 471 308 510 liquus
317 468 417 498 cursus
435 465 613 496 ostenditur.
636 467 710 495 Duo
721 465 790 495 sunt
806 468 892 495 enim
908 464 1036 494 crimina
1049 471 1109 492 una
1125 463 1159 490 in

206 510 334 541 muliere
358 509 547 539 summorum
564 507 735 537 facinorum
752 517 759 536 t
791 508 872 540 auri,
892 505 974 546 quod
991 505 1128 535 sumtum
1146 501 1162 532 ὲ

206 551 314 583 Clodia
321 550 447 581 dicitur:
471 550 504 580 Sc
513 551 642 583 veneni,
655 549 738 590 quod
748 550 774 589 ej
779 548 882 579 usdem
891 546 1005 578 clodiae
1019 543 1159 576 necandae

203 593 287 625 causa
295 591 402 633 paraffe
411 591 544 622 Coelium
554 593 761 622 criminantur.
784 593 902 620 Aurum
913 587 1024 621 sumsit,
1037 596 1069 617 ut
1086 586 1162 617 dici-

204 636 242 666 tis
253 655 262 668 ,
280 634 362 675 quod
373 635 545 664 L.Lucceii
556 634 646 663 servis
657 633 755 666 daret,
774 642 826 672 per
843 641 919 672 quos
939 629 1161 660 Alexandrinus

202 678 333 717 Dio‚qui
343 685 409 706 tum
421 675 497 716 apud
507 676 669 710 Lucceium
679 675 1000 707 habitabannecaretur.
1014 678 1160 709 magnum

202 718 322 749 crimen
330 719 378 748 vel
389 720 421 747 in
439 718 540 758 legatis
557 715 732 747 insidiandis
742 736 752 750 ,
773 715 821 745 vel
830 716 863 743 in
871 711 999 752 fervisad
1008 711 1160 750 hospitem

1206 252 1295 292 ipsius
1303 255 1394 293 jurati
1409 254 1587 295 religionem
1600 274 1609 287 ,
1623 251 1891 291 auom-itatemque
1901 251 2044 291 percipite
2054 267 2064 282 ‚
2077 255 2105 277 at
2127 255 2164 277 ue

1210 296 1315 325 omnia
1324 295 1483 337 diligenter
1492 295 1658 326 testimonii
1667 293 1756 324 verba
1763 292 1942 335 cognoscite.
1967 291 2072 322 Recita
2080 297 2109 318 te
2138 289 2166 317 i·

1208 339 1351 366 monium
1361 338 1594 367 Lucceii.resrx
1600 346 1670 366 MON
1676 345 1743 366 xtJM
1754 337 1888 366 Lucem
1894 345 1905 364 1
1911 333 2002 376 .Qid
2012 328 2165 371 exibet-‘ka-

1208 379 1244 405 tis
1254 380 1396 418 amplius?
1406 389 1443 409 an
1453 379 1583 419 aliquam
1594 387 1701 408 vocem
1710 378 1816 418 putatis
1827 376 1920 416 ipsam
1931 385 1985 416 pro
1995 375 2023 405 se
2032 372 2162 405 causam,

1208 417 1240 447 δε
1250 423 1403 449 veritatem
1414 419 1496 459 poss'e
1505 419 1702 450 mittere?haec
1711 418 1754 449 est
1761 420 1943 449 innocentiae
1952 413 2164 447 defenfimhaee

1205 457 1292 498 ipsius
1302 461 1392 490 causae
1402 463 1498 491 oratio
1513 472 1519 490 z
1543 463 1604 492 haec
1613 471 1671 491 una
1682 471 1740 490 vox
1752 460 1889 490 veritam.
1912 462 1948 489 In
1959 459 2087 489 crimine
2098 455 2163 496 ipso

1207 501 1290 530 nulla
1299 501 1426 541 suspicio
1435 502 1478 532 est
1488 522 1496 535 ,
1514 503 1590 533 &in
1599 513 1628 532 re
1640 503 1718 532 nihil
1727 501 1771 532 est
1779 502 1965 542 argumenti:
1981 502 2015 530 in
2025 499 2163 539 negotio,

1207 542 1291 583 quod
1300 543 1402 573 adium
1412 543 1470 573 esse
1480 544 1604 578 dicitur,
1616 544 1735 574 nullum
1745 543 1905 583 vestigium
1915 543 2062 573 sermonis
2071 559 2080 574 ‚
2091 539 2164 572 loci,

1206 587 1368 623 temporis:
1384 595 1477 614 nemo
1488 584 1568 614 testis
1579 605 1587 618 ,
1603 595 1695 615 nemo
1703 586 1841 615 conscius
1853 585 2045 615 nominatur:
2062 590 2163 611 totum

1208 627 1324 655 crimen
1335 625 1483 667 profertur
1493 636 1531 656 ex
1541 627 1668 659 inimica,
1678 636 1716 656 ex
1726 625 1832 657 infami
1842 647 1850 661 ‚
1862 637 1900 656 ex
1909 625 2033 658 crudeli,
2044 633 2082 653 ex
2090 622 2166 653 faci-

1210 668 1327 701 norosa,
1338 678 1377 698 ex
1387 667 1549 697 libidinosa
1559 667 1654 697 domo
1666 678 1670 696 2
1684 668 1791 697 domus
1802 677 1902 698 autem
1911 668 1972 701 illa,
1981 676 2047 707 quae
2055 673 2166 695 tentata

1206 708 1314 739 scelere
1324 709 1382 739 isto
1392 708 1507 739 nefario
1517 709 1726 749 dicitur,plena
1734 708 1775 739 est
1783 711 1971 750 integritatis,
1981 707 2084 740 officii,
2095 706 2166 736 reli-

202 760 290 790 domi
300 759 470 791 necandum
479 758 675 789 sollicitandis
685 777 694 792 ,
718 757 842 797 plenum
852 754 969 784 sceleris
986 751 1157 785 confilium,
1203 751 1305 790 gionis
1317 761 1322 780 :
1343 761 1381 781 ex
1394 761 1452 792 qua
1465 750 1560 781 domo
1573 753 1710 780 recitatur
1722 750 1808 779 vobis
1819 750 2011 790 jurejurando
2021 747 2163 779 devius-221

201 802 329 842 plenum
347 801 483 832 audaciae.
507 803 556 842 Q

537 810 576 830 uo
586 799 711 840 quidem
729 800 761 827 in
779 797 908 826 crimine
927 796 1062 835 primum
1080 793 1158 824 illud
1203 791 1364 824 auctoritas
1374 804 1380 822 ;
1391 802 1424 823 ut
1433 802 1478 823 res
1489 792 1620 822 minime
1631 791 1793 822 dubitanda
1801 811 1809 824 ‚
1823 793 1854 821 in
1861 794 2058 823 contentione
2067 800 2162 830 pona-

197 846 360 884 requiram‚
370 844 521 873 dixeritne
532 842 659 873 Clodiae,
673 849 764 880 quam
774 837 809 868 ad
818 847 883 869 rem
894 840 904 855 ¹
914 846 1018 867 aurum
1032 845 1099 866 turn
1108 835 1158 866 su·
1204 834 1368 867 turmo-um
1380 836 1668 874 temei·aria‚procax‚
1679 836 1750 863 irata
1758 833 1858 862 mulier
1870 832 1984 863 finxiss'e
1993 835 2163 865 crimen,an

199 894 306 920 meret,
316 896 354 916 an
363 895 428 915 non
437 885 557 914 dixerit.
582 880 602 911 fi
615 891 679 911 non
688 880 777 914 dixit,
787 889 838 910 cur
846 878 948 909 dedit?
970 876 990 907 fi
1000 878 1088 911 dixit,
1103 887 1156 907 eo-

1203 875 1674 917 gravis,sapiens,moderatusque
1685 875 1732 904 vir
1741 874 1879 916 religiose
1890 875 2102 904 testimonium
2112 873 2161 904 di-

201 927 273 958 dem
283 928 313 958 se
321 923 585 966 conscientiaescelere
601 923 749 953 devinxit.
773 931 844 952 tune
863 930 969 951 aurum
980 930 1018 950 ex
1024 922 1154 955 armario
1201 916 1276 963 iciss'e
1287 919 1433 949 videatur.
1456 919 1623 959 Reliquum
1635 916 1678 947 est
1687 919 1776 958 igitur
1784 919 1902 947 crimen
1912 916 1948 946 de
1957 926 2076 946 veneno
2087 927 2092 945 ;
2106 925 2159 946 cu-

195 977 250 1000 tuo
265 977 403 1010 promere
419 967 486 996 ausa
501 968 554 995 es?
575 974 648 995 tune
666 968 818 994 Venerem
837 963 923 993 illam
943 971 1025 992 tuam
1044 962 1154 1001 spolia—
1174 999 1176 1006 Ι
1196 969 1245 998 jus
1255 970 1310 1001 ego
1324 971 1421 1002 neque
1432 962 1614 1000 principium
1626 961 1774 992 invenire,
1786 968 1881 999 neque
1891 958 2030 988 evolvere
2040 960 2158 987 exitum

195 1013 301 1041 tricem
311 1010 434 1050 spoliare
444 1009 631 1038 ornamentis
642 1009 653 1036 ?
674 1010 689 1026 ²
698 1009 837 1037 Ceterum
848 1015 920 1035 cum
931 1005 1017 1034 scires
1028 1023 1037 1037 ‚
1057 1013 1153 1045 quan-

195 1060 261 1082 tum
271 1051 306 1082 ad
315 1051 431 1082 facinus
439 1059 545 1079 aurum
555 1049 614 1079 hoc
622 1057 809 1089 quaereretur,
818 1051 830 1074 3
843 1046 878 1078 ad
889 1055 995 1077 necem
1006 1047 1102 1086 legati,
1116 1045 1152 1075 ad

1173 1007 1176 1063 Ι

1197 1000 1328 1041 poil'um.
1344 1006 1419 1044 Qiae
1428 1003 1485 1033 fuit
1494 1004 1578 1032 enim
1586 1002 1671 1031 causa
1680 1021 1688 1034 ,
1701 1001 1901 1042 quamobrem
1913 999 1961 1030 isti
1975 1000 2096 1029 mulieri
2106 1009 2157 1029 ve-

1195 1054 1312 1074 nenum
1324 1046 1415 1076 vellet
1425 1045 1493 1075 dare
1503 1045 1630 1074 Ccelius?
1641 1054 1679 1073 ne
1689 1053 1794 1073 aurum
1805 1042 2029 1072 redderet?num
2038 1042 2160 1080 petivit?

192 1096 229 1125 L.
240 1094 373 1126 Lucceii‚
383 1089 556 1122 sanetiffimi
566 1091 702 1121 hominis
713 1110 720 1124 ‚
732 1098 819 1131 atque
830 1089 1036 1129 integerrimi,
1050 1087 1150 1117 labem
1197 1096 1235 1115 ne
1244 1089 1363 1117 crimen
1371 1088 1507 1117 haereret?
1516 1096 1592 1115 num
1602 1087 1669 1126 quis
1679 1084 1803 1124 objecit?
1813 1094 1888 1114 num
1897 1085 1964 1125 quis
1974 1083 2105 1124 denique
2113 1082 2161 1112 fie-

190 1135 306 1167 sceleris
319 1133 491 1174 sempiterni
505 1144 510 1162 z
532 1133 603 1163 huic
612 1131 740 1163 facinori
758 1140 840 1162 tanto
852 1139 901 1161 tua
911 1139 998 1160 mens
1008 1129 1149 1163 liberalis,

190 1177 326 1212 conscia3
347 1186 397 1206 tua
415 1175 526 1205 domus
543 1174 694 1214 popularis
707 1193 716 1209 ,
737 1172 893 1206 ministra3
918 1177 936 1199 4
955 1180 1003 1201 tua
1019 1171 1152 1211 denique

195 1219 352 1259 hospitalis
361 1218 412 1247 illa
419 1219 522 1246 Venus
531 1236 540 1249 ,
554 1217 685 1255 adjutrix
695 1215 752 1246 efl'e
762 1225 828 1245 non
838 1214 951 1244 debuit.
975 1217 988 1240 5
999 1213 1084 1243 Vidit
1092 1214 1150 1243 hoc

192 1262 318 1291 Balbus:
340 1260 465 1290 celatam
485 1256 544 1288 effe
554 1257 692 1288 Clodiam
706 1257 802 1288 dixit:
820 1265 907 1296 atque
920 1257 959 1286 ita
969 1255 1102 1285 Coelium
1113 1254 1149 1284 ad

190 1302 278 1332 illam
287 1299 413 1332 attulisse
423 1320 432 1334 ,
452 1300 479 1330 se
492 1299 528 1330 ad
537 1308 677 1330 ornatum
687 1299 830 1328 ludorum
841 1307 946 1327 aurum
957 1306 1097 1336 quaerere.
1119 1298 1150 1326 Si

194 1353 257 1375 tam
268 1343 424 1374 familiaris
434 1350 492 1371 erat
505 1341 619 1371 Clodiae
630 1360 639 1374 ,
658 1340 751 1381 quam
762 1349 794 1370 tu
804 1338 861 1368 effe
872 1341 918 1369 vis
927 1358 935 1372 ‚
950 1338 1023 1367 cum
1032 1337 1069 1367 de
1079 1337 1150 1367 libi-

192 1385 266 1416 dine
274 1387 338 1425 ejus
347 1393 410 1414 tam
421 1383 516 1412 multa
529 1382 604 1412 dicis
616 1393 622 1410 :
645 1381 724 1412 dixit
733 1379 872 1421 profesto
882 1400 890 1414 ‚
908 1379 970 1421 quo
988 1380 1079 1410 vellet
1098 1387 1150 1409 au-

192 1437 273 1458 rum.
307 1425 327 1456 si
340 1435 400 1456 tam
412 1424 569 1454 familiaris
584 1433 650 1453 non
667 1431 743 1453 erat:
766 1433 830 1453 non
840 1422 931 1453 dedit.
954 1424 998 1452 Ita
1011 1420 1032 1451 s1
1041 1430 1147 1451 verum

189 1469 247 1499 tibi
255 1468 367 1499 Coelius
380 1466 458 1496 dixit
467 1486 476 1498 ‚
495 1465 514 1495 ὃ
524 1465 722 1495 immoderata
735 1465 846 1494 mulier
855 1484 863 1498 ,
883 1465 979 1494 sciens
1001 1472 1032 1493 tu
1042 1472 1148 1493 aurum

190 1510 227 1541 ad
244 1509 361 1540 facinus
380 1507 506 1538 dedisti!
530 1505 551 1536 fi
564 1517 630 1537 non
648 1506 691 1537 est
707 1507 792 1537 ausus
809 1506 925 1537 dicere:
948 1515 1014 1535 non
1030 1503 1147 1535 dedisti.

107 1551 173 1590 ,¹22
191 1552 274 1593 Qid
285 1561 340 1593 ego
358 1560 439 1580 nunc
448 1551 631 1590 argumentis
641 1549 713 1579 huic
730 1550 875 1582 crimini,
894 1558 960 1589 quae
978 1547 1149 1578 suntinnu-

190 1593 365 1626 mei-abina,
385 1589 515 1622 resistam
528 1595 538 1620 ?
557 1589 676 1631 poffum
685 1590 783 1621 dicere
794 1611 802 1624 ‚
825 1600 911 1620 mores
923 1592 967 1620 M.
979 1589 1068 1620 Coelii
1079 1589 1149 1619 lon-

190 1634 308 1678 giffime
328 1634 345 1665 a
361 1636 436 1664 tanti
455 1633 571 1664 sceleris
590 1635 742 1664 atrocitate
760 1631 819 1663 effe
837 1631 1007 1669 disjunctos
1026 1642 1032 1661 :
1053 1633 1148 1661 mini-

189 1677 242 1708 me
253 1676 309 1707 effe
317 1675 502 1707 credendum
514 1695 522 1709 ,
543 1676 664 1705 homini
673 1684 733 1705 tam
747 1675 907 1717 ingenioso
916 1695 925 1709 ,
949 1684 1068 1716 tamque
1078 1683 1148 1713 pru-

189 1719 276 1750 denti
285 1728 352 1749 non
361 1716 474 1748 veniffe
483 1719 517 1747 in
527 1726 664 1748 mentem
674 1737 684 1751 ,
704 1727 767 1748 rem
781 1719 856 1748 tanti
865 1718 983 1747 sceleris
990 1736 1000 1750 ,
1021 1717 1144 1758 ignotiS,

187 1761 354 1802 alienisque
363 1760 453 1791 servis
463 1769 527 1789 non
536 1757 593 1790 effe
608 1759 778 1789 credendam.
801 1758 921 1799 poffum
941 1761 1033 1789 etiam
1050 1758 1102 1788 illa
1113 1758 1147 1788 ὃς

188 1812 359 1834 ceterorum
368 1810 561 1842 patronorum
574 1822 583 1835 ‚
608 1802 641 1832 ὃς
651 1812 717 1831 mea
727 1801 945 1832 consuetudine
956 1821 965 1834 ,
982 1800 1021 1830 ab
1030 1800 1147 1831 accusa-

192 1854 260 1875 tore
270 1845 438 1885 perquirere
447 1863 456 1877 ,
478 1843 530 1873 ubi
540 1842 574 1873 fit
589 1843 740 1883 congrcffus
754 1853 823 1873 cum
842 1844 931 1873 servis
942 1843 1065 1873 Lucceii
1075 1843 1145 1872 Coe-

191 1887 253 1916 lius
266 1897 272 1915 ;
295 1888 349 1927 qui
364 1886 392 1915 ei
400 1884 491 1915 fuerit
501 1885 607 1915 aditus.
633 1884 655 1914 fi
666 1886 755 1925 perse
765 1905 774 1919 ,
785 1895 842 1926 qua
852 1885 1018 1914 temeritate
1031 1887 1043 1912 ἓ
1065 1881 1086 1912 fi
1096 1892 1147 1922 per

192 1929 289 1959 alium
300 1947 308 1961 ,
327 1937 379 1967 per
387 1931 499 1967 quem?
521 1924 643 1957 Possum
662 1928 784 1956 omneis
799 1926 922 1956 latebras
940 1925 1146 1965 suspicionum

192 1979 343 2011 peragrare
360 1967 499 1998 dicendo.
520 1978 586 1997 non
604 1969 705 2001 causa,
725 1978 790 1998 non
803 1968 886 1997 locus
898 1987 906 2000 ,
926 1977 990 1997 non
1012 1966 1144 2000 facultas,

192 2022 260 2042 non
273 2010 410 2041 conscius
423 2012 436 2042 ς’
455 2018 520 2039 non
529 2007 702 2049 perficiendi
714 2030 723 2042 ‚
742 2019 807 2039 non
822 2009 992 2039 occultandi
1005 2006 1146 2039 maleficii

192 2054 258 2093 spes
269 2073 276 2086 ,
297 2062 361 2082 non
371 2052 448 2082 ratio
457 2051 517 2081 ulla
527 2071 535 2084 ‚
555 2061 621 2081 non
634 2050 796 2092 vestigium
805 2053 936 2080 maximi
948 2050 1091 2081 facinoris
1100 2059 1147 2079 rc—

188 2097 329 2136 perietur.
351 2093 408 2124 Sed
418 2095 498 2126 haec,
519 2103 585 2134 quae
601 2093 671 2123 sunt
682 2095 807 2123 oratoris
823 2095 960 2132 propria:
983 2102 1048 2132 quae
1066 2092 1145 2121 mibi

191 2146 257 2166 non
271 2145 392 2176 propter
403 2136 561 2175 ingenium
578 2145 683 2165 meum
695 2154 703 2168 ,
722 2135 771 2165 sed
780 2144 900 2175 propter
918 2136 994 2164 hanc
1005 2135 1146 2164 exercita-

191 2179 311 2208 tionem
323 2197 332 2210 ,
354 2178 501 2217 usumque
514 2176 635 2206 dicendi
653 2176 788 2206 frustum
799 2177 932 2216 aliquem
947 2176 1023 2206 ferre
1031 2176 1147 2216 potuis-

190 2220 257 2250 sent
267 2239 276 2253 ,
290 2218 360 2249 cum
375 2218 391 2248 Ξι
401 2228 450 2247 me
459 2218 523 2257 ipso
533 2218 660 2248 laborata
666 2218 792 2258 proferri
801 2219 983 2252 viderentur,
995 2217 1146 2248 brevitatis

191 2262 275 2293 causa
287 2261 427 2301 relinquo
441 2261 555 2290 omnia.
577 2260 674 2290 habeo
684 2260 915 2299 enim,judices‚
929 2269 1021 2301 quem
1030 2269 1085 2290 vos
1098 2260 1145 2290 so-

190 2305 274 2334 cium
284 2302 387 2333 vestrae
408 2302 581 2342 religioniS,
600 2301 733 2342 jurisque
739 2301 862 2341 jurandi
880 2301 967 2332 facile
979 2300 1038 2331 effe
1054 2303 1146 2341 patia—
1166 2321 1167 2330 1

191 2346 284 2378 mini,
293 2346 329 2374 L.
344 2344 507 2384 Luccejum
517 2363 526 2377 ,
545 2341 762 2373 sanffiffimum
770 2343 932 2373 hominem
945 2363 953 2377 ,
969 2343 1002 2373 δε
1011 2340 1145 2383 gravissi-

191 2397 281 2417 mum
291 2385 398 2416 testem
410 2396 416 2414 2
439 2386 491 2426 qui
501 2394 618 2415 tantum
627 2383 743 2415 facinus
758 2405 767 2418 ‚
787 2386 820 2414 in
827 2383 941 2415 famam
952 2383 1144 2425 atquefortu-

190 2438 244 2459 nas
255 2429 318 2458 suas
327 2437 423 2468 neque
436 2436 500 2457 non
508 2426 758 2458 audiffetillatum
769 2426 785 2457 a
795 2427 894 2457 Coelio
903 2447 912 2460 ,
933 2437 1030 2467 neque
1041 2426 1144 2466 negle—

188 2468 280 2501 xiffct
294 2490 302 2503 ‚
323 2479 420 2510 neque
430 2467 550 2499 tulisset.
573 2471 623 2499 An
635 2469 687 2498 ille
698 2471 764 2503 vir,
783 2469 1027 2499 illahumanitate
1037 2468 1144 2508 praedi-

187 2520 246 2546 tus,
258 2511 318 2541 illis
328 2510 443 2545 studiis,
457 2510 579 2544 artibus,
589 2519 676 2551 atque
686 2509 822 2540 doeh-ina
832 2530 840 2544 ,
852 2511 935 2540 illius
943 2510 1025 2551 ipsius
1033 2511 1144 2552 pti-icm-

185 2553 248 2583 lum
258 2573 266 2587 ,
279 2562 370 2594 quem
380 2561 498 2592 propter
506 2553 568 2583 haec
576 2553 638 2592 ipsa
647 2551 742 2582 studia
752 2551 894 2592 diligebat
904 2572 912 2585 ,
924 2553 1072 2593 negligere
1087 2561 1142 2592 po-

186 2593 305 2626 tuist'et?
316 2594 349 2624 δε
360 2614 369 2628 ,
389 2593 470 2635 quod
479 2593 594 2624 facinus
603 2597 636 2623 in
649 2594 782 2623 alienum
797 2593 958 2623 hominem
967 2594 1086 2624 illatum
1099 2593 1143 2623 se—

185 2638 255 2668 vere
273 2638 434 2676 acciperet,
453 2635 484 2665 id
500 2634 642 2666 omififfet
658 2645 759 2665 curare
777 2636 811 2664 in
835 2635 968 2675 hospite?
990 2634 1072 2675 quod
1089 2644 1142 2674 per

184 2679 308 2721 ignotos
325 2677 426 2708 astum
437 2675 508 2707 cum
523 2675 733 2717 comperisset,
754 2676 870 2707 doleret
881 2696 888 2710 ,
907 2676 938 2706 id
949 2676 964 2706 ὲ
975 2677 1033 2707 suis
1045 2684 1140 2706 tenta-

183 2729 250 2751 tum
260 2719 318 2750 efi‘e
328 2719 509 2761 negligeret?
531 2719 613 2760 quod
622 2721 655 2748 in
665 2721 751 2759 agris,
762 2719 874 2748 locisve
884 2718 1013 2758 publicis
1020 2717 1137 2749 fafitum

180 2761 427 2802 reprehenderet,
443 2760 474 2790 id
485 2762 517 2790 in
529 2761 600 2791 urbe
612 2781 620 2795 ,
631 2761 723 2800 acsuae
732 2761 808 2790 domi
819 2769 952 2800 coeptum
965 2758 1023 2789 esse
1035 2780 1044 2794 ,
1060 2761 1138 2790 levi-

181 2811 226 2834 ter
234 2802 346 2834 ferret?
367 2802 450 2844 quod
467 2803 502 2832 in
514 2803 641 2842 alicujus
653 2802 772 2843 agrestis
785 2803 918 2842 periculo
935 2812 998 2832 non
1017 2811 1137 2841 praeter—

181 2846 330 2880 mitteret,
349 2845 381 2876 id
389 2846 485 2876 homo
498 2844 632 2875 eruditus
642 2846 676 2874 in
690 2843 806 2875 insidiis
815 2842 979 2874 dofiliffirni
998 2843 1135 2874 hominis

1151 2781 1160 2885 l

1196 1126 1281 1159 ciss‘et
1296 1131 1490 1159 mentionem
1503 1141 1512 1162 ,
1529 1126 1550 1157 fi
1560 1128 1608 1157 hic
1618 1128 1737 1156 nemini
1755 1136 1870 1156 nomen
1880 1123 2050 1155 detuliflet?
2072 1126 2159 1166 Qin

1196 1172 1284 1201 etiam
1297 1173 1490 1201 Herennium
1501 1171 1598 1200 dicere
1608 1168 1730 1199 audistis
1741 1188 1749 1202 ‚
1768 1168 1862 1198 verbo
1874 1168 1902 1198 se
1915 1165 2079 1197 molestum
2092 1177 2159 1197 non

1194 1210 1331 1242 futurum
1343 1211 1428 1242 fuiffe
1439 1213 1548 1245 Coelio,
1561 1209 1616 1241 nisi
1627 1213 1738 1240 iterum
1748 1209 1850 1240 eadem
1861 1209 1897 1239 de
1911 1219 1940 1239 re
1951 1209 2005 1239 suo
2014 1207 2158 1239 familiari

1195 1254 1332 1284 absoluto
1343 1264 1460 1285 nomen
1469 1255 1520 1284 hic
1529 1251 1689 1283 detuliss’et.
1712 1251 1862 1282 Credibile
1872 1250 1916 1281 est
1925 1252 2028 1292 igitur,
2036 1259 2155 1282 tantum

1196 1294 1312 1325 facinus
1323 1297 1431 1325 nullam
1440 1295 1473 1325 ob
1483 1296 1597 1334 causam
1614 1293 1672 1324 effe
1683 1291 1879 1324 commiss'um
1893 1293 1903 1319 ἓ
1925 1294 2020 1323 &vos
2030 1303 2096 1323 non
2106 1294 2156 1323 vi-

1192 1336 1268 1367 detis
1277 1336 1351 1378 fingi
1361 1337 1477 1368 sceleris
1487 1337 1618 1366 maximi
1635 1337 1770 1369 crimen,
1790 1335 1951 1365 utalterius
1968 1335 2053 1365 causa
2062 1335 2155 1365 scele-

1191 1381 1232 1408 ris
1242 1379 1422 1420 suscipiendi
1431 1378 1520 1409 fuisse
1529 1378 1665 1409 videatur
1677 1381 1689 1407 ?
1707 1378 1756 1407 cui
1764 1376 1896 1417 denique
1905 1375 2060 1407 commisit
2071 1379 2082 1405 ἓ
2091 1387 2155 1417 quo

1192 1420 1328 1461 adjutore
1345 1422 1414 1452 usus
1430 1420 1493 1451 est?
1514 1430 1576 1461 quo
1594 1420 1676 1450 socio
1688 1425 1698 1450 ,²
1716 1429 1777 1460 quo
1797 1418 1943 1449 conscio?
1962 1419 2014 1448 cui
2032 1427 2152 1450 tantum

1190 1462 1320 1497 facinus,
1335 1465 1384 1494 cui
1393 1463 1433 1496 se,
1443 1464 1493 1493 cui
1504 1463 1626 1492 salutem
1637 1462 1721 1491 suam
1731 1459 1878 1491 credidit?
1900 1459 2029 1490 servisne
2040 1460 2154 1490 mulie-

1192 1506 1255 1535 ris?
1279 1504 1316 1535 fic
1326 1507 1411 1536 enim
1429 1503 1586 1544 emeritum
1596 1502 1647 1534 est.
1671 1505 1780 1534 Eterat
1789 1511 1850 1532 tam
1866 1501 1993 1531 demens
2011 1502 2060 1531 hic
2073 1521 2082 1535 ,
2101 1503 2151 1532 cui

1191 1557 1247 1577 vos
1260 1549 1418 1589 ingenium
1429 1546 1508 1576 certe
1520 1545 1651 1576 tribuitis
1662 1564 1671 1578 ,
1683 1546 1773 1574 etiam
1784 1542 1805 1573 fi
1814 1552 1908 1573 cetera
1917 1562 1926 1576 ,
1949 1544 2077 1573 inimica
2086 1552 2154 1574 ora-

1191 1591 1274 1620 tione
1284 1589 1437 1620 detrahitis
1446 1607 1455 1622 ,
1474 1589 1635 1618 utomneis
1645 1587 1708 1617 suas
1719 1585 1856 1616 fortunas
1863 1585 1959 1614 alienas
1970 1585 2057 1624 servis
2063 1595 2153 1616 com-

1189 1633 1337 1662 mitteret?
1347 1634 1387 1661 At
1394 1630 1504 1672 quibus
1514 1630 1618 1659 servis?
1629 1628 1715 1659 refert
1725 1629 1811 1657 enim
1821 1637 2000 1667 magnopere
2008 1626 2154 1667 idipsum:

1189 1674 1293 1709 hisne,
1317 1683 1395 1715 quos
1403 1671 1590 1714 intelligebat
1599 1681 1664 1701 non
1672 1670 1834 1700 communi
1841 1668 2017 1699 conditione
2027 1669 2154 1700 servitu-

1190 1718 1228 1746 tis
1237 1719 1279 1746 uti
1289 1736 1298 1752 ,
1310 1716 1360 1747 sed
1371 1713 1513 1746 licentius
1523 1733 1531 1748 ‚
1544 1712 1668 1743 liberius
1676 1732 1685 1746 ,
1697 1710 1875 1742 familiarius
1883 1721 1954 1741 cum
1964 1710 2092 1742 domina
2103 1713 2153 1742 vi-

1187 1762 1278 1789 vere?
1299 1760 1367 1800 quis
1384 1759 1469 1790 enim
1489 1758 1547 1787 hoc
1563 1765 1629 1786 non
1647 1754 1750 1789 videt,
1767 1753 1908 1794 judices?
1936 1762 1987 1783 aut
2004 1755 2073 1794 quis
2090 1754 2150 1784 hoc

1188 1802 1325 1841 ignorat,
1347 1810 1385 1830 m
1398 1808 1561 1839 EJUSMODI
1573 1807 1665 1828 Domo
1675 1816 1683 1830 ‚
1705 1798 1738 1826 in
1747 1805 1804 1838 qua
1813 1793 2038 1825 materfamilias
2052 1805 2151 1826 mere-

1188 1844 1274 1872 tricio
1285 1852 1371 1873 more
1380 1843 1479 1873 vivat:
1501 1843 1534 1870 in
1543 1850 1602 1881 qua
1613 1839 1690 1870 nihil
1712 1847 1845 1879 geratur,
1861 1836 1944 1877 quod
1953 1836 2030 1867 foras
2047 1836 2151 1877 profe-

1189 1883 1318 1914 rendum
1328 1882 1362 1914 s1t
1373 1893 1379 1913 :
1401 1885 1435 1913 in
1444 1893 1502 1924 qua
1512 1882 1611 1915 lustra,
1623 1879 1778 1912 libidines,
1788 1879 1932 1912 luxuries,
1947 1880 2053 1909 omnia
2061 1879 2160 1914 deni-,

1187 1936 1246 1966 que
1258 1925 1393 1956 inaudita
1401 1926 1485 1958 vitia,
1493 1933 1580 1964 atque
1590 1922 1700 1963 flagitia
1709 1921 1876 1951 versentur:
1903 1917 1952 1949 hic
1961 1920 2071 1954 servos,
2082 1914 2157 1951 non'

1187 1965 1248 1997 effe
1258 1968 1359 1997 servos
1370 1969 1381 1996 ?
1402 1966 1513 2007 quibus
1522 1966 1627 1995 omnia
1636 1964 1863 1994 committantur
1873 1965 1882 1990 ἓ
1894 1971 1946 2001 per
1953 1971 2030 2002 quos
2038 1972 2147 2004 geran-

1189 2018 1236 2039 tur
1248 2012 1259 2038 ?
1281 2010 1334 2050 qui
1343 2009 1497 2038 serventur
1505 2006 1613 2037 iisdem
1625 2007 1658 2035 in
1670 2004 1892 2042 voluptatibus?
1911 2005 2020 2043 quibus
2029 2004 2147 2035 occulta

1189 2050 1367 2081 credantur?
1389 2049 1425 2079 ad
1436 2058 1513 2090 quos
1529 2048 1717 2088 aliquantum
1734 2048 1824 2076 etiam
1845 2045 2027 2086 quotidianis
2039 2045 2148 2075 sumti-

1198 2092 1254 2123 bus
1265 2113 1275 2126 ,
1294 2102 1326 2122 ac
1344 2092 1462 2122 luxuria
1477 2089 1607 2119 redundet
1620 2092 1632 2118 ἓ
1653 2088 1687 2118 Id
1697 2090 1789 2129 igitur
1800 2089 1912 2118 Coelius
1926 2097 1990 2117 non
2007 2086 2150 2117 videbat?

1189 2133 1210 2164 fi
1224 2136 1307 2165 enim
1320 2143 1382 2164 tam
1392 2132 1550 2163 familiaris
1559 2140 1618 2161 erat
1626 2131 1764 2160 mulieris
1772 2150 1780 2164 ‚
1793 2139 1884 2171 quarn
1893 2139 1947 2159 vos
1955 2129 2046 2159 vultis
2058 2139 2063 2158 ;
2074 2128 2150 2159 istos

1187 2186 1308 2217 quoque
1316 2176 1416 2206 servos
1427 2174 1600 2205 familiareis
1618 2171 1676 2202 esse
1687 2172 1821 2202 dominae
1835 2171 1954 2202 sciebat.
1978 2169 2022 2200 fin
2032 2172 2150 2202 eitanta

1188 2218 1376 2249 consuetudo
1386 2237 1395 2251 ‚
1414 2225 1523 2257 quanta
1531 2214 1643 2245 avobis
1653 2214 1816 2248 inducitur,
1828 2223 1892 2243 non
1902 2221 1975 2243 erat:
1999 2223 2063 2253 quae
2074 2222 2146 2243 cum

1191 2261 1281 2290 servis
1299 2257 1595 2300 potuitfamiliaritas
1613 2254 1671 2286 effe
1690 2259 1789 2286 tanta?
1810 2253 1903 2295 ipsuis
1919 2264 2019 2285 autem
2032 2257 2145 2285 veneni

1187 2312 1254 2343 quae
1269 2303 1343 2331 ratio
1353 2299 1499 2341 fingitur?
1515 2296 1730 2339 ubiquaesitum
1743 2297 1806 2327 est?
1824 2297 2082 2338 quemadmodum
2094 2307 2145 2337 pa-

1187 2346 1307 2374 ratum?
1323 2353 1384 2383 quo
1394 2341 1502 2382 pasio?
1521 2342 1569 2372 cui
1581 2361 1590 2373 ,
1614 2342 1720 2380 quoin
1736 2340 1804 2369 loco
1815 2339 1978 2369 traditum?
2000 2338 2144 2369 Habuifle

1187 2386 1271 2425 ajunt
1279 2384 1365 2414 domi
1377 2404 1385 2417 ,
1404 2385 1528 2424 vimque
1538 2383 1602 2422 ejus
1611 2380 1669 2412 ess'e
1678 2390 1837 2421 expertum
1853 2382 1886 2410 in
1902 2381 1987 2411 servo
1996 2380 2139 2421 quodam,

1187 2427 1223 2457 ad
1235 2427 1403 2467 iemipsam
1421 2434 1537 2466 parato:
1560 2424 1644 2464 cujus
1661 2423 1804 2464 perceleri
1814 2424 1939 2453 interitu
1955 2421 2012 2452 effe
2032 2422 2067 2452 ab
2083 2423 2143 2453 hoc

1185 2469 1417 2509 comprobatum
1436 2476 1602 2497 venenum.
1626 2468 1682 2496 Pro
1697 2465 1740 2495 dii
1757 2465 1943 2495 immortales
1959 2466 1964 2492 l
1981 2473 2034 2493 cur
2049 2465 2144 2494 inter-

1185 2511 1260 2541 dum
1271 2513 1304 2540 in
1314 2511 1480 2540 hominum
1493 2507 1651 2538 sceleribus
1665 2508 1810 2536 maximis
1821 2526 1829 2540 ,
1839 2516 1888 2536 aut
1900 2507 2081 2538 connivetis,
2093 2513 2143 2536 aut

1184 2553 1336 2593 praesentis
1353 2551 1465 2582 fraudis
1483 2558 1585 2590 poenas
1604 2550 1633 2578 in
1650 2548 1723 2577 diem
1741 2548 1892 2578 reservatis
1907 2549 1917 2575 ?
1948 2546 2020 2576 Vidi
2042 2549 2138 2581 enim,

1183 2595 1266 2625 vidi:
1290 2594 1324 2624 &
1348 2594 1437 2623 illum
1457 2590 1536 2621 hausi
1555 2590 1693 2620 dolorem
1711 2590 1759 2620 vel
1774 2587 1995 2619 acerbissimum
2013 2590 2047 2618 in
2067 2590 2140 2622 vita,

1182 2646 1252 2667 curn
1263 2639 1305 2677 Q
1314 2635 1455 2665 Metellus
1468 2632 1680 2663 abstraheretur
1695 2630 1712 2661 ὲ
1730 2629 1794 2660 sinu
1805 2651 1813 2663 ,
1833 2632 2008 2670 gremioque
2026 2632 2138 2670 patri-x,

1181 2688 1313 2718 cumque
1324 2677 1376 2706 ille
1386 2677 1452 2708 vir,
1476 2676 1528 2715 qui
1547 2674 1575 2704 se
1586 2682 1690 2703 natum
1701 2673 1772 2702 huic
1790 2673 1921 2712 imperio
1930 2675 2046 2711 putavit
2056 2693 2064 2706 ,
2080 2681 2139 2702 ter-

1182 2722 1225 2751 tio
1240 2720 1289 2749 die
1298 2716 1375 2758 post,
1388 2717 1479 2757 quam
1490 2719 1521 2746 in
1531 2716 1621 2749 curia,
1633 2716 1665 2744 in
1677 2713 1805 2748 Rostris,
1814 2716 1848 2744 in
1856 2714 1970 2754 republ.
1980 2712 2138 2747 floruiss‘er,

1180 2762 1372 2802 integerrima
1382 2768 1473 2792 aetate‚
1485 2760 1604 2798 optimo
1615 2756 1727 2790 habitu,
1737 2757 1881 2786 maximis
1893 2756 2009 2786 viribus
2021 2776 2029 2789 ,
2043 2758 2139 2796 eripe.-

1179 2799 1443 2843 turindigniss'ime
1464 2801 1553 2830 bonis
1571 2798 1733 2832 omnibus,
1753 2807 1839 2839 atque
1853 2798 1997 2828 universae
2011 2800 2137 2828 civitati.

1180 2855 1242 2886 quo
1257 2843 1380 2886 quidem
1393 2852 1526 2883 tempore
1535 2841 1586 2871 ille
1597 2842 1743 2875 moriens,
1754 2840 1826 2872 cum
1832 2840 1895 2882 jam
1906 2842 2010 2871 ceteris
2020 2850 2057 2870 ex
2071 2850 2138 2912 plar-

2059 2892 2080 2912 [ι
2106 2892 2140 2913 us

219 2962 245 2980 ι.
264 2957 371 2981 edurum
379 2962 429 2980 tum
440 2955 568 2989 firmam]
591 2955 650 2980 Pal.
660 2961 747 2989 quart.
759 2965 822 2981 nou.
833 2953 942 2980 Genxbl.
962 2954 989 2978 S.
999 2952 1073 2979 Vic‘i.
1093 2962 1140 2977 ,τκ-

182 2998 236 3015 rum
245 2991 358 3016 tumiret.
378 2991 485 3025 quintus
501 2998 581 3026 atque
591 2990 646 3016 οξὶ.
656 2989 741 3017 adhuc
749 3000 837 3016 aurum
848 2990 985 3023 abjiciunt.

220 3033 251 3050 2.
268 3026 374 3064 Ceterum
383 3027 523 3059 cumfiires,
532 3033 660 3059 quantum,
674 3026 740 3059 ἐγω]
762 3025 879 3052 Ῑὶερἶιιηι
893 3032 967 3060 putat
977 3024 1139 3052 Gulielmius

184 3059 257 3096 quod
267 3060 332 3086 alliis
343 3059 440 3094 legitur
451 3062 477 3087 'in
489 3063 516 3086 S.
526 3061 656 3094 ViCtoris,
666 3069 791 3087 ceterorum
801 3063 941 3095 cnmfiircs.

197 3131 202 3136 .
224 3104 251 3132 3,
269 3095 323 3122 <Ad
338 3104 413 3120 necem
430 3097 534 3131 legata]
564 3098 635 3130 Ejeci
657 3106 747 3123 vocem
761 3098 852 3129 scilicet
864 3117 872 3129 ‚
892 3106 949 3133 qua:
973 3097 998 3122 iu
1023 3096 1141 3132 publica-

184 3137 219 3170 tis
232 3150 240 3163 ‚
259 3129 330 3157 suasu
348 3130 535 3168 plerorumque
545 3133 615 3161 Pau.
633 3134 662 3161 ἃ
674 3132 830 3162 3Λϊᾶῒοῑ33
850 3133 878 3160 ὃς
890 3133 1047 3161 Gruterlani
1068 3132 1142 3161 codi-

187 3175 237 3194 els-

1154 3070 1197 3200 Γ

1213 2960 1241 2984 4.
1262 2954 1312 2977 'lica
1322 2952 1419 2985 denique
1428 2950 1547 2982 hospitalis
1557 2952 1599 2975 illa
1608 2949 1710 2983 lenna]
1724 2951 1811 2984 Janus
1824 2948 1969 2975 Palnierius
1980 2947 2138 2974 emendabat

1179 2989 1306 3020 auspicans
1319 3006 1327 3018 ,
1346 2987 1372 3013 in
1384 2986 1526 3022 Spicileglo
1537 2985 1581 3011 suo
1593 2995 1600 3016 3
1621 2984 1664 3011 sed
1674 2986 1760 3012 minus
1771 2984 1844 3011 reete
1857 3004 1865 3016 ‚
1883 2984 1926 3010 vel
1937 2984 2138 3016 Gulielmioju-

1178 3024 1252 3049 dite:
1275 3022 1386 3049 allusum
1405 3022 1476 3048 enim
1494 3020 1527 3048 ad
1546 3029 1695 3049 amatorum
1715 3022 1892 3058 receptionem
1905 3039 1913 3052 ‚
1933 3028 1962 3046 ut
1980 3021 2007 3046 ὃς
2024 3020 2137 3047 Verrina

1201 3067 1286 3085 uasta.

1220 3104 1244 3128 ς.
1265 3096 1331 3121 lidi!
1349 3095 1387 3119 bec
1397 3095 1506 3125 Balbus,-
1524 3096 1623 3119 celatam
1632 3095 1672 3127 effe
1681 3095 1785 3120 Clodiam
1802 3093 1889 3126 dixit]
1913 3092 2005 3126 Abjeci
2024 3091 2078 3118 duo
2089 3100 2137 3116 ro-

1180 3131 1401 3163 cabulafflrcitmrir
1411 3137 1516 3161 rantum,
1528 3130 1593 3165 prim
1600 3139 1641 3155 uni
1653 3129 1721 3166 quod
1735 3139 1785 3156 non
1797 3136 1991 3164 comparerent,
2002 3129 2028 3154 in
2040 3127 2139 3153 reteri-

1181 3167 1229 3194 bus
1241 3166 1302 3195 edd.
1312 3175 1398 3202 neque
1412 3166 1582 3201 ,giiostereut
1595 3166 1662 3192 l'nll.
1675 3166 1805 3202 potiores,
1817 3167 1844 3192 S.
1855 3164 1927 3194 Vlsft.
1938 3166 2019 3192 Grut.

1604 3203 1626 3230 V
1639 3210 1652 3228 v
1665 3210 1680 3228 v

2073 3206 2096 3224 ι,
2108 3199 2144 3222 Νι
