2297 3389
111 606 116 610 ⁵
144 612 194 641 tiis
203 610 416 640 conterebatur.
446 609 525 639 cum
536 617 636 639 autem
650 606 765 638 vereffe
774 616 918 647 coeperat,
939 608 1095 645 cujusini-

112 672 115 675 -
143 653 221 682 tium
231 651 285 681 iste
294 662 357 681 non
376 651 556 684 aFavonio,
575 660 671 691 neque
689 649 726 679 ab
743 650 843 689 aliquo
860 648 936 678 astro
955 647 1092 678 notabat:

107 772 111 774 ⁸
140 775 228 806 bebat
235 778 399 816 patientem
408 797 416 810 ,
427 785 512 816 atque
520 777 685 817 impigrum
694 793 703 807 ‚
716 782 747 803 ut
759 782 829 817 euin
841 783 932 802 nemo
943 781 1089 812 umquam

81 828 118 855 11

756 112 1097 163 tass.v.1u

148 197 275 240 filioque
283 190 452 229 reddidenit.
482 189 621 225 Primum
638 192 824 233 temporibus
840 191 955 222 hibernis
964 213 973 227 ‚
990 193 1024 224 ad
1036 204 1101 224 im-

148 240 342 282 gnitudinem
351 239 499 279 frigorum
508 255 517 269 ‚
534 239 544 254 ¹
558 234 592 265 δε
600 233 636 264 ad
646 233 856 274 tempestatum
866 236 942 268 vim,
954 244 986 264 ac
997 234 1101 265 flumi-

147 287 233 316 num,
237 282 408 322 praeclarum
417 277 469 308 fibi
478 278 537 307 hoc
544 275 713 306 remedium
722 284 881 315 comparat.
901 275 1006 305 urbem
1017 279 1103 316 Syra-

146 323 229 354 cusas
239 324 379 363 elegerat:
395 320 479 359 cujus
489 319 538 348 hic
551 316 619 347 fitus
628 337 638 351 ‚
659 325 745 358 atque
760 319 823 347 haec
838 325 940 347 natura
950 315 1008 346 effe
1022 318 1081 346 loci
1092 337 1100 350 ,

146 365 272 405 caelique
278 364 396 395 dicitur,
408 368 440 390 ut
448 359 552 390 nullus
562 362 708 399 umquam
717 358 780 389 dies
790 367 851 388 tam
865 367 981 399 magna,
994 358 1100 388 turbu-

146 406 285 445 lentaque
294 402 463 443 tempestate
472 400 579 434 fuerit,
600 402 674 441 quin
689 400 790 441 aliquo
803 403 939 439 tempore
956 409 1020 438 ejus
1038 399 1100 429 diei

140 447 228 487 fialam
237 446 377 475 homines
386 443 532 478 viderent.
555 444 604 472 hic
614 445 654 471 ita
662 442 781 472 vivebat
793 441 845 471 iste
855 442 953 471 bonus
968 443 1097 480 imperci-

147 481 336 518 torhibernis
346 483 496 515 mensibus
505 504 513 518 ‚
525 492 558 514 ut
568 493 639 514 eum
651 493 715 513 non
724 482 824 516 facile,
836 493 900 513 non
911 481 1005 512 modo
1016 491 1098 512 exrra

145 527 259 558 zeetum
269 547 277 561 ‚
293 527 340 557 sed
351 536 390 556 ne
400 535 481 556 extra
491 525 604 556 lefilmm
615 525 739 565 quidem
749 525 905 565 quisquam
914 524 1038 553 videret.
1058 525 1098 553 ita

144 569 200 599 diei
214 567 352 602 brevitas,
365 569 532 601 conviviis:
549 566 648 597 moestis
658 566 816 607 longitudo
826 586 834 599 ‚
854 565 959 605 stupris
971 565 1003 595 δε
1013 564 1095 606 flagi-

141 693 191 724 sed
203 713 212 726 ,
222 692 294 723 cum
303 694 392 732 rafiam
399 693 512 723 viderat
521 712 529 725 ,
542 701 613 722 tunc
622 692 751 730 incipere
760 700 812 719 ver
821 689 1011 719 arbitrabatur
1021 701 1026 718 :
1039 688 1091 719 da—

143 734 193 765 bat
203 734 230 764 se
239 735 334 764 labori
344 756 352 768 ,
372 744 459 775 atque
474 733 648 764 itineribus:
667 734 700 762 in
711 732 818 772 quibus
829 732 920 772 usque
930 730 967 760 eo
978 731 1005 761 se
1016 740 1091 770 prae—

142 818 175 847 in
182 827 252 858 equo
257 818 394 857 sedentem
401 817 525 847 videret.
549 819 630 846 Nam
639 835 648 848 ‚
670 824 703 845 ut
712 824 779 844 mos
789 817 845 844 fuit
855 816 1003 854 Bithyniae
1013 816 1090 854 regi-

141 859 195 889 bus
202 880 211 892 ,
225 859 329 890 lectica
338 858 505 898 o&ophoro
515 857 676 887 ferebatur:
696 858 729 886 in
738 866 795 897 qua
802 857 945 896 pulvinus
955 865 1011 885 erat
1021 864 1087 894 per-

137 899 256 931 lucidus
268 921 277 933 ,
288 899 439 931 Melitensi
448 900 512 930 rosa
520 898 628 929 sanstus
640 909 645 927 :
664 898 726 937 ipse
736 907 836 928 autem
843 907 988 928 coronam
999 896 1088 926 habe-

136 941 187 971 bat
196 951 288 972 unam
298 945 330 972 in
339 944 433 981 capite
442 961 450 974 ,
469 941 590 971 alteram
599 942 632 969 in
640 940 720 970 collo
731 960 740 973 ‚
759 940 978 979 reticulumque
987 937 1022 968 ad
1035 948 1089 968 na—

136 985 195 1013 reis
204 981 256 1014 sibi
266 983 454 1015 admovebat,
465 980 637 1013 tenuiffimo
647 982 722 1014 lino,
734 983 861 1011 minutis
872 981 1009 1012 maculis,
1020 980 1083 1019 ple-

136 1034 214 1054 num
223 1025 306 1054 rosae.
329 1027 377 1055 Sic
385 1023 525 1054 conseero
534 1026 641 1053 itinere
651 1043 659 1056 ,
671 1022 744 1053 cum
758 1023 793 1052 ad
802 1022 923 1063 aliquod
938 1021 1085 1062 oppidum

135 1074 256 1096 venerat
266 1085 274 1099 ,
285 1066 389 1096 eadem
399 1065 502 1096 leffica
511 1066 601 1105 usque
612 1066 644 1094 in
654 1064 828 1094 cubiculum
837 1063 1031 1094 deferebatur-
1047 1062 1084 1091 eo

135 1107 296 1138 veniebant
304 1108 474 1138 Siculorum
484 1106 668 1148 magistratus
677 1126 686 1139 ,
699 1106 859 1136 veniebant
867 1107 979 1146 equites
989 1107 1083 1135 Rom.

135 1147 166 1178 id
177 1149 257 1189 quod
267 1159 306 1179 ex
316 1149 420 1179 multis
430 1149 533 1188 juratis
549 1147 683 1178 audistis.
707 1147 887 1188 controversia:
896 1145 997 1187 secreti>
1013 1146 1085 1185 defe-

135 1189 285 1220 rebantur:
302 1191 403 1230 paullo
412 1189 479 1230 post
489 1189 585 1229 palam
599 1189 714 1219 decreta
721 1188 935 1219 auferebantur.
961 1188 1082 1221 deinde,

136 1231 190 1261 ubi
202 1233 359 1272 paullisper
368 1234 400 1262 in
409 1232 561 1264 cubiculo,
571 1233 678 1270 pretio,
689 1240 754 1260 non
762 1232 897 1271 aequitate
904 1231 970 1269 jum
978 1230 1084 1259 descri-

135 1273 246 1313 pserat3
267 1275 378 1304 Veneri
383 1275 446 1313 jam
457 1293 466 1307 ,
478 1273 510 1303 ὃς
521 1273 631 1303 Libero
642 1273 791 1313 reliquum
804 1282 920 1311 tempus
930 1271 1031 1301 deberi
1040 1281 1085 1301 ar—

1142 117 1532 167 C:VERREM.

1142 196 1233 227 illum
1243 198 1347 229 lucum
1357 198 1459 229 videre
1467 196 1571 239 posset.
1588 197 1621 230 in
1631 204 1702 230 enm
1712 204 1812 229 autem
1822 195 1919 238 ipsum
1929 196 2032 228 lucum
2042 197 2096 228 ad-

1140 238 1200 268 itus
1212 249 1272 269 erat
1282 243 1399 270 nemini
1411 261 1420 275 ,
1435 240 1490 271 nisi
1499 243 1551 282 qui
1560 250 1609 271 aut
1619 242 1716 271 socius
1727 260 1735 275 ,
1753 249 1802 270 aut
1813 238 1949 270 minister
1957 239 2096 269 libidinis

1140 277 1198 309 effe
1207 279 1311 319 posset.
1336 285 1403 312 Huc
1413 293 1523 313 omnes
1534 283 1675 313 mulieres
1685 303 1694 317 ‚
1714 282 1893 323 quibuscum
1905 280 1959 311 iste
1968 281 2095 311 consue-

1140 329 1219 350 verat
1230 342 1238 355 ‚
1249 324 1487 354 conveniebant:
1504 335 1630 365 quarum
1639 324 1815 354 incredibile
1827 322 1880 355 est,
1894 331 2003 363 quanta
2012 322 2094 352 mul-

1140 361 1238 391 titudo
1255 363 1345 394 fuerit
1353 364 1506 404 Syracusis.
1529 367 1588 396 huc
1601 367 1743 395 homines
1760 365 1840 405 digni
1854 363 1931 401 istius
1940 364 2072 393 amicitia
2082 383 2093 396 ,

1140 401 1222 442 digni
1233 407 1294 434 vita
1303 406 1370 439 illa,
1385 408 1593 448 conviviisque
1603 403 1771 437 veniebant.
1795 410 1876 436 Inter
1888 405 2095 445 ejusmodivi-

1139 453 1187 472 ros
1198 463 1206 476 ‚
1226 454 1258 474 ac
1276 447 1430 480 mulieres,
1456 448 1554 478 adulta
1563 458 1646 478 aetate
1660 447 1739 480 filius
1750 448 1930 478 versabatur:
1950 456 1983 477 ut
1996 456 2067 477 eum
2079 466 2090 480 .

1137 484 1250 514 etiamsi
1260 496 1363 517 natura
1380 487 1395 517 a
1405 491 1534 527 parentis
1544 489 1739 520 similitudine
1748 490 1892 529 abriperet
1902 510 1910 522 2
1929 488 2092 527 consuetudo

1137 534 1239 556 tamen
1247 546 1254 560 ,
1267 538 1298 557 ac
1309 528 1453 569 ciifiipsi'na
1462 532 1536 568 patri
1546 529 1674 561 similem
1686 529 1743 560 esse
1751 540 1878 572 cogeret.
1910 533 1979 560 Huc
1990 532 2094 560 Tertia

1136 567 1186 597 illa
1197 568 1336 606 pei-duan
1345 570 1511 609 perdolum
1524 592 1532 604 .
1547 581 1632 611 atque
1644 571 1761 602 infidias
1771 574 1806 602 ab
1817 571 1941 602 Rhodio
1952 572 2090 605 tibicine,

1137 611 1285 642 maximas
1295 612 1327 640 in
1339 610 1422 640 istius
1435 611 1533 641 castris
1548 612 1674 642 effeciss'e
1687 614 1781 643 turbas
1788 614 1916 646 dicitur,
1928 623 1997 643 cum
2008 613 2093 643 indi-

1133 649 1192 690 gne
1202 660 1347 690 pateretur
1356 662 1433 681 uxor
1442 653 1617 683 Cleomenis
1627 656 1797 694 Syracusani
1809 676 1817 688 ,
1838 655 1950 685 nobilis
1961 655 2085 688 mulier.

1134 693 1268 732 itemque
1284 694 1488 727 AEschrionis,
1513 695 1640 724 honesto
1662 696 1728 725 loco
1746 706 1829 730 nata,
1849 699 1882 726 in
1898 705 2089 726 conventum

1133 732 1221 762 suum
1233 735 1323 764 mimi
1333 733 1435 764 Ifidori
1447 734 1539 765 filiam
1549 735 1672 765 veniss'e.
1686 736 1740 766 iste
1749 747 1849 767 autem
1862 738 2023 771 Hinnibal‚
2033 740 2086 778 qui

1132 776 1166 804 in
1176 777 1234 804 suis
1244 775 1341 806 castris
1350 778 1460 805 virtute
1467 786 1582 817 putaret
1591 786 1707 818 oportere
1719 800 1726 811 .
1742 789 1792 807 non
1801 790 1897 818 genere
1910 780 2012 808 certari
2021 799 2029 812 ,
2046 777 2084 809 sic

1131 817 1207 846 hanc
1217 819 1350 847 Tertiam
1360 817 1468 848 dilexit
1478 839 1486 852 ‚
1498 827 1530 848 ut
1539 829 1605 848 eam
1616 819 1715 848 secum
1727 830 1764 849 ex
1774 823 1928 859 provincia
1939 829 2080 861 exporta-

1133 866 1189 887 ret.
1212 860 1255 888 Ac
1265 868 1316 898 per
1325 869 1376 889 eos
1386 859 1449 889 dies
1459 880 1467 893 ‚
1480 859 1550 889 cum
1562 859 1614 890 iste
1625 864 1638 887 5
1648 871 1718 890 cum
1728 862 1818 900 pallio
1828 871 1974 901 puipureo
1986 882 1993 894 ,
2007 862 2080 891 tala-

1129 901 1212 940 rique
1224 902 1323 930 tunica
1331 902 1491 931 versaretur
1500 903 1531 931 in
1540 903 1691 932 conviviis
1700 902 1906 936 muliebribus,
1913 913 1975 932 non
1984 901 2081 932 offeri-

1130 940 1275 971 debantur
1283 942 1423 972 homines
1433 945 1465 972 in
1476 953 1526 973 eo:
1544 954 1641 984 neque
1651 943 1777 973 moleste
1789 943 1921 973 ferebant
1932 964 1939 977 ,
1957 943 2053 973 abeffe
2065 944 2083 975 ὲ

1135 982 1204 1012 foro
1214 982 1417 1025 magistratum
1428 1004 1436 1017 ‚
1455 995 1517 1014 non
1525 986 1573 1023 jus
1586 986 1646 1016 dici
1659 1006 1667 1017 .
1687 985 1869 1024 noiijudicia
1880 984 1958 1015 fieri:
1979 985 2082 1015 lucum

1128 1024 1218 1054 illum
1229 1025 1324 1054 litoris
1334 1036 1501 1066 percrepare
1515 1036 1613 1056 toturn
1630 1027 1794 1056 mulierum
1814 1026 1939 1056 vocibus
1950 1047 1958 1059 ‚
1976 1036 2081 1056 cantu—

1127 1076 1185 1106 que
1203 1066 1392 1106 symphonia:
1406 1077 1411 1095 ι
1430 1070 1463 1097 in
1482 1067 1550 1097 foro
1569 1067 1718 1098 silentium
1737 1067 1796 1098 effe
1814 1068 1968 1098 summum
1983 1069 2082 1098 causa—

1127 1118 1194 1137 rum
1205 1127 1214 1140 ,
1232 1118 1318 1148 atque
1336 1109 1422 1145 iuris:
1446 1119 1496 1138 non
1507 1108 1636 1148 ferebant
1648 1110 1767 1139 homines
1776 1108 1890 1145 moleste.
1913 1120 1978 1139 non
1995 1111 2078 1139 enim

1124 1150 1173 1189 jus
1183 1148 1278 1179 abeffe
1288 1150 1444 1180 videbatur
1453 1150 1467 1180 a
1476 1150 1544 1180 foro
1555 1172 1562 1184 ‚
1584 1161 1680 1192 neque
1688 1151 1798 1190 judicia
1807 1171 1815 1184 ‚
1836 1151 1883 1182 sed
1896 1153 1940 1180 vis
1951 1172 1958 1184 ,
1972 1151 2004 1181 &
2014 1161 2084 1181 cru-r

1127 1190 1244 1224 delius,
1260 1191 1452 1222 &bonorum
1462 1192 1579 1226 acerba,
1597 1203 1682 1233 atque
1692 1192 1814 1234 indigna
1827 1193 1964 1232 direptio.
1987 1196 2079 1223 Hunc

1128 1242 1159 1262 tu
1169 1234 1481 1273 igiturimperatorem
1493 1232 1549 1264 effe
1561 1233 1697 1264 defendis
1708 1254 1716 1267 ‚
1736 1232 1896 1264 Hortensi?
1915 1235 2005 1274 hujus
2019 1233 2084 1263 fur-

1128 1283 1154 1304 tai
1164 1294 1171 1307 ,
1184 1276 1297 1314 rapinas
1306 1296 1315 1308 ,
1327 1275 1520 1315 cupiditatem
1534 1296 1540 1308 ,
1555 1276 1773 1308 crudelitatem,
1784 1275 1962 1316 superbiam,
1974 1276 2078 1309 scelus,

132 1314 305 1345 bitmbatur.
317 1325 378 1356 quo
386 1316 454 1345 loco
465 1315 542 1344 mihi
553 1324 615 1344 non
625 1313 874 1353 praetermittenda
884 1313 1002 1343 videtur
1010 1323 1084 1352 prae-

134 1356 206 1386 clari
218 1359 405 1397 imperatoris
414 1358 537 1398 egregia,
547 1366 579 1385 ac
588 1353 738 1396 singularis
748 1355 912 1395 diligentia.
936 1357 1017 1384 Nam
1028 1355 1085 1384 sci-

133 1405 197 1428 tote
207 1397 264 1428 effe
274 1398 420 1438 oppidum
430 1401 463 1428 in
475 1397 576 1428 Sicilia
588 1397 709 1426 nullum
721 1406 760 1426 ex
770 1398 808 1426 iis
817 1396 935 1436 oppidis
944 1416 952 1429 ‚
973 1398 1006 1425 in
1015 1397 1083 1436 qui-

133 1438 189 1469 bus
197 1438 353 1470 confistere
361 1449 500 1479 praetores
508 1459 517 1471 .
531 1439 563 1468 &
571 1447 756 1468 conventum
767 1448 850 1478 agere
860 1438 966 1470 solent,
980 1440 1081 1477 quoin

132 1479 246 1520 oppido
256 1491 321 1511 non
332 1479 380 1511 isti
397 1485 413 1501 2
423 1491 460 1511 ex
468 1481 566 1520 aliqua
574 1480 707 1513 familia,
726 1489 793 1509 nori
807 1479 937 1521 ignobili
948 1498 956 1512 ‚
976 1478 1081 1508 delec'ia

132 1523 171 1551 ad
178 1521 323 1551 libidinem
335 1522 435 1552 mulier
443 1521 524 1553 ess'et.
534 1524 634 1562 Itaque
643 1521 799 1551 nonnullae
811 1531 848 1551 ex
862 1531 898 1551 eo
908 1530 1038 1551 numero
1047 1523 1080 1550 in

106 1572 109 1575 ¹
130 1562 309 1600 convivium
319 1564 533 1595 adhibebantur
541 1565 652 1604 pal-Lim.
675 1561 696 1592 si
704 1573 770 1604 quae
778 1562 914 1593 castiores
924 1572 1006 1593 erant
1014 1582 1023 1596 ,
1044 1562 1080 1593 ad

69 2112 112 2138 12.

132 1606 419 1645 tempus-veniebant
431 1617 436 1635 z
449 1607 551 1636 lucem
561 1626 568 1638 ‚
580 1614 827 1645 conventumque
836 1605 974 1635 vitabant.
997 1614 1079 1635 erant

130 1656 230 1676 autem
239 1650 380 1678 convivia
389 1658 454 1678 non
466 1649 522 1678 illo
528 1647 638 1687 fiaentio
650 1655 813 1687 praetorum
825 1666 834 1680 ‚
853 1656 938 1687 atque
951 1648 1079 1685 impera-

131 1696 232 1728 torum
242 1696 263 1722 ‚⁴
275 1699 371 1730 neque
385 1699 421 1719 eo
429 1690 548 1731 pudore,
572 1690 623 1729 qui
637 1690 669 1718 iri
685 1688 910 1730 magistratuum
928 1690 1080 1718 conviviis

128 1729 237 1760 versari
252 1730 341 1765 solet,
360 1731 409 1762 sed
421 1742 491 1762 cum
505 1733 643 1761 maximo
653 1730 801 1763 clamore,
824 1739 910 1771 atque
925 1732 1077 1760 convicio.

128 1780 362 1813 nonnumquam
372 1775 462 1803 etiam
472 1783 517 1803 res
525 1773 558 1803 ad
568 1782 684 1806 manus,
693 1781 780 1812 atque
789 1771 824 1802 ad
834 1782 964 1814 pugnam
974 1774 1080 1802 venie-

128 1811 188 1844 bat.
211 1812 270 1843 Istc
281 1815 365 1844 enim
378 1823 484 1854 praetoi·
501 1816 633 1848 severus,
655 1824 686 1844 ac
697 1813 841 1854 diligens,
859 1816 911 1855 qui
922 1814 1076 1853 populiR.

127 1853 244 1894 legibus
258 1865 424 1896 numquam
439 1855 596 1896 pamisset5
612 1857 674 1886 illis
692 1855 851 1897 diligenter
864 1856 999 1897 iegibus,
1014 1865 1079 1896 quae

127 1897 159 1925 in
169 1898 270 1936 poculis
281 1898 466 1936 ponebantur
476 1918 486 1931 ,
509 1897 740 1938 obtemperabat.
770 1900 871 1937 Itaque
884 1906 966 1927 erant
979 1900 1079 1927 exitus

129 1938 291 1976 ejusmodi,
301 1947 335 1968 ut
344 1940 418 1969 alius
427 1941 504 1969 inter
511 1949 619 1969 manus
630 1938 646 1969 ὲ
655 1939 812 1971 convivio,
822 1947 962 1979 tanquam
971 1939 988 1968 ὲ
997 1948 1080 1978 proe-

128 1978 192 2011 lio,
213 1979 391 2009 auferretur:
410 1981 486 2010 alius
499 2001 508 2014 ‚
527 1989 576 2010 tan
600 1990 669 2010 uam
686 1980 820 2013 occisus,
843 1981 1075 2020 relinqueretur:

127 2019 261 2060 plerique
271 2019 326 2050 fusi
335 2020 395 2051 fine
405 2031 507 2052 mente
516 2042 525 2056 ‚
539 2032 571 2052 ac
591 2031 641 2051 ine
650 2021 714 2050 ullo
727 2021 813 2050 sensu
819 2021 965 2059 jacerent,
978 2023 1078 2061 quivis

129 2069 181 2094 ut,
201 2061 273 2091 cum
292 2062 466 2102 adspexiffet
477 2083 485 2096 ,
509 2074 573 2093 non
582 2064 610 2093 se
622 2063 754 2102 praetoris
763 2064 942 2092 convivium
955 2083 963 2096 ‚
982 2062 1031 2092 sed
1046 2072 1079 2093 ut

131 2104 292 2142 Cannensem
303 2112 426 2144 pugnam
439 2106 569 2146 nequitie
581 2105 681 2134 videre
693 2104 887 2134 arbitraretur.
918 2103 997 2134 Cum
1007 2103 1079 2134 vero

129 2143 212 2174 aestas
221 2145 339 2176 summa
347 2144 405 2175 efl'e
413 2147 474 2184 jam
484 2155 619 2185 coeperat,
633 2146 714 2186 quod
727 2154 844 2185 tempus
854 2156 960 2175 ornnes
970 2147 1078 2177 Siciliae

60 2197 65 2206 ⁴
85 2202 92 2206 -
130 2185 243 2226 semper
251 2196 388 2226 pi'aetores
398 2188 426 2216 in
437 2186 584 2216 itineribus
593 2187 767 2217 consumere
775 2186 1079 2227 consueverunt‚pro-

127 2236 225 2267 pterea
241 2227 322 2268 quod
339 2237 404 2258 tum
418 2238 523 2268 putant
540 2229 710 2259 obeundam
724 2226 781 2258 effe
800 2228 934 2258 maxime
954 2231 1079 2268 provin-

127 2271 205 2299 ciam
217 2288 226 2303 ,
245 2268 316 2299 cum
333 2272 366 2299 in
385 2272 459 2300 areis
470 2269 622 2300 frumenta
631 2271 699 2300 sunt
708 2290 716 2303 ‚
736 2269 818 2311 quod
829 2270 861 2299 &
870 2269 993 2300 familiae
1005 2279 1077 2300 con—

125 2319 289 2351 gregantur,
300 2311 334 2341 &
343 2311 519 2352 magnitudo
526 2312 638 2342 servitii
647 2312 831 2351 perspicitur,
847 2315 859 2338 3
871 2312 904 2341 &
915 2312 998 2341 labor
1006 2322 1078 2351 ope-

127 2354 168 2382 ris
178 2352 311 2383 maxime
321 2351 496 2387 offenditur,
507 2354 540 2383 &
550 2352 698 2383 frumenti
706 2355 792 2393 copia
799 2362 988 2386 commonet,
1000 2363 1077 2383 tem-

99 2400 103 2403 ⁴
128 2402 183 2434 pus
192 2396 261 2424 anni
272 2404 336 2425 non
349 2394 494 2435 impedit:
513 2404 578 2425 turn
590 2415 598 2428 ‚
609 2396 733 2436 inquam
744 2415 752 2429 ,
764 2393 835 2425 cum
845 2396 1021 2425 concursant
1029 2405 1079 2425 ce-

128 2437 182 2465 teri
191 2445 339 2475 praerores,
349 2435 402 2466 iste
412 2446 495 2466 novo
504 2436 634 2477 quodam
644 2447 681 2466 ex
689 2447 796 2478 genere
806 2439 977 2476 imperator,
985 2440 1002 2464 4
1010 2438 1078 2476 pul-

127 2477 276 2507 cherrimo
284 2478 487 2517 Syracusarum
499 2478 559 2507 luco
564 2476 677 2514 stativa
687 2477 743 2518 fibi
755 2477 842 2514 castra
851 2478 984 2508 faciebat.
1006 2488 1077 2508 narn

127 2518 161 2548 in
173 2519 236 2558 ipso
245 2519 344 2553 aditu,
367 2528 453 2560 atque
463 2529 514 2549 ore
526 2529 629 2560 portus
638 2540 646 2553 ‚
665 2521 717 2549 ubi
730 2518 866 2559 primum
881 2529 918 2549 ex
927 2520 988 2549 alto
999 2518 1078 2550 finus

127 2559 162 2589 ad
174 2560 277 2590 urbem
287 2561 323 2590 ab
333 2562 419 2591 litore
428 2560 605 2594 infleffitur,
616 2561 802 2591 tabernacula
811 2561 953 2591 carbaseis
962 2563 1078 2592 intenta

124 2601 200 2631 velis
209 2602 382 2632 collocabat.
405 2604 463 2632 huc
473 2612 511 2632 ex
522 2603 573 2632 illa
582 2602 677 2632 domo
685 2604 832 2642 praetoria,
842 2612 907 2643 quae
917 2604 991 2644 regis
1003 2605 1078 2632 Hie—

127 2644 208 2673 ronis
216 2641 290 2678 fuit,
310 2642 347 2674 fic
356 2644 533 2685 emigrabat,
554 2654 586 2674 ut
591 2653 646 2684 per
655 2654 706 2675 eos
715 2644 778 2675 dies
787 2654 882 2674 nemo
894 2643 985 2674 istum
996 2653 1079 2675 extra

1125 1316 1276 1345 audaciam
1289 1336 1297 1350 ,
1314 1327 1413 1347 rerum
1424 1316 1569 1358 gestarum
1580 1317 1785 1364 magnitudine
1795 1337 1803 1351 ‚
1823 1326 1909 1357 atque
1918 1319 2075 1357 imperato—

1125 1360 1177 1386 riis
1188 1357 1324 1387 laudibus
1334 1367 1430 1399 tegere
1440 1361 1573 1388 conaris?
1596 1362 1654 1389 Hic
1670 1359 1781 1389 scilicet
1798 1358 1840 1388 est
1859 1358 2055 1389 metuendum
2068 1379 2079 1391 ,

1126 1408 1164 1428 ne
1177 1398 1212 1429 ad
1223 1401 1341 1430 exitum
1351 1399 1531 1430 defensionis
1542 1410 1609 1434 tuae,
1621 1410 1706 1431 vetus
1717 1400 1768 1430 illa
1779 1401 1951 1430 Antoniana
1959 1400 2078 1430 dicendi

1124 1442 1198 1470 ratio
1210 1461 1218 1473 ‚
1237 1449 1325 1481 atque
1333 1440 1489 1472 austeritas
1497 1442 1661 1481 proferatur
1673 1452 1679 1471 ;
1697 1452 1735 1471 ne
1744 1444 1891 1472 excitetur
1900 1445 2005 1471 Verres
2016 1461 2024 1474 ‚
2037 1452 2080 1471 no

1126 1481 1291 1512 denudetur
1304 1483 1319 1513 a
1332 1482 1454 1522 pe&ore
1463 1503 1472 1517 ‚
1488 1493 1526 1513 ne
1536 1485 1676 1513 cicatrices
1685 1484 1813 1523 populus
1825 1486 1917 1514 Rom.
1926 1483 2076 1522 adspiciat.

1124 1533 1161 1553 ex
1171 1524 1334 1554 mulierum
1346 1525 1447 1554 morsu
1458 1524 1578 1567 vestigia
1588 1525 1725 1555 libidinis
1736 1545 1743 1558 ,
1756 1534 1842 1565 atque
1853 1526 2004 1564 nequitiae.
2022 1527 2076 1554 Dii

1123 1563 1232 1595 faciant
1243 1586 1251 1598 ,
1268 1575 1300 1596 ut
1308 1568 1352 1595 rei
1362 1567 1499 1596 militaris
1508 1587 1516 1600 ‚
1528 1576 1560 1596 ut
1570 1567 1641 1596 belli
1652 1569 1840 1596 mentionem
1853 1565 1948 1596 facere
1958 1566 2070 1596 audeas.

1123 1607 1339 1648 cognoscentur
1349 1609 1432 1637 enim
1444 1610 1547 1638 omnia
1557 1608 1640 1638 istius
1655 1618 1705 1636 ara
1715 1609 1764 1636 illa.
1774 1615 1877 1641 vetera,
1889 1617 1936 1641 ut,
1950 1617 2015 1638 non
2025 1608 2066 1637 sov

1123 1647 1190 1678 lum
1208 1650 1241 1678 in
1260 1650 1389 1688 imperio
1399 1669 1408 1683 ‚
1432 1648 1537 1679 verum
1549 1657 1638 1679 etiam
1649 1652 1682 1679 in
1694 1649 1848 1689 stipendiis
1858 1649 1953 1690 qualis
1964 1649 2078 1683 fuerit.

1122 1690 1309 1731 intelligatis.
1330 1691 1523 1721 renovabitur
1531 1692 1629 1731 prima
1638 1691 1689 1721 illa
1697 1690 1806 1720 rmlr'ria
1816 1712 1823 1724 ‚
1834 1691 1905 1720 cum
1916 1690 1968 1721 iste
1980 1691 1996 1720 ὲ
2006 1690 2074 1720 foro

1121 1731 1227 1762 abduci
1239 1752 1248 1765 ,
1269 1742 1333 1762 non
1343 1752 1352 1765 ‚
1375 1742 1408 1762 ut
1424 1733 1485 1772 ipse
1496 1733 1635 1772 praedicat
1643 1752 1651 1765 ‚
1670 1732 1791 1772 perduci
1806 1732 1926 1763 solebat.
1948 1733 2075 1761 aleatoris

1122 1773 1287 1804 Placentini
1298 1773 1387 1810 castra
1396 1775 1718 1805 commemorabuntur
1730 1785 1735 1803 :
1752 1776 1787 1804 in
1805 1774 1914 1814 quibus
1930 1772 2002 1804 cum
2018 1773 2077 1804 fre«

1122 1825 1218 1855 quens
1233 1814 1335 1845 fuiffet
1343 1836 1352 1850 ‚
1372 1825 1473 1846 tamen
1483 1826 1538 1846 aere
1547 1816 1661 1846 dirutus
1670 1815 1720 1846 est.
1744 1815 1838 1845 multa
1847 1816 1910 1854 ejus
1920 1817 1953 1846 in
1963 1815 2073 1855 slipen«

1121 1857 1179 1886 diis
1190 1856 1298 1887 damna
1306 1855 1494 1897 proferentur
1504 1868 1509 1886 :
1521 1867 1586 1898 quae
1595 1858 1630 1887 ab
1639 1856 1706 1890 isto,
1716 1859 1806 1887 aetatis
1815 1856 1914 1886 ἱτιιᾶυ
1923 1855 2076 1891 dissoluta,

1124 1898 1157 1928 &
1166 1899 1355 1937 compensata
1363 1899 1440 1929 sunt.
1461 1900 1529 1941 Jam
1538 1897 1610 1929 vero
1620 1918 1628 1932 ‚
1648 1898 1719 1928 cum
1730 1900 1762 1928 in
1772 1897 1921 1937 ejusmodi
1935 1900 2077 1938 patientia,

1121 1939 1316 1978 turpitudinis
1325 1959 1334 1973 ‚
1345 1940 1442 1970 aliena
1452 1960 1461 1973 ,
1476 1950 1540 1970 non
1551 1940 1600 1970 sua
1610 1940 1738 1970 satietate
1749 1937 1950 1969 obduruisset:
1961 1940 2012 1981 qui
2026 1940 2073 1968 vir

1114 1981 1208 2020 fuerit
1218 2000 1226 2013 ‚
1241 1989 1316 2021 quot
1325 1979 1456 2020 praefidia
1467 2001 1475 2014 ,
1486 1980 1577 2021 quam
1588 1983 1704 2012 munita
1712 1980 1835 2020 pudoris
1845 2000 1853 2014 ,
1865 1980 1899 2010 &
1907 1981 2072 2020 pudicitiae,

1120 2021 1195 2052 vi&
1204 2022 1322 2052 audacia
1336 2025 1445 2061 ceperit
1456 2042 1463 2056 ,
1485 2023 1557 2063 quid
1569 2032 1617 2051 me
1627 2024 1732 2052 attinet
1740 2022 1854 2055 dicere,
1875 2032 1924 2052 aut
1942 2022 2073 2061 conjun-

1119 2073 1185 2105 gere
1194 2073 1264 2093 cum
1275 2062 1359 2093 istius
1369 2063 1483 2105 flagitio
1494 2084 1502 2097 ‚
1513 2064 1686 2104 cujusquam
1696 2073 1833 2103 praeterea
1841 2063 1989 2093 dedecus?
2007 2073 2074 2094 non

1119 2105 1243 2138 faciam,
1261 2104 1371 2140 iudices
1383 2116 1388 2133 z
1411 2108 1515 2135 omnia
1525 2115 1622 2135 veteia
1631 2107 1864 2145 praetermittam.
1886 2104 1946 2135 duo
1958 2105 2017 2135 sola
2028 2114 2074 2134 re-

1120 2148 1216 2177 centia
1225 2145 1285 2176 sine
1294 2147 1467 2187 cujusquam
1480 2145 1604 2176 infamia
1612 2156 1724 2186 ponam
1735 2157 1740 2175 :
1753 2156 1790 2176 ex
1800 2146 1908 2187 quibus
1917 2145 2073 2186 conjedtu-

1119 2198 1182 2218 ram
1193 2187 1286 2218 facere
1296 2187 1332 2217 de
1343 2188 1486 2218 omnibus
1496 2186 1618 2227 poffitis.
1641 2198 1738 2218 unum
1751 2188 1826 2218 illud
1836 2207 1845 2222 ‚
1861 2187 1942 2229 quod
1961 2189 2000 2218 ita
2011 2187 2073 2218 fuit

1120 2228 1234 2259 illustre
1246 2250 1254 2262 ,
1267 2238 1434 2270 notumque
1445 2229 1592 2260 omnibus
1601 2250 1610 2262 ,
1626 2239 1658 2259 ut
1667 2239 1761 2260 nemo
1771 2238 1831 2260 tam
1842 2228 2005 2260 rusticanus
2015 2230 2074 2259 ho·-

1122 2281 1175 2301 mo
1185 2290 1194 2304 ‚
1206 2272 1240 2300 L.
1252 2271 1381 2300 Lucullo
1391 2291 1400 2304 ,
1412 2271 1445 2301 &
1456 2273 1499 2301 M.
1511 2273 1596 2302 Cotta
1605 2273 1691 2301 Coss.
1703 2274 1837 2302 Romam
1847 2281 1885 2301 ex
1896 2271 1960 2301 ullo
1970 2271 2075 2301 muni-

1119 2314 1200 2352 cipio
1209 2312 1376 2342 vadimonii
1384 2312 1468 2343 causa
1475 2315 1602 2345 venerit,
1611 2315 1685 2353 quin
1696 2313 1790 2347 sciret,
1801 2310 1889 2351 ⁶jura
1897 2313 1991 2342 omnia
2000 2323 2075 2352 prae-

2015 129 2104 181 3&

1122 2356 1193 2384 toris
1204 2353 1325 2387 urbani,
1345 2363 1421 2384 nutu
1431 2374 1440 2387 ‚
1463 2363 1548 2395 atque
1559 2355 1680 2384 arbitrio
1690 2354 1866 2385 Chelidonis
1876 2355 2074 2385 meretricula:
2094 2395 2096 2397 ‚

1121 2395 1293 2436 gubernari:
1314 2394 1459 2429 alzeium,
1480 2395 1562 2437 quod
1575 2416 1584 2429 ‚
1601 2406 1670 2426 cum
1680 2395 1832 2436 paludatus
1843 2394 1967 2429 exisset,
1987 2404 2074 2426 vota-

1122 2447 1179 2478 que
1188 2447 1242 2476 pro
1251 2439 1381 2476 imperio
1399 2437 1470 2470 suo,
1496 2440 1715 2478 communique
1727 2438 1832 2477 populi
1842 2439 1935 2467 Rom.
1955 2446 2074 2467 nuncu-

1122 2477 1229 2518 pafi‘et,
1244 2478 1336 2508 οοδὲυ
1348 2498 1356 2511 ,
1374 2477 1464 2518 stupri
1473 2479 1571 2512 causa,
1592 2478 1696 2509 leetica
1705 2481 1737 2508 in
1748 2479 1852 2508 urbem
1862 2477 2015 2508 introferri
2025 2478 2076 2508 so-

1119 2521 1192 2550 litus
1203 2519 1245 2550 est
1254 2519 1289 2549 ad
1300 2520 1471 2553 mulierem,
1483 2528 1601 2562 nuptam
1611 2521 1671 2553 uni,
1679 2520 1843 2560 propositam
1853 2518 1988 2553 omnibus,
1999 2529 2074 2550 con-

1121 2570 1163 2591 tra
1171 2560 1214 2591 fas
1223 2582 1232 2595 ‚
1246 2570 1347 2592 contra
1355 2561 1481 2601 auspicia
1491 2582 1499 2594 ‚
1520 2570 1622 2591 contra
1635 2564 1755 2591 omneis
1770 2561 1886 2591 divinas
1899 2582 1907 2593 ,
1919 2571 2005 2602 atque
2016 2562 2074 2591 hu-

1122 2612 1224 2633 manas
1245 2604 1416 2643 religiones.
1453 2605 1479 2631 O
1498 2602 1541 2632 dii
1558 2603 1763 2632 immortales!
1791 2605 1884 2642 Qui>
1909 2612 2072 2633 INTEREST
2091 2603 2134 2635 14

1122 2646 1201 2675 inter
1209 2646 1340 2675 menteis
1350 2645 1513 2674 hominum
1525 2663 1534 2679 ‚
1551 2644 1583 2675 ὃς
1596 2645 1812 2685 cogitationes?
1829 2647 1872 2674 Ita
1882 2645 1961 2674 mihi
1969 2654 2072 2715 mleam

1960 2695 2000 2716 vo
2016 2696 2075 2717 un-

163 2774 188 2793 ι.
208 2769 239 2791 Er
249 2766 282 2791 ad
289 2769 443 2800 tempestatum
451 2770 504 2792 vim
513 2775 541 2792 ac
544 2765 699 2802 fluminum]
720 2766 786 2792 H‘cc
794 2767 829 2793 est
841 2765 966 2803 scriptura
976 2765 1076 2792 editio-

125 2810 188 2830 num
208 2809 325 2828 veterum
337 2821 345 2834 ,
364 2804 390 2828 8(
403 2803 472 2829 Pall.
481 2811 511 2828 ac
520 2803 612 2836 Cujac.
626 2802 781 2838 posteriores
792 2801 992 2833 substituerunt,
1005 2810 1076 2836 atque

123 2839 231 2864 imbrium
240 2849 248 2869 ‚-
257 2837 328 2874 quasi
338 2841 499 2873 nonflumina
507 2838 690 2864 invenirentur
700 2839 799 2873 inJure
810 2839 882 2864 civili
893 2847 940 2874 pro
949 2840 1073 2864 imbribus.

160 2882 189 2900 ι.
207 2876 246 2899 Ex
262 2875 346 2907 aliqua
355 2876 454 2907 samiit'a
471 2884 516 2900 non
532 2874 650 2908 ignobile]
670 2873 831 2900 Membranae
840 2874 944 2908 Ciijacii
957 2893 966 2905 ‚
981 2876 1076 2906 ι’,φιονα-

122 2909 180 2934 bii’i:
197 2907 266 2944 quod
277 2909 457 2936 Ciceronianis
472 2919 523 2936 non
534 2909 618 2945 placet
631 2928 639 2941 ,
657 2909 721 2936 mihi
735 2929 744 2941 ,
757 2909 801 2945 qui
814 2910 897 2936 multu
908 2910 1015 2936 illorum
1027 2909 1076 2935 Ci-

124 2946 211 2970 ceroni
229 2944 371 2980 improbari
389 2945 460 2978 seio,
480 2955 532 2972 non
550 2945 682 2982 displicet.
710 2944 807 2973 Glolsae
817 2953 883 2972 vett.
895 2945 1053 2982 ignorabilis
1066 2964 1074 2977 ,

123 2979 336 3023 dyas-dmm».
357 2985 528 3012 Gulielmius.

163 3031 190 3058 3.
210 3027 242 3049 Et
249 3026 314 3050 labor
321 3026 393 3058 aperie
401 3025 500 3051 maxime
510 3023 660 3059 offinditur]
674 3024 810 3052 Editiones
821 3025 912 3061 primae
923 3044 932 3057 ,
942 3025 1076 3057 ostenditur.

127 3059 231 3099 Cujuchii
251 3059 333 3093 libri,
350 3062 451 3088 maximi
469 3060 572 3093 qffindt'n
600 3061 763 3088 Gulielmius
781 3061 887 3097 legebat
902 3080 912 3093 ‚
931 3060 1076 3094 qffimditur,

123 3097 245 3130 ogregie.

119 3173 126 3178 ι
163 3137 192 3163 4.
206 3130 352 3160 Pulcerrimo
358 3132 525 3167 Syracusarum
532 3134 586 3160 luca
598 3132 720 3167 stari-u]
740 3131 847 3162 Vetusta·
859 3131 922 3160 culis
933 3131 1000 3162 abest
1009 3131 1078 3161 illud

1114 2765 1252 2796 pulcerrimo
1263 2783 1271 2794 ‚
1292 2762 1363 2798 quod
1382 2772 1429 2789 nec
1438 2762 1596 2799 conspicitur
1608 2763 1634 2788 in
1646 2762 1714 2789 Pali.
1725 2772 1837 2799 quorum
1848 2773 1888 2799 pr.
1899 2763 1976 2790 habet
1986 2767 2071 2791 focum.-

1118 2800 1146 2824 ὅτ
1159 2800 1222 2825 vero
1236 2798 1339 2825 ridetur
1350 2799 1501 2835 limplic'iter
1514 2798 1665 2831 legendum,
1675 2802 1811 2831 imperator,
1820 2801 1986 2833 syracusanum
1994 2803 2073 2827 lucum

1110 2838 1207 2868 statim
1218 2854 1225 2867 ,
1244 2843 1289 2861 :uit
1299 2833 1363 2861 adeo
1374 2837 1432 2860 luco.
1453 2834 1523 2870 quod
1534 2830 1569 2861 Est
1579 2835 1605 2861 in
1616 2833 1663 2860 ins.
1675 2835 1822 2862 Hotoniani
1835 2855 1843 2867 ‚
1862 2836 2072 2871 i·epi·aesei'it.ivit-

1117 2880 1167 2906 que
1180 2871 1208 2896 P.
1221 2871 1357 2896 Manutius
1368 2871 1395 2895 Sc
1407 2870 1492 2896 Aldus
1502 2870 1584 2896 filius.

1154 2921 1181 2946 5.
1201 2916 1259 2938 Cum
1274 2915 1344 2945 pallio
1358 2921 1491 2946 purpureo,
1510 2915 1630 2946 talarique
1641 2912 1748 2946 tunica]
1770 2913 1852 2940 Liber
1862 2914 1955 2948 Cujac.
1971 2918 2074 2949 parique

1119 2951 1210 2974 tunica.
1231 2958 1316 2984 neque
1334 2949 1413 2974 aliter
1426 2949 1492 2974 Pali.
1503 2956 1547 2975 aut
1557 2949 1703 2984 antiquitus
1711 2949 1840 2985 i'inpreffi.
1860 2949 1903 2976 sed
1922 2951 1970 2977 siat
1986 2958 2074 2978 tamen

1119 2994 1167 3020 pro
1180 2984 1284 3020 vulgata
1298 2984 1367 3010 locus
1378 2983 1445 3010 ulter
1455 2984 1525 3011 infra
1535 2993 1591 3020 cap.
1604 2993 1649 3020 33.
1661 2994 1697 3011 m.

1155 3026 1183 3051 6.
1202 3029 1269 3059 Jura
1277 3029 1354 3051 omnia
1360 3026 1462 3058 putoris
1471 3025 1584 3059 urbani]
1597 3026 1681 3052 Proba
1694 3025 1774 3053 lectio
1784 3026 1835 3053 fide
1845 3026 1892 3053 nis.
1903 3028 1994 3062 Cujao
2014 3037 2073 3055 nam

1123 3062 1203 3097 vulgo
1215 3081 1222 3092 ,
1235 3064 1296 3095 jura
1306 3065 1438 3094 omniapop.
1449 3065 1512 3087 Rom.
1532 3069 1628 3098 prinei·
1640 3062 1738 3090 iet-istd:
1749 3063 1822 3089 cusos
1835 3083 1843 3094 ,
1862 3064 1887 3089 in
1900 3064 1993 3098 quibus
2003 3068 2033 3090 Ῥ.
2045 3067 2075 3090 R.

1120 3097 1190 3158 quod
1201 3098 1228 3122 ὅτ
1239 3098 1266 3123 in
1280 3096 1348 3122 Pall.
1367 3097 1432 3125 adeo
1441 3105 1472 3125 ut
1482 3097 1553 3126 fort-.-
1564 3097 1707 3126 deleiiduin
1728 3100 1815 3128 veniat
1833 3098 1901 3128 illud
1919 3101 2015 3127 ini-ani.
2039 3101 2079 3125 ri-

1141 3140 1215 3160 eatur
1224 3131 1383 3161 Lambinus.
1567 3169 1594 3195 R

1615 3178 1628 3196 r

2002 3178 2011 3195 i
2021 3189 2024 3195 .
2039 3171 2086 3201 ’,ἵης
