2297 3389
0 31 156 99 W
449 64 458 76 ³

0 86 10 97 ¹³

246 143 249 151 ,

25 173 30 183 .

543 314 636 375 Μ.
711 313 1218 374 TULLIUS

472 166 741 211 ORAT10
788 172 864 206 DF.
910 158 1375 208 Hinusmcum
1417 157 1799 206 Respoims,

2026 169 2122 222 473

1317 314 1737 374 CICERO

155 414 1206 598 HARUSPICuitE
1253 496 2118 600 RESPONSIs‚

682 638 832 703 IN

959 635 1570 702 SENATU.

562 767 976 817 ORATIO
1077 767 1705 817 TRICESIMA.

372 904 375 907 Α
422 882 576 911 Esrmmo
598 877 665 910 die,
684 878 753 907 P.C.
772 875 845 906 cum
867 886 916 906 me
931 895 940 910 ,
964 875 998 907 δε
1018 874 1110 907 vestra

369 946 371 954 ι
420 921 548 961 dignitas
558 940 567 953 ‚
580 919 612 949 &
621 918 789 960 frequentia
799 920 937 958 equitum
948 920 1109 949 Romano—

419 972 489 992 rum
502 982 511 996 ,
534 961 644 1002 quibus
658 961 774 990 senatus
789 959 933 994 dabatur,
959 964 968 979 ¹
980 970 1108 1001 magno-

241 1125 248 1135 ν
271 1124 276 1135 Ι
293 1125 373 1140 mum,
417 1090 511 1121 tiam,
530 1086 602 1117 cum
615 1088 641 1116 is
649 1086 880 1126 publicanorum
898 1086 1016 1116 causam
1036 1084 1108 1116 stul-

144 1171 178 1202 Ρ.
194 1172 335 1203 Tullioni
344 1175 418 1213 Syro
431 1180 550 1202 navaret
558 1179 680 1211 operam
691 1190 699 1204 ‚
719 1178 805 1211 atque
822 1171 850 1199 ei
860 1170 920 1200 sese
931 1190 940 1203 ,
959 1171 1008 1200 cui
1027 1177 1106 1199 totus

142 1214 272 1242 venierat
285 1234 294 1248 ,
322 1217 414 1245 etiam
433 1214 521 1244 vobis
539 1212 774 1252 inspectantibus
792 1211 967 1242 venditaret.
1000 1214 1104 1252 Itaque

139 1255 304 1286 hominem
322 1255 474 1287 furentem
486 1275 495 1290 ‚
523 1255 780 1295 exsultantemque
801 1255 959 1288 continui,
981 1252 1104 1283 simulac

140 1298 310 1337 periculum
318 1298 428 1337 judicii
439 1297 556 1328 intendi
569 1308 574 1326 :
599 1295 718 1326 duobus
732 1297 858 1335 inceptis
866 1296 965 1325 verbis
975 1305 1102 1326 omnem

140 1341 295 1378 impetum
308 1339 482 1381 gladiatoris
500 1359 509 1372 ,
533 1338 738 1378 ferociamque
755 1335 925 1376 compressi.
960 1341 1102 1367 Attamen

143 1381 264 1420 ignarus
282 1382 354 1415 ille,
375 1384 426 1422 qui
446 1380 585 1411 consules
604 1377 698 1409 essent
719 1399 728 1413 ‚
748 1379 909 1419 exsanguis
928 1399 936 1412 ‚
955 1388 1042 1420 atque
1060 1388 1102 1408 ae-

140 1421 241 1452 stuans
252 1442 261 1456 ,
280 1423 309 1453 se
319 1433 357 1453 ex
367 1425 447 1453 curia
455 1421 578 1462 repente
589 1422 737 1461 proripuit
748 1440 756 1453 ,
773 1430 843 1450 cum
854 1420 1032 1461 quibusdam
1042 1418 1102 1450 fra-

141 1463 201 1493 &is
207 1465 289 1503 jam,
308 1473 396 1505 atque
407 1464 548 1494 inanibus
562 1465 656 1492 minis
670 1483 680 1495 ,
703 1463 736 1493 &
755 1471 826 1492 cum
845 1463 927 1492 illius
946 1463 1098 1493 Pisoniani

139 1508 286 1546 temporis
297 1526 305 1539 ‚
324 1506 545 1546 Gabinianique
554 1505 726 1535 terroribus.
749 1506 849 1546 Qem
860 1502 931 1534 curn
942 1504 1100 1545 egredien—

138 1555 203 1577 tem
212 1547 329 1589 insequi
339 1546 511 1587 coepiss'em:
533 1548 599 1587 cepi
616 1546 758 1587 equidem
769 1545 903 1576 fructum
925 1548 1098 1576 maximum

136 1588 178 1627 ⁷&
188 1599 226 1619 ex
243 1589 456 1629 consurrcstione
464 1591 608 1620 omnium
623 1587 754 1618 vestrum
766 1608 774 1622 ,
795 1588 827 1618 δι’.
839 1598 877 1618 ex
890 1590 1034 1619 comitatu
1045 1598 1098 1628 pu-

137 1629 342 1664 blicanorum.
366 1632 415 1662 sed
433 1642 536 1663 vecors
554 1631 675 1671 repente
695 1628 756 1660 fine
774 1631 828 1660 suo
847 1631 952 1664 vultu,
972 1629 1032 1660 fine
1045 1641 1101 1661 co·

135 1672 206 1707 lore
220 1692 229 1707 ‚
252 1671 312 1704 sine
321 1684 396 1705 voce
406 1673 558 1704 constitit:
576 1672 687 1703 deinde
696 1673 825 1712 respexit
836 1684 845 1707 5
866 1672 899 1702 δε
909 1670 1031 1703 simulac
1041 1675 1095 1704 Cn.

137 1715 311 1745 ‘Lentulum
323 1726 387 1746 cos.
404 1715 558 1756 adspexit,
577 1714 713 1745 concidit
730 1716 764 1744 in
780 1716 869 1745 curiae
879 1716 964 1755 paene
977 1715 1096 1750 limine,

139 1756 347 1788 recordatione
359 1778 368 1792 ,
386 1758 475 1788 credo
486 1778 494 1792 ‚
517 1757 641 1788 Gabinii
662 1757 707 1787 sui
720 1777 728 1791 ‚
751 1755 955 1797 desiderioque
970 1756 1097 1787 Pisonis:

141 1798 229 1837 cujus
239 1809 294 1840 ego
308 1799 344 1829 de
357 1798 498 1830 effrenato
509 1820 517 1833 ,
541 1800 727 1839 &praecipiti
743 1798 843 1829 furore
862 1802 876 1818 ²
885 1798 958 1842 quid
977 1798 1075 1829 dicam
1088 1802 1098 1829 ?

139 1839 222 1869 haud
233 1840 330 1879 potest
337 1842 523 1882 gravioribus
536 1841 552 1872 a
571 1851 620 1871 me
638 1841 738 1871 verbis
757 1841 926 1874 vulnerari,
946 1850 1037 1881 quam
1055 1840 1098 1872 est

141 1880 244 1912 statim
257 1902 267 1916 ‚
284 1884 317 1912 in
326 1882 408 1913 iacto
421 1884 485 1923 ipso
496 1903 505 1917 ‚
524 1882 720 1924 agraviffimo
729 1884 795 1912 viro
807 1903 816 1916 ‚
835 1885 865 1913 P.
877 1883 1007 1913 Servilio
1023 1892 1099 1913 con-

139 1921 237 1954 fectus
248 1944 256 1957 ,
277 1934 310 1954 ac
319 1925 490 1955 trucidatus.
514 1928 526 1952 3
538 1925 622 1964 cujus
636 1923 656 1953 si
666 1926 757 1955 etiam
768 1926 834 1954 vim
847 1945 855 1957 ,
878 1924 910 1954 &
919 1927 1094 1965 gravitatem

137 1965 226 1995 illam
237 1964 411 2007 singularem
424 1986 432 1999 ‚
452 1976 484 1996 ac
494 1966 579 2006 paene
596 1966 732 1996 divinam
746 1985 754 1999 ‚
773 1964 884 2006 affequi
899 1965 1033 2005 poffent:
1054 1975 1095 1996 ta-

140 2016 215 2036 men
226 2017 290 2037 non
299 2007 407 2037 dubito
416 2028 424 2042 ‚
445 2009 520 2049 quin
530 2018 562 2037 ea
570 2008 627 2037 tela
636 2027 644 2041 ,
664 2017 731 2047 quae
753 2008 915 2045 conjecerit
930 2009 1074 2037 inimicus
1086 2028 1095 2040 ‚

137 2048 232 2089 quam
241 2059 292 2083 ea,
313 2059 377 2090 quae
389 2051 488 2089 collega
504 2051 592 2091 parm
609 2047 724 2081 emisit,
746 2049 876 2082 leviora,
898 2057 983 2089 atque
1003 2049 1095 2079 hebe-

100 2099 122 2124 2
138 2092 215 2120 tiora
224 2089 282 2120 effe
293 2091 457 2121 videantur.
476 2092 531 2121 Sed
543 2101 643 2121 tamen
655 2092 717 2120 mei
725 2089 795 2120 faffi
805 2092 953 2120 rationem
961 2100 1095 2130 expone—

135 2141 168 2162 re
179 2132 240 2162 illis
248 2133 320 2162 volo
330 2153 338 2166 ‚
348 2135 399 2173 qui
410 2132 548 2163 hesterno
558 2132 606 2166 die
617 2132 721 2162 dolore
731 2142 782 2161 me
791 2132 901 2162 elatum
914 2152 922 2166 ‚
935 2132 967 2161 &
978 2135 1095 2162 iracun-

135 2172 186 2203 dia
198 2173 343 2214 4longius
353 2175 447 2214 prope
456 2173 617 2215 digressum
629 2174 843 2204 arbitrabantur
852 2194 860 2207 ‚
872 2174 963 2215 quam
977 2175 1093 2214 sapien-

135 2216 174 2245 tis
184 2216 320 2245 hominis
328 2218 455 2256 cogitata
470 2219 546 2246 ratio
555 2215 727 2256 postularet.
750 2216 840 2245 Nihil
849 2215 906 2245 feci
916 2218 1006 2245 iratus
1015 2235 1023 2249 ‚
1043 2218 1092 2245 rii-

133 2256 180 2286 hil
189 2259 351 2296 impotenti
359 2256 464 2287 animo
474 2278 482 2291 ,
492 2259 571 2287 nihil
581 2267 645 2287 non
655 2257 706 2287 diu
717 2255 933 2288 consideratum
944 2277 953 2292 ‚
967 2268 999 2287 ac
1010 2258 1092 2287 mul—

134 2306 168 2329 to
179 2308 246 2328 ante
258 2299 446 2329 meditatum.
471 2302 535 2340 Ego
545 2301 640 2332 enim,
652 2302 682 2329 P.
695 2301 727 2329 C.
739 2301 904 2329 inimicum
915 2310 964 2329 me
973 2300 1090 2339 semper

134 2337 194 2370 effe
202 2339 349 2380 profess'us
360 2341 427 2371 sum
448 2339 567 2371 duobus
579 2361 588 2374 ‚
614 2343 750 2381 5quime
763 2361 772 2375 ‚
794 2343 846 2381 qui
872 2341 1089 2380 rempublicam

133 2391 207 2412 cum
217 2381 377 2413 defendere
388 2382 528 2413 deberent
538 2403 547 2416 ‚
560 2383 670 2412 servare
679 2381 798 2422 pofi'ent
809 2394 817 2416 3
830 2393 960 2424 cumque
969 2383 1005 2413 ad
1015 2393 1089 2413 con-

133 2423 229 2454 sulare
243 2422 380 2454 officium
390 2422 457 2464 ipsis
466 2423 633 2465 insignibus
644 2425 725 2454 illius
738 2426 857 2464 imperii
870 2444 878 2458 ‚
889 2426 924 2455 ad
935 2434 1034 2455 meam
1045 2425 1088 2455 sa-

131 2464 229 2496 lucem
241 2476 304 2496 non
315 2465 415 2496 solum
434 2466 608 2497 auctoritate
620 2486 629 2500 2
652 2466 701 2497 sed
719 2468 810 2496 etiam
829 2466 967 2506 precibus
987 2466 1090 2497 vestris

103 2545 106 2547 Β
131 2515 325 2538 vocarentur:
342 2507 639 2549 primbreliquerunt
651 2529 659 2541 ,
681 2507 790 2538 deinde
799 2508 1014 2548 prodiderunt,
1033 2519 1089 2548 po-

131 2547 246 2578 stremo
259 2559 520 2590 oppugnaverunt,
548 2550 740 2590 praemiisque
764 2547 780 2569 ⁶
791 2549 911 2580 nefariae
936 2550 1085 2590 pafitionis

128 2589 267 2623 funditus
276 2593 336 2621 una
354 2601 425 2621 cum
441 2592 541 2632 repub·
561 2590 732 2631 oppressum
744 2611 752 2625 ‚
770 2590 1015 2633 exstinfl’umque
1033 2602 1089 2622 vo-

129 2632 269 2662 luerunt:
288 2634 399 2673 quique
409 2633 461 2663 suo
472 2633 564 2663 duelu
575 2654 583 2667 ,
597 2635 769 2674 &imperio
778 2642 901 2663 cruento
912 2634 967 2663 illo
979 2654 988 2667 ,
999 2643 1085 2675 atque

127 2672 253 2704 funesto
263 2675 404 2715 supplicia
421 2676 543 2716 nequea
559 2676 709 2705 sociorum
730 2675 885 2705 moenibus
907 2675 1066 2714 prohibere
1078 2697 1086 2710 ,

128 2724 226 2757 neque
237 2716 370 2747 hostium
380 2717 505 2748 urbibus
514 2717 623 2748 inferre
639 2725 803 2759 potuerunt
814 2728 819 2746 ;
830 2716 1025 2753 excisionem,
1036 2719 1087 2749 in—

313 1024 323 1032 ,
418 1003 488 1044 pere
504 1000 703 1033 commosset:
721 1003 822 1042 putavi
842 1003 921 1032 mihi
939 1003 1109 1042 reprimen-

266 1082 272 1093 1
360 1045 386 1083 'D
418 1046 488 1076 dam
500 1044 557 1075 effe
574 1048 607 1075 P.
617 1043 718 1075 Clodii
741 1043 927 1084 impudicam
945 1043 1109 1085 impuden-

419 1128 539 1161 tiffirnis
565 1127 850 1170 interrogationibus
875 1127 1054 1168 impediret,
1075 1128 1108 1158 &

1145 876 1400 911 flammationem,
1412 876 1614 910 everfionem,
1627 874 1905 916 depopulationem,
1917 880 1932 904 7
1942 875 2107 909 vastitatem

1149 928 1214 950 eam
1224 940 1232 954 ‚
1245 920 1293 951 sua
1303 930 1372 951 cum
1383 919 1478 960 praeda
1489 938 1496 952 ‚
1518 921 1595 948 meis
1606 918 1752 949 omnibus
1765 916 1850 948 ceffis
1862 938 1869 950 ‚
1881 927 1966 958 atque
1976 920 2049 958 agris
2060 920 2111 947 in-

1151 961 1297 992 tulerunt.
1321 972 1392 992 cum
1412 963 1458 991 his
1476 960 1563 991 furiis
1573 980 1582 995 ‚
1601 961 1634 990 ὃς
1643 959 1757 990 facibus
1766 979 1775 992 ‚
1798 969 1868 990 cum
1884 960 1928 988 bis
1938 979 1946 992 ‚
1966 961 2088 999 inquam
2100 977 2110 993 a

1152 1002 1285 1034 exitiofis
1294 1004 1439 1045 prodigiis
1449 1023 1458 1037 ‚
1480 1013 1512 1033 ac
1531 1002 1617 1042 paene
1637 1003 1726 1041 ‘nujus
1740 1002 1862 1041 imperii
1878 1000 2010 1041 pestibus
2019 1020 2027 1033 ,
2048 1000 2112 1030 bel—

1151 1044 1216 1075 lurn
1226 1047 1304 1076 mihi
1314 1044 1500 1086 inexpiabile
1509 1044 1578 1075 dico
1587 1042 1645 1074 effe
1654 1044 1822 1083 susceptum
1835 1053 1840 1071 z
1863 1052 1959 1083 neque
1970 1042 2000 1072 id
2011 1050 2112 1072 tamen

1149 1087 1249 1127 ipsum
1260 1096 1377 1118 tantum
1388 1108 1396 1121 ‚
1415 1095 1563 1128 quantum
1573 1095 1659 1116 meus
1671 1105 1679 1119 ,
1699 1096 1729 1116 ac
1742 1094 1882 1115 meorum
1892 1104 1901 1118 ‚
1917 1083 1966 1114 sed
1980 1092 2110 1117 tantum,

1149 1138 1297 1170 quantum
1309 1128 1405 1160 vester
1415 1149 1424 1163 ,
1443 1138 1529 1169 atque
1537 1129 1681 1158 omnium
1701 1126 1831 1157 bonorum
1842 1125 1918 1156 dolor
1935 1124 2109 1166 postulavit.

1148 1173 1187 1202 In
1195 1171 1343 1202 Clodium
1354 1181 1426 1202 vero
1437 1180 1502 1201 non
1512 1169 1554 1200 est
1563 1169 1654 1200 hodie
1665 1180 1770 1199 meum
1782 1169 1879 1208 majus
1888 1168 2008 1203 odium,
2019 1167 2109 1208 quam

1150 1213 1204 1243 illo
1212 1213 1260 1244 die
1271 1212 1331 1244 fuit
1344 1233 1353 1247 ,
1372 1212 1445 1244 cum
1455 1213 1545 1243 illum
1555 1210 1730 1242 ambustum
1739 1209 1964 1252 religiosissimis
1975 1209 2109 1251 ignibus,

1147 1258 1278 1297 cognovi
1288 1255 1432 1286 muliebri
1445 1264 1564 1288 ornatu,
1576 1263 1615 1284 ex
1624 1252 1737 1284 incesto
1748 1252 1860 1293 stuprO,
1871 1262 1955 1293 atque
1965 1261 2004 1281 ex
2011 1251 2110 1281 domo

1146 1296 1300 1336 pontificis
1308 1299 1439 1328 maximi
1448 1294 1600 1326 emiffum.
1624 1304 1691 1326 tum
1703 1315 1711 1329 ,
1723 1297 1848 1336 inquam
1859 1315 1867 1329 ‚
1892 1303 1957 1324 tum
1969 1293 2032 1324 vidi
2045 1314 2054 1327 ,
2074 1302 2109 1323 ac

1147 1338 1247 1369 multo
1258 1339 1328 1370 ante
1337 1339 1496 1380 prospexi,
1518 1346 1626 1379 quanta
1635 1337 1792 1377 tempestas
1802 1338 1979 1367 excitaretur
1988 1355 1996 1369 ‚
2008 1344 2106 1376 quan·

1145 1381 1511 1422 taimpenderctprocella
1519 1380 1636 1420 reipub.
1655 1379 1805 1409 Videbam
1820 1399 1828 1413 ‚
1853 1377 1930 1408 illud
1940 1377 2033 1407 scelus
2044 1385 2107 1408 tam

1143 1424 1370 1463 importunum,
1386 1422 1538 1453 audaciam
1549 1431 1609 1452 tam
1618 1424 1789 1451 immanem
1798 1420 1995 1451 adolescentis
2003 1417 2110 1449 furen-

1144 1465 1326 1499 tis,n0bilis,
1339 1465 1499 1497 vulnerati,
1513 1474 1578 1494 non
1588 1461 1670 1504 posse
1690 1463 1780 1493 arceri
1790 1460 1974 1501 oriifinibus:
1984 1469 2107 1500 eruptu-

1141 1517 1210 1537 rum
1220 1507 1298 1537 illud
1307 1507 1423 1537 malum
1433 1505 1606 1547 aliquando,
1618 1504 1638 1536 si
1648 1506 1838 1544 impunitum
1846 1501 1993 1536 fuisset‚ad
2002 1503 2107 1542 perni-

1141 1551 1220 1578 ciem
1231 1551 1372 1579 civitatis.
1383 1558 1449 1578 non
1459 1548 1594 1578 multum
1603 1548 1681 1577 mihi
1690 1547 1757 1577 sane
1767 1544 1835 1586 post
1844 1545 1880 1577 ad
1890 1544 1998 1574 odium
2009 1544 2106 1574 acces-

1141 1589 1269 1620 fit.nihil
1277 1592 1362 1621 enim
1373 1598 1475 1620 contra
1486 1599 1535 1619 me
1544 1588 1616 1619 fecit
1623 1588 1696 1619 odio
1707 1587 1833 1622 mei,sed
1844 1587 1918 1618 odio
1929 1586 2104 1619 severitatis,

1141 1632 1214 1663 odio
1225 1632 1379 1673 dignitatis
1387 1652 1395 1665 ‚
1405 1631 1477 1662 odio
1487 1631 1605 1671 reipub.
1623 1640 1687 1660 non
1698 1630 1850 1670 mesnagis
1861 1628 1997 1661 violavit,
2008 1627 2100 1668 quam

1139 1674 1276 1705 senatum
1293 1695 1302 1708 ,
1321 1673 1411 1715 quam
1421 1674 1536 1714 equites
1544 1675 1640 1703 Rom.
1652 1672 1744 1713 quam
1754 1673 1875 1702 omneis
1883 1670 1982 1701 bonos
1990 1690 1998 1704 ,
2009 1670 2102 1711 quam

1139 1717 1255 1747 Italiam
1266 1715 1417 1747 cundiam.
1428 1725 1493 1745 non
1507 1715 1638 1755 denique
1649 1716 1683 1745 in
1693 1724 1743 1744 me
1752 1713 1917 1744 sceleratior
1927 1711 1999 1745 fuit.
2008 1711 2102 1753 quam

1142 1760 1176 1788 in
1187 1759 1266 1798 ipsos
1276 1758 1348 1789 deos
1359 1757 1571 1788 immortaleis.
1584 1759 1708 1787 Etenim
1717 1756 1787 1786 illos
1794 1765 1831 1786 eo
1843 1756 1950 1785 scelere
1961 1755 2101 1786 violavit,

1162 1811 1202 1830 uo
1212 1810 1305 1831 nemo
1314 1809 1407 1831 antea.
1424 1801 1457 1829 in
1466 1809 1517 1829 me
1525 1797 1584 1829 fuit
1593 1798 1702 1829 eodem
1713 1800 1828 1830 animo.
1840 1792 1854 1816 8
1864 1807 1927 1838 quo
1937 1798 2028 1827 etiam
2036 1797 2103 1835 ejus

1140 1810 1300 1873 sammai-is
1320 1842 1449 1873 Catilina
1457 1861 1466 1875 ‚
1490 1839 1511 1870 sl
1519 1838 1634 1870 viciss‘et
1642 1861 1651 1875 ,
1674 1839 1784 1870 fuisset.
1806 1842 1908 1880 Itaque
1923 1848 1996 1869 eum
2007 1848 2101 1868 num*

1140 1894 1231 1924 quam
1241 1884 1258 1914 ὲ,
1266 1894 1316 1914 me
1325 1882 1383 1914 esse
1391 1882 1589 1914 accusandum
1598 1884 1718 1922 putavi,
1741 1891 1805 1911 non
1814 1881 1882 1921 plus
1893 1901 1902 1914 ‚
1921 1879 2101 1921 quamstipi-

1140 1933 1197 1955 tem
1206 1926 1296 1958 illum
1308 1945 1316 1959 ‚
1328 1927 1380 1966 qui
1392 1947 1401 1957 ,
1410 1934 1540 1966 quorum
1550 1925 1715 1954 hominum
1725 1922 1795 1953 esset
1805 1943 1812 1955 ‚
1829 1922 2012 1953 nesciremus
2022 1942 2030 1956 ‚
2043 1920 2099 1952 nisi

1140 1967 1169 1997 se
1182 1969 1326 2008 Ligurem
1340 1967 1401 2007 ipse
1409 1965 1468 1996 esse
1485 1967 1605 1996 diceret.
1629 1964 1711 2006 Qud
1727 1967 1811 1994 enim
1832 1966 1913 1994 hunc
1928 1965 2097 2005 persequar.

1137 2010 1286 2048 pecudem
1298 2028 1306 2042 ‚
1323 2018 1354 2038 ac
1364 2008 1497 2038 belluam
1508 2028 1516 2040 ‚
1537 2007 1646 2046 pabulo
1657 2008 1855 2036 inimicorum
1878 2015 2018 2036 meorum
2030 2026 2038 2038 .
2062 2004 2097 2036 &

1137 2049 1244 2091 glande
1253 2051 1454 2089 corruptum?
1473 2047 1666 2090 quisisensit,
1686 2058 1748 2089 quo
1758 2048 1817 2078 sese
1828 2047 1935 2078 scelere
1951 2047 2097 2078 divinxe-

1135 2094 1174 2121 rit
1186 2102 1191 2121 z
1216 2102 1281 2121 non
1289 2091 1394 2122 dubito
1406 2111 1414 2124 ‚
1433 2092 1508 2131 quin
1519 2089 1552 2121 fit
1570 2090 1751 2130 mtftrrimm.
1769 2088 1812 2119 sin
1821 2098 1920 2120 autem
1932 2089 1962 2119 id
1974 2099 2037 2119 non
2049 2090 2096 2119 vi-

1136 2133 1202 2164 det:
1222 2134 1390 2173 periculum
1401 2131 1444 2162 est
1455 2153 1462 2166 ,
1481 2142 1519 2162 ne
1539 2133 1567 2163 se
1588 2131 1716 2172 stuporis
1732 2132 1924 2162 excusatione
1944 2130 2095 2161 defendat.

1136 2175 1259 2205 Accedit
1269 2177 1360 2205 etiam
1370 2195 1378 2207 ‚
1390 2173 1472 2215 qued
1484 2194 1491 2206 ‚
1504 2173 1726 2214 exspectatione
1737 2176 1881 2203 omnium
1892 2193 1900 2207 ‚
1915 2171 2093 2206 fortissimo.

1135 2217 1168 2247 &
1177 2215 1338 2247 clariffimo
1359 2217 1426 2246 viro
1437 2235 1445 2249 ‚
1470 2218 1509 2246 T.
1520 2217 1624 2245 Annio
1634 2235 1642 2250 ‚
1661 2215 1769 2246 devota
1782 2235 1790 2248 ,
1812 2215 1845 2245 δε
1863 2213 2025 2245 constituta
2040 2214 2094 2245 ista

1133 2258 1229 2289 hostia
1237 2257 1295 2289 efl'e
1303 2258 1423 2288 videtur
1435 2268 1440 2286 :
1450 2259 1499 2287 cui
1508 2267 1558 2287 me
1568 2259 1721 2297 praeripere
1729 2257 1988 2297 desponsamjatm
2000 2257 2033 2287 δε
2042 2256 2095 2287 de-

1134 2300 1273 2332 stinatam
1284 2300 1403 2330 laudem
1418 2320 1426 2334 ‚
1443 2298 1516 2330 cum
1530 2300 1590 2339 ipse
1601 2301 1665 2338 ejus
1680 2309 1768 2339 opera
1787 2300 1820 2329 ὃς
1838 2298 2014 2341 dignitatem
2027 2319 2035 2332 ‚
2058 2298 2092 2328 ὃε

1134 2343 1259 2372 salutem
1271 2343 1467 2382 recuperarim
1478 2361 1485 2374 ‚
1507 2340 1592 2371 valde
1611 2340 1653 2371 est
1664 2343 1817 2382 iniquum.
1841 2343 1963 2371 Etenim
1975 2361 1983 2375 ‚
2005 2350 2038 2371 ut
2057 2343 2086 2370 P.
2110 2348 2134 2379 4

1131 2384 1184 2413 ille
1191 2386 1292 2424 Scipio
1307 2404 1315 2418 ‚
1337 2391 1421 2413 natus
1431 2384 1510 2413 mihi
1522 2383 1641 2413 videtur
1659 2383 1696 2413 ad
1706 2385 1861 2413 interitum
1872 2403 1881 2417 ‚
1901 2385 2090 2424 exitiumque

1133 2427 1322 2467 Karthaginis
1333 2446 1341 2460 ,
1360 2428 1411 2467 qui
1429 2425 1514 2455 illam
1532 2425 1548 2455 a
1558 2426 1663 2455 multis
1677 2425 1905 2465 imperatoribus
1923 2424 2067 2455 obsessam
2078 2444 2088 2458 ‚

1132 2477 1333 2509 oppugnatam
1344 2488 1352 2502 ‚
1371 2466 1575 2498 labefactatam
1588 2488 1596 2502 ‚
1607 2466 1690 2507 paene
1701 2476 1816 2507 captam
1824 2467 1995 2507 aliquando,
2008 2465 2090 2507 quafi

1130 2508 1213 2540 fatali
1224 2520 1336 2540 eventu
1347 2530 1355 2543 ‚
1379 2509 1457 2539 solus
1468 2511 1573 2539 evertit
1587 2520 1592 2538 ;
1613 2509 1650 2538 sic
1659 2511 1697 2539 T.
1707 2511 1826 2539 Annius
1834 2508 1869 2538 ad
1878 2509 1963 2539 illam
1974 2508 2090 2548 pestem

1130 2551 1393 2592 comprimendam
1405 2571 1413 2584 ‚
1431 2550 1679 2591 exstinguendam
1690 2570 1698 2584 ,
1714 2549 1853 2580 funditus
1866 2549 2025 2581 delendam
2034 2560 2089 2581 na-

1129 2603 1176 2623 tus
1186 2592 1244 2624 effe
1254 2594 1391 2626 videtur,
1413 2591 1532 2633 &quasi
1549 2592 1655 2622 divino
1677 2601 1803 2621 munere
1822 2591 1950 2623 donatus
1968 2593 2084 2633 reipub.

1129 2637 1216 2666 Solus
1227 2636 1278 2665 ille
1290 2636 1450 2675 cognovit,
1470 2633 1730 2675 quemadmodum
1740 2642 1889 2663 armatum
1899 2636 1998 2665 civem
2011 2655 2019 2669 ‚
2033 2637 2085 2675 qui

1128 2677 1277 2717 lapidibus
1289 2697 1297 2710 ,
1318 2675 1456 2717 quiferro
1472 2676 1546 2705 alios
1560 2675 1690 2716 fugaret,
1709 2675 1784 2705 alios
1800 2675 1886 2705 domi
1902 2678 2084 2712 contineret,

1129 2721 1181 2761 qui
1201 2720 1307 2749 urbem
1325 2728 1437 2752 totam,
1464 2720 1517 2759 qui
1534 2720 1648 2749 curiam
1664 2736 1673 2752 ,
1691 2718 1744 2759 qui
1760 2716 1862 2748 foi-um
1873 2738 1883 2753 ‚
1903 2720 1956 2759 qui
1971 2719 2085 2759 templa

1982 2770 2090 2793 omnia

2132 1175 2146 1207 u«,

130 2849 141 2867 1
150 2842 342 2894 ‚MAgnopere
350 2843 497 2878 commoffir]
517 2845 558 2870 Ita
568 2843 635 2869 Pali.
647 2852 738 2869 omncs
750 2862 758 2874 ,
780 2843 843 2868 item
856 2842 964 2869 Gembl.
977 2843 1003 2869 S.
1016 2844 1089 2870 Vi&

227 2886 258 2903 ac
270 2878 396 2905 Tosmms.
421 2879 502 2915 vulgo
512 2880 670 2913 commoviffct.
693 2879 764 2915 quod
775 2878 868 2905 eodeni
888 2878 995 2915 quidem
1007 2879 1088 2906 redit.

126 2911 233 2940 sednon
245 2913 281 2940 cst
291 2915 407 2941 nostruin
418 2925 515 2947 augere
526 2915 631 2950 syllabis
643 2915 776 2941 Tullium.

163 2957 192 2975 2.
210 2949 275 2983 Qid
283 2951 370 2978 dicam?
380 2947 548 2985 haudjnteff]
567 2951 662 2987 Scripti
674 2951 698 2977 fe
704 2951 804 2984 i*e,v1uid
811 2952 943 2977 ..licammn
951 2952 1086 2984 potci7,&c.

125 2985 273 3011 trucidatus.
284 2986 427 3013 Lambinus
438 2995 481 3013 aut
491 2988 666 3024 expunxit,&
678 2988 740 3013 veri)
752 2986 819 3013 abest
831 2987 900 3013 libro
911 2987 1068 3014 §.Vi-stom.

165 3027 178 3054 3
187 3039 193 3045 .
212 3023 284 3054 Cujus
294 3023 395 3055 fietiam
404 3024 482 3058 vim]
504 3024 665 3050 Gulielmius
677 3023 787 3059 putabat
802 3024 823 3057 Ji
831 3026 903 3049 etiam
913 3023 1024 3059 politum
1035 3033 1084 3060 pro

126 3056 224 3095 etisirqfi.
243 3066 294 3082 non
306 3067 435 3094 repugno.
454 3059 522 3086 Pall.
532 3067 621 3087 tamen
632 3059 727 3087 habeut
737 3067 854 3092 tantuin,
865 3061 1014 3094 cnjus-fijan)
1023 3064 1085 3086 vim.

128 3089 214 3119 editio
223 3091 353 3129 princeps,
364 3095 431 3128 cujus·
439 3097 534 3129 etfijam
544 3099 606 3121 vim.

161 3133 192 3157 4.
212 3129 314 3167 Longiqs
327 3137 397 3164 prope
415 3131 560 3165 digrgffiam]
583 3133 610 3158 S.
622 3131 726 3158 Vitam:
737 3132 765 3157 8<
777 3131 1083 3165 Pal.iioiiuspr0grff1m.

126 3160 198 3227 guod
210 3170 309 3226 τῗὶεςριτ
317 3164 424 3200 quidem
434 3166 580 3195 Lambinus
593 3185 602 3200 ,
619 3167 662 3195 sed
672 3167 769 3204 abjecit
773 3175 844 3202 prope
855 3186 864 3201 ‚
875 3167 946 3205 quod
958 3169 984 3196 iii
995 3168 1083 3196 omni-

149 3206 177 3225 us
188 3207 222 3227 nv
247 3207 292 3226 ris.

1165 2853 1190 2878 5.
1211 2847 1264 2877 {iffi
1273 2854 1307 2869 mc
1318 2864 1325 2876 ,
1346 2846 1389 2878 qui
1397 2851 1467 2876 remp.
1480 2852 1531 2868 :um
1540 2844 1658 2876 deftndeoe
1670 2863 1677 2875 ,
1687 2843 1754 2877 (γι-ζ]
1775 2845 1816 2869 Ita
1827 2842 1906 2877 longe
1917 2843 2011 2868 melius
2023 2842 2082 2869 Pal.

1127 2890 1210 2907 nonus
1221 2878 1255 2906 δέ
1261 2883 1300 2906 Tu
1307 2881 1375 2916 ring.
1386 2889 1466 2915 quain
1478 2881 1615 2915 vulgatum
1629 2899 1637 2912 ‚
1654 2884 1750 2914 quirem
1760 2889 1834 2905 meam
1844 2888 1904 2905 tum.
1923 2878 1957 2905 ad
1968 2879 2034 2906 hanc
2043 2879 2085 2907 le-

1129 2916 1247 2943 «itionem
1259 2916 1339 2942 duxit
1350 2916 1510 2941 anbinum
1522 2916 1684 2948 conjectura.

1163 2954 1191 2978 6.
1210 2952 1468 2987 Qfizriapac'lionis.]
1490 2951 1588 2978 Nescio
1605 2962 1637 2979 an
1648 2962 1699 2978 non
1711 2952 1805 2978 melius
1819 2971 1826 2983 ,
1838 2952 1952 2985 samonis
1971 2951 2040 2987 quod
2053 2951 2081 2978 iii

1129 2988 1187 3014 mss'.
1198 2989 1304 3019 nostris,
1316 2997 1424 3014 necnon
1436 2988 1597 3014 editionibus
1610 2988 1726 3015 vetustis.

1163 3033 1190 3059 7.
1213 3025 1347 3057 Vastttattm
1359 3025 1462 3058 eamsua
1472 3033 1522 3050 cum
1529 3025 1620 3057 preda,
1630 3025 1697 3059 ἄγα]
1720 3023 1842 3050 Lambini
1853 3023 1989 3051 licentiosa
2000 3023 2078 3050 nimis

1125 3061 1161 3086 est
1172 3061 1318 3091 exerratio,
1327 3060 1371 3094 qui
1383 3059 1509 3096 reposuit,
1519 3063 1657 3093 vastitatem
1669 3080 1677 3092 ,
1695 3061 1846 3093 aiic'lipraeda
1858 3079 1865 3091 ,
1875 3061 1940 3092 meis,
1949 3061 2000 3090 (ἔτ.
2021 3060 2079 3086 ηιίΓ.

1127 3097 1191 3122 nihil
1205 3104 1319 3127 mutant,
1330 3097 1410 3131 quam
1422 3094 1492 3132 quod
1503 3096 1610 3132 quidam
1621 3106 1705 3123 meam.
1724 3096 1832 3132 quidam
1843 3106 1894 3122 mea
1905 3115 1913 3128 ‚
1923 3095 2030 3132 quidam
2040 3106 2078 3122 tx.

1125 3132 1287 3158 Gulielmius
1299 3131 1430 3163 tentabat,
1442 3134 1556 3165 ‘vastitate
1566 3142 1627 3159 mea.

1159 3167 1186 3194 8.
1205 3169 1284 3200 ‚Qam
1292 3169 1506 3203 ‹y'xuj'amiliarisj
1527 3169 1747 3197 Temerariumne
1757 3169 1794 3198 cst
1806 3188 1814 3202 ,
1828 3178 1861 3196 an
1872 3167 1973 3204 aliquid
1984 3166 2078 3198 subest,

1123 3203 1194 3241 quod
1206 3203 1275 3232 Pali.
1285 3213 1377 3232 omnes
1388 3214 1453 3232 meur
1454 3206 1590 3240 familiaris
1601 3210 1611 3231 ?

1560 3243 1639 3271 000
1999 3240 2086 3265 1.N.n
