2302 3353
647 140 740 172 DE

162 207 293 239 veritatis
301 204 452 238 imitandae
462 212 567 244 genere
575 203 678 234 versati
691 223 698 236 ,
713 213 843 244 quorum
854 205 996 244 quamdiu
1007 205 1112 237 mansit

162 250 290 279 imitatio
301 269 310 282 ,
331 246 444 277 tamdiu
461 255 554 285 genus
573 245 648 274 illud
658 244 797 278 dicendi,
819 244 1011 287 studiumque
1021 250 1109 275 vixit.

97 279 143 326 μ23
160 289 350 330 Posteaquam
359 307 366 321 ‚
387 285 541 317 exstinffis
550 287 606 319 his,
618 288 720 315 omnis
729 295 834 315 eorum
846 295 991 315 memoria
1004 286 1109 316 sensim

159 331 309 361 obscurata
317 328 369 361 est,
382 329 414 358 &
425 329 545 358 evanuit
557 337 562 355 τ
581 327 638 357 3113
647 327 783 368 quaedam
793 326 913 356 dicendi
922 327 1046 356 molliora
1058 347 1066 359 ‚
1079 338 1110 357 ac

156 369 319 402 remiffiora
329 379 434 411 genera
443 370 610 409 viguerunt.
622 368 697 398 Iride
708 369 1015 408 Demochares,quem
1025 369 1109 407 ajunt

156 413 264 443 sororis
274 409 373 440 filium
383 408 470 440 fuisse
480 409 696 439 Demosthenis
708 421 713 438 :
742 418 805 439 tum
818 409 974 439 Phalereus
984 410 1036 439 ille
1046 412 1110 439 De-

157 454 280 483 metrius
291 472 299 486 ‚
320 453 462 481 omnium
472 450 598 481 istorum
610 471 618 484 ‚
639 461 707 481 mea
716 452 862 482 sententia
872 471 880 484 ‚
903 449 1107 490 politiffimus,

155 494 264 534 aliique
273 502 378 523 eorum
390 491 500 522 similes
511 492 699 522 exstiterunt.
731 495 804 534 Qae
823 491 843 521 fi
861 493 1001 522 volemus
1019 493 1108 533 usque

155 534 191 565 ad
201 536 260 564 hoc
269 544 386 574 tempus
393 535 527 575 persequi
539 545 545 563 ;
564 534 767 576 intelligemus
778 554 786 567 ‚
810 537 818 552 ¹
833 543 864 564 ut
880 533 971 563 hodie
980 534 1108 563 Alaban-

158 576 280 606 densem
291 577 379 605 illurn
392 576 574 608 Meneclem,
587 576 619 605 &
629 576 692 614 ejus
703 574 823 605 fratrem
836 575 1021 607 Hieroclem,
1033 584 1108 615 quos

156 627 212 658 ego
221 617 320 647 audivi
333 638 341 650 ‚
360 626 421 647 tota
435 619 572 647 imitetur
591 615 655 647 Afia
668 627 672 645 :
693 615 732 646 sie
742 618 857 655 semper
866 615 954 645 fuifl‘e
964 617 1105 656 aliquem,

123 657 130 663 “
155 659 241 698 cujus
252 659 280 688 se
290 657 413 688 simileis
424 659 557 699 plerique
567 657 624 687 ess'e
634 658 754 687 vellent.
773 660 859 687 Hanc
870 659 960 698 igitur
970 655 1109 686 similitu-

157 700 262 730 dinem
281 702 333 740 qui
352 702 522 730 imitatione
533 698 749 738 afl‘equivolet,
770 707 836 727 tum
846 698 1107 727 exercitationibus
1128 723 1129 732 ,

156 741 266 771 crebris
284 750 369 782 atque
389 743 503 781 magnis
516 760 524 774 ,
544 738 754 779 tumfiribendo
766 739 899 769 maxime
910 739 1106 779 persequatur.

157 782 239 823 quod
249 780 270 811 fi
280 784 328 813 hic
338 782 437 812 noster
445 783 592 821 Sulpicius
602 780 709 810 faceret
719 801 726 813 ,
752 781 851 810 multo
860 781 922 820 ejus
933 789 1027 810 oratio
1038 779 1109 810 ess'et

157 822 295 864 preffior:
318 826 350 854 in
360 834 416 864 qua
425 833 506 853 nunc
514 821 665 852 interdum
677 842 685 854 ,
712 831 744 851 ut
753 824 784 851 in
794 821 894 851 herbis
903 821 1003 852 rustici
1013 822 1109 851 solent

155 865 266 898 dicere,
276 866 309 894 in
320 865 436 895 summa
445 863 574 893 ubertate
584 862 660 892 inest
670 864 801 893 luxuries
812 863 1036 904 quaedam7quae
1048 862 1107 902 sty-

155 907 188 936 lo
198 905 374 946 depascenda
384 904 434 935 est.
453 907 513 934 Hic
522 905 669 944 Sulpicius
681 915 686 932 ε
698 906 748 934 Me
759 906 893 945 quidem,
906 908 1013 946 inquit,
1026 905 1104 934 refite

155 957 274 980 moneS‚
285 947 374 987 idque
384 947 462 976 mihi
474 954 587 987 gratum
597 945 655 975 est:
675 945 723 975 sed
735 956 772 975 ne
783 955 809 976 te
820 946 944 986 quidem
957 966 965 979 ‚
979 948 1105 979 Antoni,
1127 978 1129 984 .

153 987 286 1019 multum
295 986 462 1027 scriptitasse
472 987 597 1017 arbitror
634 989 717 1016 Tum
727 988 796 1016 ille:
845 997 923 1017 UAsi
944 987 1016 1016 vero
1028 1007 1035 1020 ‚
1060 989 1107 1017 in-

152 1031 218 1069 quit
228 1049 236 1062 ‚
247 1039 310 1059 non
320 1039 352 1058 ea
361 1030 530 1068 praecipiam
540 1029 606 1058 aliis
617 1048 625 1062 ‚
642 1038 707 1069 quae
717 1030 794 1058 mihi
805 1030 834 1068 ip
849 1039 857 1057 1
869 1028 982 1058 desunt.
1006 1028 1054 1058 sed
1065 1038 1107 1059 ta-

150 1080 223 1100 men
234 1080 272 1100 ne
282 1070 393 1100 tabulas
403 1070 525 1111 quidem
536 1068 683 1099 conficere
701 1069 858 1099 existimor
870 1080 875 1098 :
898 1070 1005 1100 veruln
1023 1071 1055 1100 &
1073 1073 1105 1100 in

149 1113 217 1145 hoc,
230 1121 267 1141 ex
276 1121 306 1141 re
315 1110 456 1141 familiari
466 1121 543 1144 mea,
557 1111 589 1141 &
598 1113 631 1140 in
641 1111 707 1144 illo,
721 1121 759 1141 ex
770 1121 816 1145 eo,
828 1111 908 1152 quod
920 1111 998 1145 dico,
1011 1121 1104 1151 quan-

149 1153 248 1183 tulum
257 1152 289 1183 id
298 1162 426 1193 cumque
435 1152 478 1183 est
487 1173 495 1185 ‚
516 1152 588 1193 quid
597 1151 702 1182 faciam
714 1172 722 1186 ‚
741 1152 869 1192 judicari
880 1152 985 1192 potest.
1008 1157 1104 1194 Atque

147 1193 206 1224 effe
213 1203 313 1224 tamen
322 1196 435 1224 multos
444 1193 583 1225 videmus
594 1214 603 1228 ,
625 1195 676 1234 qui
697 1196 854 1224 neminem
874 1196 1048 1227 imitentur,
1071 1195 1103 1224 &

145 1236 246 1277 suapte
261 1243 366 1264 natura
375 1256 384 1269 ‚
402 1236 482 1277 quod
494 1236 591 1265 velint
599 1255 608 1269 ,
635 1234 695 1265 fine
712 1236 887 1276 cujusquam
906 1234 1102 1266 similitudine

147 1277 366 1318 consequantur
379 1288 384 1306 :
403 1277 484 1318 quod
504 1277 537 1306 δε
558 1279 589 1306 111
599 1277 685 1307 vobis
695 1278 893 1307 animadverti
904 1277 982 1307 16616
995 1277 1102 1317 potest,

127 1328 136 1335 ‘
147 1319 241 1349 Caesar
250 1339 259 1352 ,
279 1319 311 1349 &
330 1321 415 1349 Cotta
426 1338 434 1351 ,
457 1327 587 1358 quorum
597 1319 669 1348 alter
679 1317 849 1348 inufiratum
859 1319 982 1358 quidem
994 1318 1102 1348 nostris

147 1360 311 1390 oratoribus
321 1359 454 1399 leporem
466 1359 675 1399 quemdam,&
687 1360 794 1389 salem:
808 1360 880 1389 alter
888 1358 1099 1392 acutiflimum,

148 1402 183 1431 &
192 1399 412 1431 subtiliffimum
424 1400 544 1430 dicendi
555 1411 647 1440 genus
657 1399 701 1430 est
710 1401 894 1430 consecutus.
910 1404 1016 1441 Neque
1027 1400 1099 1430 vero

144 1441 240 1473 vester
253 1442 382 1483 aequalis,
393 1443 495 1475 Curio,
506 1451 675 1481 patre‚mea
684 1442 827 1472 sententia
839 1462 847 1475 ,
859 1443 907 1472 vei
917 1443 1101 1482 eloquentis

143 1482 220 1514 fimo
230 1484 415 1523 temporibus
425 1483 495 1516 illis,
510 1493 692 1524 quemquam
703 1485 781 1513 mihi
792 1493 971 1525 magnopere
983 1483 1102 1513 videtur

146 1526 261 1555 imitari
274 1536 279 1554 :
290 1527 342 1565 qui
354 1534 454 1555 tamen
463 1525 624 1554 verborum
634 1526 788 1565 gravitate,
798 1526 831 1555 &
842 1526 996 1565 elegantia,
1007 1525 1039 1554 &
1049 1535 1102 1555 co-

142 1568 202 1607 pia,
213 1567 231 1597 s
228 1577 294 1597 uam
303 1566 463 1607 quamdam
474 1564 608 1605 expreffit
617 1565 696 1606 quafi
705 1565 848 1600 formam,
860 1565 1044 1608 figuramque
1055 1567 1102 1596 di-

145 1608 232 1639 cendi
244 1619 250 1637 t
269 1608 349 1649 quod
360 1618 414 1649 ego
425 1607 562 1637 maxime
572 1607 795 1647 potuijudicare
806 1610 838 1638 in
850 1619 883 1639 ea
893 1609 976 1638 causa
986 1628 994 1641 ‚
1032 1619 1100 1638 uam

146 1650 199 1679 ille
217 1659 320 1680 contra
337 1660 387 1679 me
405 1649 482 1689 apud
501 1651 706 1680 centumviros
717 1653 730 1668 ²
740 1659 795 1689 pro
805 1648 944 1680 fratribus
954 1652 997 1680 Co
1021 1660 1045 1679 is
1055 1650 1102 1680 di—

145 1693 201 1721 xit.
231 1693 264 1722 in
273 1702 330 1733 qua
340 1692 418 1722 nihil
427 1691 473 1721 illi
483 1690 580 1721 defuit
591 1711 599 1723 ,
612 1691 694 1732 quod
704 1701 768 1723 non
778 1690 873 1721 medo
883 1692 1020 1732 copiosus
1030 1712 1038 1726 ,
1051 1692 1099 1722 sed

81 1740 130 1774 24
146 1735 236 1764 etiam
251 1734 364 1774 sapiens
375 1742 472 1764 orator
481 1732 587 1764 habere
596 1733 724 1764 deberet.
762 1733 888 1768 Verum>
901 1734 1103 1776 utaliquando

144 1774 181 1806 ad
192 1776 286 1806 causas
295 1775 475 1806 deducamus
486 1776 586 1811 illum,
599 1787 689 1817 quem
701 1776 925 1811 constituimus,
937 1777 969 1807 &
980 1787 1025 1807 eas
1036 1778 1103 1818 qui-

150 1816 221 1846 dem
231 1837 240 1850 ,
252 1819 284 1847 in
294 1818 402 1858 quibus
411 1818 579 1857 plusculum
589 1820 702 1859 negotii
713 1818 755 1848 est
766 1839 773 1853 ‚
790 1819 977 1859 judiciorum
989 1838 997 1852 ,
1017 1828 1103 1859 atque

144 1858 247 1888 litium
257 1858 364 1897 (riserit
373 1859 479 1900 aliquis
492 1859 609 1889 fortaffe
618 1861 676 1890 hoc
686 1869 880 1900 pracceptum:
895 1860 937 1890 est
946 1863 1029 1890 enim
1038 1870 1103 1890 non

145 1908 207 1930 tam
217 1909 337 1929 acutum
348 1921 359 1933 ,
370 1900 461 1941 quam
478 1900 671 1931 necessarium
681 1922 693 1934 ,
708 1903 858 1942 magisque
868 1904 1027 1932 monitoris
1038 1912 1102 1932 non

145 1940 220 1971 fatui
231 1960 240 1974 ‚
259 1951 348 1981 quam
358 1941 464 1971 eruditi
475 1941 618 1982 magistri)
632 1943 690 1973 hoc
700 1945 727 1972 ei
738 1946 872 1982 primum
883 1945 1101 1983 p1⁴aecipiemUS‚

145 1982 344 2022 quascumque
355 1983 451 2012 causas
459 1984 515 2012 erit
524 1982 687 2016 a&ui·us,ut
696 1994 741 2013 eas
751 1984 1100 2025 diligenterqpenitusque

148 2023 299 2063 cognoftat.
332 2025 400 2053 Hoc
409 2025 441 2053 in
452 2023 524 2053 ludo
534 2034 598 2053 non
607 2026 784 2064 praecipitur.
806 2026 908 2055 faciles
917 2028 1001 2054 enim
1011 2026 1101 2055 causae

144 2065 181 2093 ad
191 2073 296 2103 pueros
306 2063 487 2094 deferuntur.
514 2066 579 2094 Lex
600 2075 827 2096 PEREGRINUM
848 2076 925 2096 vetat
936 2069 968 2096 in
978 2076 1101 2096 murum

143 2104 320 2135 adscendere
333 2116 338 2134 :
359 2105 525 2135 adscendit:
546 2105 657 2136 hosteis
675 2108 800 2146 repulit:
824 2108 983 2138 accusatur.
1013 2109 1103 2137 Nihil

145 2146 189 2176 est
197 2148 312 2186 negotii
321 2147 496 2186 hujusmodi
506 2147 623 2177 causam
633 2149 821 2189 cognoscere.
844 2148 940 2179 Reti&
952 2151 1041 2190 igitur
1052 2151 1101 2178 ni-

143 2188 189 2218 hil
200 2188 236 2218 de
245 2188 327 2218 caula
337 2188 461 2218 dicenda
469 2190 655 2228 praecipiunt.
679 2190 741 2219 haec
751 2189 794 2219 est
803 2192 930 2219 enimin
943 2191 1026 2223 ludo,
1034 2200 1101 2220 cau-

145 2230 242 2260 sarum
250 2228 313 2259 fere
322 2228 461 2259 formula.
491 2232 531 2260 At
541 2228 613 2259 vero
624 2232 656 2259 in
665 2229 734 2260 foro
742 2250 750 2264 ,
773 2231 878 2261 tabulae
889 2252 897 2264 ,
918 2231 1100 2265 testimonia,

143 2270 227 2311 pa8ffl
235 2279 392 2305 conventa,
405 2270 608 2311 stipulationes
619 2291 627 2305 ‚
642 2274 833 2313 cognationes
842 2293 850 2306 ‚
862 2271 1018 2303 affinitates
1029 2293 1037 2307 ‚
1050 2273 1102 2303 de-

143 2321 231 2346 creta,
244 2311 390 2352 responsa,
402 2315 463 2343 vita
473 2312 602 2353 denique
614 2323 730 2347 eorum,
742 2316 793 2354 qui
805 2316 837 2343 in
846 2315 927 2344 causa
936 2315 1099 2347 versantur,

144 2361 204 2384 tota
214 2353 418 2394 cognoscenda
428 2353 470 2384 est
483 2364 489 2382 z
516 2364 642 2394 quarum
652 2365 752 2385 rerum
762 2356 941 2396 negligentia
949 2357 1100 2397 plerasque

125 2427 129 2430 ‚
142 2396 238 2426 causas
249 2416 257 2428 ‚
282 2396 315 2425 &
333 2395 469 2425 maxime
479 2398 604 2435 privatas
618 2397 698 2434 (sunt
708 2399 791 2427 enim
802 2399 901 2427 multo
910 2398 984 2437 saepe
993 2398 1098 2428 obscu-

144 2437 248 2477 riores)
265 2437 403 2467 videmus
422 2439 532 2467 amitti.
563 2440 606 2467 Ita
616 2439 758 2468 nonnulli
769 2458 777 2472 ,
799 2438 873 2469 dum
884 2449 1004 2479 operam
1015 2441 1096 2470 suam

145 2478 273 2508 multam
284 2477 447 2508 existimari
455 2479 564 2509 volunt
573 2499 582 2513 ,
594 2487 627 2508 ut
637 2488 702 2509 toto
713 2479 780 2509 foro
790 2481 913 2510 volitare
925 2501 933 2514 ,
948 2481 980 2510 &
990 2480 1005 2510 a
1015 2482 1097 2511 causa

143 2519 180 2549 ad
192 2520 306 2550 causam
317 2522 358 2549 ire
369 2519 527 2550 videantur
536 2541 544 2554 ,
565 2521 661 2550 causas
671 2521 775 2551 dicunt
784 2523 962 2563 incognitas.
987 2525 1023 2552 In
1034 2533 1096 2563 quo

117 2583 120 2585 Α
142 2559 186 2591 est
195 2561 244 2591 illa
253 2561 377 2601 quidem
389 2571 494 2603 magna
503 2561 641 2594 offensio,
653 2563 702 2592 vel
712 2563 891 2603 neglxgentzae‚
904 2564 1040 2603 susceptis
1050 2575 1096 2594 re-

141 2602 213 2632 bus:
231 2603 280 2632 vel
292 2602 410 2643 perfidiae
418 2623 426 2635 ‚
446 2605 570 2643 receptis
582 2614 587 2632 ς
608 2603 656 2633 sed
667 2606 756 2634 etiam
769 2606 818 2635 illa
829 2607 927 2644 major
936 2608 1094 2645 opinione,

140 2643 222 2684 quod
241 2653 334 2674 NEMO
353 2643 448 2684 potest
458 2644 493 2674 de
504 2655 537 2674 ea
547 2655 578 2674 re
587 2665 595 2678 ‚
607 2655 696 2685 quam
707 2655 771 2675 non
783 2648 880 2679 novit,
893 2656 957 2676 non
969 2646 1095 2686 turpissi-

141 2684 193 2714 me
204 2685 310 2716 dicere.
327 2688 366 2715 ita
376 2686 449 2715 dum
460 2688 573 2717 inertiae
582 2688 845 2726 vituperationem,
856 2698 921 2728 qua:
933 2689 1029 2727 major
1038 2688 1091 2723 est,

141 2735 352 2761 contemnunt,
361 2725 551 2768 assequuntur
562 2730 650 2757 etiam
662 2728 745 2758 illam
757 2749 764 2761 ‚
779 2739 868 2769 quam
880 2731 974 2769 magis
985 2729 1036 2769 ipsi
1045 2730 1094 2759 fu-

138 2769 226 2809 giunt
235 2788 244 2802 ,
267 2768 416 2799 tarditatis.
447 2769 596 2810 Equidem
607 2770 689 2799 soleo
700 2769 767 2800 dare
777 2780 897 2811 operam
908 2791 917 2804 ,
938 2780 970 2801 ut
989 2772 1025 2801 de
1044 2772 1094 2803 sua

177 2881 186 2897 1
194 2892 199 2898 .
220 2875 249 2897 Ut
256 2874 319 2898 hodic
328 2872 537 2907 AlalahnAcnfiw]
560 2874 627 2900 Pall.
638 2874 739 2909 priores
751 2875 777 2899 Sc
791 2874 863 2901 Gall.
874 2883 900 2900 ut
910 2879 981 2900 etiam
992 2896 1000 2906 ,
1020 2876 1090 2912 quod

137 2906 235 2942 placuit
245 2908 402 2935 Gtilielmio.
413 2912 483 2935 ctiam
490 2919 539 2946 pro
550 2910 626 2935 adhuc
636 2909 697 2936 :nisi
708 2910 829 2936 malimus
840 2910 971 2942 dividere,
981 2913 1076 2945 (ty-jam.

173 2951 201 2968 2.
221 2947 268 2969 Pro
278 2946 399 2977 fratribus
409 2947 501 2979 Coffis.)
523 2947 562 2971 Ita
574 2945 640 2971 Pall.
652 2946 819 2980 posteriores.
839 2954 865 2973 at
875 2947 975 2982 primus
986 2948 1071 2981 Rosciis
1082 2967 1090 2979 ,

135 2975 184 3004 sec.
195 2979 296 3011 conscic's.
310 2981 421 3006 Memm.
433 2981 544 3007 membr.
555 2983 632 3014 Rosiss.
652 2982 722 3007 Pitli.
735 2984 812 3015 Casiis.
1003 2979 1010 2986 '

175 3021 202 3048 3.
221 3017 297 3048 Atque
314 3017 400 3049 qiam]
423 3016 465 3042 Est
477 3018 491 3042 :i
503 3017 646 3043 Gallicanis
656 3018 683 3042 &c
696 3017 762 3043 Pall.
775 3027 833 3043 nam
847 3025 949 3053 recepta
959 3018 1039 3044 laelio
1052 3028 1089 3043 rc-

127 3049 196 3082 jicit.
216 3049 249 3075 116
261 3050 371 3087 &supra
382 3052 456 3077 liba.
466 3061 569 3087 cap.32..
581 3054 620 3078 M.
632 3052 756 3080 habemus
766 3054 830 3080 item
841 3057 914 3088 edicio,
926 3054 996 3089 qnod
1009 3056 1090 3080 Lam-

139 3082 212 3110 binus
225 3103 232 3115 ,
243 3086 332 3112 invitis
344 3086 401 3113 mff.
412 3089 525 3114 mutavit
537 3089 562 3114 in
575 3090 661 3120 rejicio.

170 3126 200 3153 4.
218 3123 284 3149 <Alio
292 3129 387 3158 temgore
398 3126 486 3159 cogitem
494 3125 553 3160 quid
561 3124 663 3160 dicam]
684 3124 754 3155 Pall.
764 3124 818 3154 duo
828 3125 856 3154 &C
866 3125 998 3157 Galuaeassl
1009 3144 1020 3160 >
1028 3134 1090 3161 ‘1¹¹⁴'

815 127 1252 176 Onam-oni:

1331 132 1372 177 L
1405 146 1424 177 1
1458 146 1500 177 Β.
1545 131 1610 178 ῙῙ.
2038 147 2096 195 93

1149 209 1271 249 quisque
1281 219 1311 239 16
1322 219 1371 239 nie
1381 210 1434 249 ips?
1443 209 1564 244 doceat,
1577 209 1610 240 δε
1620 229 1629 244 ,
1640 216 1673 240 ut
1682 209 1786 251 nequis
1796 210 1870 241 alius
1880 209 1952 241 adsit
1961 231 1968 244 ,
1990 209 2051 251 quo
2064 211 2102 241 li-

1150 249 1247 278 berius
1267 251 1403 291 loquatur
1415 272 1422 284 ‚
1449 252 1482 281 δε
1497 261 1580 293 agere
1598 251 1753 282 adversarii
1769 253 1883 282 causam
1895 272 1902 286 ‚
1927 262 1959 282 ut
1976 253 2027 282 ille
2037 262 2102 293 agat

1150 290 1243 322 suam,
1257 292 1299 325 &,
1310 293 1455 332 quidquid
1467 293 1502 322 de
1514 294 1531 323 s
1527 303 1561 324 ua
1570 303 1599 323 re
1610 295 1755 334 cogitarit,
1768 295 1800 323 in
1814 293 1949 323 medinm
1960 293 2099 333 proferat.

1149 332 1222 370 Itaq3
1234 330 1304 361 curn
1317 334 1365 362 ille
1376 332 1553 367 disceffiffet,
1565 334 1633 364 treis
1643 335 1781 374 personas
1791 345 1867 364 unus
1879 334 2008 364 sustineo
2018 336 2100 364 sum-

1151 380 1199 399 ma
1209 374 1302 401 animi
1314 377 1447 413 aequitate
1459 395 1466 408 ‚
1479 386 1577 405 meam
1590 396 1598 408 ,
1609 376 1782 409 adversarii,
1800 376 1922 416 judicis.
1945 378 2005 418 Qi
2017 376 2100 406 Iocus

1149 410 1190 439 est
1201 412 1276 445 talis,
1289 416 1393 452 utplus
1405 416 1507 446 habeat
1516 417 1694 452 adjumenti,
1704 418 1795 458 quam
1807 419 2009 451 incommodi,
2020 418 2101 447 hunc

1144 452 1249 490 judico
1260 452 1315 482 ess'e
1327 455 1487 486 dicendum
1499 468 1503 485 :
1527 459 1576 487 ubi
1588 459 1652 497 plus
1664 461 1747 492 mali,
1759 458 1848 500 quam
1860 460 1953 492 boni,
1967 461 2081 498 reperio
2094 469 2100 488 :

1149 493 1178 522 id
1191 501 1287 523 totum
1299 494 1436 534 abjudico
1445 517 1453 530 ‚
1479 501 1490 524 3
1502 508 1586 538 atque
1597 501 1712 538 rejicio.
1743 503 1786 530 Ita
1801 499 1936 541 ass'equor
1945 521 1954 534 2
1975 511 2007 530 ut
2017 505 2033 527 4
2042 501 2103 530 alio

1149 543 1283 573 tempore
1293 545 1432 579 cogitem,
1444 539 1515 577 quid
1528 541 1635 573 dicam,
1649 541 1681 571 &
1691 542 1750 571 alio
1759 541 1856 572 dicam
1869 553 1874 571 ;
1891 552 1956 583 quae
1966 542 2026 572 duo
2037 543 2101 582 ple-

1148 578 1231 615 rique
1243 586 1348 616 ingemo
1359 579 1438 610 freti,
1451 577 1537 608 simul
1548 580 1669 611 faciunt.
1682 582 1729 612 sed
1741 583 1818 613 certe
1828 583 1922 613 iidem
1933 584 1978 613 illi
1991 584 2102 613 melius

1148 617 1298 660 aliquanto
1310 617 1442 648 dicerent
1452 638 1460 652 ‚
1473 618 1493 648 si
1503 621 1582 650 alind
1594 623 1773 653 sumendum
1783 624 1836 654 fibi
1847 633 1964 664 tempus
1973 625 2008 654 ad
2019 627 2103 665 cogi-

1149 658 1272 688 tandum
1285 679 1293 692 ,
1314 659 1394 689 aliud
1413 660 1448 689 ad
1459 660 1621 690 dicendum
1630 673 1772 702 putarent.
1805 665 1884 696 Cum
1895 676 1958 696 rcm
1970 668 2100 706 penituS,

1149 700 1323 740 causamque
1334 703 1482 741 cognovi,
1504 701 1601 732 statim
1622 708 1748 735 occurrit
1762 709 1865 737 animo
1876 728 1884 741 ,
1903 718 1968 748 qua:
1978 708 2102 738 incausti

1148 741 1292 781 ambigui.
1325 744 1437 772 NIHIL
1456 742 1498 772 est
1517 745 1600 772 enim
1614 763 1620 776 ‚
1641 746 1721 784 quod
1732 748 1808 777 inter
1819 750 1959 779 homines
1968 749 2102 789 ambiga-

1149 790 1204 814 tur,
1216 781 1273 815 sive
1285 792 1322 812 ex
1334 785 1462 813 crimine
1472 785 1555 814 causa
1564 785 1688 819 constet,
1700 795 1731 816 ut
1741 787 1881 819 facinoris
1893 801 1898 819 :
1910 789 1967 820 sive
1977 801 2013 820 ex
2024 800 2101 820 con-

1127 820 1129 828 “
1150 822 1295 857 troversia,
1310 834 1342 854 ut
1351 825 1520 855 hereditatis
1532 836 1537 854 τ
1558 824 1616 855 five
1626 837 1664 856 ex
1675 827 1885 860 deliberatione
1898 851 1906 864 ‚
1918 840 1949 861 ut
1960 832 2030 861 belli
2046 842 2050 860 z
2063 830 2100 860 si-

1149 874 1185 893 ve
1195 874 1234 894 ex
1244 866 1379 904 persona,
1392 876 1424 896 ut
1433 867 1527 897 laudis
1541 878 1546 896 ε
1561 866 1620 897 five
1631 879 1668 897 ex
1678 869 1887 908 disputatione,
1898 881 1930 901 ut
1939 873 1974 902 de
1986 875 2100 903 ratione

1148 906 1271 936 vivendi
1284 919 1293 941 5
1303 909 1335 936 in
1347 918 1408 948 quo
1418 918 1482 938 non
1492 917 1541 938 aut
1550 909 1621 949 quid
1631 909 1744 939 136111111
1755 909 1849 944 sit,aut
1860 912 2095 946 fiat,futurumve

1148 945 1190 980 fit,
1202 958 1353 987 quaeratur,
1366 958 1414 979 aut
1423 950 1507 990 quale
1518 948 1560 983 sit,
1573 959 1622 980 aut
1631 951 1703 991 quid
1714 961 1844 982 vocetur.
1871 957 1913 983 Ac
1924 954 2028 985 nostrae
2035 955 2097 986 feri.¹

1147 991 1247 1022 causae,
1260 1000 1325 1030 quae
1335 991 1458 1031 quidem
1470 992 1536 1021 sunt
1545 993 1721 1027 criminum,
1732 993 1908 1034 plerumque
1919 996 2099 1026 infitiatione

1148 1029 1361 1061 defenduntur.
1390 1035 1472 1062 Nam
1484 1033 1516 1062 &
1526 1033 1561 1063 de
1571 1036 1705 1072 pecuniis
1715 1036 1887 1074 repetundis
1898 1057 1905 1070 ,
1927 1047 1990 1077 quce
2003 1041 2100 1068 maxi—

1149 1081 1206 1101 mae
1216 1072 1293 1105 sunt,
1306 1074 1438 1114 neganda
1447 1073 1508 1104 fere
1521 1074 1588 1104 sunt
1597 1078 1716 1106 omnia:
1737 1077 1769 1106 &
1779 1076 1815 1106 de
1825 1077 1938 1107 ambitu
1950 1078 2013 1108 raro
2024 1080 2100 1109 illud

1147 1113 1231 1142 datur
1241 1134 1249 1146 ,
1273 1123 1305 1143 ut
1315 1113 1402 1153 poffis
1414 1115 1618 1146 liberalitatem
1630 1137 1641 1150 ,
1662 1127 1694 1147 ac
1704 1118 1917 1159 benignitatem
1928 1119 1963 1149 ab
1973 1120 2102 1155 ambitu,

1146 1162 1231 1195 atque
1242 1155 1397 1195 largitione
1409 1157 1569 1202 sejungere.
1594 1158 1629 1188 de
1641 1157 1746 1189 ficariis
1757 1179 1765 1192 ‚
1779 1159 1815 1189 de
1826 1159 1991 1194 veneficiis,
2005 1161 2040 1191 de
2050 1172 2102 1201 pe-

1145 1198 1254 1229 culatu,
1267 1196 1390 1227 infitiari
1401 1198 1515 1228 necesse
1528 1198 1580 1229 est.
1593 1200 1625 1230 Id
1637 1199 1679 1230 est
1689 1203 1778 1242 igitur
1788 1212 1881 1242 genus
1888 1204 2024 1242 primum
2034 1213 2103 1233 cau-

1146 1238 1242 1267 sarum
1261 1240 1292 1268 in
1309 1239 1431 1278 judiciis
1444 1261 1451 1273 ‚
1473 1251 1510 1270 ex
1521 1241 1715 1272 controversia
1726 1241 1806 1272 faeti.
1830 1246 1866 1272 In
1877 1244 2100 1274 deliberationi-

1145 1279 1199 1308 bus
1209 1279 1386 1321 plerumque
1395 1291 1432 1311 ex
1441 1281 1534 1312 futuri
1547 1303 1554 1315 ,
1567 1282 1631 1312 raro
1642 1286 1732 1313 etiarn
1742 1294 1780 1313 ex
1788 1283 1924 1315 instantis
1935 1306 1943 1319 ‚
1955 1295 2004 1315 aut
2014 1286 2095 1316 fasti.

1142 1323 1222 1360 Saepe
1233 1330 1331 1351 autem
1342 1332 1386 1351 res
1396 1333 1470 1357 non,
1482 1322 1525 1357 fit,
1537 1334 1632 1354 1166116
1642 1345 1649 1358 ,
1664 1325 1711 1355 sed
1722 1325 1855 1366 qualisst’t·
1867 1347 1874 1359 ,
1886 1330 2042 1367 quaeritur:
2066 1338 2099 1358 ut

1142 1360 1213 1391 cum
1225 1364 1262 1391 L.
1274 1365 1389 1402 Opimii
1400 1366 1515 1394 causam
1526 1364 1702 1396 defendebat
1709 1367 1785 1406 apud
1796 1377 1854 1407 pop
1860 1369 2097 1401 ulum‚audiente

1143 1413 1211 1444 meh,
1233 1406 1264 1433 C.
1279 1405 1372 1434 Carbo
1392 1407 1495 1436 consul
1507 1426 1514 1439 ,
1534 1407 1611 1436 1111111
1631 1408 1666 1437 de
1686 1411 1718 1438 C.
1732 1410 1857 1439 Gracchi
1870 1420 1942 1440 nece
1954 1411 2078 1452 negabat
2090 1422 2096 1440 :

1142 1444 1190 1474 sed
1201 1444 1304 1484 idjure
1314 1456 1368 1485 pro
1379 1447 1470 1477 salute
1480 1450 1578 1487 patriae
1591 1469 1599 1481 ,
1611 1448 1725 1478 1118111111
1735 1448 1792 1480 effe
1803 1450 1918 1481 dicebat
1926 1472 1934 1484 ‚
1955 1461 1987 1482 ut
1998 1452 2099 1483 eidem

1144 1486 1273 1529 Carboni
1291 1487 1412 1517 tribuno
1430 1489 1508 1528 pleb.
1526 1490 1655 1520 aliatum
1667 1500 1768 1521 mente
1780 1492 1915 1532 rempub.
1926 1492 2096 1533 capefl‘enti,

1144 1531 1173 1557 P.
1186 1529 1342 1558 Airicanus
1352 1529 1388 1558 de
1400 1533 1448 1559 Ti.
1462 1532 1596 1560 Graccho
1607 1533 1812 1574 interroganti,
1824 1534 2021 1573 responderat,
2036 1537 2098 1571 jure

1143 1569 1252 1598 caesum
1272 1570 1382 1599 videri.
1411 1572 1485 1609 Jt-:re
1493 1581 1592 1602 autem
1603 1576 1708 1604 omnia
1717 1574 1936 1610 defenduntur,
1958 1587 2022 1617 quae
2033 1577 2101 1607 sunt

1144 1611 1169 1649 ej
1174 1621 1207 1640 us
1226 1613 1342 1651 generis
1353 1632 1361 1645 ‚
1381 1621 1414 1642 ut
1431 1622 1480 1643 aut
1499 1617 1663 1653 oportuerit
1673 1635 1684 1649 ,
1702 1625 1750 1645 aut
1769 1616 1909 1650 licuerit,
1925 1627 1974 1648 aut
1984 1617 2101 1648 necess'e

1144 1652 1235 1682 fuerit
1245 1672 1253 1685 ,
1266 1661 1314 1682 aut
1323 1654 1525 1693 imprudentia
1536 1676 1544 1689 ‚
1556 1665 1604 1686 aut
1613 1657 1678 1686 casu
1687 1656 1762 1687 faeta
1771 1656 1828 1687 effe
1839 1659 2003 1689 videantur.
2029 1661 2099 1700 Jam

1144 1693 1216 1735 quid
1227 1703 1357 1728 vocetur,
1370 1698 1520 1735 quaeritur,
1532 1700 1602 1727 611111
1617 1719 1624 1730 ,
1636 1708 1696 1738 quo
1706 1699 1797 1729 verbo
1807 1700 1879 1740 quid
1888 1701 2101 1741 appellandum

1146 1735 1188 1770 sit,
1201 1736 1405 1767 contenditur:
1424 1747 1455 1768 ut
1465 1740 1543 1768 mihi
1553 1738 1606 1779 ipsi
1616 1750 1686 1769 cum
1699 1741 1755 1770 hoc
1764 1742 1898 1781 Sulpicio
1908 1742 1965 1772 fuit
1974 1744 2007 1772 in
2018 1745 2101 1772 Nor-

1146 1779 1214 1809 bani
1226 1780 1307 1809 causa
1318 1780 1436 1810 summa
1454 1783 1620 1811 contentio.
1641 1781 1780 1822 pleraque
1798 1785 1882 1813 enirn
1902 1783 1937 1813 de
1956 1785 1993 1813 iis
2005 1804 2013 1817 ,
2033 1794 2100 1824 quae

1144 1821 1180 1850 ab
1191 1819 1247 1850 isto
1258 1821 1476 1860 objiciebantur
1484 1843 1492 1856 ,
1513 1821 1584 1852 cum
1596 1822 1754 1853 confiterer
1763 1844 1771 1857 ,
1793 1833 1893 1855 tamen
1903 1825 2002 1856 abillo
2010 1827 2099 1864 maje-

1137 1861 1242 1898 statem
1259 1864 1444 1892 imminutam
1462 1864 1605 1906 negabam
1617 1875 1622 1893 :
1645 1875 1682 1895 ex
1700 1875 1762 1906 quo
1782 1866 1873 1896 verbo
1893 1867 1956 1908 lege
1974 1868 2100 1907 Apuleja

1145 1913 1205 1934 tota
1225 1904 1276 1934 1113
1291 1905 1375 1934 causa
1391 1905 1544 1944 pendebat.
1576 1909 1675 1946 Atque
1695 1909 1727 1936 in
1745 1907 1802 1937 hoc
1820 1918 1927 1948 genere
1944 1910 2098 1938 causarum

1145 1946 1287 1975 nonnulli
1305 1948 1479 1985 praecipiunt
1491 1957 1495 1975 :
1516 1955 1548 1976 ut
1565 1947 1689 1977 verbnm
1707 1948 1781 1978 illud
1794 1968 1802 1981 ‚
1820 1949 1902 1989 quod
1920 1951 2039 1980 causam.
2054 1949 2100 1980 fa-

1145 1989 1196 2019 cit,
1211 1990 1223 2013 5
1232 1987 1330 2017 lucide
1346 2008 1355 2020 ‚
1367 1988 1551 2028 breviterque
1560 1987 1691 2018 definiat.
1712 1989 1800 2029 Qod
1810 1991 1888 2019 mihi
1897 1991 2020 2031 quidem
2029 2001 2099 2031 per-

1145 2029 1238 2068 quam
1245 2029 1357 2067 puerile
1367 2029 1461 2058 videri
1471 2030 1552 2059 solet.
1574 2030 1629 2059 alia
1639 2029 1681 2059 est
1690 2033 1773 2060 enirn
1784 2051 1793 2064 ,
1814 2030 1884 2061 cum
1904 2035 1982 2061 inter
1990 2032 2098 2062 decios

1144 2071 1284 2098 homines
1295 2069 1330 2099 de
1342 2072 1377 2099 iis
1389 2069 1454 2109 ipsis
1466 2071 1551 2100 rebus
1566 2091 1573 2103 ,
1585 2081 1649 2111 quae
1660 2073 1851 2102 versantnrin
1862 2072 1981 2107 artibus,
1994 2073 2097 2113 dispu-

1144 2119 1219 2140 tatur
1229 2131 1237 2144 ‚
1248 2111 1407 2142 verborum
1420 2110 1557 2141 definitio
1569 2123 1574 2140 :
1598 2122 1630 2142 ut
1640 2132 1647 2146 ‚
1661 2123 1730 2143 curri
1740 2116 1880 2153 quaeritur
1890 2135 1898 2147 ,
1912 2115 1983 2155 quid
1995 2114 2027 2144 sit
2037 2125 2095 2148 ars.

1143 2152 1214 2192 quid
1234 2151 1267 2181 sit
1286 2153 1335 2181 lex
1345 2172 1355 2185 7
1374 2153 1445 2192 quid
1456 2151 1489 2182 sit
1498 2155 1611 2183 civitas.
1640 2157 1675 2183 In
1685 2156 1793 2194 quibus
1804 2156 1860 2185 hoc
1868 2158 2000 2196 praecipit
2010 2159 2098 2189 ratio,

1143 2202 1228 2233 atque
1239 2192 1384 2226 (1οᾶ11113,
1390 2203 1421 2223 ut
1429 2196 1475 2223 vis
1485 2196 1548 2233 ejus
1558 2197 1701 2235 rei,quam
1713 2195 1887 2229 definiasJic
1898 2200 2095 2237 exprimatur,

1143 2243 1176 2263 ut
1185 2244 1281 2274 neque
1292 2233 1363 2264 absit
1375 2235 1536 2276 quidquam
1549 2256 1557 2269 ,
1569 2247 1665 2277 neque
1676 2236 1803 2276 supersit.
1827 2238 1916 2277 Qod
1925 2239 2050 2279 quidem
2062 2242 2097 2269 in

1141 2276 1192 2305 illa
1202 2277 1284 2305 causa
1293 2286 1389 2317 neque
1399 2277 1546 2316 Sulpicius
1563 2277 1633 2308 fecit
1644 2299 1652 2311 ‚
1673 2289 1769 2318 neque
1788 2290 1842 2320 ego
1861 2279 1954 2310 facere
1971 2291 2096 2311 conatus

1142 2318 1217 2347 sum.
1242 2320 1334 2350 Nam,
1345 2328 1489 2358 quantum
1500 2329 1620 2360 uterque
1630 2320 1768 2350 nostrum
1779 2323 1877 2360 potuit
1887 2342 1895 2356 ,
1908 2325 1996 2352 omni
2007 2325 2093 2362 copia

1142 2359 1263 2388 dicendi
1274 2358 1416 2392 dilatavit,
1428 2360 1498 2400 quid
1510 2359 1579 2390 ess'et
1590 2361 1772 2400 majestatem
1785 2365 1930 2393 minuere.
1969 2366 2094 2394 Etenim

1140 2399 1279 2430 definitio
1288 2400 1423 2439 primum
1436 2403 1612 2441 reprehenso
1621 2403 1712 2433 verbo
1726 2414 1788 2433 uno
1800 2424 1808 2436 ,
1832 2413 1880 2434 aut
1897 2404 1999 2434 addito
2010 2425 2018 2438 ,
2041 2415 2092 2435 aut

1140 2442 1244 2472 demto
1256 2462 1264 2475 ‚
1286 2443 1358 2482 saepe
1367 2444 1586 2483 extorquetur&
1598 2446 1736 2474 manibus
1759 2456 1764 2473 2
1785 2445 1893 2474 deinde
1909 2455 2016 2486 genere
2026 2447 2096 2486 ipso

1140 2482 1309 2513 doctrinam
1329 2484 1442 2513 redolet
1453 2504 1460 2516 ‚
1481 2487 1786 2525 exercitationemque
1805 2486 1888 2525 paene
1902 2507 1911 2520 ,
1931 2488 2089 2526 puerilem:

1140 2534 1204 2554 tum
1215 2527 1247 2554 in
1256 2525 1386 2558 sensum,
1398 2525 1469 2555 &in
1479 2534 1597 2554 mentem
1606 2527 1707 2565 judicu
1716 2529 1823 2556 intrare
1833 2537 1897 2557 non
1907 2528 2011 2567 potest.
2021 2529 2092 2559 ante

1140 2569 1224 2596 enim
1235 2567 1449 2606 praeterlabitur
1460 2587 1467 2598 ,
1479 2566 1568 2606 quam
1579 2577 1713 2606 percepca
1724 2567 1777 2597 est.
1816 2569 1871 2598 Sed
1882 2570 1915 2598 in
1925 2579 1961 2599 eo
1970 2580 2088 2611 genere,

1140 2609 1173 2637 in
1183 2618 1243 2648 quo
1255 2628 1262 2641 ‚
1274 2609 1358 2648 quale
1369 2606 1402 2636 sit
1412 2607 1483 2647 quid
1496 2628 1504 2640 ,
1524 2609 1701 2648 ambigitur,
1723 2608 1836 2639 exsistit
1844 2613 1934 2641 etiam
1944 2621 1982 2641 ex
1992 2613 2091 2652 scripti

1139 2651 1378 2688 interpretatione
1399 2649 1471 2687 saepe
1483 2654 1639 2679 contentio
1650 2669 1658 2682 ,
1679 2652 1710 2680 in
1728 2661 1789 2691 quo
1807 2652 1892 2682 nulla
1907 2653 2004 2692 potest
2021 2653 2093 2687 eii'c,

1139 2689 1194 2720 nisi
1205 2701 1242 2720 ex
1252 2690 1393 2730 ambiguo
1403 2689 1608 2721 controverfia.
1633 2693 1713 2721 Nam
1727 2692 1802 2722 illud
1813 2693 1910 2732 ipsum
1923 2715 1930 2727 ‚
1942 2693 2012 2724 cuni
2019 2696 2092 2734 siri-

1137 2740 1221 2773 prum
1230 2732 1246 2761 a
1255 2732 1400 2761 sententia
1409 2731 1549 2771 discrepat
1560 2751 1568 2765 ‚
1584 2742 1677 2772 genus
1687 2734 1840 2773 quoddam
1852 2735 1939 2765 habet
1947 2737 2094 2777 ambigui:

1138 2773 1220 2813 quod
1231 2782 1295 2803 tum
1306 2773 1483 2812 explicatur,
1495 2772 1565 2803 cum
1575 2784 1607 2805 ea
1615 2775 1703 2805 verba
1713 2795 1722 2809 ,
1741 2785 1807 2816 quae
1818 2775 1924 2807 desunt
1932 2798 1943 2810 ‚
1963 2778 2093 2818 suggesta

2002 2820 2069 2849 sunt
2080 2830 2090 2849 ·.

1137 2886 1188 2902 ram
1198 2879 1265 2910 qimid.
1286 2879 1310 2903 &
1325 2880 1380 2903 iere
1391 2879 1552 2912 praetulerim
1564 2878 1634 2914 quod
1645 2879 1730 2906 statim
1742 2879 1874 2915 sequatur,
1889 2882 1923 2905 ad
1932 2882 2073 2914 cogitandum
2082 2892 2094 2906 ,⁷

1136 2912 1210 2948 supra
1221 2914 1298 2939 etiarn
1313 2913 1355 2939 nbi
1367 2913 1449 2940 exstat
1461 2933 1468 2945 ,
1480 2915 1563 2947 caufiu
1572 2916 1652 2940 dicunt
1660 2918 1805 2949 incognita15
1816 2916 1895 2943 iidem
1908 2917 1968 2943 libri
1979 2917 2088 2948 habeut,

1138 2949 1275 2981 x'elsrilmt,
1288 2949 1432 2981 wulstanum
1442 2953 1571 2982 incognitas
1581 2961 1586 2975 :
1597 2950 1721 2977 ultimum
1734 2961 1784 2977 non
1797 2951 1949 2987 spreverim.

1174 2993 1199 3016 5.
1220 2985 1307 3009 Lat-ide
1318 2986 1464 3018 breviterque
1475 2986 1599 3020 definiam]
1620 2987 1732 3021 Vulgata
1742 2988 1852 3022 amplius
1864 2990 2012 3022 breviterque
2020 2995 2089 3013 uto·-

1134 3029 1177 3052 qm»
1187 3020 1293 3052 definiat.
1315 3029 1372 3054 qnae
1385 3029 1434 3046 vox
1452 3020 1512 3053 jure
1522 3021 1655 3057 displicuit
1666 3025 1696 3049 i’.
1709 3023 1840 3049 ManutiO.
1862 3033 1909 3049 nec
1919 3024 1953 3050 611·
1964 3024 1989 3049 in
2002 3024 2086 3050 l'alat.

1142 3055 1264 3080 *rioribus
1284 3063 1329 3081 aut
1349 3055 1460 3081 totidem
1471 3056 1634 3090 Gallicani55
1654 3058 1778 3085 secundus
1789 3059 1897 3085 interim
1909 3060 1994 3086 noster
2010 3059 2086 3085 imbe-

1134 3065 1177 3116 lut
1190 3109 1197 3121 2
1216 3092 1363 3130 breviterque
1380 3091 1518 3127 definiatur.
1547 3102 1578 3122 ut
1597 3094 1703 3122 volebat
1721 3093 1792 3123 idem
1810 3094 1947 3128 literarum
1967 3095 2091 3122 columem

1134 3134 1287 3163 &gscglklmr

1599 3166 1629 3195 M
1649 3173 1666 3204 3
1999 3174 2024 3195 n.
2034 3165 2090 3200 βυ

2118 961 2165 992 25
