2297 3389
640 146 949 193 ORAT10
1018 147 1158 195 1320
1226 150 1274 197 P.
1330 147 1636 202 sexa-10.

155 238 199 268 M.
214 234 302 267 Craffi
313 255 322 270 ,
334 232 528 266 fortiffimum
539 229 641 262 vimm
651 249 661 264 ,
681 240 721 260 ne
728 229 844 260 videret
859 229 1007 261 viStorem
1017 231 1105 262 vivus

154 280 318 309 inimicum
329 297 338 312 ,
361 276 464 306 eadem
477 272 530 304 sibi
540 282 633 303 manu
649 273 746 303 vitam
757 270 918 303 exhaufiffe
927 292 936 306 ,
953 283 1011 314 qua
1020 282 1105 303 mor-

90 326 138 362 22
154 329 216 352 tem
228 321 300 360 saepe
307 317 442 350 hostibus
453 312 625 346 obtulisset?
648 316 720 345 Haec
729 324 794 356 ego,
809 314 842 344 &
851 314 947 344 multa
955 315 1012 345 alia
1020 316 1105 355 cogi-

152 372 231 396 tans,
242 364 300 392 hoc
309 360 460 391 videbam,
473 356 494 386 si
503 356 617 387 causam
628 356 782 396 publicam
792 366 859 386 mea
868 365 950 385 mors
960 356 1105 396 peremis-

154 404 216 435 set:
238 403 395 433 neminem
406 409 551 441 umquam
561 397 626 428 fore
637 418 646 431 ‚
658 400 711 439 qui
721 398 839 428 auderet
849 398 990 437 suscipere
1002 406 1105 428 contra

152 444 308 485 improbos
317 443 409 472 civeis
420 443 494 481 reip.
514 441 646 471 salutern.
670 443 771 481 Itaque
788 450 852 470 non
865 439 966 470 solum
982 436 1002 468 fi
1013 440 1044 469 vi
1055 440 1103 468 in-

153 484 293 518 terissem,
305 483 353 514 sed
369 485 459 514 etiam
470 482 490 513 fi
501 483 610 512 morbo
628 481 794 513 exstintstus
809 480 900 511 effem
913 501 922 515 ,
939 479 1005 511 fore
1023 489 1107 520 puta-

151 528 222 559 bam
234 547 243 560 ,
263 535 297 556 ut
305 525 462 567 exemplum
480 525 596 565 reipub.
609 523 819 554 conservanda:
830 532 951 555 mecum
962 521 1050 552 fimul
1059 523 1107 552 in-

153 570 263 599 teriret.
295 569 371 609 Qis
393 569 477 597 enim
497 576 642 607 umquam
654 586 662 600 ,
686 576 737 596 me
754 567 770 596 a
787 566 888 596 senatu
903 583 912 598 ,
930 564 1107 605 populoque

152 612 247 642 Rom.
260 619 340 640 tanto
349 612 493 639 omniurn
502 609 655 638 bonorum
666 608 777 641 studio,
787 617 851 637 non
860 604 1106 646 restituto,(quod

151 651 251 685 certe,
270 650 392 682 siessem
403 650 576 681 interfe&us
587 670 595 684 ,
612 650 743 681 accidere
761 658 826 679 non
842 646 994 688 potuisset)
1012 648 1104 677 ullam

151 694 268 733 reipub.
281 702 394 734 partem
405 703 475 724 cum
485 693 535 722 sua
544 694 675 722 minima
687 690 801 721 invidia
809 689 929 719 auderet
938 690 1079 728 attingere
1091 691 1103 716 ?

151 737 270 766 Servavi
284 738 373 776 igitur
381 745 475 775 remp.
487 733 612 765 disccss‘u
623 743 704 766 meo,
711 734 723 772 j
728 732 827 762 udices
841 740 845 759 :
856 729 970 759 caedern
979 728 995 759 a
1004 729 1103 762 vobis,

148 777 310 818 liberisque
320 776 440 807 vestris:
462 776 627 807 vastitatem
640 794 648 808 ‚
659 772 797 804 incendia
806 791 814 804 ,
825 780 939 810 rapinas
948 790 956 803 ‚
968 780 1038 801 meo
1049 771 1105 801 do-

150 819 226 852 lore,
238 819 379 860 lu&uque
388 819 505 858 depuli:
518 817 550 847 δε
563 825 641 846 unus
651 824 745 854 remp.
757 813 926 852 bisftrvaw}
937 813 1029 842 semel
1037 813 1105 854 glo-

149 863 204 894 ria,
214 862 323 891 iterum
334 869 466 891 aerumna
477 868 552 888 mea.
564 867 663 897 neque
673 858 758 886 enim
769 857 802 884 in
812 856 869 885 hoc
880 864 929 884 me
939 855 1101 884 hominem
1125 886 1127 893 Ι

151 902 211 933 esse
220 901 374 933 infitiabor
385 909 528 941 umquam
540 919 548 932 ,
559 907 592 928 ut
602 908 652 927 me
662 899 779 938 optimo
788 895 876 926 fratre
885 916 893 929 ,
904 895 1055 926 cariffimis
1065 897 1105 926 li-
1125 899 1127 904 '

151 945 242 978 beris,
255 941 421 974 fidehffima
427 942 566 981 conjuge,
576 939 674 970 vestro
683 937 855 978 conspedihi,
867 940 968 978 patria,
981 939 1038 968 hoc
1047 939 1104 967 ho-

149 988 236 1017 noris
245 985 334 1026 gradu
345 1004 353 1018 ,
373 982 434 1013 fine
442 982 548 1013 dolore
555 980 676 1012 caruisse
685 982 806 1023 glorier.
829 980 910 1021 quod
921 979 942 1009 si
951 978 1084 1010 fecissem
1098 991 1104 1009 2

148 1027 232 1069 quod
241 1030 256 1057 a
266 1036 314 1056 me
323 1023 508 1055 beneficium
519 1024 664 1054 haberetis
675 1043 683 1057 ,
703 1021 776 1053 curn
786 1031 840 1062 pro
857 1022 944 1052 vobis
964 1031 995 1051 ea
1003 1041 1011 1055 ,
1037 1032 1102 1062 qua:

149 1070 229 1100 mihi
237 1066 330 1098 effent
341 1067 430 1101 vilia,
449 1064 634 1106 reliquiss'em
645 1068 656 1094 ἓ
672 1066 730 1095 hoc
740 1084 748 1098 ‚
768 1074 840 1093 meo
850 1063 974 1104 quidem
983 1065 1102 1098 animo,

149 1111 263 1142 summi
280 1111 315 1139 in
333 1110 457 1149 patriam
475 1109 589 1138 amoris
606 1108 669 1137 mei
676 1105 793 1147 fignum
803 1104 861 1135 ess'e
878 1105 965 1135 debet
982 1104 1104 1136 certissi-

147 1160 249 1185 mum,
259 1149 354 1192 quod,
362 1149 435 1181 curn
445 1148 541 1180 abess'e
548 1149 585 1180 ab
594 1159 627 1179 ea
636 1159 700 1179 non
709 1147 824 1189 possem
839 1146 899 1177 sine
915 1147 1036 1177 summo
1047 1147 1104 1177 do-

146 1193 222 1227 lore,
234 1194 315 1223 hunc
323 1203 373 1223 me
380 1194 493 1233 perpeti
505 1211 513 1226 ,
525 1190 616 1232 quarn
626 1191 711 1221 illam
722 1188 889 1220 labefa6’mri
898 1189 934 1219 ab
943 1189 1102 1229 improbis,

148 1235 257 1265 malui.
275 1236 491 1267 Memineram,
499 1234 625 1274 judices,
637 1232 780 1263 divinum
789 1232 879 1263 illum
888 1232 1004 1264 virum,
1015 1240 1102 1272 atque

146 1287 188 1308 ex
201 1276 321 1310 iisdem,
331 1276 442 1317 quibus
451 1285 519 1309 nos,
529 1275 677 1305 radicibus
685 1283 791 1304 natum
802 1294 812 1307 ‚
824 1273 858 1303 ad
869 1272 995 1303 salutem
1004 1275 1102 1313 impe-

145 1320 184 1349 rii
195 1318 295 1357 hujus,
306 1320 339 1348 C.
349 1319 484 1348 Marium
497 1337 506 1351 ,
525 1317 644 1346 summa
652 1315 803 1346 scne&ute
814 1334 822 1347 ,
842 1313 915 1344 cum
931 1316 996 1343 vim
1006 1315 1099 1354 prope

144 1361 156 1401 j
161 1359 296 1391 ustorum
308 1368 460 1389 armorum
472 1356 648 1398 profugisset
657 1377 666 1390 ‚
685 1358 785 1396 primo
795 1356 888 1386 senile
898 1365 1006 1395 corpus
1015 1357 1098 1396 palu-

145 1401 236 1432 dibus
245 1399 403 1432 occultasse
411 1400 598 1430 demersum:
624 1398 733 1429 deinde
750 1398 786 1428 ad
795 1396 977 1428 infimorum
987 1417 996 1431 ‚
1015 1407 1046 1428 ac
1055 1406 1100 1428 te—

145 1442 361 1474 nuiffimorum
377 1443 542 1472 hominum
559 1441 726 1471 Minturnis
745 1439 981 1470 misericordiam
990 1439 1100 1470 confu—

143 1483 231 1527 gifle:
254 1483 326 1514 inde
335 1484 457 1524 navigio
469 1492 614 1523 perparvo
623 1502 632 1516 ‚
652 1482 725 1512 curn
735 1483 856 1511 omneis
863 1489 967 1522 portus
977 1502 985 1515 ‚
998 1483 1100 1513 terras-

144 1536 204 1568 que
212 1525 338 1568 fugeret‚
348 1527 383 1555 in
393 1534 458 1555 oras
468 1523 575 1555 Africae
585 1522 790 1554 desertissimas
802 1521 976 1563 pervenisle.
1000 1526 1100 1564 Atque

142 1569 196 1598 iile
213 1569 310 1598 vitam
319 1568 401 1598 suam
412 1586 421 1600 ,
439 1576 470 1596 ne
489 1566 597 1595 inultus
607 1564 670 1603 effir
678 1585 687 1600 ‚
707 1565 743 1596 ad
761 1564 988 1595 incertissimam
1001 1565 1096 1605 spem,

144 1613 156 1630 ¹
168 1610 202 1640 &
210 1609 246 1640 ad
260 1609 376 1649 reipub.
388 1608 496 1639 statum
505 1608 679 1639 reservavit:
697 1617 751 1648 ego
761 1609 814 1648 qui
825 1607 1098 1648 (quemadmodum

143 1652 235 1682 multi
244 1653 279 1681 in
291 1651 393 1681 senatu
403 1671 413 1685 ‚
424 1661 474 1681 me
481 1650 612 1684 absente,
622 1649 776 1690 dixerunt)
787 1650 921 1689 periculo
929 1651 1002 1689 reip.
1013 1651 1097 1679 vive-

141 1693 337 1734 bam,quique
349 1693 390 1723 ob
401 1703 468 1724 eam
477 1692 592 1723 causam
603 1691 807 1722 consularibus
818 1691 924 1721 litteris
935 1691 972 1721 de
980 1692 1098 1722 senatus

141 1735 289 1766 sententia
297 1736 406 1765 exteris
416 1733 591 1765 nationibus
599 1731 984 1767 commendabar,nonne‚fi
995 1742 1096 1764 meam

140 1779 237 1808 vitam
258 1775 449 1807 deseruissem
459 1796 469 1811 ,
488 1785 583 1816 remp.
601 1773 817 1816 prodidissem?
839 1776 873 1805 in
890 1784 954 1815 quo
972 1774 1097 1816 quidem

142 1828 225 1849 nunc
235 1837 244 1852 ,
256 1828 307 1848 me
319 1817 473 1852 restituto,
494 1820 572 1848 vivit
586 1827 709 1847 mecum
728 1815 818 1847 simu)
830 1817 1008 1857 exemplum
1025 1815 1096 1846 fidei

139 1860 281 1901 publicae,
292 1860 469 1900 exemplum
479 1861 552 1899 reip.
565 1858 771 1889 defendendae.
793 1857 875 1898 quod
891 1856 911 1888 fi
922 1859 1095 1889 immortale

139 1903 294 1934 retinetur,
305 1903 371 1942 quis
380 1911 444 1932 non
452 1902 595 1942 intelligit
603 1921 612 1934 ,
632 1900 839 1931 immortalem
855 1900 932 1930 hanc
941 1902 1095 1930 civitatem

77 1952 120 1986 23
139 1942 272 1974 futuram
285 1947 296 1972 ἲ
319 1946 401 1973 Nam
410 1952 532 1973 externa
541 1943 729 1983 bellaregum
740 1961 748 1975 ,
761 1943 908 1982 gentium,
921 1943 1092 1975 nationum,

137 1985 321 2027 jampridem
332 1986 371 2014 ita
380 1983 527 2014 exstincta
535 1984 603 2014 sunt
612 2003 621 2018 ,
639 1992 672 2013 ut
680 1982 818 2023 praeclare
827 1982 899 2012 cum
909 1984 946 2012 iis
963 1992 1093 2023 agamus,

139 2037 216 2069 quos
229 2035 346 2066 pacatos
356 2024 413 2055 effe
423 2027 579 2066 patiamur.
602 2024 733 2065 denique
754 2034 798 2054 Ex
809 2034 951 2054 BELLicA
968 2024 1095 2054 vi&oria

140 2079 206 2099 non
214 2067 277 2098 fere
287 2077 471 2108 quemquam
480 2066 523 2097 est
533 2066 648 2097 invidia
665 2068 782 2096 civium
800 2066 964 2096 consecuta.
987 2065 1095 2095 dome-

139 2110 222 2141 sticis
233 2111 320 2140 malis
329 2129 337 2143 ,
350 2109 382 2139 &
392 2109 549 2139 audacium
557 2110 672 2139 civium
682 2106 814 2138 consiliis
823 2108 897 2148 saepe
907 2106 950 2138 est
959 2106 1094 2138 resisten-

137 2152 214 2183 dum
226 2162 232 2180 :
255 2160 420 2192 eorumque
437 2151 640 2191 periculorum
649 2149 693 2180 est
703 2152 736 2179 in
745 2150 848 2190 repub.
868 2149 1024 2180 retinenda
1036 2159 1094 2178 me-

137 2194 252 2223 dicina:
273 2203 363 2233 quarn
373 2202 521 2226 ornnem,
539 2192 675 2232 judices,
692 2190 908 2232 perdidissetis,
929 2189 948 2220 si
964 2200 1034 2222 meo
1045 2193 1093 2221 in-

138 2237 227 2267 teritu
236 2236 368 2268 senatui,
386 2234 562 2274 populoque
577 2236 673 2264 Rom.
696 2233 810 2263 doloris
826 2233 918 2264 suide
934 2242 983 2263 me
994 2233 1093 2264 decla-

137 2277 221 2308 randi
234 2275 359 2317 potestas
368 2275 439 2306 esset
457 2285 563 2316 erepta.
586 2278 684 2315 Qare
693 2285 808 2305 moneo
824 2284 878 2305 vos
890 2295 898 2309 ‚
920 2274 1093 2305 adolescen-

138 2328 195 2353 tes,
206 2328 292 2360 atque
301 2320 359 2348 hoc
370 2327 441 2348 meo
447 2317 514 2357 jure
522 2318 675 2357 praecipio,
685 2319 737 2357 qui
746 2316 935 2357 dignitatem,
946 2319 999 2357 qui
1008 2326 1089 2346 rern-

137 2360 208 2401 pub.
221 2362 272 2401 qui
280 2360 408 2401 gloriam
419 2357 552 2399 speEtatis
563 2369 569 2388 :
593 2369 642 2392 ne,
654 2357 673 2387 fi
683 2368 742 2399 qua
750 2368 806 2388 vos
816 2358 979 2399 aliquando
989 2359 1091 2388 neces-

136 2401 202 2432 sitas
210 2403 246 2432 ad
258 2401 395 2441 rempub.
414 2400 680 2441 contraimprobos
688 2402 781 2430 civeis
797 2399 1018 2430 defendendam
1035 2410 1091 2430 vo—

137 2444 232 2477 cabit,
252 2444 400 2485 segniores
416 2442 476 2472 sitis
487 2462 496 2476 ,
521 2443 554 2473 &
571 2442 774 2473 recordatione
784 2444 845 2472 mei
855 2442 936 2472 casus
946 2441 1091 2482 aconfiliis

131 2484 256 2525 fortibus
275 2484 436 2526 refugiatis.
459 2484 594 2515 Primum
609 2505 618 2518 ,
638 2494 702 2514 non
723 2483 767 2514 est
780 2484 968 2524 periculum,
986 2494 1024 2514 ne
1038 2486 1090 2524 qui

138 2536 284 2568 umquam
294 2524 350 2557 sint
367 2529 400 2556 in
412 2528 530 2557 civitate
546 2526 696 2565 ejusmodi
715 2526 869 2559 consules,
889 2526 1052 2565 praescrtim
1068 2524 1089 2555 si

138 2572 193 2599 erit
203 2570 250 2598 his
261 2567 292 2598 id
302 2588 311 2602 ‚
326 2568 406 2609 quod
415 2568 539 2599 debetur
549 2589 558 2604 ,
575 2568 770 2608 persolutum.
799 2567 907 2598 deinde
921 2577 1090 2608 numquam

134 2611 210 2652 jam,
222 2619 254 2640 ut
264 2610 357 2650 spero,
369 2610 525 2651 quisquam
535 2610 703 2650 improbus,
715 2608 852 2643 consilio,
866 2609 898 2639 δε
908 2610 1024 2639 auxilio
1035 2609 1091 2639 bo-

136 2662 248 2683 norum
267 2653 295 2682 se
305 2661 474 2692 oppugnare
493 2662 587 2692 remp.
600 2652 698 2687 dicet,
720 2652 772 2681 illis
782 2649 957 2680 tacentibus:
979 2661 1036 2682 nec
1045 2661 1091 2681 ar-

136 2695 210 2725 mati
220 2695 367 2725 exercitus
377 2703 519 2724 terrorem
529 2702 662 2734 opponet
673 2713 681 2728 ‚
694 2695 814 2735 togatis:
838 2702 935 2733 neque
945 2695 1000 2723 erit
1017 2693 1024 2728 ι’
1029 2692 1090 2724 usta

136 2736 218 2767 causa
231 2735 267 2767 ad
278 2745 376 2776 portas
391 2735 504 2766 sedenti
521 2738 713 2777 imperatori,
731 2745 820 2776 quare
839 2743 981 2765 terrorem
1000 2735 1089 2765 suum

135 2777 317 2818 falsoja&ari
329 2797 338 2811 ‚
357 2780 529 2819 opponique
537 2780 669 2818 patiatur.
687 2786 858 2818 numquam
867 2778 950 2806 enim
961 2778 1016 2807 erit
1030 2786 1088 2807 tam

136 2819 288 2859 oppress'us
298 2819 426 2854 senatuS,
437 2823 504 2850 utei
513 2831 552 2850 ne
561 2820 745 2860 supplicandi
760 2818 884 2860 quidem
897 2838 905 2851 ,
924 2829 955 2848 ac
967 2819 1088 2859 lugendi

137 2859 172 2890 sit
183 2861 325 2901 potestas:
348 2870 408 2892 tam
416 2871 516 2902 captus
527 2862 660 2903 equester
669 2862 755 2895 ordo,
770 2871 799 2891 ut
807 2864 920 2901 equites
931 2860 1089 2890 Romania

137 2903 260 2933 consule
274 2903 451 2945 relegentur.
475 2907 549 2944 Qae
560 2903 633 2934 esim
644 2906 750 2934 omnia
760 2924 768 2937 ‚
788 2912 873 2944 atque
888 2904 979 2932 etiam
990 2903 1088 2932 multo
1109 2923 1113 2934 ,

179 3054 190 3072 1
197 3066 202 3072 .
213 3049 246 3071 Er
254 3045 288 3071 ad
295 3048 374 3079 reipub
379 3049 471 3080 starum
480 3048 639 3083 rufina-vin]
652 3047 785 3078 S.Vi&.&
795 3047 829 3072 ad
836 3054 908 3079 remp.
918 3053 1008 3072 ratam.
1018 3046 1100 3072 Lam-

1055 3117 1097 3143 sed
1119 3098 1122 3132 l

142 3153 213 3180 enim
225 3152 292 3178 Pan.
304 3152 422 3188 plerique
433 3173 441 3185 ,
459 3157 522 3181 inter
531 3165 604 3181 meum
613 3157 690 3188 rafim
699 3157 801 3189 &suam
808 3155 920 3188 predam.
945 3156 1037 3180 verum
1050 3164 1098 3180 no-

139 3081 195 3108 bini
208 3080 364 3117 scriptispem
374 3085 591 3117 repmasmfhifan,
602 3087 681 3118 repub.
692 3087 770 3110 irata.
781 3083 868 3119 inquit
879 3082 1051 3109 Gulielmius.

178 3126 206 3143 2.
225 3119 290 3143 Inter
298 3126 371 3142 meum
379 3119 509 3152 discrimen,
519 3120 548 3149 ὠ·
555 3130 631 3146 eor-um
640 3121 768 3154 predam]
789 3120 831 3146 Sic
841 3120 869 3145 8<
880 3119 971 3154 prima:
983 3117 1044 3144 edd.

2013 172 2112 224 499

1149 234 1205 265 alia
1214 235 1339 284 majora,
1348 237 1562 277 quaeconsultb
1571 247 1713 280 praetereo
1724 260 1733 275 ,
1753 240 1926 273 accidissent
1935 260 1944 275 ,
1963 241 2110 274 vidissetis

1151 286 1201 306 me
1211 285 1311 308 tamen
1320 289 1352 308 in
1361 278 1518 318 pristinam
1531 290 1630 312 meam
1650 282 1827 324 dignitatem
1841 304 1850 318 ,
1871 285 1954 315 brevi
1966 286 2110 323 temporis

1152 317 1257 348 dolore
1268 319 1426 360 interjecto
1437 341 1446 355 ,
1468 327 1540 362 reip.
1551 333 1624 354 voce
1634 323 1693 355 esse
1708 334 1892 356 revocatum.
1915 325 1971 357 Sed
1984 346 1993 359 ‚
2015 335 2046 356 ut
2065 337 2111 357 re—

1152 368 1246 389 vertar
1254 360 1288 391 ad
1301 361 1374 408 illud
1384 381 1396 398 2
1405 363 1486 403 quod
1501 365 1578 395 mihi
1588 367 1621 396 in
1631 367 1682 397 hac
1690 369 1778 398 omni
1796 367 1839 398 est
1848 369 1985 398 oratione
1999 377 2111 408 propo.—

1152 398 1250 444 situm,
1262 403 1408 434 omnibus
1419 405 1507 435 malis
1518 406 1572 436 illo
1582 416 1662 438 anno
1673 428 1682 442 ‚
1697 409 1803 440 scelere
1821 410 1980 441 contulum
1993 429 2001 443 ‚
2013 419 2109 450 remp.

1151 439 1209 488 esse
1219 442 1405 490 confestam:
1430 448 1565 485 primum
1577 449 1632 479 illo
1649 450 1715 490 ipso
1725 450 1773 481 die
1787 470 1795 484 ‚
1812 453 1864 493 qui
1876 452 1953 482 milii
1970 449 2109 484 funestus

1151 481 1226 529 fuit,
1245 485 1391 514 omnibus
1402 486 1673 525 bonislusz'mosuS,
1692 502 1761 523 cum
1774 502 1829 534 ego
1839 503 1890 524 me
1909 493 1926 523 ὲ
1943 493 2110 532 complexu

1152 532 1262 570 patriae,
1273 525 1493 571 conspectuque
1503 529 1601 562 vestro
1611 532 1781 573 eripuissem
1794 554 1802 568 ,
1821 535 1855 566 &²
1871 544 1954 565 metu
1965 533 2047 571 vestri
2060 542 2110 575 pe-

1152 566 1248 613 riculi,
1260 576 1311 595 non
1322 576 1388 601 met,
1398 572 1493 599 turori
1503 571 1648 607 hominis,
1661 575 1761 606 sceleri
1773 596 1781 608 ,
1793 575 1938 616 perfidiae.
1951 577 2030 610 telis,
2046 578 2108 607 mi-

1151 608 1257 654 nisque
1266 607 1420 656 cessissem,
1431 613 1625 657 patriamque,
1640 625 1706 656 quae
1715 619 1791 647 milii
1801 627 1859 649 erat
1869 616 2021 651 cariffima,
2035 628 2107 658 pro·-

1151 658 1213 688 pter
1220 647 1311 688 ipsius
1319 659 1419 690 patriae
1428 660 1575 682 caritatem
1588 656 1769 696 reliquissem
1783 670 1788 687 :
1812 659 1883 690 cum
1897 670 2002 690 meum
2012 660 2105 690 illum

1150 690 1250 720 casum
1262 700 1323 721 tam
1336 693 1528 726 horribilem.
1543 704 1602 724 tarn
1615 707 1743 738 gravem,
1756 710 1816 730 tam
1826 704 2029 741 repentinum,
2042 711 2108 732 non

2132 331 2148 355 10

2158 333 2178 364 ,a

1152 731 1253 762 solum
1268 733 1420 767 homines,
1434 734 1481 764 sed
1491 735 1567 766 teriia
1576 739 1668 771 urbis,
1683 749 1714 769 ac
1725 743 1834 781 templa
1845 743 1977 785 lugerent
1990 754 1995 773 :
2012 753 2106 774 nemo
2151 771 2157 774 .

1150 772 1284 804 vestrum
1295 774 1396 805 forum
1408 795 1415 809 ,
1428 785 1521 806 nemo
1533 780 1660 812 curiam.
1673 790 1765 811 nemo
1778 783 1875 813 lucem
1886 785 2033 825 adspicere
2043 786 2108 815 vei-

1150 815 1205 862 let:
1228 816 1294 849 illo,
1308 818 1433 857 inquam
1444 837 1452 851 ,
1469 819 1533 858 ipso
1542 819 1591 849 die
1602 840 1610 853 ‚
1627 821 1677 851 die
1687 822 1755 852 dico
1769 828 1779 852 ἓ
1793 825 1891 854 immo
1903 828 1974 855 hora
1989 846 1996 859 ,
2017 835 2104 867 atque

1149 865 1238 904 etiam
1249 857 1365 905 puns‘to
1377 862 1520 898 temporis
1542 861 1650 892 eodem
1664 883 1673 896 ,
1697 866 1776 894 inihi
1795 868 1895 906 reique
1909 867 1989 907 publ.
2002 878 2105 906 perni-

1147 909 1224 928 cies:
1250 899 1383 930 Gabinio
1393 921 1402 935 ‚
1419 901 1452 930 Sc
1461 901 1562 932 Pisoni
1569 907 1725 943 provincia
1733 916 1830 947 rogata
1842 908 1892 937 cst.
1916 912 1974 938 Pro
1983 909 2029 939 dii
2041 912 2104 939 im-

1150 941 1312 988 mortales,
1331 941 1466 973 custod-:s
1479 963 1487 976 ,
1508 944 1541 973 &
1559 947 1781 978 conservatores
1798 949 1887 988 hujus
1897 949 1977 979 urbis
1988 970 1996 983 ‚
2017 960 2104 992 atque

1150 992 1270 1030 imperii
1286 985 1301 1031 ἶ.
1315 994 1452 1023 quaenam
1463 986 1515 1015 illa
1524 988 1556 1016 in
1566 988 1668 1027 repub.
1679 988 1800 1025 monstra
1810 1010 1818 1024 ‚
1838 1000 1902 1031 quae
1913 991 2018 1022 scelera
2027 992 2105 1022 vidi-

1149 1023 1199 1054 stis
1212 1027 1222 1054 ?
1243 1034 1319 1055 civis
1332 1035 1392 1056 erat
1402 1028 1542 1066 expulsus
1554 1048 1562 1061 ‚
1578 1030 1601 1058 is
1612 1050 1620 1062 ‚
1633 1033 1685 1071 qui
1693 1041 1789 1072 remp.
1802 1042 1841 1062 ex
1852 1033 1967 1063 senatus
1976 1032 2108 1064 au&0ri-

1149 1074 1206 1114 tate
1216 1076 1287 1096 cum
1298 1067 1444 1097 omnibus
1455 1068 1543 1099 bonis
1559 1071 1749 1106 defenderat,
1773 1073 1806 1104 δε
1816 1074 1957 1114 expulsus
1971 1084 2035 1104 non
2044 1076 2103 1105 alio

1146 1108 1267 1155 ahquo)
1279 1109 1328 1139 sed
1339 1119 1374 1139 eo
1385 1109 1449 1149 ipso
1458 1113 1595 1142 crimine.
1620 1123 1680 1144 erat
1689 1124 1790 1145 autem
1801 1116 1943 1155 expulsus
1953 1115 2104 1155 sinejudi-

1146 1159 1206 1183 cio,
1223 1160 1253 1180 vi
1264 1170 1273 1184 ,
1285 1151 1452 1191 lapidibuS,
1463 1151 1563 1186 ferro,
1582 1155 1703 1186 servitio
1714 1156 1845 1198 denique
1858 1159 2029 1188 concitato:
2055 1159 2105 1188 lex

1146 1200 1206 1222 erat
1215 1191 1270 1222 lata
1279 1212 1288 1227 ‚
1303 1192 1413 1224 vastato
1424 1213 1432 1227 ‚
1444 1204 1476 1224 ac
1490 1195 1595 1226 relisto
1603 1196 1671 1227 foro
1683 1218 1691 1231 ,
1705 1196 1853 1229 &ficariis
1864 1218 1873 1233 ,
1888 1199 2036 1240 servisque
2050 1207 2109 1230 tra<

1147 1233 1222 1268 dito,
1232 1234 1266 1264 &
1274 1244 1307 1265 ea
1315 1235 1376 1268 lex,
1388 1245 1454 1276 quae
1465 1244 1497 1266 ut
1507 1246 1543 1267 ne
1553 1236 1678 1269 ferretur
1688 1259 1697 1272 ,
1715 1240 1830 1270 senatus
1838 1239 1934 1271 fuerat
1944 1240 2024 1271 veste
2035 1251 2104 1271 mu-

1146 1283 1210 1306 tata.
1236 1278 1300 1306 Hac
1311 1285 1390 1307 tanta
1401 1278 1621 1317 perturbatione
1629 1282 1759 1312 civitatis
1771 1302 1779 1316 ‚
1790 1292 1828 1312 ne
1841 1282 1966 1312 nostem
1976 1282 2102 1323 quidem

1145 1317 1284 1362 consules
1302 1321 1316 1336 ²
1334 1320 1412 1348 inter
1421 1328 1526 1349 meum
1542 1320 1705 1353 discrimen
1716 1343 1724 1356 ,
1745 1323 1778 1354 ὃς
1791 1333 1895 1354 eorum
1914 1325 2044 1363 praedam
2055 1325 2105 1355 in-

1145 1357 1247 1388 teresse
1256 1357 1327 1399 passi
1344 1360 1428 1390 sunt:
1452 1359 1551 1391 statim
1564 1383 1572 1395 ,
1594 1373 1644 1393 me
1652 1365 1789 1403 perculso
1799 1385 1807 1397 ‚
1825 1365 1862 1396 ad
1873 1375 1978 1395 meum
1988 1366 2105 1407 sangui-

1145 1409 1219 1431 nem
1229 1402 1440 1435 hauriendum,
1453 1402 1486 1432 &
1494 1423 1502 1436 ‚
1516 1403 1642 1443 spirante
1651 1407 1741 1436 etiam
1755 1416 1816 1446 rep.
1827 1407 1863 1437 ad
1873 1407 1937 1447 ejus
1947 1407 2040 1447 spolia
2050 1408 2105 1437 de-

1145 1442 1287 1488 trahenda
1296 1443 1519 1474 advolaverunt.
1543 1449 1655 1477 omitto
1668 1449 1882 1488 gratulationes
1892 1468 1900 1482 ,
1913 1449 2026 1488 epulas,
2038 1458 2103 1488 par-

1143 1492 1287 1514 titionem
1297 1487 1402 1518 aerarii.
1415 1485 1560 1518 beneficia
1571 1508 1579 1520 ‚
1591 1488 1684 1528 spem,
1697 1488 1839 1530 promissa
1850 1510 1858 1523 ,
1873 1490 2107 1530 praedam,1aeti-

1144 1527 1215 1556 tiam
1228 1535 1392 1566 paucorum
1405 1546 1413 1559 ‚
1430 1529 1463 1557 in
1481 1528 1564 1558 iustu
1581 1533 1735 1561 omnium.
1757 1531 1920 1562 vexabatur
1931 1541 2008 1561 uxor
2019 1541 2085 1562 mea
2097 1542 2102 1559 τ

1142 1567 1232 1614 liberi
1252 1567 1287 1597 ad
1300 1577 1407 1598 necem
1425 1570 1650 1609 quaerebantur:
1677 1576 1689 1600 3
1700 1583 1808 1614 gener,
1831 1573 1865 1604 δε
1880 1574 1946 1603 Piso
1955 1583 2064 1614 gener,
2087 1574 2103 1603 a

1143 1611 1260 1639 Pisonis
1268 1610 1402 1640 consulis
1411 1611 1539 1650 pedibus
1556 1612 1680 1653 supplex
1698 1615 1889 1654 rejiciebatur
1903 1625 1909 1643 z
1934 1615 2014 1645 bona
2029 1614 2103 1645 diri—

1142 1651 1310 1690 piebantur,
1322 1661 1413 1692 eaque
1422 1651 1457 1682 ad
1466 1653 1604 1684 consules
1613 1654 1824 1686 deferebantur
1835 1667 1840 1685 :
1864 1655 1975 1686 domus
1983 1657 2102 1687 ardebat

1142 1695 1175 1723 in
1185 1694 1297 1723 Palatio
1309 1704 1314 1722 :
1327 1694 1446 1737 cqnficles
1454 1693 1651 1736 epulabantur.
1674 1696 1766 1739 Qod
1776 1696 1797 1728 si
1807 1700 1883 1728 meis
1893 1698 2102 1729 incommodis

1141 1735 1323 1768 laetabantur,
1336 1736 1417 1766 urbis
1427 1744 1527 1766 tamen
1536 1739 1670 1777 periculo
1679 1749 1957 1770 commoverentur.
1980 1740 2037 1772 Sed
2049 1760 2056 1774 ,
2070 1748 2103 1770 ut

1141 1776 1157 1806 a
1170 1786 1238 1807 mea
1245 1777 1329 1807 causa
1333 1777 1397 1817 jam
1407 1778 1540 1809 recedam
1553 1799 1562 1814 ‚
1574 1780 1702 1821 reliquas
1711 1781 1793 1812 illius
1805 1784 1876 1812 anni
1886 1781 1993 1822 pesteis
2002 1792 2102 1813 recor-

1141 1818 1266 1849 damini.
1298 1816 1337 1849 sic
1352 1821 1437 1849 enim
1462 1819 1609 1852 facillime
1629 1823 1811 1863 perspicietis
1828 1843 1837 1856 ,
1866 1832 2007 1864 quantam
2034 1826 2101 1855 vim

1140 1862 1285 1890 omnium
1298 1861 1503 1892 remediorum
1522 1862 1537 1892 a
1548 1862 1764 1905 magistratibus
1773 1866 1924 1904 proximis
1932 1865 2005 1905 resp.
2025 1865 2101 1896 desi-

1140 1901 1258 1932 derarit.
1280 1902 1383 1944 legum
1397 1903 1628 1935 multitudinem
1641 1925 1650 1939 ,
1660 1904 1732 1936 cum
1743 1916 1855 1940 earum,
1867 1915 1932 1947 quae
1943 1907 2007 1937 latae
2017 1907 2098 1941 sunt,

1141 1952 1207 1973 tum
1225 1942 1296 1974 vero
1308 1963 1316 1977 ‚
1338 1954 1405 1985 quae
1424 1946 1619 1988 promulgatae
1635 1946 1766 1978 fuerunt.
1796 1957 1868 1978 nam
1887 1948 1952 1978 latae
1972 1948 2098 1989 quidem

1140 1985 1209 2014 sunt
1221 1985 1397 2016 consulibus
1410 1987 1472 2016 illis
1485 1988 1652 2018 tacentibus
1663 1988 1782 2019 dicam?
1797 1991 1896 2020 immo
1909 1988 1983 2020 vero
1993 1999 2098 2029 appro-

1140 2025 1281 2056 bantibus
1291 2028 1382 2056 etiam
1393 2046 1401 2060 ,
1417 2031 1435 2054 4
1448 2029 1621 2060 utcensoria
1630 2033 1747 2063 notatio
1759 2050 1768 2065 ,
1789 2031 1822 2061 δε
1831 2029 2040 2073 gravissimum
2048 2032 2099 2071 ju-

1139 2067 1254 2098 dicium
1282 2065 1460 2099 sanffiffimi
1479 2069 1666 2112 magistratus
1691 2072 1728 2102 de
1745 2073 1851 2112 repub.
1872 2073 2046 2103 tolleretur:-
2066 2083 2099 2104 ut

1139 2109 1266 2150 collegia
1274 2119 1340 2139 non
1358 2109 1454 2140 modo
1465 2111 1518 2141 illa
1534 2121 1632 2143 vetera
1649 2123 1754 2144 contra
1766 2117 1795 2145 S.
1808 2117 1843 2145 C.
1861 2113 2096 2149 restituerentur,

1138 2150 1186 2181 sed
1196 2151 1233 2181 ab
1250 2161 1314 2181 uno
1330 2151 1491 2198 gladiatore
1506 2155 1740 2186 innumerabilia
1754 2156 1819 2185 alia
1837 2166 1912 2185 nova
1928 2156 2100 2187 conscribe-

1138 2201 1242 2224 rentur
1253 2203 1259 2222 :
1282 2201 1324 2227 ut,
1338 2192 1467 2224 remiflis
1476 2194 1657 2230 semissibus,
1669 2197 1703 2227 δε
1713 2198 1882 2232 trientibus,
1893 2200 1997 2239 quinta
2005 2197 2099 2238 prope

1138 2244 1204 2275 pars
1224 2233 1418 2276 veEtigalium
1434 2236 1604 2267 tolleretur:
1628 2247 1661 2268 ut
1671 2239 1804 2270 Gabinio
1820 2250 1874 2280 pro
1893 2240 1945 2270 illa
1962 2240 2011 2270 sua
2022 2241 2100 2270 Cili-

1138 2278 1183 2306 cia
1192 2296 1200 2310 ,
1217 2286 1309 2317 quam
1318 2275 1391 2311 fibi,
1404 2275 1424 2306 fi
1434 2278 1584 2319 rempubl.
1597 2279 1773 2320 prodidisset
1783 2301 1791 2316 ,
1809 2281 1913 2321 paetus
1923 2290 1982 2312 erat
1992 2301 2000 2315 ,
2014 2283 2097 2321 Syria

1136 2318 1271 2348 daretur:
1295 2327 1328 2348 ut
1341 2321 1395 2349 uni
1403 2320 1531 2350 heluoni
1549 2321 1594 2351 bis
1603 2321 1640 2351 de
1655 2322 1759 2353 eadem
1777 2333 1807 2353 re
1822 2323 2008 2354 deliberandi
2022 2343 2030 2356 ‚
2050 2323 2095 2357 δε,

1136 2368 1234 2401 rogata
1242 2360 1306 2400 lege
1318 2380 1327 2393 ,
1337 2360 1464 2400 potestas
1475 2359 1558 2392 fieret
1568 2365 1732 2402 provinciae
1742 2364 1979 2395 commutandae.
2005 2367 2096 2395 Mitto

1136 2411 1203 2431 eam
1213 2401 1322 2442 legem,
1332 2412 1398 2443 quae
1408 2405 1512 2434 omnia
1517 2405 1584 2444 jura
1591 2405 1774 2445 religionum
1786 2427 1794 2441 ,
1808 2407 2007 2447 auspiciorum
2019 2425 2028 2440 ,
2038 2416 2096 2446 po-

1137 2442 1286 2477 testatum,
1297 2446 1419 2474 omneis
1428 2445 1517 2487 leges,
1527 2456 1593 2487 quae
1604 2447 1713 2478 suntde
1721 2449 1787 2488 jure
1796 2468 1805 2482 ,
1818 2449 1851 2479 &
1861 2448 1897 2478 de
1907 2457 2042 2488 tempore
2052 2449 2098 2480 le,-

1135 2495 1209 2526 gum
1223 2485 1421 2526 rogandarum
1434 2507 1442 2521 ,
1464 2497 1523 2517 una
1540 2491 1694 2529 rogatione
1716 2490 1843 2520 delevit:
1866 2491 1955 2519 mitto
1966 2499 2094 2520 omnem

1138 2526 1334 2558 domesticam
1346 2528 1444 2559 labem
1457 2539 1462 2557 :
1485 2532 1575 2559 etiam
1587 2540 1700 2561 exreras
1711 2534 1848 2561 nationes
1859 2532 1941 2560 illius
1957 2533 2030 2561 anni
2043 2530 2096 2561 fu—

1137 2578 1208 2615 rore
1216 2569 1409 2610 conquaffiztas
1418 2569 1606 2601 videbamus.
1626 2573 1689 2613 lege
1701 2572 1854 2603 tribunitia
1863 2574 1967 2603 Matris
1977 2575 2095 2613 Magnae

1138 2610 1340 2642 Pessinuntius
1348 2612 1400 2641 ille
1411 2611 1552 2646 sacerdos,
1570 2614 1722 2653 expulsus,
1735 2614 1768 2644 &
1779 2614 1920 2654 spoliatus
1931 2614 2095 2646 sacerdotio

1136 2652 1189 2686 est,
1200 2652 1365 2693 fanumque
1377 2652 1626 2685 sanfflss'imarum
1637 2675 1645 2689 ,
1666 2664 1752 2696 atquc
1763 2653 2034 2697 antiquissimarum
2051 2666 2098 2687 re·

1137 2694 1286 2735 ligionum
1298 2694 1456 2725 venditum
1467 2699 1593 2735 pecunia
1601 2696 1716 2738 grandi,
1730 2699 1894 2739 Brogitaro,
1905 2699 2027 2738 impuro
2040 2699 2096 2729 ho,-

1137 2738 1216 2765 mini
1230 2756 1238 2769 ,
1260 2737 1482 2777 atqucindigno
1493 2738 1544 2768 illa
1553 2739 1716 2779 religione:
1738 2739 1900 2779 praesertim
1910 2738 1982 2769 cum
1993 2749 2026 2769 ea
2040 2738 2094 2770 fibi

1134 2778 1188 2807 ille
1198 2787 1261 2807 non
1272 2778 1403 2811 colendi,
1415 2779 1463 2808 sed
1473 2780 1609 2810 violandi
1619 2781 1702 2811 causa
1710 2780 1878 2821 appetisset:
1900 2781 2038 2821 appellati
2048 2791 2095 2811 re-

1135 2818 1214 2864 gesqa
1226 2820 1342 2859 populo
1351 2840 1359 2854 ,
1383 2822 1435 2860 qui
1446 2820 1476 2850 id
1491 2830 1656 2862 numquam
1672 2832 1710 2852 ne
1720 2822 1736 2853 a
1746 2823 1848 2854 senatu
1857 2824 1981 2863 quidem
1993 2822 2097 2863 postu-

1136 2859 1254 2891 lasscnt:
1279 2861 1394 2891 reduffi
1406 2862 1522 2892 exsules
1536 2865 1718 2903 Byzantium
1730 2865 1924 2895 condemnati
1934 2874 2012 2898 tum,
2023 2864 2095 2895 cum

1138 2902 1307 2933 indemnati
1317 2906 1397 2934 cives
1417 2904 1433 2933 ὲ
1454 2905 1574 2936 civitate
1594 2906 1799 2947 ejiciebantur.
1822 2909 1891 2938 Rex
1905 2907 2095 2940 Ptolemaeus,

2010 2951 2062 2990 qui
2074 2947 2094 2978 si

1120 3056 1124 3095 }
1137 3046 1216 3079 praeda
1228 3046 1347 3080 :conjicit
1358 3045 1532 3078 Gulielmius,
1542 3049 1604 3072 inter
1612 3057 1687 3074 meum
1695 3049 1798 3082 &sicum
1804 3051 1934 3081 praemium.

1178 3091 1204 3117 3.
1225 3086 1316 3113 Gener,
1335 3082 1528 3118 &uvisega-nen]
1549 3084 1647 3118 Magna
1657 3085 1783 3121 emphasis
1801 3085 1829 3112 in
1848 3084 1913 3112 istis.
1934 3093 2014 3120 quare
2028 3083 2097 3111 male

1142 3117 1288 3144 Lambinus
1299 3118 1344 3154 qui
1356 3119 1469 3153 primum
1480 3128 1560 3152 gener,
1571 3119 1676 3153 abjecit.

1177 3162 1205 3186 4.
1227 3157 1255 3179 Ut
1273 3155 1374 3187 censiiriti
1392 3153 1503 3189 notatim]
1529 3155 1607 3181 Haud
1626 3156 1704 3183 aliter
1717 3156 1782 3184 editi
1801 3156 1958 3193 antiquitus.
1981 3154 2022 3182 sed
2043 3154 2100 3185 Pa]-

145 3198 194 3217 nus
203 3188 249 3215 ille
262 3207 270 3220 ,
288 3191 351 3213 inter
362 3198 434 3215 meum
443 3190 514 3224 &siti
525 3193 689 3225 armapraeda.
709 3193 738 3219 S.
748 3191 820 3221 Vist.
829 3194 976 3218 inni-meum
985 3191 1014 3222 <ly
1025 3191 1099 3224 situm
1118 3214 1120 3218 .
1142 3199 1205 3218 nou.
1216 3190 1243 3218 δί
1255 3190 1282 3219 S.
1294 3189 1366 3219 Vnst.
1377 3193 1447 3218 notio.
1457 3191 1528 3228 quod
1540 3191 1604 3217 ferri
1617 3200 1706 3228 queat.

1524 3227 1603 3256 Rrr
1622 3237 1640 3255 2
1969 3236 1993 3255 1.
2012 3227 2105 3260 Fimtssi

2124 1753 2168 1786 25
