2297 3389
673 146 942 191 ORAT10
999 159 1117 194 PRo
1175 149 1244 195 M.
1280 152 1595 199 Fou'raro.

1996 164 2096 216 >331

139 238 192 260 nen
206 227 298 270 silam
309 225 403 272 potes}
413 247 421 262 ‚
434 224 485 266 fid
490 222 577 255 etiam
585 221 671 253 debet.
694 224 819 254 Etenim
840 221 870 256 fi,
882 224 951 263 quia
961 223 1041 253 Galli
1052 223 1100 254 di·
1144 224 1275 258 <statione
1285 228 1448 260 domestica
1460 242 1468 264 ¹,
1483 230 1574 271 quam
1587 230 1657 261 huic
1668 230 1771 261 Galli?
1787 237 1916 271 quorum
1928 250 1937 265 ‚
1948 232 1999 271 qui
2018 235 2098 271 opti—

139 280 231 305 cunt‚
252 271 363 301 idcirco
374 271 416 298 M.
427 268 568 306 Fonteius
580 274 693 296 nocens
711 263 932 295 existimandus
944 263 987 293 est
999 275 1003 293 ;
1026 265 1098 305 quid

140 314 220 344 mihi
238 321 314 353 opus
330 309 374 340 est
388 310 515 349 sapiente
521 307 642 347 judice?
660 306 732 347 quid
742 315 828 347 aequo
841 303 1011 347 quaefitore?
1026 306 1097 350 quid

140 363 255 385 oratore
265 362 329 383 non
342 350 453 381 stulto?
471 351 585 380 Dicunt
596 349 679 378 enim
691 348 771 377 Galli
783 358 789 376 ;
808 356 913 386 negare
924 355 988 377 non
995 346 1098 386 postu-

139 405 218 425 mus.
235 392 293 424 Hic
303 390 486 433 flingeniofi‚
500 391 532 421 δε
542 391 647 430 periti,
665 389 784 430 &aequi
799 388 909 428 judicis
931 388 981 417 has
990 390 1097 427 parteis

139 435 198 467 esse
207 434 383 465 existimatis
395 452 403 467 ,
424 441 476 466 ut,
495 433 640 473 quoniam
651 430 775 472 quidem
790 429 875 460 testes
892 429 1015 462 dicunt,
1034 427 1094 459 fine

139 477 201 507 ulla
209 474 585 506 dubitationecredendum
596 472 647 503 sit:
665 471 813 513 fizlusipfir
831 472 958 501 virorum
969 471 1094 510 fortium

137 518 323 547 innocentiam
333 517 407 545 tueri
416 527 466 546 non
474 514 575 557 ροτεὲῖ.
601 516 655 545 Sin
662 523 762 544 autem
776 515 809 543 in
819 512 905 543 rebus
914 512 1094 552 judicandis,

136 568 202 589 non
218 560 380 589 minimam
398 567 510 598 partem
532 556 567 587 ad
590 565 836 596 unamquamque
858 564 923 584 rem
945 553 1093 586 aestiman-

135 600 204 631 dam
216 620 224 634 ,
244 609 464 641 momentoque
474 599 527 629 suo
537 597 772 639 ponderandam,
780 596 1027 637 fizpientiajndicia
1049 604 1091 626 te-

135 650 203 672 net:
227 641 326 672 videte
343 652 381 671 ne
392 642 491 671 multo
503 640 606 671 vestrae
615 640 742 679 majores
752 659 760 673 ,
781 638 985 680 gravioresque
995 646 1090 678 partes

135 681 234 714 fintad
245 681 554 725 cogitandum,qu?³rn
563 682 599 712 ad
619 680 782 712 dicendum
801 689 886 709 meae.
909 679 989 709 Mihi
1007 680 1090 709 enim

134 725 249 765 semper
258 735 432 767 unaquaque
446 724 482 754 de
502 735 532 754 re
548 723 629 754 testis
648 732 712 752 non
732 720 831 751 solum
849 721 957 754 semel,
982 719 1088 750 verum

131 768 225 796 etiam
243 766 372 797 breviter
388 765 631 807 interrogandus,
650 764 683 794 &
694 763 767 803 saepe
780 764 870 792 etiam
888 772 953 792 non
964 764 1090 792 interro-

131 807 245 849 gandus
256 814 265 843 ²,
282 818 321 838 ne
338 817 388 839 aut
400 810 474 838 irato
483 808 603 837 facultas
612 805 647 837 ad
658 805 819 835 dicendum
832 804 907 837 data,
918 812 967 833 aut
975 803 1085 843 cupido

132 848 291 881 au&oritas
311 850 448 880 attributa
468 847 525 879 esse
544 848 686 878 videatur.
709 856 764 877 vos
785 846 819 876 &
838 845 943 885 saepius
962 845 1085 876 eandem

132 900 197 920 rem
207 893 317 922 animis
327 893 433 932 agitare
444 911 452 924 ‚
474 890 507 920 δε
518 890 629 920 diutius
640 897 822 929 unoquoque
832 888 868 917 de
879 886 951 917 teste
962 888 1087 928 cogitare

130 932 272 972 potestis:
293 933 344 966 &‚
364 932 384 962 fi
399 942 491 973 quem
510 941 566 961 nos
577 932 744 970 interrogare
753 929 881 958 nolumus
892 949 900 963 ‚
920 939 986 969 qua:
1003 929 1087 959 causa

132 974 222 1004 nobis
236 974 351 1004 tacendi
366 973 473 1007 fuerit,
495 972 665 1003 existimare
676 971 798 1001 debetis.
822 971 1027 1012 Qamobrem
1043 990 1051 1004 ,
1067 969 1087 999 fi

129 1015 188 1045 hoc
198 1035 206 1049 ,
222 1015 338 1055 judices
349 1035 356 1049 ‚
371 1015 575 1055 praescriptum
587 1016 661 1055 lege,
672 1021 722 1043 aut
731 1011 962 1052 officioputatis‚
974 1010 1085 1048 testtbm

127 1056 252 1086 credere:
271 1056 420 1091 nihilest‚
441 1067 494 1087 cur
510 1057 585 1087 alius
594 1057 654 1086 alio
661 1055 762 1095 judice
775 1054 895 1087 melior,
907 1062 956 1084 aut
973 1054 1087 1093 sapien-

127 1100 187 1128 tior
203 1097 400 1128 existimetur.
424 1108 521 1128 unum
535 1097 579 1128 est
589 1100 685 1130 enirn,
697 1097 729 1127 &
740 1095 865 1136 simplex
877 1096 993 1125 aurium
1004 1096 1086 1134 judi-

127 1140 221 1174 cium3
245 1140 454 1180 &promiscue
466 1161 474 1174 ,
492 1141 525 1170 &
537 1140 743 1170 communiter
759 1137 856 1167 stultis
868 1158 876 1171 ,
893 1147 925 1167 ac
943 1137 1084 1176 sapienti·

126 1180 182 1211 bus
192 1181 227 1212 ab
237 1190 338 1212 natura
346 1181 460 1213 datum.
482 1181 563 1223 Qd
576 1180 618 1211 est
628 1183 727 1222 igitur,
739 1179 791 1209 ubi
800 1179 912 1209 elucere
921 1177 1007 1218 poffit
1017 1188 1083 1219 pru-

127 1222 244 1253 dentia?
261 1223 311 1253 ubi
323 1223 450 1254 discerni
468 1222 574 1253 stultus
584 1222 720 1256 auditor,
742 1221 775 1251 &
790 1221 928 1251 credulus
940 1241 948 1255 ‚
969 1221 1005 1251 ab
1014 1221 1084 1252 reli—

125 1263 398 1306 gioso‚&sapienti
412 1265 533 1305 judice?
555 1266 705 1294 nimirum
717 1262 792 1292 illud
806 1283 813 1295 ,
833 1265 936 1303 inquo
947 1272 996 1296 ea,
1018 1272 1082 1303 quae

123 1307 268 1337 dicuntur
276 1307 291 1336 a
300 1306 425 1337 testibus
434 1327 442 1341 ‚
463 1311 474 1326 ¹
491 1305 670 1346 conjectui-a,
683 1306 716 1335 &
726 1305 907 1346 cogitatione
918 1303 1080 1338 traduntur,

123 1357 233 1387 quanta
251 1347 435 1382 au&0ritate‚
446 1357 555 1390 quanta
567 1349 662 1378 animi
672 1348 819 1387 aequitate,
830 1354 941 1386 quanto
955 1345 1081 1385 pudore,

146 1398 232 1420 uanta
242 1388 318 1424 fide,
337 1390 616 1431 quantareligione,
634 1396 747 1429 quanto
761 1385 853 1423 studio
873 1385 1083 1423 existimationis

91 1433 109 1466 7
143 1441 211 1464 ono,
231 1439 340 1472 quanta
347 1440 547 1473 cura‚quanto
557 1432 667 1460 timore
679 1429 825 1460 dicantur.
840 1432 889 1459 An
898 1428 971 1459 vero
985 1439 1040 1459 vos
1050 1428 1080 1458 id

122 1472 156 1502 in
166 1471 349 1503 testimoniis
361 1474 526 1503 hominum
536 1472 724 1503 barbarorum
734 1470 1004 1511 dubitabitis,quod
1014 1480 1081 1511 per-

122 1513 197 1554 saepe
208 1514 241 1544 &
249 1513 347 1545 nostra
357 1534 365 1548 ‚
376 1515 536 1556 &patrum
548 1516 696 1544 memoria
706 1510 910 1553 sapientissimi
917 1512 1032 1552 judices
1044 1512 1081 1542 de

121 1554 286 1586 clariffimis
302 1555 410 1587 nostrae
429 1558 558 1587 civitatis
573 1557 644 1587 viris
663 1554 864 1585 dubitandum
883 1564 947 1584 non
961 1563 1081 1594 putave—

123 1601 215 1627 runt?
235 1599 287 1639 qui
307 1600 362 1629 Cn.
379 1598 412 1628 δε
431 1598 673 1639 QCaepionibus
689 1617 698 1631 ‚
727 1598 765 1627 L.
786 1596 819 1626 &
836 1596 1019 1637 QMetellis
1036 1604 1080 1626 te-

120 1637 215 1669 stibus
231 1641 266 1670 in
284 1642 515 1680 QPompejum
534 1660 543 1675 ,
565 1641 725 1670 hominem
736 1648 853 1668 novum
872 1658 881 1671 ‚
902 1647 967 1668 non
982 1638 1079 1668 credi—

119 1678 244 1712 derunt:
262 1691 393 1722 quorum
411 1684 535 1716 virtuti,
551 1682 673 1724 generi,
692 1681 779 1711 rebus
788 1679 896 1721 gestis,
910 1678 1002 1710 fidem
1013 1699 1022 1714 ,
1045 1680 1078 1710 δι’

118 1720 325 1753 auetoritatem
333 1725 366 1753 in
373 1722 562 1757 testimonio,
574 1723 745 1766 cupiditatis,
757 1730 845 1764 atque
854 1722 1077 1751 inimicitiarum

109 1763 227 1803 suspicio
237 1764 398 1807 derogavit.
421 1768 556 1807 Ecquem
571 1767 731 1796 hominem
742 1764 876 1795 vidimus
887 1783 895 1796 ‚
917 1767 930 1783 ²
951 1773 1075 1805 ecquem

116 1805 186 1836 vere
200 1815 441 1838 commemorare
457 1806 614 1849 possumus
633 1816 733 1847 parem
751 1805 877 1836 consilio
888 1825 897 1840 ‚
916 1808 1054 1847 gravitate
1066 1826 1074 1839 ,

113 1846 282 1878 constantia
294 1868 303 1881 ,
313 1851 418 1882 ceteris
431 1850 592 1881 virtutibus
603 1869 612 1883 ,
624 1850 760 1881 honoris,
773 1849 899 1889 ingenii,
912 1857 1013 1878 rerum
1023 1857 1074 1890 ge-

116 1887 229 1919 starum
255 1892 439 1921 ornamentis
456 1912 465 1925 ,
490 1893 534 1921 M.
555 1891 685 1921 AErnilio
703 1892 811 1921 Scauro
826 1887 915 1919 fuiffe
936 1893 947 1918 ?
972 1898 1072 1920 tamen

116 1930 217 1969 hujus,
227 1931 311 1970 cujus
319 1933 524 1972 injuratinutu
534 1942 625 1972 prope
644 1940 788 1962 tetrarum
806 1931 889 1961 orbis
906 1931 1071 1971 regebatur,

116 1971 204 2004 iurati
213 1972 501 2015 testimonio,neque
510 1984 544 2003 in
554 1973 870 2013 C.Fimbriam,neque
880 1974 912 2002 in
923 1975 955 2002 C.
968 1975 1070 2002 Mem-

116 2014 218 2043 mium
231 2014 379 2045 creditum
389 2014 440 2045 est.
465 2018 496 2045 N
507 2025 526 2045 o
536 2025 556 2044 1.
565 2025 585 2045 u
595 2024 616 2044 E
626 2025 648 2044 R
658 2025 678 2044 u
689 2024 710 2043 Ν
720 2025 740 2044 τ
765 2024 776 2043 1
790 2024 814 2047 1,
826 2015 878 2054 qui
889 2013 1069 2049 iudicabant,

112 2055 190 2085 hanc
197 2054 295 2095 patere
304 2057 475 2087 inimicitiis
487 2059 581 2090 viam,
591 2066 682 2097 quem
697 2056 819 2096 quisque
828 2054 945 2088 odisset,
957 2064 989 2085 ut
998 2065 1069 2085 eum

113 2095 292 2127 testimonio
299 2096 396 2138 poffet
413 2099 526 2128 tollere.
551 2101 686 2140 Qantus
698 2099 731 2127 in
740 2099 775 2127 L.
787 2095 887 2127 Crafl'o
896 2096 994 2136 pudor
1003 2096 1069 2127 sue—

112 2138 162 2172 rit,
173 2138 255 2179 quod
263 2141 435 2180 ingenium,
447 2148 554 2181 quanta
562 2139 732 2173 auriioritas,
744 2140 810 2179 quis
819 2139 936 2179 ignorat
947 2142 958 2167 ἲ
968 2147 1068 2169 tamen

114 2181 152 2213 is,
167 2180 251 2219 cujus
261 2183 350 2211 etiam
364 2182 453 2221 sermo
464 2179 823 2217 testimontiauc‘torimtem
840 2179 974 2213 habebat,
987 2179 1068 2210 testi·

115 2222 226 2251 monio
241 2222 305 2262 ipso
317 2243 325 2256 ‚
339 2232 403 2264 quae
417 2224 451 2253 in
472 2225 514 2252 M,
535 2223 714 2252 Marcellum
736 2222 850 2254 inimico
865 2222 959 2250 animo
971 2221 1065 2254 dixit,

114 2262 237 2304 probare
247 2273 309 2293 non
319 2272 427 2304 potuit.
451 2266 519 2294 Fuit
530 2284 539 2298 ‚
558 2263 616 2294 fuit
625 2263 847 2303 illisjudicibus
857 2263 996 2293 divinum
1009 2283 1017 2297 ,
1037 2273 1069 2294 ac

116 2303 270 2347 singulare,
280 2305 407 2344 judices,
421 2304 593 2339 consilium,
606 2306 696 2347 quise
714 2314 777 2334 non
788 2304 887 2334 solum
898 2304 933 2334 de
943 2314 1005 2337 reo,
1020 2305 1067 2335 sed

114 2349 205 2378 etiam
215 2346 252 2378 de
267 2349 432 2378 accusatore
443 2368 451 2381 ‚
462 2348 499 2378 de
517 2347 589 2378 teste
602 2347 734 2388 judicare
751 2346 966 2377 arbitrabantur
977 2366 984 2380 ‚
996 2346 1068 2387 quid

116 2386 233 2422 fillium,
246 2389 320 2430 quid
329 2389 344 2419 a
353 2389 483 2424 fortuna,
493 2400 524 2420 ac
535 2398 670 2429 ternpore
677 2388 887 2429 allatum,quid
896 2389 992 2427 pretio
1003 2398 1068 2418 cor-

116 2438 236 2471 ruptum
247 2450 256 2464 ,
267 2431 339 2471 quid
348 2431 396 2471 spe
408 2450 417 2464 ,
428 2441 477 2462 aut
485 2440 570 2461 metu
579 2431 768 2471 depravatum
783 2450 791 2463 ,
803 2430 875 2471 quid
884 2430 899 2460 a
908 2430 1068 2500 cuigiiditate

114 2472 221 2513 aliqua,
233 2474 460 2503 autinimicitiis
477 2471 648 2513 profestum
664 2472 823 2503 videretur.
846 2474 920 2512 Qae
949 2481 958 2501 1
975 2472 1068 2511 judex

116 2523 181 2544 non
198 2513 508 2553 ampleeceturomma
525 2513 651 2544 consilio
666 2525 670 2543 z
690 2523 756 2544 non
767 2515 891 2547 animo,
915 2523 946 2544 ac
965 2523 1066 2544 mente

113 2556 348 2596 circumspiciet:
367 2554 388 2585 fi
398 2576 406 2590 ‚
419 2564 452 2586 ut
459 2556 591 2597 quidque
600 2566 638 2586 ex
648 2556 703 2585 illo
714 2556 782 2585 loco
791 2555 906 2585 dicetur
915 2565 948 2584 ex
956 2556 1065 2585 oraculo

112 2596 211 2639 aliquo
225 2598 285 2627 dici
299 2597 500 2628 arbitrabitur:
523 2596 660 2638 professio
679 2598 744 2627 satis
763 2599 836 2631 erit,
856 2596 887 2627 id
906 2597 987 2637 quod
1005 2598 1069 2628 dixi

113 2639 207 2673 antea,
219 2649 281 2669 non
289 2639 413 2670 surdum
420 2639 554 2679 judicem
565 2640 634 2669 huic
646 2640 777 2672 muneri,
787 2648 872 2679 atque
882 2637 987 2669 officio
996 2649 1069 2679 prae-

115 2678 184 2710 esse.
201 2681 279 2711 nihil
289 2683 354 2715 erit,
365 2681 564 2722 quamobrem
573 2681 739 2715 ille‚nesci0
748 2680 827 2721 quis,
838 2680 951 2720 sapiens
960 2682 1067 2715 homo,

115 2730 148 2751 ac
165 2723 329 2753 multarum
338 2732 438 2753 rerum
448 2725 561 2763 peritus
574 2744 581 2756 ‚
601 2722 636 2752 ad
646 2732 692 2752 res
709 2722 883 2761 judicandas
892 2725 1066 2763 requiratur.

82 2760 99 2793 8
118 2765 165 2793 An
175 2763 247 2794 verb
255 2764 302 2794 illi
314 2767 429 2805 equites
437 2767 474 2794 R.
486 2775 561 2806 quos
570 2773 626 2794 nos
635 2764 781 2798 vidimus,
797 2765 849 2805 qui
859 2767 993 2804 nuperin
1007 2775 1067 2805 rep.

114 2804 291 2846 judiciisque
308 2807 453 2836 maximis
463 2805 638 2840 floruerunt,
651 2806 818 2836 habuerunt
835 2814 950 2836 tanturn
960 2809 1067 2841 animi,

114 2853 230 2876 tantum
240 2848 368 2881 roboris,
383 2856 415 2878 ut
426 2850 469 2877 M.
481 2851 588 2878 Scauro
599 2847 664 2878 testi
675 2854 739 2877 non
748 2847 900 2878 crederent
910 2859 915 2877 :
926 2858 981 2878 vos
992 2849 1068 2878 Vol-

112 2896 226 2928 garum‚
235 2894 321 2930 atque
330 2890 531 2930 Allobrogum
540 2888 722 2920 testimoniis
733 2898 796 2919 non
804 2889 921 2920 credere
931 2892 1044 2920 timetis
1056 2894 1067 2920 .⁷

112 2929 136 2959 S
137 2929 148 2957 i
163 2930 277 2961 irrirmco
288 2930 356 2961 resti
366 2931 437 2960 credi
445 2941 500 2960 non
510 2931 633 2971 oportuit
642 2951 650 2964 ,
665 2933 821 2961 inimicior
830 2932 974 2962 Marcello
984 2933 1065 2962 Cras-

115 2971 172 3005 sus,
183 2981 233 3003 aut
242 2973 381 3004 Fimbriae
391 2975 514 3004 Scaurus
532 2982 571 3003 ex
589 2973 730 3004 civilibus
744 2971 860 3006 studiis,
871 2983 954 3014 atque
965 2974 1065 3005 obtre-

155 3104 164 3120 1
172 3115 178 3120 .
191 3097 329 3130 Conjemra
336 3097 366 3127 ὼ·
375 3100 506 3130 cogitatione
513 3098 674 3133 truduntur]
686 3097 831 3125 Lambinus
842 3095 926 3124 edidit
938 3099 1068 3132 conjeflnrae
1088 3097 1094 3138 l

113 3131 145 3161 ὲ·
153 3134 283 3163 cogitarim
293 3149 302 3162 ‚
319 3131 363 3159 sed
372 3132 405 3159 de
414 3133 565 3168 conjectura
577 3135 738 3164 Hotomaui.
757 3134 859 3163 accedit
880 3134 986 3170 propius
997 3134 1072 3161 libris

114 3165 245 3195 divinatio
255 3166 399 3210 Gulielmii-
407 3187 416 3203 ‚
426 3171 568 3197 trahimur.

1141 276 1191 297 ma
1209 270 1242 298 in
1261 271 1342 300 causa
1360 271 1437 303 sunt,
1449 275 1563 313 equites
1575 293 1583 306 ,
1603 273 1791 303 frumentum
1802 292 1811 306 ‚
1832 274 1991 312 pecuniam
2005 274 2095 303 semei

1138 316 1224 349 atque
1234 312 1343 341 iterum
1355 332 1362 346 ‚
1374 323 1405 343 ac
1417 313 1520 354 saepius
1530 314 1693 353 ittvz'rzffimi
1703 314 1770 345 dare
1779 313 1873 345 coaffi
1889 315 1973 345 sunt:
1993 318 2094 348 ceteri.

1136 352 1244 387 partim
1255 362 1292 382 ex
1302 354 1449 384 veteribus
1460 356 1634 398 bellisfflgro
1644 356 1774 389 multati,
1785 358 1892 396 partim
1903 356 1940 386 ab
1950 357 2092 396 meipso,

1137 389 1218 420 bello
1229 392 1365 432 superati,
1379 396 1412 425 &
1422 396 1557 437 oppressi.
1580 399 1620 431 Si,
1633 400 1685 439 qui
1695 398 1735 428 ob
1743 398 1867 439 aliquod
1877 398 2094 427 emolumentum

1136 431 1222 479 suurn
1233 435 1371 473 cupidius
1382 437 1494 478 aliquid
1512 439 1610 469 dicere
1619 440 1758 470 videntur
1768 460 1776 473 ‚
1788 441 1825 469 iis
1835 439 1913 470 credi
1933 450 1997 470 non
2015 450 2091 469 con·

1135 482 1218 519 venit
1229 485 1234 503 ε
1247 475 1336 505 credo
1347 478 1442 513 majus
1456 481 1700 511 emolumenturn
1712 481 1904 521 Caepionibus
1917 501 1925 516 ,
1937 482 1970 512 δε
1980 483 2091 511 Metel»-

1134 513 1171 561 hs
1189 516 1371 556 propositum
1386 517 1472 550 fuiffc
1487 531 1525 550 cx
1535 524 1574 559 Q.
1586 524 1723 562 Pompeii
1733 523 1936 557 damnatione,
1947 522 2019 553 esim
2030 522 2090 553 stu*

1134 555 1254 587 dlorurn
1268 558 1389 588 suorum
1404 560 1633 593 obuefihnorem
1652 563 1831 594 sustulissbnt
1842 584 1849 597 ,
1869 565 1960 605 quam
1972 564 2090 595 cunstat

1134 598 1239 646 Gallia:
1256 609 1294 629 ex
1313 601 1357 629 M.
1370 603 1489 631 Fonteii
1498 604 1662 644 calamitate
1674 606 1721 634 :in
1732 616 1788 646 qua
1797 606 1847 635 illa
1856 608 2011 646 provincia
2019 616 2091 646 prov

1132 648 1169 679 pe
1181 639 1263 672 suam
1273 643 1498 673 immunitatem
1512 664 1519 676 ‚
1541 655 1570 675 ac
1582 645 1746 676 libertatem
1763 646 1885 686 positam
1900 647 1958 678 effe
1968 648 2091 678 arbitra-

1133 689 1201 726 tur.-
1216 685 1263 712 An
1275 702 1283 716 ‚
1303 681 1324 712 fi
1341 683 1461 713 homines
1470 685 1539 725 ipsos
1549 685 1670 725 sjaec‘iare
1679 689 1873 723 convenit(id
1882 689 1963 729 quod
1975 692 2006 719 in
2018 688 2090 719 teste

1131 723 1267 761 proiefiff)
1277 726 1371 755 valere
1381 726 1550 765 plurimum
1561 728 1667 765 debet)
1688 738 1751 759 non
1762 730 1856 759 modo
1871 741 1939 760 cum
1960 732 2091 761 summis

1130 765 1258 796 civitatis
1269 765 1375 797 nostrae
1385 769 1468 801 viris,
1480 768 1528 799 sed
1539 779 1609 799 cum
1621 768 1731 799 infimo
1749 773 1813 800 cive
1825 774 1917 801 Rom.
1930 773 2087 813 quisquam

1130 805 1326 846 ampliffimus
1345 809 1450 839 Galli-,e
1466 811 1683 850 comparandus
1700 811 1763 841 est?
1782 813 1833 842 scit
1851 813 2085 847 Indutiomarus,

1129 848 1202 887 quid
1213 847 1246 878 sit
1262 849 1474 881 testimonium
1486 852 1605 882 dicere?
1627 862 1765 883 movetur
1775 863 1811 883 eo
1828 856 1948 887 timore,
1959 865 2019 895 quo
2030 865 2088 885 no-

1130 888 1225 920 strum
1237 891 1448 932 unusquisque,
1461 892 1575 924 cumin
1585 904 1655 924 eum
1668 895 1769 924 locum
1780 895 1941 934 procinetus
1952 896 1994 926 est
2006 899 2015 925 ?
2025 899 2087 928 Re-
2103 902 2129 933 9

1129 931 1298 962 cordamini
1320 954 1327 965 ‚
1349 935 1461 970 judices
1479 955 1487 968 ,
1509 936 1692 976 quantopere
1715 936 1845 966 laborare
1864 937 1999 971 soleatis,
2023 947 2086 968 non

1129 972 1224 1003 modo
1234 974 1307 1014 quid
1325 974 1428 1005 dicatis
1445 986 1500 1016 pro
1510 976 1696 1011 testimonio,
1713 979 1761 1008 sed
1770 981 1880 1011 etiam„
1900 978 2002 1020 quibus
2022 989 2088 1008 ver-

1128 1013 1164 1043 bu
1182 1017 1328 1049 utamini,
1349 1018 1468 1058 nequod
1480 1018 1584 1049 minus
1593 1019 1745 1050 moderate
1756 1018 1897 1059 positum,
1911 1021 2030 1060 nequod
2050 1021 2085 1051 ab

1126 1057 1223 1097 aliqua
1238 1058 1397 1097 cupiditate
1414 1061 1583 1100 prolapsum
1603 1061 1730 1091 verbum
1750 1060 1807 1091 este
1824 1061 1969 1091 videatur.
1992 1062 2087 1092 Vultu

1126 1097 1256 1138 denique
1266 1099 1413 1134 laboratis,
1426 1111 1521 1141 nequa
1531 1100 1685 1143 significari
1704 1102 1791 1143 possit
1807 1103 1924 1143 suspicio
1945 1104 2089 1145 cupidita--

1127 1140 1159 1168 tu
1168 1150 1180 1167 .·
1202 1141 1279 1170 ut&
1290 1161 1298 1174 ‚
1320 1140 1391 1171 cum
1401 1144 1527 1181 proditis
1538 1164 1546 1177 ,
1558 1144 1742 1175 existimatio
1755 1143 1788 1175 sit
1825 1145 1940 1175 uaedam
1953 1146 2038 1175 tacita
2047 1145 2087 1175 de

1126 1182 1212 1211 vobis
1231 1182 1373 1222 pudoris,
1393 1194 1426 1214 ac
1442 1185 1616 1226 religionis:
1640 1186 1692 1219 δε.
1717 1185 1790 1216 cum
1828 1187 1974 1220 isceditis‚
1987 1196 2019 1216 ea
2036 1186 2084 1216 di—

1125 1223 1439 1262 necuim-conservata,
1452 1236 1483 1256 ac
1501 1236 1614 1257 retenta
1629 1228 1774 1258 videatur.
1799 1228 1895 1258 Credo
1906 1229 1968 1258 haec
1978 1228 2082 1258 eadem

1125 1265 1369 1296 Indutiomarum
1388 1269 1422 1297 in
1435 1268 1612 1299 testimonio
1626 1268 1768 1303 timuisse,
1788 1279 1840 1299 aut
1855 1269 2009 1310 cogitasse:
2030 1280 2084 1310 qur

1122 1306 1259 1345 primum
1273 1309 1348 1338 illud
1358 1309 1484 1340 verbum
1497 1310 1795 1341 consideratiffimurn
1807 1311 1913 1341 nostra:
1924 1312 2085 1341 consuetu-

1124 1347 1203 1378 dinis
1215 1369 1223 1382 ,
1248 1352 1274 1379 A
1284 1360 1305 1379 R
1317 1360 1334 1379 E
1348 1360 1359 1379 1
1369 1361 1388 1380 τ
1399 1361 1421 1381 R
1430 1361 1449 1381 o
1460 1362 1481 1381 R
1491 1373 1498 1385 ‚
1525 1363 1586 1393 quo
1602 1363 1658 1383 nos
1677 1355 1765 1383 etiarn
1784 1362 1855 1382 tunc
1867 1355 1996 1386 utimur,
2008 1353 2081 1384 cum

1123 1399 1156 1419 ea
1174 1390 1305 1421 dicimus
1325 1394 1438 1432 jurati,
1451 1403 1517 1434 quae
1527 1403 1678 1435 comperta
1689 1395 1841 1428 habemus,
1853 1405 1918 1435 quae
1939 1393 1990 1434 ipsi
2002 1395 2082 1425 vidi-

1124 1441 1212 1463 mus.
1233 1442 1272 1462 ex
1291 1442 1357 1464 toto
1375 1433 1552 1466 testimonio
1571 1437 1624 1466 suo
1643 1436 1778 1470 sustulit,
1802 1444 1888 1476 atque
1905 1438 2011 1467 omnia
2034 1446 2078 1466 sz

1123 1482 1136 1502 s
1149 1483 1167 1502 c
1181 1483 1191 1503 1
1203 1483 1224 1504 R
1235 1484 1255 1503 Ε
1274 1474 1362 1505 dixit.
1386 1477 1549 1507 Verebatur
1559 1479 1639 1508 enin-i
1652 1478 1805 1510 videlicet,
1816 1478 1926 1519 nequid
1937 1478 2012 1518 apud
2025 1488 2082 1509 vos

1121 1516 1328 1559 populumque
1338 1520 1433 1548 Rom.
1446 1518 1483 1548 de
1494 1519 1719 1550 existimatione
1729 1520 1779 1550 sua
1787 1519 1973 1559 deperderet:
1985 1530 2081 1561 nequa

1119 1558 1201 1587 rama
1217 1559 1448 1600 consequeretur
1466 1561 1613 1599 ejusmodi
1625 1581 1634 1595 ,
1654 1561 1898 1592 Indutiomarum
1910 1582 1918 1594 ,
1932 1562 2021 1591 talem
2033 1564 2079 1592 vi-

1121 1608 1207 1633 rum,
1226 1609 1287 1630 tam
1303 1600 1411 1641 cupide
1424 1622 1432 1634 ‚
1452 1611 1512 1632 tam
1526 1603 1638 1633 temere
1656 1601 1775 1633 dixist'e.
1799 1613 1862 1633 non
1879 1603 2079 1644 intelligebat,

1118 1641 1148 1670 se
1164 1642 1197 1670 in
1216 1641 1394 1673 testimonio
1404 1644 1483 1673 nihil
1495 1653 1601 1684 praeter
1609 1654 1717 1675 vocem
1728 1665 1736 1677 ‚
1754 1645 1788 1675 &
1797 1654 1830 1674 os
1843 1665 1851 1678 ,
1879 1645 1911 1674 &
1924 1645 2078 1677 audaciam

1119 1691 1216 1723 neque
1233 1684 1351 1714 civibus
1371 1685 1450 1718 suis,
1469 1695 1566 1727 neque
1579 1686 1797 1717 accusatoribus
1819 1686 1928 1716 nostris
1946 1686 2080 1727 praestare

1117 1723 1235 1755 debere.
1258 1728 1307 1756 An
1320 1725 1392 1756 vero
1407 1726 1473 1758 istas
1485 1730 1620 1758 nationes
1631 1749 1640 1762 ‚
1660 1729 1805 1769 religione
1815 1728 2028 1767 jurisjurandi,
2044 1739 2077 1760 ae

1118 1775 1202 1796 metu
1215 1766 1342 1797 deorum
1351 1770 1574 1800 immortalium
1588 1772 1621 1800 in
1631 1769 1815 1800 testimoniis
1830 1769 1966 1800 dicendis
1985 1780 2073 1801 com-

1116 1811 1235 1838 moveri
1253 1809 1462 1840 arbitramini?
1484 1822 1548 1853 quae
1569 1820 1687 1842 tantum
1712 1812 1728 1842 a
1749 1820 1914 1841 ceterarum
1938 1814 2076 1852 gentium

1117 1859 1201 1880 more
1211 1870 1220 1883 ,
1244 1860 1275 1881 ac
1289 1860 1391 1882 natura
1404 1851 1582 1883 distentiunt
1593 1873 1601 1887 ,
1619 1853 1701 1895 quod
1719 1862 1821 1883 ceterae
1830 1860 1881 1894 pro
1897 1854 2079 1894 religionibus

1109 1892 1168 1931 suis
1187 1890 1255 1921 bella
1265 1893 1442 1935 fiaefcipiunt,
1465 1894 1527 1926 istae
1541 1904 1644 1925 contra
1658 1897 1801 1924 omnium
1823 1895 1994 1935 religiones.
2016 1896 2078 1926 illae

1114 1935 1146 1963 in
1160 1933 1247 1963 bellis
1260 1935 1397 1973 gerendis
1410 1936 1447 1965 ab
1459 1936 1517 1966 diis
1532 1936 1754 1966 immortalibus
1768 1945 1872 1975 pacem
1882 1956 1890 1969 ³
1905 1947 1937 1967 ac
1951 1939 2074 1968 veniam

1112 1983 1235 2014 petuntz
1260 1975 1320 2006 istae
1334 1986 1404 2006 cum
1418 1976 1485 2017 ipsis
1507 1978 1564 2008 diis
1580 1977 1802 2007 immortalibus
1826 1977 1903 2007 bella
1914 1976 2073 2018 gesserunt.

1114 2018 1169 2046 ΗΞ
1183 2016 1253 2046 sunt
1265 2019 1402 2047 nationes
1413 2038 1421 2050 ‚
1447 2029 1514 2059 quae
1527 2019 1681 2060 quondam
1697 2027 1756 2048 tarn
1770 2018 1861 2060 longe
1874 2019 1910 2049 ab
1924 2020 1983 2050 suis
1998 2020 2075 2051 sedi-

1111 2057 1184 2090 bus,
1209 2058 1345 2098 Delphos
1367 2060 1477 2100 usque,
1497 2061 1531 2090 ad
1547 2061 1725 2100 Apollinem
1739 2061 1902 2100 Pythium,
1926 2069 2013 2103 atque
2035 2062 2072 2093 ad

1110 2099 1264 2129 oraculum
1280 2100 1360 2129 orbis
1375 2108 1456 2131 terrae
1468 2102 1643 2132 vexandum
1657 2122 1666 2135 ,
1681 2112 1713 2132 ac
1726 2101 1914 2142 spoliandum
1930 2102 2074 2142 profectae

1110 2141 1187 2171 sunt.
1210 2141 1378 2171 Abiisdem
1400 2144 1538 2183 gentibus
1561 2143 1688 2178 sanffls,
1711 2144 1744 2173 δε
1763 2145 1796 2173 in
1810 2143 1988 2175 testimonio
2001 2145 2074 2175 reli-

1109 2180 1196 2222 giofis
1208 2202 1216 2216 ‚
1234 2181 1385 2213 obsessum
1399 2186 1582 2224 Capitolium
1598 2184 1656 2219 est,
1674 2194 1759 2225 atque
1773 2185 1966 2228 illeJupiter,
1988 2187 2075 2226 cujus

1109 2226 1236 2254 nomine
1257 2226 1385 2261 majores
1398 2225 1493 2256 nostri
1515 2226 1644 2256 vinstam
1668 2226 1895 2256 testimoniorum
1905 2227 1994 2266 fidem
2016 2226 2075 2258 effe

1110 2266 1284 2296 voluerunt.
1307 2266 1464 2298 Postremo
1486 2269 1532 2298 his
1546 2268 1709 2310 quidquam
1724 2268 1860 2299 sanetum
1871 2289 1880 2303 ,
1904 2279 1936 2300 ac
1949 2270 2075 2312 religio-

1110 2307 1174 2336 sum
1190 2307 1284 2338 videri
1297 2307 1411 2348 potest:
1433 2312 1486 2350 qui
1503 2312 1592 2340 etiam
1605 2328 1612 2342 ²
1638 2309 1658 2340 s1
1673 2310 1794 2351 quando
1806 2311 1907 2352 aliquo
1922 2320 2004 2342 metu
2021 2311 2074 2343 ad-

1109 2348 1192 2378 duffi
1207 2349 1278 2379 deos
1299 2350 1459 2389 placandos
1482 2351 1539 2382 effe
1555 2352 1746 2386 arbitrantur,
1772 2353 1896 2382 humanis
1910 2351 1998 2389 hostiis
2019 2363 2072 2384 eo-

1109 2400 1177 2420 rum
1191 2401 1268 2424 aras,
1290 2401 1322 2421 ac
1335 2393 1446 2432 templa
1458 2392 1622 2424 funestam?
1645 2404 1728 2424 utne
1746 2395 1926 2436 religionem
1944 2395 2071 2436 quidem

1109 2432 1207 2462 colere
1221 2431 1329 2473 poffint
1341 2453 1350 2466 ,
1365 2433 1420 2464 nisi
1433 2445 1498 2465 eam
1511 2437 1592 2475 prius
1605 2436 1711 2466 scelere
1723 2437 1872 2466 violarint.
1896 2439 1971 2477 Qs
1985 2438 2071 2467 enim

1109 2477 1235 2515 ignorat,
1247 2485 1297 2505 eos
1308 2476 1400 2516 usque
1418 2476 1452 2506 ad
1468 2478 1543 2507 hanc
1553 2477 1636 2507 diem
1650 2479 1776 2507 retinere
1789 2478 1873 2508 illam
1887 2479 2070 2511 immanem,

1109 2526 1141 2546 ac
1159 2516 1310 2547 barbaram
1328 2518 1580 2548 consuetudinem
1599 2520 1766 2549 hominurn
1785 2519 2072 2550 immolandorum?

1111 2559 1330 2600 Qamobrem‚
1342 2560 1421 2599 quali
1441 2558 1498 2589 fide
1509 2580 1517 2594 ‚
1537 2561 1618 2601 quali
1629 2563 1736 2600 pietate
1746 2560 1923 2592 existimatis
1933 2560 1990 2591 ess'e
2004 2571 2069 2596 cos,

1109 2610 1160 2640 qui
1180 2602 1270 2630 etiam
1281 2600 1352 2630 deos
1364 2602 1562 2636 immortaleis
1571 2603 1750 2632 arbitrentur
1767 2604 1930 2632 hominum
1949 2603 2067 2638 scelere,

1113 2641 1295 2683 &sanguine
1312 2642 1457 2673 facillime
1476 2642 1557 2683 posse
1570 2643 1698 2683 placari?
1719 2653 1788 2674 cum
1809 2645 1855 2674 his
1873 2655 1927 2675 vos
1943 2644 2068 2675 testibus

1109 2683 1236 2716 vestram
1250 2686 1428 2733 religionem
1441 2685 1650 2726 conjungetis?
1663 2686 1698 2715 ab
1711 2686 1758 2715 his
1770 2685 1932 2726 quidquam
1945 2686 2044 2717 {ariste
2055 2707 2065 2721 ,

1110 2733 1159 2756 aut
1173 2725 1325 2756 moderate
1346 2725 1462 2756 dietum
1485 2728 1647 2767 putabitis?
1668 2729 1725 2758 hoc
1746 2727 1850 2758 vestrae
1870 2737 1988 2759 mentes
2001 2728 2063 2759 tam

1113 2766 1195 2797 castae
1206 2787 1214 2801 ,
1236 2776 1295 2797 tarn
1310 2770 1429 2809 integiae
1444 2767 1497 2798 sibi
1510 2769 1670 2809 suscipient
1680 2789 1688 2803 ‚
1704 2778 1737 2799 ut
1750 2791 1758 2802 ‚
1773 2768 1845 2800 cum
1859 2780 1968 2800 omnes
1981 2770 2068 2811 legati

1113 2808 1225 2842 nostri,
1249 2811 1301 2850 qui
1314 2810 1369 2839 illo
1384 2811 1515 2840 triennio
1535 2812 1568 2840 in
1582 2811 1710 2841 Galliam
1725 2821 1873 2842 venerunt
1883 2832 1892 2846 ‚
1916 2821 2023 2842 omnes
2036 2822 2069 2842 e-

1112 2853 1209 2891 quites
1223 2853 1260 2882 R.
1272 2853 1322 2891 qui
1338 2861 1369 2880 in
1383 2852 1432 2881 illa
1445 2853 1599 2891 provincia
1617 2852 1755 2887 fuerunt,
1778 2863 1886 2883 omues
1900 2856 2069 2895 negotiato-

1111 2903 1156 2923 res
1175 2894 1238 2933 ejus
1251 2895 1413 2932 provinciae
1427 2904 1431 2922 :
1451 2893 1581 2935 denique
1603 2905 1711 2925 omnes
1722 2915 1730 2929 ,
1750 2897 1783 2924 in
1799 2896 1896 2926 Gallia
1908 2898 1959 2936 qui
1978 2896 2046 2926 sunt
2057 2915 2066 2930 ‚

1111 2935 1182 2964 socii
1195 2935 1302 2974 populi
1315 2937 1410 2964 Rom.
1424 2944 1510 2976 atque
1524 2937 1626 2970 amici,
1640 2939 1684 2966 M.
1698 2939 1859 2976 Fonteium
1878 2938 2066 2967 incolumem

1110 2974 1169 3006 esse
1180 2978 1301 3016 cupiant
1312 2996 1320 3011 ,
1334 2978 1430 3016 jurati
1447 2977 1606 3018 privatim,
1627 2977 1777 3021 &publici
1796 2978 1929 3008 laudent:
1948 2989 2003 3010 vos
2022 2988 2067 3009 ta-

1997 3030 2070 3050 men

1112 3134 1127 3160 s
1144 3108 1161 3136 ²?
1169 3118 1178 3138 ¹.
1194 3101 1293 3169 {cc-{Artem
1302 3101 1357 3125 vere
1367 3109 1549 3133 conmemorare,
1560 3100 1627 3135 &ej
1641 3100 1737 3128 Mallct
1748 3101 1909 3129 Gulielmius
1920 3103 1986 3128 verb.
2005 3100 2070 3136 quid

1091 3141 1097 3197 x
1123 3145 1131 3161 1
1144 3138 1213 3162 Ϊωῐ.
1246 3136 1290 3161 esst.

1567 3209 1647 3235 Tt2

1992 3211 2077 3243 μη.-

2100 2024 2143 2048 10
