2339 3379
497 141 704 195 Epis-r.
730 140 808 191 'AD
844 143 898 191 C.
926 138 1311 205 Camoni-ii,
1337 164 1414 198 ΕΤ
1453 153 1676 208 Amos,
1705 157 1828 206 [ΛΒ.
1861 161 1922 209 11.

2110 163 2200 225 652

233 228 318 261 &um
337 226 396 260 ess'e
412 227 578 261 constaret,
595 225 775 268 magnitudo
787 226 830 255 rei
844 224 935 257 fecit,
957 232 1065 255 utnon
1079 235 1196 256 verere·
1233 231 1286 271 qui
1295 229 1430 262 fuerisin
1443 233 1540 264 fflute.
1563 237 1648 277 Ego,
1667 240 1698 267 ni
1717 246 1744 268 te
1755 239 1857 270 videre
1867 242 1973 272 scirem
1987 262 1996 277 ‚
2016 238 2110 274 ⁸cum
2121 245 2155 275 ad
2167 239 2200 275 te

232 281 304 302 mur
314 291 324 305 ‚
345 281 384 302 ne
393 272 486 301 nimis
497 268 558 300 εἰτὸ
568 270 722 298 mitterem
734 287 744 301 ,
763 276 833 297 cum
845 268 894 297 has
908 265 999 307 quam
1009 268 1146 307 primurn
1157 268 1193 297 ad

234 321 264 343 te
299 312 399 343 efferri
413 312 522 342 litteras
534 309 717 352 magnopere
727 309 888 339 vellemus.
911 311 975 350 Ego
991 306 1013 337 si
1029 318 1097 338 mea
1113 310 1147 355 in
1166 318 1194 338 te

234 323 330 385 ess‘gnt
338 352 436 385 officia
450 352 549 383 solum
560 372 570 386 ‚
593 353 685 383 Curio
697 371 706 385 ‚
726 360 804 382 tanta
813 371 821 385 ,
841 359 949 392 quanta
963 351 1057 391 magis
1070 349 1192 398 axteipso

235 395 388 436 praedicari
397 415 406 429 ‚
426 394 516 436 quam
527 394 543 425 a
553 404 603 424 me
613 393 774 434 ponderari
784 393 880 423 soient
892 403 898 421 ;
917 391 1117 422 verecundius
1127 395 1191 425 ate,

232 438 254 467 si
263 447 320 478 qua
328 446 434 477 magna
443 446 489 466 res
499 437 577 466 mihi
585 435 711 476 petenda
720 434 800 468 effet,
811 433 1036 465 contenderem.
1044 435 1072 463 G
1081 443 1104 462 R
1115 442 1137 462 A
1144 442 1163 463 v
1173 443 1193 462 E

235 489 255 509 ε
264 489 306 509 ετ
328 488 379 509 EN
390 489 401 508 1
413 488 440 508 M
463 479 584 508 homini
595 478 721 518 pudenti
736 498 744 511 ,
767 486 866 517 petere
876 474 988 516 aliquid
1001 484 1144 515 magnum
1154 474 1190 522 ab

232 530 270 550 eo
279 539 288 553 ‚
300 520 337 550 de
346 530 408 561 quo
418 520 447 550 se
462 520 540 551 bene
551 522 692 550 meritum
705 528 803 560 putet:
817 528 857 548 ne
867 518 914 551 id,
927 516 1008 558 quod
1016 525 1094 556 petat
1104 536 1112 550 ,
1125 526 1190 566 exi-

229 572 300 603 gere
311 563 423 604 magis,
443 561 532 603 quam
544 571 663 603 rogare:
684 561 717 591 &
734 563 767 591 in
786 559 933 590 mercedis
950 558 1072 606 potius,
1095 568 1187 599 quam

229 602 372 634 beneficii
384 604 453 634 loco
468 614 624 635 numerare
633 603 777 634 videatur.
800 601 857 633 Sed
867 602 937 641 quia
946 609 995 630 tua
1005 610 1038 629 in
1049 609 1099 629 nie
1110 620 1120 633 ‚
1141 599 1189 629 vel

228 654 301 676 nota
309 646 474 680 omnibus,
494 647 543 676 vel
559 647 620 686 ipsa
637 647 768 676 novitate
784 652 925 673 meorum
940 651 1113 681 temporum
1128 641 1188 671 cla—

228 685 340 718 n'ffima
354 688 387 718 &
400 689 533 718 maxima
546 686 691 719 beneficia
702 686 882 717 exstiterunt
894 694 900 713 :
921 686 1056 730 Issi-Qut
1076 692 1186 712 Arimi

231 730 377 771 ingenui,
399 731 447 760 cui
457 730 591 760 multum
602 729 707 760 debeas
717 749 726 763 ‚
745 728 846 758 eidem
858 726 1027 765 plurimum
1042 725 1120 754 velle
1134 724 1188 772 <le-3

230 771 300 802 bere
312 783 320 805 3
343 781 408 802 non
421 771 556 802 dubitavi
571 771 602 801 id
611 771 627 801 a
643 780 670 801 te
685 780 739 809 per
751 770 861 798 litteras
874 775 971 806 petere
981 786 998 812 ,ἱ
1011 766 1093 806 quod
1105 766 1186 795 mihi

229 815 374 843 omnium
390 811 463 844 effer
475 815 647 843 maximum
659 832 668 845 ,
690 812 882 849 maximeque
892 807 1100 855 neceflarium3
1121 810 1153 838 N
1155 818 1185 837 e-

227 864 288 895 que
305 856 388 885 enim
406 855 472 885 sum
493 856 624 888 veritus,
646 857 656 872 ¹
667 862 705 882 ne
719 850 862 881 sustinere
873 851 962 880 tuain
973 859 1023 880 me
1035 850 1081 879 vel
1093 859 1185 879 innu-

228 896 385 926 merabilia
401 906 466 926 nori
478 894 594 936 poffcm
608 905 613 923 ε
631 893 704 924 curn
713 893 877 933 praesertim
887 886 1093 924 confiderem',
1113 892 1184 921 nul·
1225 903 1279 933 [ibi
1292 902 1325 934 fit
1335 904 1389 935 iste
1400 906 1515 936 tribum

227 938 288 968 lam
303 937 361 968 effe
371 940 495 979 gratiam
506 957 514 970 ,
533 940 646 976 ²quam
663 945 728 965 non
743 935 793 965 vel
809 943 910 973 capere
927 935 1049 963 animus
1063 934 1097 962 in
1110 935 1184 963 acci—

225 979 356 1019 piendo,
367 979 414 1009 vel
424 980 458 1008 in
466 977 698 1011 remunerando,
709 975 954 1016 cumulandoque
963 974 1107 1005 illustrare
1117 975 1184 1022 pos-

225 1021 277 1051 set.
301 1023 364 1061 Ego
374 1021 478 1050 omnia
488 1029 555 1050 mea
563 1018 659 1050 studia
668 1039 677 1053 ,
697 1028 824 1049 omnem
836 1026 956 1057 operam
968 1036 977 1050 ‚
995 1026 1097 1047 curam
1109 1037 1118 1050 ‚
1137 1026 1185 1046 m-
1224 1028 1289 1068 ipso
1300 1040 1305 1058 2
1316 1040 1483 1071 numquam
1493 1032 1573 1063 1212&

225 1061 371 1092 dustriam
380 1081 390 1096 ‚
403 1064 619 1102 cogitationem
629 1081 637 1095 ,
650 1070 786 1091 mentem
796 1059 927 1100 denique
937 1068 1065 1089 omnem
1077 1061 1109 1088 in
1120 1059 1182 1088 Mi-

225 1105 307 1134 lonis
316 1103 472 1134 consulatu
483 1101 538 1134 fixi
548 1123 557 1137 ,
573 1103 607 1134 ὅς
616 1103 730 1134 locavi:
752 1101 899 1141 statuique
909 1102 942 1130 in
952 1110 988 1130 eo
1001 1111 1051 1130 me
1061 1110 1126 1130 non
1136 1099 1184 1130 of-

227 1143 289 1176 ficii
300 1144 400 1175 solum
409 1144 556 1179 frufflim,
566 1145 615 1175 sed
625 1147 716 1175 etiam
726 1146 844 1184 pietatis
857 1142 976 1173 laudem
986 1142 1094 1172 debere
1102 1152 1184 1182 quae-

222 1195 297 1217 rere.
321 1189 429 1227 Neque
438 1185 511 1217 vero
519 1189 662 1227 cuiquam
673 1186 797 1216 salutem
804 1204 813 1218 ‚
836 1194 868 1214 ac
877 1183 1011 1214 fortunas
1022 1185 1086 1214 suas
1096 1192 1183 1214 tantae

224 1238 302 1259 curae
313 1228 400 1259 fuisse
411 1238 556 1270 umquam
565 1238 639 1268 puto
650 1249 658 1262 ,
679 1236 797 1268 quantae
808 1227 886 1256 mihi
896 1224 930 1256 fit
941 1227 1038 1256 honos
1047 1227 1113 1265 ejus
1123 1245 1132 1260 ,
1150 1228 1182 1256 in

222 1278 286 1310 quo
296 1273 402 1300 omnia
413 1280 478 1301 mea
487 1268 578 1310 pofita
587 1268 645 1300 effe
655 1270 781 1300 decrevi.
798 1270 879 1298 Huic
890 1277 918 1298 te
929 1277 1026 1297 unum
1037 1276 1120 1297 tanto
1131 1267 1183 1298 ad-

219 1312 365 1352 jumento
374 1311 432 1342 effe
443 1331 451 1345 ,
467 1310 488 1341 si
499 1312 630 1342 volueris
639 1331 648 1346 ,
666 1309 748 1351 pofi'e
757 1311 895 1350 intelligo
906 1329 914 1344 ‚
934 1318 967 1339 ut
976 1309 1054 1339 nihil
1066 1307 1098 1338 sit
1107 1318 1184 1349 prae-

224 1361 304 1383 terea
311 1354 402 1385 nobis
411 1353 636 1393 requirendum.
655 1352 811 1383 Habemus
822 1352 884 1381 haec
893 1352 999 1381 omnia
1011 1361 1016 1380 :
1028 1351 1182 1381 bonorum

224 1394 358 1425 studium
375 1395 573 1425 conciliatum
592 1404 631 1424 ex
649 1394 799 1424 tribunatu
814 1413 821 1427 ‚
846 1401 966 1433 propter
984 1392 1117 1422 nostram
1136 1393 1182 1432 (ut

220 1437 306 1476 spero
317 1445 345 1466 te
353 1436 534 1476 intelligere)
542 1436 659 1466 causam
673 1445 680 1465 :
693 1436 796 1476 vulgi,
807 1445 839 1465 ac
848 1434 1073 1468 multitudinis,
1088 1437 1101 1461 3
1111 1443 1182 1474 pro-

219 1486 286 1518 pter
301 1476 557 1518 magnificentiam
578 1486 759 1511 munerum,
778 1477 1048 1518 liberalitatemque
1060 1485 1181 1506 naturae:

217 1521 386 1559 juventutis
396 1539 404 1552 ‚
426 1519 459 1549 &
473 1521 491 1546 4
496 1519 695 1560 gratiosorum
713 1521 746 1549 in
766 1517 914 1560 suffragiis
928 1518 1023 1549 studia
1032 1537 1041 1551 ‚
1060 1527 1181 1558 propter

219 1559 311 1601 ipfius
321 1560 521 1591 excellentem
533 1562 564 1591 in
576 1571 613 1591 eo
621 1570 727 1603 genere
737 1580 745 1595 ,
767 1561 813 1590 vel
827 1562 949 1602 gratiam
962 1580 971 1594 ,
990 1561 1037 1591 vel
1050 1561 1180 1601 diligen-

220 1604 312 1632 tiam:
331 1601 464 1633 nostram
481 1601 723 1644 suffragationem
734 1623 743 1637 ‚
763 1605 776 1631 5
787 1601 807 1632 si
827 1603 931 1632 minus
952 1612 1109 1643 potentem
1121 1622 1130 1647 3
1151 1610 1179 1633 at

219 1643 374 1684 probatam
383 1652 486 1675 tamen
498 1664 507 1678 ‚
519 1643 668 1685 &justam
681 1663 689 1678 ‚
703 1645 736 1675 &
745 1644 877 1675 debitam
890 1665 897 1678 ,
910 1645 943 1675 &
951 1653 1106 1685 propterea
1114 1646 1178 1674 ior-

219 1684 290 1716 tasse
299 1686 389 1716 etiam
399 1686 570 1728 gratiosam.
593 1688 668 1716 Dux
679 1686 769 1716 nobis
778 1706 786 1720 ,
808 1686 841 1716 &
851 1686 956 1717 aut-“tor
974 1695 1049 1726 opus
1062 1685 1104 1716 est
1114 1706 1123 1720 ‚
1144 1686 1178 1716 &

219 1735 328 1757 eorum
338 1736 497 1758 ventorum
508 1747 516 1762 ‚
536 1738 613 1769 quos
621 1729 762 1768 proposui
775 1749 783 1762 ‚
801 1728 973 1760 moderator
981 1729 1102 1770 quidam
1115 1749 1124 1761 ‚
1144 1728 1178 1758 &

218 1767 299 1809 quasi
307 1768 503 1810 gubernator:
523 1768 539 1790 ⁶
547 1772 600 1811 qui
609 1769 629 1800 fi
641 1780 678 1801 ex
687 1770 832 1800 omnibus
846 1781 924 1800 unus
933 1771 1080 1811 optandus
1089 1768 1176 1800 ess'et:

219 1820 311 1850 quern
324 1820 422 1841 tecum
432 1810 568 1842 conferre
577 1810 729 1852 possemus
739 1832 749 1846 ‚
768 1822 833 1842 non
850 1813 1039 1842 haberemus.
1062 1814 1177 1853 Qam—

222 1851 330 1882 obrem
341 1872 350 1886 ‚
363 1851 383 1882 fi
395 1862 445 1883 me
454 1862 624 1884 memorem
636 1874 645 1887 ‚
657 1852 677 1883 fi
688 1862 804 1894 gratum
817 1873 824 1887 ,
837 1852 858 1883 sl
869 1853 986 1884 bonum
996 1855 1096 1883 virum
1107 1873 1115 1887 ‚
1129 1854 1178 1883 vel

221 1903 260 1923 ex
270 1894 329 1924 hoc
338 1894 402 1934 ipso
411 1893 494 1935 quod
505 1903 564 1924 tam
575 1896 770 1925 vehementer
779 1895 815 1925 de
824 1895 945 1925 Milone
955 1895 1100 1928 laborem,
1111 1897 1177 1925 exi—

221 1934 340 1965 stimare
349 1945 451 1975 potes:
469 1934 489 1965 fi
505 1936 632 1978 dignum
650 1936 781 1977 denique
798 1937 858 1966 tuis
875 1935 1031 1967 beneficiis
1044 1936 1176 1976 judicas:

218 1978 279 2007 hoc
288 1975 304 2007 a
315 1986 342 2007 te
352 1986 422 2017 peto
431 1997 440 2011 ‚
455 1987 489 2007 ut
497 1978 654 2008 subvenias
664 1979 735 2008 huic
745 1987 820 2008 meae
830 1978 1048 2012 sollicitudini,
1064 1986 1096 2008 ut
1106 1979 1178 2009 huic

219 2027 298 2048 meae
307 2019 406 2053 laudi,
428 2019 499 2050 wel
516 2019 561 2058 (ut
580 2021 681 2049 verius
697 2019 809 2060 dicam)
819 2020 912 2060 prope
922 2021 1008 2051 saluti
1018 2030 1105 2050 tuum
1114 2019 1175 2051 stu-

217 2059 304 2090 dium
323 2060 418 2091 dites.
441 2063 490 2091 De
508 2061 574 2101 ipso
584 2063 622 2091 T.
632 2063 736 2092 Annio
753 2070 869 2092 tantum
890 2062 946 2092 tibi
963 2062 1108 2103 polliceor
1116 2081 1126 2096 ,
1148 2071 1176 2092 te

215 2102 341 2141 majoris
359 2104 475 2136 animi,
496 2104 647 2143 gravitatis
658 2123 666 2137 ‚
685 2102 857 2134 conflantiae
865 2123 876 2138 ,
900 2103 1176 2145 benivolentiaeque

212 2152 281 2184 erga
296 2152 344 2177 te,
365 2142 386 2173 fi
404 2143 567 2184 complee'ii
585 2145 746 2175 hominem
757 2145 889 2175 volueris
901 2166 910 2179 ,
932 2146 1101 2176 habiturum
1116 2144 1175 2176 effe

214 2185 471 2215 neminem Mihi
480 2184 553 2216 vero
565 2195 681 2217 tantum
691 2186 819 2221 decoris,
831 2196 946 2218 tantum
958 2188 1110 2229 dignitatis
1121 2188 1173 2218 ad-

207 2226 395 2268 junxeris,ut
404 2227 535 2259 eundem
546 2236 575 2259 te
585 2228 674 2259 facile
685 2229 841 2272 agnoscam
852 2228 940 2260 fuiss‘e
954 2232 987 2261 in
996 2230 1082 2261 laude
1093 2239 1170 2264 mea,

205 2331 2074 2358 Q-—

249 2370 260 2387 ῐ
268 2381 274 2388 .
292 2365 336 2396 Q
346 2362 462 2395 stistinere
479 2365 558 2388 main
568 2372 601 2388 me
610 2365 843 2390 velinnumerabih'a
852 2375 898 2391 non
903 2364 1013 2398 pqffltm]
1036 2365 1171 2401 Ablegant

211 2396 244 2423 τδ
264 2398 375 2432 beneficia
393 2397 418 2424 in
438 2398 593 2425 charoniiiin
612 2400 730 2435 quinque
749 2401 818 2427 Pali.
838 2401 921 2428 Grut.
943 2400 1027 2427 editio
1037 2401 1152 2428 νίξῒογὶί
1165 2412 1171 2428 ;

211 2432 277 2459 ficut
286 2433 375 2470 paullo
387 2434 442 2469 post
453 2435 483 2459 τὸ
493 2441 596 2461 tantum.

247 2476 277 2494 2.
296 2470 374 2501 an
383 2479 427 2495 non
437 2472 480 2495 vel
485 2479 566 2504 capere
575 2474 671 2497 animm
680 2481 744 2498 meus
752 2475 778 2498 in
788 2473 918 2506 accipienda
931 2491 938 2504 ‚
957 2474 1003 2498 vel
1015 2475 1041 2499 in
1062 2482 1170 2499 remune-

213 2504 288 2530 rando
297 2506 477 2540 cuniulandoque
493 2508 611 2538 illustrare
623 2509 720 2542 suffer]
743 2507 933 2536 Reddideruiit
952 2509 1062 2535 haecsuo
1081 2510 1169 2545 vigori

212 2539 283 2567 Visst.
296 2549 326 2566 ac
337 2541 431 2568 Lamb.
443 2541 476 2568 fic
486 2542 550 2568 mihi
561 2553 666 2579 quoque
677 2543 814 2580 conspecta
832 2545 858 2571 in
870 2544 991 2571 omnibus
1003 2546 1072 2572 Pau.
1085 2548 1169 2572 Griit.

211 2575 299 2602 Varie.
309 2577 442 2603 stewech.
463 2578 551 2614 Vulgo
561 2587 634 2606 totus
644 2579 798 2615 complexus
810 2580 843 2606 lic
854 2580 980 2607 edebatur
991 2592 997 2608 z

206 2610 260 2645 liam
269 2615 364 2638 veritus
375 2631 383 2645 ‚
401 2622 429 2638 ne
441 2613 554 2647 firstinere
563 2622 606 2641 tua
615 2618 640 2641 in
650 2625 683 2641 me
694 2617 737 2640 vel
751 2619 939 2642 innumerabilia
948 2618 1057 2651 beneficia
1066 2620 1170 2652 nonposss

206 2647 255 2681 fim
263 2659 270 2673 .·
289 2657 341 2673 cum
353 2649 481 2682 praefiiv'm
499 2651 631 2684 confiderem
642 2670 650 2683 ,
669 2653 758 2676 nullam
776 2652 816 2684 effe
832 2655 940 2685 gratiam
959 2659 1054 2678 rzrntam
1068 2672 1076 2684 ,
1097 2663 1168 2688 quam

209 2685 254 2709 vel
267 2694 311 2710 non
321 2693 400 2716 capere
414 2687 511 2711 animm
528 2696 590 2712 mem
608 2687 754 2719 accipiendo:
773 2689 816 2711 vel
832 2688 999 2714 remunerando
1017 2690 1168 2715 cumulando-

208 2728 253 2754 φη
260 2721 464 2755 illustrarepofflt.
483 2719 562 2748 Nihil
573 2741 582 2755 ,
593 2731 625 2749 ne
635 2723 718 2749 latum
730 2722 837 2759 quidem
851 2732 966 2759 unguem
979 2725 993 2750 :i
1005 2724 1062 2750 ruff.
1073 2725 1167 2751 disces-

210 2755 300 2782 simus.

247 2799 274 2826 3.
292 2795 391 2825 Propter
398 2795 597 2827 magnificentiam
606 2803 728 2820 munerum
738 2814 746 2827 ‚
763 2796 977 2830 liberalitatemque
985 2796 1103 2831 narum]
1125 2797 1167 2823 Sic

210 2826 294 2853 Grut.
305 2828 361 2854 I’al.
372 2827 422 2854 sec.
432 2837 498 2856 tert.
508 2838 596 2865 quart.
606 2829 637 2856 ad
649 2831 796 2866 marginem
809 2843 817 2863 ,-
838 2832 925 2867 quint.
936 2831 1002 2857 edit.
1013 2833 1097 2867 prima
1107 2833 1166 2859 Ste-
1183 2832 1185 2842 *

213 2863 298 2889 wech.
309 2863 401 2891 Pecki'i
409 2866 550 2893 libertatem.
569 2866 636 2893 :ilias
648 2874 734 2902 quart.
746 2867 774 2894 in
784 2875 861 2894 textu
874 2879 879 2894 :
901 2869 1114 2902 liberalitatemque
1122 2877 1166 2895 ne-

213 2897 313 2929 ccffariae
323 2901 466 2933 juventutis.

211 2945 214 2948 >
247 2939 276 2964 4.
295 2936 448 2968 Gratiifiirum
457 2941 483 2964 in
485 2937 721 2974 fiaffiagis‘sstudia]
741 2941 805 2967 Non
816 2940 852 2968 est
863 2940 916 2966 haec
929 2939 1079 2976 vulgarium
1096 2939 1163 2967 edit.

190 2964 308 3000 metio,
321 2968 363 2996 sed
371 2972 489 3000 omnium
501 2973 558 3002 mss.
569 2974 744 3011 editionisque
754 2976 826 3003 Vici.
845 2975 974 3012 ipsiusque
993 2975 1052 3002 cod.
1064 2975 1164 3003 Medic.
1181 2993 1184 3022 ἶ

210 3003 256 3029 cui
266 3012 368 3038 parcere
377 3005 486 3035 debebat
492 3010 600 3037 Manut.
621 3020 705 3047 neque
707 3013 791 3046 studia
812 3012 863 3040 fine
874 3012 982 3040 coiii'ilio
1000 3021 1029 3039 ac
1046 3011 1119 3039 suasu
1130 3013 1164 3039 li-

180 3042 187 3049 ·
208 3037 323 3066 ⁴brorum
334 3047 432 3068 temere
440 3043 534 3077 ejicere
545 3053 574 3072 ut
584 3046 721 3082 glossema.

253 3083 280 3107 5.
297 3079 323 3101 sa·
333 3080 543 3114 minuepmmem5
563 3089 590 3107 at
602 3085 728 3116 probaram
738 3085 842 3119 mmm]
863 3085 893 3112 In
906 3084 1034 3112 Pa11.fec.
1046 3091 1109 3111 tert.
1121 3093 1165 3111 ce-

213 3109 331 3146 terisque
339 3112 460 3140 omuibus
470 3133 480 3147 ,
498 3115 563 3143 ficut
573 3118 600 3143 δε
609 3118 727 3146 editione
739 3120 907 3147 vetustiffima
916 3130 945 3146 ac
951 3123 1048 3154 probat.
1066 3121 1165 3157 placuit

212 3153 301 3173 tamen
313 3148 486 3176 stewechiani
495 3151 553 3179 cod.
565 3151 784 3192 striptura,quam
793 3164 976 3193 praeceperurit
986 3156 1058 3185 vict.
1070 3157 1155 3186 Lamb

212 3182 319 3210 Mariut.
330 3183 410 3220 vulgo
421 3194 427 3212 :
440 3188 605 3219 approbaran-

1012 2585 1101 2616 Qeque
1110 2585 1170 2608 enim
1185 2607 1186 2617 ¹

1203 797 1208 852 i
1232 775 1278 853 S

1184 2624 1186 2641 l

1184 2644 1186 2657 i

1179 3173 1185 3222 i

1233 274 1296 319 haec
1317 273 1495 309 scriberem,
1516 286 1661 317 quantum
1679 278 1773 311 officii
1791 282 1966 314 sustinerem
1978 305 1988 318 ,
2009 287 2195 326 quantopere

1235 315 1312 344 mihi
1322 314 1393 345 ess'et
1403 317 1435 346 in
1445 318 1499 349 hac
1508 321 1654 357 petitione
1664 321 1793 353 Milonis
1804 327 1891 355 omni
1902 345 1911 360 2
1935 336 1998 357 non
2014 327 2110 357 inodo
2119 338 2194 358 con-

1232 358 1368 387 tentione
1378 376 1386 390 ,
1408 358 1456 389 scd
1467 362 1557 390 etiam
1569 360 1766 394 dimicatione
1777 366 1990 398 elaborandum
2003 388 2012 403 ‚
2031 369 2114 409 plura
2124 370 2195 400 scri-

1232 396 1344 427 berem.
1367 400 1460 430 Nunc
1471 401 1526 431 tibi
1537 412 1665 435 omnem
1676 415 1739 436 rem
1753 426 1762 440 ,
1775 417 1862 449 atque
1871 410 1985 440 causam
1996 429 2005 445 ‚
2025 421 2134 444 meque
2145 421 2192 442 to-

1233 446 1296 467 tum
1309 442 1493 472 commendo
1506 463 1514 476 ‚
1536 453 1624 485 atque
1643 447 1734 478 trado.
1758 451 1864 480 Unum
1876 452 1933 482 hoc
1944 450 1982 482 sic
1991 445 2115 483 habeto:
2134 452 2153 484 si
2174 453 2191 484 31.

1231 488 1257 508 te
1269 480 1344 510 hanc
1354 491 1416 528 rein
1429 484 1591 523 impetrare
1603 507 1612 520 ‚
1630 498 1680 518 me
1691 490 1777 529 paene
1786 491 1854 531 plus
1866 492 1920 523 tibi
1933 513 1941 527 ‚
1962 494 2053 535 qu-Tim
2064 493 2115 535 ipfi
2127 497 2191 525 Mi-

1229 520 1295 550 loni
1306 521 1489 554 debiturum.
1512 536 1576 557 non
1587 530 1668 559 enim
1680 532 1757 561 milii
1771 541 1829 563 tam
1841 544 1908 564 mea
1917 535 1993 566 silus
2004 546 2066 566 cara
2075 536 2143 570 fuit,
2156 547 2200 570 in,

1227 572 1285 602 qua
1297 565 1520 611 praecipue'sum
1533 568 1633 599 abillo
1645 571 1780 610 adjutus:
1800 574 1889 615 quam
1902 577 1993 616 pietas
2005 579 2101 608 critiri
2113 577 2190 609 refe-

1226 604 1317 634 renda
1324 614 1414 649 gratia
1424 626 1431 638 ‚
1440 609 1582 650 jucunda.
1607 621 1673 642 earn
1684 623 1784 645 autem
1795 619 1884 647 unius
1894 620 1937 648 tui
1949 617 2047 649 studio
2058 629 2106 650 me
2116 619 2189 651 asse-

1225 647 1277 686 qui
1288 649 1369 684 polie
1382 648 1515 678 conlido.
1560 652 1642 682 Vale.

1254 697 1298 725 M.
1310 697 1347 725 T.
1361 698 1392 726 C.
1417 699 1674 732 PRo—CONSUL
1697 706 1731 734 C.
1747 708 1945 743 CURIONI,
1966 713 2158 742 TRIBUNO

1608 745 1630 772 P
1640 746 1677 773 L.
1709 749 1737 775 S.
1760 750 1799 776 D.

1285 781 1370 809 Ena
1400 780 1555 821 gratulatio
1573 787 1749 823 reprehendi
1777 799 1842 820 non
1861 791 1934 823 solet
1952 814 1959 827 ‚
1986 795 2146 834 praescrtim
2167 795 2189 827 si

1286 822 1366 851 nulla
1386 823 1567 864 negligentia
1579 827 1771 864 praetermissa
1789 830 1840 861 est.
1865 834 1952 874 longe
1970 846 2053 866 eniin
2070 837 2186 869 absum:

1622 869 1752 909 gratulor
1764 881 1770 900 ε
1790 872 1823 902 &
1833 892 1841 906 ‚
1864 884 1895 904 ut
1905 877 2089 916 sempiternae
2101 878 2183 909 laudi

1521 917 1565 938 tus
1575 928 1584 942 ‚
1597 919 1725 950 exopto:
1740 921 1827 954 teque
1837 916 1941 946 hortor
1952 938 1960 950 ‚
1973 928 2004 948 ut
2014 922 2117 949 omnia
2127 931 2183 961 gu-

1226 944 1332 975 bernes
1342 966 1351 980 ,
1370 946 1402 976 δε
1412 948 1567 980 moderere
1577 951 1733 991 prudentia
1742 963 1791 985 tua
1803 966 1808 984 :
1823 966 1861 986 ne
1872 966 1898 987 te
1910 958 2042 990 auferant
2051 962 2181 992 aliorum.

1225 986 1356 1018 consilia.
1381 991 1485 1019 Nemo
1499 991 1560 1025 est.
1581 995 1633 1033 qui
1653 994 1709 1024 tibi
1726 996 1890 1036 sapientius
1909 1000 2028 1030 suadere
2047 1001 2131 1041 poffit
2151 1012 2180 1033 te

1576 1044 1590 1063 e
1600 1054 1608 1067 ,
1622 1033 1642 1065 si
1654 1044 1682 1066 te
1692 1037 1802 1068 audies.
1828 1042 1903 1070 Non
1912 1041 2008 1072 scribo
2019 1043 2075 1073 'noc
2086 1053 2184 1075 teme-

1224 1074 1274 1100 re:
1296 1073 1344 1101 cui
1363 1072 1487 1103 scribam
1499 1094 1509 1107 ‚
1528 1075 1635 1106 video:
1656 1081 1730 1109 novi·
1745 1082 1884 1112 animum
1896 1102 1904 1116 ,
1925 1085 2000 1114 novi
2018 1083 2183 1116 confilium

1203 1119 1207 1168 Ι
1226 1121 1325 1142 tuum.
1347 1123 1413 1144 non
1422 1125 1544 1150 vereor,
1556 1119 1670 1159 nequid
1680 1121 1788 1151 timide
1799 1142 1808 1156 ,
1820 1124 1932 1165 nequid
1942 1123 2030 1156 stulte
2042 1126 2129 1157 facias
2141 1148 2149 1161 ,
2161 1127 2182 1159 si

1203 1171 1207 1201 ι
1225 1164 1258 1184 ea
1268 1154 1430 1190 defendes,
1450 1159 1677 1198 qtiaeipsereEia
1686 1159 1743 1193 effe
1754 1164 1872 1195 senties.
1895 1166 1986 1208 Qod
2006 1170 2040 1198 in
2058 1168 2089 1199 id
2106 1172 2180 1210 reip.

1204 1206 1205 1239 ς
1225 1204 1344 1237 tempus
1354 1207 1417 1228 non
1427 1199 1568 1230 incideris
1578 1221 1587 1235 ,
1605 1202 1654 1232 sed
1665 1207 1783 1235 veneris
1793 1207 1814 1246 (j
1821 1206 2016 1240 udicioenim
2028 1218 2081 1240 tuo
2091 1231 2098 1243 2
2114 1221 2179 1242 non

1222 1238 1289 1268 casu
1316 1240 1350 1269 in
1378 1241 1477 1284 ipsum
1504 1241 1667 1274 discrimen
1691 1256 1791 1276 rerum
1817 1249 1970 1280 contulisti
1993 1251 2181 1283 tribunatum

1224 1280 1324 1320 tuum)
1342 1281 1480 1321 promisti>
1499 1284 1603 1319 vides,
1622 1296 1729 1326 quanta
1746 1291 1791 1318 vis
1811 1292 1842 1320 in
1861 1301 1922 1330 rep.
1943 1301 2116 1332 temporum
2137 1293 2182 1328 fit,

1223 1331 1331 1361 quanta
1340 1325 1464 1354 varietas
1473 1334 1574 1356 rerum
1586 1346 1594 1360 ,
1609 1327 1699 1368 quarn
1711 1332 1817 1361 incerti
1829 1334 1925 1362 exitus
1937 1353 1945 1367 ,
1958 1344 2047 1375 quam
2060 1333 2184 1366 flexibi-

1222 1363 1263 1392 les
1274 1364 1439 1395 hominum
1451 1367 1639 1399 voluntates:
1658 1371 1731 1410 quid
1744 1371 1918 1404 insidiarum
1932 1395 1940 1409 ‚
1961 1376 2034 1416 quid
2044 1386 2182 1408 vanitatis

1220 1406 1253 1434 in
1266 1407 1327 1436 vita
1336 1426 1345 1440 ‚
1360 1417 1425 1437 non
1433 1406 1541 1439 dubito
1551 1430 1561 1442 ,
1575 1413 1650 1450 quin
1659 1414 1781 1452 cogites.
1804 1416 1860 1445 Sed
1870 1417 1977 1447 amabo
1987 1427 2015 1447 te
2024 1438 2033 1452 ,
2044 1428 2112 1449 cura
2122 1440 2132 1452 .
2145 1420 2179 1449 δε,

1218 1449 1315 1488 cogita
1328 1467 1336 1481 ,
1348 1449 1428 1478 nihil
1436 1452 1511 1480 novi
1522 1471 1531 1485 ‚
1542 1452 1592 1482 sed
1602 1453 1678 1483 illud
1688 1454 1769 1486 idern
1781 1475 1790 1489 ,
1805 1458 1886 1497 quod
1898 1457 1987 1488 initio
2001 1459 2100 1500 scripfi
2112 1471 2118 1489 z
2134 1470 2178 1490 te*

1219 1499 1290 1518 cum
1300 1489 1441 1529 loquere:
1462 1491 1494 1522 &
1505 1501 1532 1522 te
1542 1493 1692 1525 adhibei'n
1702 1496 1863 1528 consilium
1876 1510 1882 1529 :
1903 1509 1930 1529 te
1943 1500 2030 1530 audi:
2050 1501 2108 1531 tibi
2124 1502 2181 1532 obn

1218 1539 1359 1571 tempera.
1381 1532 1488 1563 9alteri
1504 1536 1557 1575 qui
1574 1536 1683 1566 melius
1701 1538 1769 1568 dare
1785 1539 1947 1571 consilium
1964 1541 2068 1581 possit,
2088 1544 2180 1584 quam

1220 1581 1251 1602 tu
1263 1592 1272 1606 ,
1293 1583 1360 1603 non
1373 1572 1460 1604 facile
1474 1576 1606 1606 inveniri
1617 1578 1717 1617 potest.
1730 1590 1735 1609 :
1754 1581 1809 1611 tibi
1829 1581 1902 1612 vero
1917 1582 1972 1623 ipfi
1986 1584 2064 1615 certe
2085 1595 2181 1616 nemo

1220 1615 1330 1644 melius
1344 1615 1436 1646 dabit.
1460 1618 1515 1646 Dii
1527 1620 1717 1651 immortales
1728 1641 1737 1654 ,
1757 1631 1811 1652 cur
1829 1633 1885 1664 ego
1902 1634 1967 1655 non
1985 1625 2088 1657 adsum
2100 1647 2109 1661 ‚
2130 1628 2180 1657 vel

1219 1655 1364 1695 specstator
1378 1657 1504 1688 laudum
1522 1668 1639 1690 tuarum
1651 1680 1659 1694 ‚
1679 1663 1727 1692 vel
1743 1666 1886 1705 particeps
1898 1686 1907 1700 ‚
1928 1667 1978 1697 vel
1995 1667 2110 1702 socius,
2131 1670 2181 1700 vel

1220 1697 1360 1728 minister
1370 1698 1567 1731 consiliorum
1580 1705 1590 1731 ?
1609 1705 1640 1722 ¹0
1644 1703 1708 1742 jam
1721 1704 1773 1736 etsi
1784 1706 1841 1737 hoc
1861 1708 1994 1739 minime
2011 1705 2066 1740 tibi
2079 1710 2180 1743 deest„

1219 1739 1269 1770 sed
1287 1749 1389 1771 tamen
1405 1740 1536 1773 efficeret
1551 1745 1729 1786 magnitudo
1741 1767 1750 1780 ,
1770 1749 1817 1778 vis
1826 1751 1938 1780 amoris
1949 1753 2011 1781 mei
2024 1771 2032 1785 ‚
2052 1751 2182 1783 consilio

1220 1791 1249 1812 te
1260 1790 1291 1812 ut
1300 1781 1414 1822 poffem
1423 1784 1537 1823 juvare.
1559 1787 1693 1818 Scribam
1703 1788 1739 1819 ad
1750 1797 1778 1819 tc
1786 1790 1871 1830 plura
1880 1791 1961 1822 alias.
1982 1797 2084 1833 paucis
2095 1797 2179 1825 enim

1219 1823 1325 1854 diebus
1333 1834 1414 1855 eram
1424 1825 1566 1857 miss'urus
1575 1827 1757 1861 domesticos
1768 1831 1936 1863 tabellarios
1948 1843 1954 1863 :
1965 1843 1999 1865 ut
2006 1854 2016 1868 ‚
2027 1838 2175 1876 quoniam

1218 1865 1286 1895 sane
1296 1867 1425 1896 feliciter
1432 1887 1441 1900 ‚
1455 1868 1487 1898 &
1495 1878 1535 1898 ex
1544 1879 1611 1901 mea
1619 1870 1765 1902 sententia
1773 1882 1868 1913 remp.
1877 1873 2018 1915 geffimus
2028 1896 2037 1910 ,
2049 1881 2118 1908 unis
2128 1879 2179 1910 lit-

1217 1908 1287 1936 teris
1297 1910 1389 1937 totius
1398 1908 1506 1939 aestatis
1515 1920 1560 1940 res
1568 1911 1662 1951 gestas
1675 1912 1711 1943 ad
1728 1913 1863 1945 senatum
1880 1917 2105 1956 perscriberem.
2127 1923 2177 1952 De

1216 1947 1380 1978 sacerdotio
1397 1959 1450 1980 tuo
1466 1960 1607 1991 quantam
1619 1963 1720 1984 curam
1730 1955 1933 1992 adhibuerim,
1955 1962 1982 1978 ¹¹
1992 1969 2177 2002 quamquam

1214 1988 1332 2020 difficili
1343 1992 1375 2020 in
1385 2001 1414 2020 re
1425 2010 1434 2025 ‚
1447 2001 1535 2033 atque
1543 1994 1627 2024 causa
1636 2014 1644 2028 ‚
1655 1997 1818 2036 cognosces
1828 2008 1866 2028 ex
1876 2000 1913 2029 iis
1924 2001 2028 2031 litteris
2038 2021 2047 2035 ,
2061 2006 2090 2023 ¹²
2097 2013 2172 2044 quas

1216 2032 1381 2062 Tharasoni
1392 2052 1401 2066 ‚
1421 2033 1531 2064 liberto
1541 2043 1594 2065 tuo
1607 2055 1616 2070 ‚
1634 2035 1714 2067 dedi.
1738 2041 1785 2069 Te
1796 2059 1804 2073 ‚
1819 2041 1865 2070 mi
1875 2043 1967 2072 Curio
1978 2063 1987 2077 ‚
2004 2052 2059 2083 pro
2069 2053 2119 2075 tua
2129 2046 2178 2076 in·

1215 2073 1352 2103 credibili
1363 2075 1396 2104 in
1407 2084 1457 2105 me
1468 2075 1676 2108 benivolentia
1685 2099 1694 2112 ‚
1716 2089 1842 2122 meaque
1853 2084 1927 2113 item
1938 2085 1971 2114 in
1985 2093 2013 2114 te
2025 2084 2176 2127 fingulari,

1216 2125 1289 2157 rogo
1299 2135 1308 2150 ,
1328 2124 1413 2157 atque
1424 2126 1478 2147 oro
1489 2136 1498 2151 ,
1517 2128 1556 2148 ne
1570 2121 1679 2159 patiare
1691 2122 1856 2163 quidquam
1870 2126 1948 2155 mihi
1963 2126 1999 2157 ad
2013 2127 2088 2158 hanc
2104 2137 2177 2168 pro-

1214 2157 1375 2188 vincialem
1394 2157 1564 2190 molestiam
1583 2170 1727 2202 temporis
1745 2168 1907 2208 prorogari.
1932 2168 2063 2199 Praesens
2073 2178 2175 2201 tecum

1216 2201 1282 2240 egi,
1302 2198 1373 2229 cum
1393 2208 1420 2230 te
1435 2201 1590 2232 tribunum
1601 2204 1681 2243 pleb.
1693 2204 1751 2235 isto
1764 2216 1844 2237 anno
1861 2207 1927 2238 fore
1944 2219 2009 2240 nori
2028 2220 2175 2250 putarem:

1215 2241 1352 2282 itemque
1361 2243 1455 2282 petivi
1468 2243 1575 2284 saepius
1583 2254 1635 2285 per
1644 2246 1769 2278 litteras:
1789 2249 1837 2280 sed
1849 2258 1914 2280 tum
1925 2250 2004 2292 quasl
2012 2251 2029 2283 a
2039 2253 2174 2284 senatore

2081 2295 2173 2325 nobi-

1205 869 1207 898 }
1223 862 1314 891 audio
1324 862 1400 893 sero.
1425 867 1482 894 Sed
1498 865 1553 895 tibi
1573 868 1606 897 &

1246 2365 1274 2392 6.
1293 2367 1341 2398 figi
1352 2368 1378 2400 fi
1385 2376 1413 2393 ex
1423 2369 1530 2393 omnibus
1539 2377 1602 2393 unm
1611 2370 1729 2403 optandru·
1736 2370 1816 2404 effen]
1836 2371 1914 2397 Licet
1925 2372 2047 2405 rejecerit
2057 2372 2121 2397 hanc
2132 2371 2173 2398 le·

1208 2400 1326 2428 &ionem
1339 2403 1441 2429 Guliel.
1458 2411 1545 2430 tamen
1557 2405 1693 2440 probatam
1705 2406 1777 2432 vnit.
1793 2416 1825 2433 ex
1838 2406 1911 2433 Med.
1924 2408 1981 2434 cod.
2005 2410 2045 2442 (ut
2055 2417 2111 2433 cani
2122 2416 2173 2434 ari-

1209 2445 1285 2464 notat
1295 2439 1387 2474 priniae
1397 2438 1463 2466 edit.
1485 2440 1625 2475 Egnatius)
1646 2442 1711 2468 milii
1732 2444 1794 2468 vero
1805 2442 1991 2479 deprehensam
2011 2444 2036 2470 iii
2048 2444 2115 2470 Pali.
2126 2453 2167 2480 pr.

1210 2473 1298 2509 quint.
1317 2475 1404 2502 Vatic.
1417 2475 1513 2511 religio
1524 2475 1576 2502 fuit
1587 2477 1743 2513 postponere
1756 2499 1763 2509 ,
1784 2487 1854 2506 certe
1866 2479 2055 2514 elegantiorem
2075 2489 2104 2506 ac
2115 2489 2173 2506 rne-

1187 2502 1189 2518 ¹
1209 2509 1304 2537 liorem
1316 2511 1380 2537 mihi
1392 2511 1471 2538 visam
1486 2512 1593 2548 vulgata
1601 2515 1755 2547 exoprandm.
1774 2515 1849 2550 plura
1862 2515 1930 2542 nihil
1940 2516 2037 2542 attinet
2047 2516 2172 2552 ingerere

1209 2546 1237 2573 in
1249 2546 1297 2574 hac
1310 2547 1438 2578 temporis
1450 2549 1570 2574 caritate.

1242 2590 1270 2617 7.
1291 2585 1333 2610 Vel
1340 2579 1377 2619 (ui
1387 2587 1470 2609 verim
1479 2585 1566 2617 dicam)
1584 2586 1652 2617 prop?
1663 2585 1742 2617 saluti
1759 2593 1826 2611 tuum
1836 2587 1943 2618 studium
1960 2587 2048 2622 dices]
2071 2588 2171 2615 Arrisit

1207 2618 1257 2645 hoc
1267 2619 1341 2646 nobis
1352 2629 1386 2646 ex
1397 2620 1575 2655 antiquiffima
1585 2620 1702 2647 editione
1714 2630 1722 2651 ἦ
1733 2620 1793 2648 dein
1808 2622 1880 2647 Vnst.
1893 2623 1987 2650 Lamb.
1999 2625 2102 2652 Mantit.
2120 2625 2170 2651 de-

1206 2655 1286 2690 nique
1298 2655 1355 2681 mss.
1368 2655 1425 2682 Pal.
1436 2665 1477 2691 pr.
1490 2657 1548 2682 Vnt.
1563 2657 1644 2683 Peck.
1657 2657 1738 2692 vulgo
1750 2668 1755 2683 :
1774 2660 1964 2691 propris-(alim.

1247 2691 1274 2717 8.
1294 2694 1352 2717 Cum
1361 2693 1405 2717 haec
1424 2692 1456 2717 nd
1472 2699 1494 2716 te
1505 2691 1656 2725 firiberem]
1677 2693 1764 2718 Miror
1775 2692 1838 2728 quid
1850 2695 1977 2722 acciderit
1996 2695 2051 2722 Pal.
2063 2706 2104 2733 pr.
2115 2696 2166 2723 see.

1209 2725 1386 2754 referentibus
1398 2746 1406 2759 ,
1427 2737 1476 2753 cum
1486 2731 1511 2753 in
1522 2735 1542 2753 te
1551 2729 1596 2754 hec
1607 2728 1734 2761 scriberem
1746 2740 1753 2754 :
1771 2729 1798 2755 ὃ(
1812 2737 1876 2757 tert.
1891 2731 2084 2767 Griit.11usmm
2094 2740 2116 2757 rc
2125 2735 2169 2759 haee

1198 2763 1337 2795 scriberem.

1240 2806 1270 2833 9.
1289 2801 1369 2825 Alteri
1377 2802 1419 2833 qui
1428 2799 1511 2824 melius
1520 2800 1578 2825 dare
1587 2802 1700 2834 confilium
1714 2802 1804 2836 poffit.]
1827 2802 1871 2829 Sie
1883 2802 1980 2830 habent
2011 2804 2111 2840 letique
2133 2804 2167 2831 li·

1204 2833 1244 2859 bri
1265 2834 1294 2860 ὅτ
1304 2834 1442 2861 editiones,
1459 2835 1527 2861 Pali.
1547 2844 1634 2862 tamen
1647 2844 1709 2862 tert.
1721 2845 1809 2872 quart.
1823 2839 1911 2875 quint.
1930 2813 2096 2876 totidemque
2108 2841 2168 2868 Gu-

1203 2869 1299 2897 lielmii
1309 2873 1372 2897 alter
1381 2872 1524 2904 quinidius,
1536 2871 1606 2907 quod
1618 2872 1728 2900 exbibet
1739 2883 1845 2910 quoque
1856 2874 1940 2902 editio
1955 2877 2050 2913 priina.

1243 2915 1285 2933 ιο,
1307 2910 1367 2941 Jam
1375 2908 1414 2940 erfi
1421 2909 1461 2932 hoc
1470 2908 1562 2933 minim?
1572 2910 1616 2933 tibi
1625 2909 1712 2944 dcem]
1737 2911 1780 2936 Sic
1798 2910 1944 2946 pneferuiit
1966 2912 2033 2940 Pali.
2053 2922 2094 2949 pr.
2117 2912 2166 2941 sec.

1201 2942 1290 2977 quint.
1310 2942 1423 2970 totidem
1436 2942 1594 2970 Gulieliiiii:
1618 2945 1700 2980 vulgo
1719 2948 1818 2980 tametsi.
1838 2947 1914 2984 supra
1933 2948 2080 2984 agnoscunt
2099 2949 2167 2975 Pali.

1204 2987 1247 3013 pr.
1267 2978 1318 3005 lec.
1328 2986 1392 3005 tert.
1407 2980 1489 3005 Grut.
1509 2988 1553 3005 cur
1561 2989 1596 3013 ego
1606 2981 1704 3014 abfiim:
1722 2981 1786 3009 ficut
1805 2981 1854 3010 stzc.
1876 2993 1930 3011 non
1940 2987 2043 3019 minister
2061 2985 2104 3012 sed
2115 2995 2168 3011 ma-

1202 3015 1282 3047 gister.

1241 3059 1283 3077 ii.
1303 3051 1454 3085 Qamquam
1470 3051 1558 3084 difficili
1574 3054 1601 3078 in
1620 3052 1670 3087 ra]
1692 3053 1780 3081 Recte
1793 3054 1826 3082 fic
1845 3056 1951 3083 Victor.
1969 3056 2037 3084 Pali.
2049 3066 2090 3093 pr.
2101 3063 2168 3084 tert.

1206 3085 1296 3122 quint.
1307 3086 1408 3113 Medic.
1419 3088 1553 3114 stewech.
1563 3087 1629 3115 alias
1640 3099 1756 3125 quamque
1768 3092 1864 3125 difficili.

1245 3131 1287 3148 η.
1297 3123 1364 3155 Qu
1372 3123 1484 3156 anaftm'
1493 3124 1621 3151 liberrimo
1630 3125 1708 3160 dedi]
1734 3127 1793 3154 Hoc
1803 3137 1898 3155 nomen
1912 3128 2025 3155 Liberto
2039 3127 2168 3155 Curionis

1202 3156 1303 3185 indidit
1312 3158 1396 3185 editio
1406 3159 1530 3194 primitus
1542 3159 1612 3193 cusa,
1624 3161 1692 3187 Pali.
1703 3169 1767 3189 tei-t.
1778 3164 1860 3193 Grut.
1870 3164 1924 3192 duo
1933 3165 2036 3192 Guliel.
2051 3164 2164 3199 Pastpr.

1203 3195 1332 3230 Tharafimi
1341 3195 1428 3232 quiiit.
1443 3196 1577 3230 'suff-amni.
1601 3196 1679 3232 vulgo
1690 3197 1812 3233 Thrasoni.
2141 3207 2162 3259 U*

2160 3240 2170 3259 ἰ

1585 3232 1733 3261 Nnnnz
2105 3242 2129 3260 ι.

2210 718 2226 730 -5-

2208 735 2215 750 l
