2379 3400
244 83 367 134 1286
844 73 944 134 Q
1053 70 1094 116 C
1164 83 1181 114 1

236 165 342 196 obrem
362 160 482 192 omneis
501 155 648 188 centurias
665 150 770 182 multis
783 149 816 181 &
826 151 915 181 variis
925 148 1068 179 amicitiis
1078 157 1146 179 cura
1155 155 1187 177 ut

236 206 427 238 confirmatas
439 199 557 230 habeas:
572 197 605 226 &
614 193 750 235 primurn
761 213 770 226 ‚
791 192 821 222 id
832 212 840 226 ‚
851 191 932 232 quod
942 200 1009 221 ante
1019 190 1125 220 oculos
1135 188 1186 222 est,

239 253 385 283 senatores
398 265 406 278 .
420 240 589 282 equitesque
600 240 640 267 R.
651 244 818 266 ceterorum
829 234 974 264 ordinum
985 241 1078 262 navos
1087 232 1190 261 homi-

240 301 292 321 nes
314 289 345 318 δε
355 283 497 327 gratiosos
506 277 716 319 comple&ere.
735 277 826 306 multi
837 277 977 306 homines
987 274 1092 304 urbani
1101 272 1191 302 indu-

240 332 301 364 strii
312 350 319 363 ‚
344 327 434 358 multi
451 324 585 353 libertini
605 322 638 350 in
657 319 724 349 foro
733 316 849 360 gratiosi
859 338 868 351 ,
888 317 1017 356 navique
1028 315 1190 347 versantur,

240 382 315 414 quos
323 378 368 411 per
379 376 415 400 te,
425 376 492 407 quos
507 369 515 384 ¹
524 372 572 406 per
583 371 745 392 communen
753 361 857 390 amicos
866 361 976 399 poteris
986 358 1113 388 sumere.
1125 365 1194 386 cura

242 424 275 444 ut
285 423 327 444 tur
337 409 439 450 cupidi.
451 407 506 436 sint
518 417 525 436 ·.
536 404 698 436 elaborato,
708 404 850 442 appetito,
861 402 997 441 allegato,
1009 400 1130 430 summo
1140 397 1193 427 be-

240 454 350 486 neficio
369 461 397 483 te
410 448 490 480 affici
499 447 661 479 ostendito.
685 448 699 464 ²
710 443 817 474 deinde
829 444 935 474 habeto
945 443 1093 472 rationem
1103 439 1193 470 Urbis

205 519 211 529 .,
241 498 351 528 totius,
369 492 569 532 collegiorum
583 488 726 518 omniurn
737 505 745 520 ‚
759 495 920 527 pagorum,
936 485 1137 515 vicinitatum.
1156 490 1193 510 ex

244 541 282 570 iis
292 536 424 579 principes
435 554 444 567 ,
457 533 492 563 ad
500 532 663 562 amicitiam
673 537 758 558 tuam
769 527 788 558 sl
798 527 971 568 adjunxeris
983 546 991 559 ,
1002 535 1054 565 per
1063 533 1115 554 eos
1125 523 1193 553 reli-

242 589 333 613 ouam
351 574 581 608 multitudinem
599 571 687 602 facile
705 570 831 600 tenebis.
853 568 954 609 postea
972 576 1067 598 totam
1077 566 1191 596 Italiam

242 614 288 654 fac
308 630 339 651 ut
358 622 390 650 in
400 619 496 647 animo
505 627 538 645 ac
547 613 681 644 memoria
695 612 831 642 tributim
840 611 1016 650 descriptam
1027 628 1036 642 ‚
1057 616 1196 647 compre—

242 664 427 702 hensamque
437 658 556 689 habeas:
571 666 609 686 ne
617 654 697 696 quod
710 655 915 693 municipium
926 672 935 686 ,
945 652 1110 683 coloniam,
1121 658 1196 689 prae-

243 704 390 737 fefihrram
403 714 411 737 3
430 702 533 731 locum
545 698 675 737 denique
691 696 782 726 Italiae
794 706 830 725 ne
840 704 932 736 quem
941 692 999 723 effe
1011 693 1118 732 patiare
1130 710 1139 725 ,
1166 692 1197 719 in

247 758 308 789 quo
320 756 384 777 non
393 743 499 774 habeas
513 738 691 780 firmamenti
701 738 782 778 quod
793 738 859 768 satis
869 735 927 766 effe
936 733 1031 776 poffit.
1048 734 1199 774 perquiras

248 791 340 821 etiam
351 788 384 818 ὃς
397 785 557 825 investiges
567 783 709 812 homines
719 789 757 810 ex
769 781 856 809 omni
867 787 988 818 regione
999 797 1008 810 ‚
1027 776 1137 816 eosque
1146 784 1198 805 co-

248 831 370 874 gnoscas
381 849 389 863 ‚
400 836 516 868 appetas
526 845 535 859 ,
547 821 712 855 confirmes
722 833 731 856 3
740 831 825 852 cures
838 829 870 851 ut
879 822 912 850 in
923 819 982 850 suis
994 816 1199 849 vicinitatibus

245 874 302 905 tibi
326 879 445 913 petant,
464 869 497 899 ὃς
516 876 566 898 tua
583 865 668 896 causa
692 862 770 905 quasi
781 861 931 893 candidati
940 860 1005 891 sint.
1029 868 1162 891 vomam·
1173 867 1201 887 te

247 917 383 946 amicum
403 910 422 942 sl
434 912 516 942 suam
527 909 581 939 ate
590 907 755 938 amicitiam
771 906 872 945 expeti
884 903 1041 934 videbunt.
1062 901 1093 931 id
1107 909 1138 931 ut
1152 902 1201 929 in-

245 958 382 997 telligant
395 974 403 988 ,
413 955 551 984 oratione
561 970 569 984 ,
581 953 594 976 3
612 958 677 989 qua:
686 948 721 978 ad
732 956 798 977 earn
809 948 957 977 rationem
967 945 1097 985 pertinet
1109 962 1117 976 ‚
1128 951 1201 972 con-

249 1000 382 1040 sequere.
406 1001 562 1025 uoivrmsss
580 989 779 1030 municipales
790 1009 798 1023 ,
818 998 849 1018 ac
861 987 1001 1018 rusticani
1014 1006 1023 1020 ,
1041 984 1061 1016 fi
1073 985 1202 1015 nomine

250 1042 340 1072 nobis
361 1039 426 1069 noti
442 1037 526 1068 sunt,
548 1036 580 1064 in
596 1033 729 1062 amicitia
746 1030 775 1061 se
794 1029 851 1060 effe
866 1029 1054 1060 arbitrantur.
1077 1024 1202 1056 4sivero

248 1091 339 1114 etiarn
349 1078 474 1122 praesidii
485 1078 512 1108 se
522 1073 634 1116 aliquid
646 1072 698 1104 sibi
708 1071 889 1104 constituere
898 1079 1001 1111 putant
1010 1090 1018 1104 ‚
1039 1079 1103 1099 non
1113 1069 1205 1115 amit7

251 1133 317 1156 tunt
338 1120 525 1154 occasionem
539 1115 743 1158 promerendi.
767 1116 822 1145 hos
831 1115 949 1147 caeteri,
971 1113 1004 1143 &
1015 1110 1204 1142 maximetui

250 1167 465 1206 competitores
483 1171 520 1192 ne
537 1166 649 1190 norunt
659 1157 784 1198 quidem
798 1164 845 1186 :tu
860 1155 893 1185 ὃς
903 1154 1002 1188 nosti,
1023 1154 1056 1185 δε
1066 1152 1150 1182 facile
1161 1162 1206 1180 co-

248 1205 434 1250 gnosceufim
443 1214 498 1246 quo
508 1200 642 1232 amicitia
653 1198 702 1237 effi
712 1210 763 1229 non
772 1195 976 1240 potestneque
987 1196 1019 1226 id
1028 1204 1129 1225 tamen
1140 1193 1206 1223 satis

251 1251 295 1282 est
306 1272 315 1285 ‚
325 1246 439 1281 tametsi
449 1253 594 1286 magnum
604 1241 647 1272 est
656 1261 665 1276 ,
686 1245 699 1269 5
710 1240 730 1271 si
742 1249 805 1271 non
816 1238 1012 1280 consequatur
1023 1237 1086 1277 spes
1095 1236 1207 1266 utilita-

251 1297 290 1324 tis
298 1301 384 1332 atque
393 1289 587 1320 amicitiae,ne
598 1284 808 1314 nomenclator
818 1279 982 1314 solum‚sed
992 1281 1106 1310 amicus
1117 1279 1207 1308 etiarn

255 1336 357 1366 bonus
375 1330 433 1362 esse
450 1329 579 1360 videare.
601 1328 643 1356 ita
659 1326 732 1356 cum
751 1325 784 1355 δε
806 1324 860 1353 hos
872 1323 953 1363 ipsos
968 1341 976 1356 ,
995 1330 1114 1361 propter
1124 1320 1207 1350 suam

252 1376 456 1407 ambitionem
468 1391 476 1405 ,
496 1371 549 1412 qui
558 1367 634 1409 apud
643 1367 778 1398 tribuleis
790 1367 856 1397 suos
866 1363 1034 1405 plurimum
1041 1363 1132 1404 gratia
1141 1361 1210 1402 pos-

255 1420 324 1450 sunt
335 1437 345 1451 ‚
365 1417 410 1446 tui
429 1411 576 1444 studiosos
594 1412 628 1440 in
648 1410 789 1441 centuriis
807 1406 944 1437 habebis:
959 1406 992 1436 &
1004 1414 1118 1436 ceteros
1129 1423 1137 1437 ,
1157 1403 1210 1444 qui

253 1460 333 1501 apud
349 1459 481 1498 aliquam
501 1462 616 1495 partem
636 1451 794 1483 tribulium
806 1457 924 1490 propter
934 1447 1115 1487 municipii,
1136 1444 1212 1475 6aut

254 1502 384 1533 civitatis
394 1519 403 1534 ,
423 1506 474 1529 aut
492 1496 615 1536 collegii
634 1496 784 1525 rationem
802 1491 902 1521 valent
914 1510 922 1525 ,
943 1489 1068 1531 cupidos
1079 1489 1123 1518 tui
1136 1497 1212 1519 con-

256 1543 404 1575 stitueris,
429 1542 462 1569 in
482 1535 652 1577 optimaspe
661 1533 718 1565 effe
730 1533 862 1564 debebis.
881 1533 950 1574 Jam
960 1533 1097 1572 equiturn
1106 1537 1213 1560 centu—

255 1587 308 1616 riae
328 1583 429 1614 multo
443 1577 563 1611 facilius
584 1579 662 1607 mihi
683 1576 839 1616 diligentia
858 1572 939 1614 poffe
958 1570 1212 1604 tenerividentur.

256 1632 272 1656 7
292 1623 429 1667 primum
450 1619 654 1662 cognoscendi
673 1618 741 1648 sunt
759 1617 872 1657 equites
890 1627 899 1649 3
919 1616 1005 1655 pauci
1022 1615 1108 1643 enim
1128 1612 1211 1642 sunt:

257 1667 368 1700 deinde
385 1661 569 1704 adipiscendi
586 1659 700 1690 :multo
719 1659 802 1688 enirn
814 1655 1034 1687 FAcimusilla
1043 1654 1214 1685 adolescen-

259 1711 390 1742 tulorum
409 1714 480 1737 aetas
494 1703 531 1734 ad
549 1702 714 1733 amicitiam
723 1699 769 1737 adj
775 1700 902 1739 ungitur.
921 1697 1030 1728 deinde
1039 1695 1160 1740 habebis
1172 1703 1214 1724 te-

258 1761 330 1783 cum
342 1759 379 1780 ex
391 1749 549 1789 juventute
559 1746 711 1784 optimum
726 1750 878 1782 quemque
893 1759 903 1772 ,
925 1739 957 1769 &
969 1735 1215 1768 studiofissimurn

259 1793 456 1826 humanitatis
469 1799 476 1818 ·.
493 1783 508 1807 ⁸
521 1796 587 1818 tum
596 1793 697 1815 autem
708 1782 789 1823 quod
800 1780 933 1822 equester
943 1780 1018 1810 ordo
1032 1788 1100 1810 tuus
1111 1777 1163 1811 est,
1174 1777 1215 1808 se-

260 1843 391 1877 quentur
409 1831 456 1862 illi
472 1828 681 1861 auetoritatem
693 1824 809 1856 ordinis
821 1842 829 1856 ,
850 1821 870 1852 si
883 1822 972 1853 abste
985 1820 1175 1852 adhibebitur
1185 1828 1218 1849 ea

261 1875 419 1917 diligentia
430 1893 439 1907 ‚
456 1876 471 1900 ⁹
493 1881 527 1902 ur
545 1879 611 1901 non
630 1867 747 1898 ordinis
757 1864 856 1896 solum
867 1864 1043 1898 voluntate,
1064 1861 1113 1893 sed
1126 1863 1216 1892 etiam

263 1918 448 1960 singulorum
458 1914 600 1945 amicitiis
609 1920 658 1941 eas
666 1910 813 1940 centurias
823 1905 1013 1937 confirmatas
1025 1904 1217 1946 habeas-Jam

261 1960 358 1992 studia
374 1955 668 1989 adolescentulorum
685 1953 718 1982 in
730 1948 914 1991 suffragando
929 1969 938 1983 ,
961 1949 994 1978 in
1003 1946 1164 1980 obeundo,
1185 1947 1218 1976 in

262 2000 435 2034 nuntiando
446 2018 455 2033 ,
475 2000 507 2028 in
526 1994 694 2028 ass'eshndo
713 1990 844 2023 mirifice
865 1991 898 2021 δε
908 1999 1013 2031 magna
1023 2010 1032 2024 ,
1051 1989 1085 2020 &
1095 1987 1219 2018 honesta

220 2054 243 2088 9
262 2046 339 2076 sunt.
364 2046 401 2074 Et
418 2041 563 2083 quoniam
586 2043 817 2068 asse-,crismon
824 2043 854 2064 1s
876 2035 994 2064 mentio
1011 2031 1088 2062 faeta
1107 2029 1150 2061 est
1158 2050 1168 2066 ,
1187 2029 1220 2060 id

260 2095 382 2128 quoque
393 2081 558 2115 curandum
569 2079 611 2111 est
621 2099 629 2113 ‚
649 2087 683 2109 ut
695 2076 871 2118 quotidiana
884 2074 1028 2115 cujusque
1038 2074 1155 2120 generis
1165 2092 1173 2106 ,
1187 2071 1220 2102 &

262 2128 380 2159 ordinis
389 2147 398 2160 ‚
420 2125 452 2156 &
471 2125 562 2155 aetatis
583 2131 676 2152 utare.
695 2129 766 2149 nam
783 2127 822 2148 ex
842 2127 875 2148 ea
885 2117 944 2157 ipsa
953 2117 1040 2156 copia
1049 2113 1223 2155 conJe5h1ra

264 2170 329 2202 fieri
341 2169 452 2210 poterit
462 2186 471 2201 ,
492 2173 638 2206 quantum
649 2161 684 2193 fis
698 2163 731 2192 in
740 2161 804 2202 ipso
813 2169 920 2200 campo
930 2159 1043 2190 virium
1053 2167 1086 2189 ac
1098 2156 1223 2188 faculta-

1252 83 1575 115 CERO

1233 152 1272 178 tis
1290 147 1453 179 habiturus.
1478 149 1578 187 Hujus
1599 154 1698 180 autem
1709 149 1752 180 rei
1766 157 1822 182 tres
1834 160 1929 193 partes
1940 153 2016 186 sunt.
2038 153 2187 186 unas-ila..

1234 199 1363 220 tatorurn
1375 210 1383 223 ‚
1404 200 1499 231 quum
1510 191 1638 220 domum
1649 193 1793 222 veniunt:
1806 194 1893 226 altera
1902 196 2100 228 deductorum
2114 205 2189 226 :ter-

1237 234 1276 262 tia
1286 231 1505 263 affectaturum.
1529 235 1563 262 In
1570 232 1788 272 salutatoribus,
1798 236 1850 274 qui
1860 239 1952 278 magis
1962 239 2096 279 vulgares
2106 238 2188 272 sunt,

1237 274 1270 304 &
1284 274 1337 303 hac
1346 274 1576 308 consuetudine,
1587 285 1652 315 quae
1661 285 1742 305 nunc
1752 274 1804 309 est,
1816 276 1913 315 plures
1922 281 2057 314 veniunt,
2075 282 2132 310 hoc
2144 279 2189 309 ef-

1238 314 1404 345 ficiendum
1425 315 1466 345 est
1477 335 1485 349 ,
1505 325 1536 346 ut
1556 317 1614 346 hoc
1633 317 1730 356 ipsum
1740 319 1907 348 minimum
1922 318 2057 352 officium
2069 331 2188 355 eorum,

1241 357 1294 387 tibi
1327 356 1501 387 ratissimum
1513 355 1570 387 esse
1581 358 1725 392 videatur.
1748 361 1809 400 Qi
1819 359 1947 391 domum
1956 369 2037 392 tuam
2049 365 2190 396 veniunt.

1239 401 1274 429 iis
1307 398 1476 440 ignificato,
1497 408 1525 429 te
1544 399 1799 434 animadvertere,
1820 401 1853 432 &
1872 412 1979 432 eorum
1992 405 2094 434 amicis
2108 424 2116 438 ,
2136 405 2190 445 qui

1239 441 1300 470 illis
1311 442 1505 475 renuntient,
1525 440 1676 472 ostendito
1687 462 1696 475 ‚
1716 443 1789 482 saepe
1801 441 1865 483 ipsis
1875 443 1979 474 dicito.
1999 443 2037 474 sic
2049 446 2190 476 homines

1241 483 1314 522 saepe
1325 502 1333 516 ‚
1346 493 1441 523 quum
1452 483 1568 513 obeunt
1576 484 1686 523 plureis
1695 487 1921 524 competitores,
1932 486 1964 517 &
1977 485 2081 517 vident
2093 496 2188 517 unum

1239 524 1296 554 ess'e
1307 525 1435 565 aliquem
1449 544 1456 558 ‚
1476 526 1529 566 qui
1541 526 1602 555 haec
1613 523 1713 556 officia
1722 526 1857 557 maxime
1867 528 2084 559 animadvertat
2095 547 2104 562 ,
2124 530 2153 558 ei
2163 529 2192 559 se

1240 565 1352 596 dedunt
1374 586 1383 600 ,
1417 566 1557 597 deserunt
1576 576 1706 601 ceteros,
1727 570 1902 599 minutatim
1917 579 1957 600 ex
1975 569 2193 600 communibus

1238 609 1370 648 proprii,
1391 618 1429 638 cx
1441 608 1546 649 fucosis
1566 607 1646 638 firmi
1666 608 1864 651 suffragatores
1873 611 2012 642 evadunt.
2033 612 2102 653 Jam
2113 611 2191 641 illud

1240 659 1340 680 teneto
1351 650 1530 691 diligenter,
1550 649 1570 680 fi
1587 660 1656 681 eum
1671 671 1680 685 ,
1699 653 1752 692 qui
1771 651 1826 682 tibi
1837 653 2024 692 promiserit,
2045 651 2192 683 ¹0fucum

1239 691 1285 729 (ut
1294 691 1415 729 dicitur)
1435 691 1530 722 facere
1548 692 1678 723 audieris
1690 712 1699 726 ,
1721 702 1771 723 aut
1787 694 1930 730 senseris3
1950 703 1984 724 ut
1993 703 2021 725 te
2030 694 2062 725 id
2072 692 2194 727 audisse.

1239 742 1290 764 aut
1299 733 1371 763 scire
1380 732 1545 764 dissimules
1564 744 1570 763 :
1591 733 1610 764 fi
1621 737 1688 775 quis
1699 735 1754 765 tibi
1765 735 1794 765 se
1802 744 1926 777 purgare
1935 736 2035 770 volet,
2056 736 2138 777 quod
2149 735 2199 765 su-

1242 774 1375 816 1“pe&um
1395 774 1454 805 esse
1471 775 1627 807 arbitretur
1645 796 1654 810 ,
1681 775 1811 807 affirmes
1831 786 1859 807 te
1880 778 1917 808 de
1936 778 2020 808 illius
2039 779 2198 808 voluntate

1243 827 1410 858 numquam
1429 816 1574 848 dubitasse
1587 839 1596 851 ,
1616 828 1672 849 nec
1690 818 1797 849 debere
1808 818 1952 850 dubitare.
1972 820 2088 854 isem'm,
2109 819 2197 861 quise

1243 870 1295 889 uon
1309 866 1395 900 putat
1409 859 1583 899 satisfacere,
1611 861 1719 890 amictu
1736 859 1785 898 effe
1806 861 1878 890 nullo
1895 861 1973 891 modo
1985 860 2089 903 potest.
2120 863 2202 892 Scire

1243 910 1343 932 autem
1353 910 1488 941 oportet,
1507 912 1568 942 quo
1582 903 1708 943 quisque
1717 905 1824 933 animo
1833 901 1867 932 fit
1875 923 1883 936 ,
1894 903 1970 933 ut&
1979 911 2126 944 quantum
2135 904 2202 932 cui-

1246 953 1303 984 que
1315 942 1459 978 confidas,
1469 943 1649 975 constituere
1658 944 1757 984 poffis.
1779 945 1847 986 Jam
1857 943 2037 974 dedue'torum
2048 943 2199 977 officium.

1245 995 1306 1026 quo
1326 986 1423 1024 majus
1442 984 1504 1019 est,
1524 985 1614 1026 quam
1632 987 1825 1017 salutatorum
1838 1006 1846 1020 ,
1868 987 1926 1016 hoc
1940 989 2051 1027 gratius
2067 986 2123 1017 tibi
2141 983 2202 1016 effe

1247 1025 1410 1068 significato
1427 1035 1515 1067 atque
1535 1026 1705 1062 ostendito,
1724 1028 1774 1061 ὅτ,
1795 1028 1894 1068 quoad
1912 1028 1976 1068 ejus
1998 1027 2064 1061 fieri
2079 1029 2204 1068 poterit.

1247 1070 1333 1099 certis
1345 1068 1531 1109 temporibus
1543 1068 1726 1100 descendito.
1751 1078 1906 1099 MAGNAM
1916 1068 2000 1100 affert
2008 1072 2203 1110 opinionem.

1247 1120 1389 1151 magnam
1407 1110 1583 1152 dignitatem
1604 1111 1779 1152 quotidiana
1796 1113 1830 1142 in
1840 1111 2018 1142 deducendo
2028 1111 2205 1152 frequentia.

1249 1154 1355 1183 Tertia
1375 1151 1417 1183 est
1437 1162 1475 1182 ex
1494 1154 1551 1183 hoc
1570 1163 1677 1193 genere
1690 1151 1796 1184 affidua
1808 1151 2008 1195 affessatorum
2016 1154 2112 1193 copia.
2131 1155 2208 1184 inea

1249 1204 1326 1236 quos
1343 1194 1531 1229 voluntarios
1549 1195 1691 1229 habebis,
1708 1205 1777 1226 cura
1787 1215 1796 1230 ,
1817 1205 1849 1226 ut
1860 1196 2049 1237 intelligant,
2071 1205 2098 1225 te
2109 1193 2162 1224 fibi
2173 1195 2209 1225 in

1249 1244 1428 1277 perpetuum
1451 1237 1572 1267 summo
1585 1235 1736 1268 beneficio
1749 1237 1884 1279 obligari.
1911 1241 2073 1278 quiautem
2088 1236 2144 1267 tibi
2154 1234 2209 1265 de-

1254 1279 1346 1312 bent,
1366 1278 1402 1309 ab
1423 1279 1460 1308 iis
1482 1278 1571 1319 plane
1590 1279 1650 1309 hoc
1667 1288 1779 1310 munus
1799 1281 1965 1320 exigezqui
1983 1289 2035 1319 per
2046 1286 2163 1309 aetatem
2174 1287 2208 1307 ac

1253 1330 1292 1352 ne
1314 1322 1414 1351 otium
1431 1328 1593 1360 poterunt,
1612 1319 1666 1361 ipsi
1689 1330 1788 1352 tecum
1800 1330 1833 1351 ut
1851 1319 1954 1352 affidui
1970 1320 2035 1351 sint.
2057 1323 2082 1340 ¹¹
2093 1316 2209 1361 quiipfi

1257 1363 1283 1394 se
1317 1364 1358 1392 ari
1369 1372 1432 1393 non
1447 1372 1587 1402 poterunt
1598 1383 1606 1397 ‚
1627 1361 1804 1394 necessarios
1815 1363 1880 1393 suos
1891 1365 1924 1394 in
1933 1363 1992 1393 hoc
2000 1371 2126 1394 munere
2135 1370 2213 1391 con-

1256 1404 1389 1435 stituant.
1410 1404 1496 1434 valde
1514 1414 1570 1446 ego
1588 1413 1617 1435 te
1626 1405 1699 1435 volo
1711 1425 1720 1438 ,
1746 1405 1779 1435 &
1788 1405 1823 1435 ad
1836 1414 1899 1435 rem
1911 1406 2060 1444 pertinere
2069 1403 2209 1437 arbitror,

1251 1447 1356 1488 semper
1379 1456 1443 1476 cum
1465 1446 1650 1476 multitudine
1669 1445 1726 1484 ff.
1748 1455 1886 1487 praeterea
1903 1455 2043 1487 magnam
2055 1443 2214 1475 aflertlau-

1256 1488 1326 1519 dem
1338 1507 1347 1522 ,
1368 1488 1401 1518 δε
1411 1488 1563 1519 summam
1573 1488 1751 1529 dignitatem
1763 1507 1772 1522 ,
1784 1487 1804 1518 si
1818 1489 1839 1517 ii
1850 1496 1949 1518 tecum
1960 1496 2047 1518 erunt
2058 1507 2067 1521 ,
2087 1487 2139 1527 qui
2150 1486 2165 1517 a
2180 1494 2210 1517 te

1256 1528 1381 1566 defensi,
1391 1529 1424 1559 &
1435 1529 1487 1568 qui
1498 1537 1589 1568 perte
1598 1531 1750 1562 servati‚ac
1757 1528 1879 1569 judiciis
1889 1529 2004 1560 liberati
2013 1529 2089 1559 sunt.
2099 1531 2125 1548 ¹2
2138 1530 2214 1558 Haec

1257 1580 1289 1602 tu
1309 1570 1396 1610 plane
1406 1570 1442 1600 ab
1451 1572 1488 1600 iis
1497 1568 1646 1609 postulato
1656 1589 1665 1604 ,
1684 1579 1716 1600 ut
1724 1572 1869 1612 quoniam
1881 1570 1965 1601 nulla
1977 1570 2111 1611 impensa
2122 1579 2174 1610 per
2185 1578 2216 1600 te

1262 1615 1290 1640 ¹3
1303 1612 1354 1643 alii
1364 1621 1428 1642 rem
1440 1632 1449 1646 ,
1472 1612 1522 1641 alii
1531 1611 1718 1643 honestatem
1729 1632 1739 1646 ,
1758 1613 1810 1642 alii
1822 1612 1946 1642 salutem
1960 1622 1992 1644 ac
1999 1611 2133 1643 fortunas
2144 1621 2217 1642 om-

1258 1655 1324 1684 neis
1343 1653 1559 1686 obtinuerunt,
1582 1663 1638 1683 nec
1655 1653 1737 1684 aliud
1755 1654 1855 1683 ullum
1880 1663 1999 1693 tempus
2021 1654 2159 1684 futurum
2168 1652 2216 1687 sit„

1260 1696 1311 1725 ubi
1322 1695 1377 1725 tibi
1388 1693 1495 1724 referre
1506 1695 1627 1734 gratiam
1638 1692 1748 1734 poffint
1757 1714 1766 1728 ,
1791 1695 1849 1725 hoc
1860 1703 1886 1725 te
1894 1693 1998 1725 officio
2009 1704 2214 1726 remunerent.

1260 1740 1297 1768 Et
1306 1737 1453 1777 quoniam
1466 1737 1497 1765 in
1507 1745 1677 1766 amicorum
1688 1734 1794 1766 studiis
1805 1736 1865 1766 haec
1873 1738 1975 1766 omnis
1986 1738 2061 1768 ratio
2068 1737 2198 1768 versatur
2210 1745 2217 1766 ε

1262 1780 1314 1819 qui
1337 1778 1421 1808 locus
1442 1779 1477 1807 in
1497 1778 1555 1807 hoc
1572 1787 1679 1819 genere
1690 1777 1839 1809 cavendus
1853 1776 1906 1812 fit,
1928 1778 2219 1818 praetermittendum

1262 1829 1325 1851 non
1343 1819 1472 1851 videtur.
1498 1828 1648 1850 PRAums
1663 1819 1923 1860 arqueinfidiarum
1934 1840 1943 1854 ‚
1966 1820 2001 1853 dy
2015 1819 2131 1862 perfi'diae
2139 1819 2221 1861 plena

1254 1862 1328 1902 sunt
1346 1862 1450 1891 omnia.
1473 1871 1536 1892 non
1552 1860 1595 1891 est
1614 1862 1705 1901 hujus
1724 1864 1869 1902 temporis
1891 1871 2031 1902 perpetua
2048 1862 2099 1892 illa
2116 1861 2222 1896 dehoc

1261 1914 1367 1945 genere
1388 1903 1566 1944 disputatio,
1587 1903 1697 1944 quibus
1714 1903 1802 1934 rebus
1825 1903 2004 1938 benivolus,
2025 1902 2222 1935 &simulator

1265 1947 1294 1977 di
1296 1945 1423 1985 judicari
1435 1943 1530 1986 poffit.
1553 1949 1582 1972 ¹4
1595 1954 1711 1976 tantum
1730 1944 1774 1976 est
1786 1946 1874 1983 hujus
1889 1947 2034 1986 temporis
2044 1945 2220 1976 admonere.

1263 1988 1383 2019 Summa
1400 1995 1452 2017 ma
1470 1987 1567 2016 virtus
1577 1987 1680 2027 eosdem
1689 1987 1810 2018 homines
1822 1986 1959 2018 simulare
1970 1987 2025 2018 tibi
2035 1988 2063 2019 se
2073 1985 2130 2017 effe
2143 1988 2224 2018 ami·

1263 2039 1325 2064 cos,
1337 2030 1370 2061 &
1382 2029 1519 2060 invidere
1529 2030 1637 2070 coegit.
1661 2030 1867 2069 Qamobrem
1879 2030 2043 2064 Επικαρμᾶον
2051 2028 2127 2060 illud
2137 2037 2224 2060 tene-

1265 2081 1295 2103 to
1307 2092 1316 2106 ,
1330 2081 1458 2103 NERvos
1474 2079 1562 2114 atque
1584 2079 1664 2100 artus
1679 2070 1932 2113 ffsapientiaenon
1942 2079 2040 2102 temere
2049 2070 2160 2101 credere.
2184 2073 2224 2103 Et

1262 2113 1334 2145 cum
1347 2122 1468 2145 tuorum
1477 2115 1648 2144 amicorum
1659 2112 1754 2144 studia
1762 2112 1955 2144 constitueris
1969 2133 1978 2148 ‚
1988 2112 2054 2144 turn
2065 2115 2154 2144 etiam
2165 2112 2224 2143 ob-

1264 2154 1457 2189 trestatorum
1467 2175 1476 2191 ,
1495 2164 1582 2196 atque
1592 2154 1829 2187 adversariorum
1843 2157 1973 2186 rationes
1983 2175 1992 2190 ,
2012 2154 2046 2186 δε
2054 2164 2222 2227 generi-aco-

2070 2206 2131 2238 gno
2147 2205 2220 2231 cito,

260 2270 2221 2290 W

305 2330 315 2347 1
324 2322 395 2346 ..Per
413 2325 541 2344 communes
559 2316 654 2340 amieos.
671 2312 757 2347 poteris
770 2311 863 2345 fiaemere
881 2317 941 2335 cura
954 2328 962 2341 ,
974 2308 1042 2343 ὼε]
1064 2307 1122 2334 Pal.
1139 2306 1230 2340 poteris

262 2358 355 2393 summa
365 2363 434 2387 cura,
445 2355 496 2386 εἴγε.
515 2349 651 2388 quomodo
661 2352 688 2376 δε
699 2348 783 2375 editio
793 2346 918 2373 vietor-ii.
930 2347 1019 2372 Maur.
1034 2344 1230 2378 poterissamnm.

268 2391 339 2419 forte
351 2391 420 2418 fuit:
435 2389 532 2424 poteris.
549 2392 661 2420 Summa,-
682 2393 742 2412 cura
751 2391 779 2410 ut
790 2385 827 2410 tm*
840 2402 848 2416 ‚
866 2384 916 2415 ὅγε.
935 2391 984 2419 pro
1003 2389 1058 2416 quo
1070 2379 1159 2417 paffim
1173 2398 1182 2411 ‚
1201 2381 1230 2404 In

270 2426 428 2460 fimzma‚vel‚
438 2426 625 2458 tAdsummam.
919 2456 923 2460 ι
1069 2426 1073 2429 -
1138 2452 1144 2457 .
1207 2451 1212 2455 ¹

306 2473 334 2493 2,
354 2464 442 2490 Deinde
451 2462 531 2487 habero
542 2461 656 2485 rationem
665 2456 730 2484 urbis
739 2457 812 2482 totius
823 2474 830 2488 ‚
851 2455 989 2487 collegiorum
1001 2472 1009 2485 ,
1028 2452 1096 2487 &ej
1119 2452 1162 2478 Sic
1172 2450 1230 2476 ch1-

269 2500 393 2536 rographi
404 2498 466 2524 libri
478 2496 561 2524 nostri
574 2514 582 2527 ,
601 2495 634 2521 sic
644 2493 774 2520 'rur-nebi.
793 2493 882 2528 inepti:
893 2491 966 2527 prius
978 2508 987 2522 ‚
1005 2491 1065 2516 habe
1073 2495 1177 2515 oratores
1186 2496 1231 2512 ur-

272 2538 305 2563 ba
315 2539 388 2562 mim
400 2555 408 2567 ,
419 2535 531 2567 collegium
540 2533 642 2558 omnium
647 2538 769 2564 pagorum.
1119 2560 1125 2565 ·

309 2581 332 2607 3.
355 2574 411 2605 Qae
419 2571 453 2596 ad
464 2578 514 2595 eam
525 2570 640 2594 rationem
654 2568 759 2600 pertinet
771 2585 779 2596 ,
797 2562 956 2598 consequens]
978 2559 1061 2597 Qod
1073 2560 1108 2587 est
1118 2570 1145 2586 in
1157 2560 1232 2586 Tur-

271 2609 329 2634 nebi
342 2608 423 2639 libro,
435 2605 565 2642 reperitur
575 2604 603 2630 &
613 2604 639 2630 in
651 2601 745 2630 nostris
759 2621 765 2633 ‚
773 2603 878 2634 pertinet
889 2618 898 2632 ,
907 2599 1018 2625 habenda
1027 2597 1114 2632 conseq.
1125 2595 1232 2623 videtui·

270 2652 357 2671 tamen
369 2642 469 2670 librarii
481 2641 569 2677 potius
580 2641 661 2675 quam
672 2637 800 2665 auctoris.

307 2689 335 2706 Δ.
353 2683 380 2707 Si
396 2680 453 2705 verb
464 2682 535 2704 etiam
546 2696 554 2708 ,
569 2677 672 2710 presidii
685 2675 710 2708 se
719 2674 814 2708 aliquid
817 2673 861 2706 sibi
870 2672 1004 2704 constimerc
1009 2669 1125 2703 putant]
1148 2668 1233 2695 Acce-

270 2708 338 2742 dunt
349 2715 471 2752 proximi:
481 2713 513 2740 ad
524 2713 590 2739 hanc
600 2711 755 2747 scripturam
766 2707 957 2736 membranacei
968 2706 1049 2733 nostri
1065 2725 1072 2737 ‚
1093 2704 1234 2741 expressit-

273 2752 324 2785 que
334 2752 352 2777 V
359 2751 481 2777 ic‘torius.
500 2749 568 2775 male
579 2747 739 2775 recentiores
752 2765 760 2778 ‚
768 2748 811 2772 Sin
821 2744 877 2770 verb
887 2746 960 2769 etiam
966 2742 1064 2776 presidii
1072 2744 1098 2767 in
1103 2742 1129 2781 [e
1141 2741 1237 2781 aliquid

274 2788 318 2812 ribi
336 2790 481 2819 constitutum
496 2785 536 2819 effu
550 2791 652 2818 putant.
673 2785 700 2810 ὃ(
712 2790 830 2818 quaenam
841 2778 963 2807 illaei'unt
974 2779 1138 2814 intemperiae
1149 2776 1234 2803 sicin-

272 2823 422 2857 terpolandi
431 2821 567 2849 aridiorem
579 2828 649 2847 notae
658 2818 778 2845 melioris
788 2818 799 2844 Ξ*

312 2866 339 2890 5.
358 2861 434 2883 Sinon
444 2856 681 2892 consequaturspes.]
703 2855 746 2881 Est
758 2855 772 2880 a
783 2851 905 2879 Turnebi
915 2851 1007 2878 codice
1019 2860 1027 2881 ς
1040 2849 1130 2877 reete:
1153 2849 1233 2875 dum·

275 2892 355 2919 modo
376 2892 496 2919 dematur
516 2891 615 2927 syllaba
634 2901 675 2918 con
687 2911 694 2923 ‚
716 2889 767 2917 fide
779 2889 895 2916 Palatin.
914 2888 967 2915 sine
978 2887 1034 2914 ullo
1044 2886 1141 2913 idoneo
1160 2884 1230 2912 sensu

275 2929 349 2956 retro
361 2927 473 2964 impressi
488 2929 542 2960 ‚sed
550 2935 577 2953 ut
586 2928 749 2962 consequatur.

312 2965 339 2990 6.
358 2968 421 2992 gAm
431 2963 538 2989 civitatis
550 2982 558 2994 ,
577 2972 619 2988 aut
631 2963 737 2997 collegii]
757 2960 899 2988 Turnebus
910 2959 959 2987 lib.
970 2969 1039 2987 xxv.
1049 2967 1105 2996 cap.
1118 2967 1144 2995 3.
1155 2957 1231 2984 malit

275 3000 413 3026 vicinitatis
426 3018 434 3031 ³
444 2998 566 3031 idemque
576 2998 717 3025 adnotarat
728 2999 872 3024 Puteanus.

311 3046 339 3070 7.
356 3039 466 3061 'Primum
477 3034 618 3066 cognoscendi
629 3035 686 3067 sunt
696 3036 784 3068 equites
796 3043 804 3063 ς
819 3035 895 3066 pauci
904 3032 1025 3065 enimfitm
1036 3043 1043 3057 :
1061 3032 1141 3058 deinde
1152 3032 1231 3063 adipi-

266 3071 375 3106 ficndL]
405 3069 518 3096 Retinui
537 3068 690 3104 scripturam
709 3080 724 3095 a
744 3069 866 3096 Vistorio
885 3068 1055 3105 publicatam.
1086 3067 1231 3093 Lambinus

275 3108 345 3136 enirn
355 3106 504 3136 excluserat
515 3123 523 3138 ‚
540 3107 611 3139 pauci
629 3108 689 3132 mim
699 3106 759 3140 fimi
772 3124 780 3138 ,
799 3105 869 3141 quod
881 3113 1007 3134 tamenin
1018 3103 1111 3133 nostris
1122 3105 1148 3131 δε
1160 3104 1233 3131 Tur-

1265 2305 1325 2332 nebi
1335 2306 1470 2333 veteribus
1482 2315 1496 2337 3.
1509 2306 1554 2341 qui
1565 2305 1675 2333 interim
1685 2305 1711 2331 in
1723 2304 1817 2332 ceteris
1827 2303 1984 2340 discrepant.
2003 2311 2062 2330 nam
2075 2303 2162 2330 Turn.
2173 2302 2222 2330 ha-

1267 2342 1312 2369 bet
1324 2353 1330 2369 :
1350 2343 1458 2369 Primum
1469 2343 1574 2376 cognoscis
1583 2345 1673 2378 equites
1685 2360 1693 2373 ‚
1708 2344 1783 2374 pauci
1791 2343 1852 2366 enim
1864 2342 1923 2373 sunt
1935 2359 1944 2372 ‚
1962 2341 2043 2366 deinde
2052 2339 2140 2372 adepti.
2163 2338 2222 2366 Pal.

1265 2381 1374 2404 'Primum
1385 2379 1483 2412 cognosti
1492 2381 1591 2412 equites.
1610 2380 1683 2411 pauci
1692 2378 1835 2412 enimfimt:
1851 2377 1931 2403 deinde
1939 2377 2028 2410 appeti.
2048 2384 2133 2411 neque
2143 2374 2222 2402 aliter

1268 2416 1357 2441 Maur.
1370 2415 1416 2441 nisi
1428 2413 1497 2451 quod
1508 2415 1542 2446 is,
1553 2417 1626 2447 aperi.
2214 2416 2216 2418 ’

1303 2449 1331 2476 8.
1350 2452 1407 2476 Tum
1417 2458 1498 2476 atatem
1507 2451 1568 2485 quod
1576 2452 1676 2484 equester
1684 2450 1737 2476 ordo
1747 2456 1804 2475 tum
1812 2451 1848 2476 ef!
1857 2467 1866 2480 ‚
1878 2449 2009 2483 sequemur
2017 2448 2052 2474 illi
2060 2449 2226 2473 auHoriratem

1264 2486 1378 2520 ordinis]
1399 2487 1442 2512 Sic
1461 2487 1518 2513 fere
1528 2485 1718 2513 restituendum
1732 2484 1840 2522 putabat
1857 2484 1954 2511 Sebast.
1965 2483 2118 2511 Corradus:
2141 2485 2227 2519 nequ'e

1267 2523 1347 2549 aliter
1357 2523 1467 2549 omnino
1492 2523 1651 2548 Pal.Maur.
1671 2522 1854 2557 Turn-Supra
1871 2529 1977 2556 quoque
1996 2520 2022 2546 in
2042 2518 2130 2546 locum
2150 2519 2226 2545 suum

1246 2573 1248 2590 ς
1269 2558 1425 2585 reduximus
1435 2557 1573 2594 periodum
1585 2558 1716 2594 integram
1731 2577 1738 2589 ‚
1758 2557 1909 2593 petulanter
1920 2564 1961 2583 ter
1972 2556 2049 2582 nimis
2061 2554 2199 2590 trajctstam
2209 2555 2228 2580 ὲ

1247 2606 1248 2612 ¹
1268 2595 1412 2627 Lambino,
1423 2602 1515 2621 contra
1524 2594 1629 2622 codices
1639 2594 1814 2622 authenticos.
1832 2600 1861 2621 at
1870 2593 1920 2620 hoc
1930 2592 2002 2624 loco,
2016 2591 2100 2619 editio
2111 2589 2226 2619 Victorii

1268 2631 1461 2659 mendosiffima
1471 2631 1507 2658 est
1515 2651 1521 2657 .

1303 2675 1331 2702 9.
1351 2671 1380 2693 Ut
1398 2677 1443 2694 non
1460 2667 1550 2694 ordinis
1561 2666 1636 2702 filum
1651 2668 1778 2693 ‘volun-tate
1788 2685 1797 2700 ,
1815 2665 1883 2700 εἴγε.]
1904 2666 2036 2692 Puteanus
2046 2663 2139 2696 delet,
2150 2661 2233 2697 filum«

1269 2706 1408 2730 vuluntate.

1308 2749 1349 2766 10.
1369 2743 1457 2766 Fatum
1469 2741 1552 2773 facere
1569 2739 1699 2774 audierim]
1721 2737 1793 2766 Editi
1804 2738 1997 2774 interponunt3
2012 2737 2094 2771 facere
2101 2734 2158 2760 »vesse
2166 2731 2226 2759 aul.

1268 2775 1311 2803 sed
1323 2783 1415 2803 contra
1427 2778 1514 2802 Maur.
1525 2785 1554 2802 ac
1566 2775 1623 2802 Pal.

1309 2822 1350 2840 11.
1369 2813 1417 2846 ΩΨ·
1433 2812 1603 2846 ipfifiHas-L]
1623 2812 1664 2838 Ita
1672 2811 1772 2839 nostri:
1793 2809 1859 2838 editi
1877 2809 1990 2846 amplius
2002 2827 2011 2841 ‚
2028 2805 2106 2841 qm'fi
2120 2804 2163 2838 ¹3¹>st
2179 2803 2228 2829 “f‘'

1278 2851 1363 2875 effari.

1261 2850 1285 2884 s
1309 2894 1352 2912 12.
1372 2887 1423 2910 Haee
1431 2884 1536 2918 ruphine>
1545 2885 1576 2909 ab
1585 2884 1640 2914 illia,
1651 2884 1719 2918 &e.]
1741 2883 1857 2919 Egregie
1869 2882 2010 2910 Puteanus,
2021 2877 2077 2903 Hei:
2087 2876 2200 2909 rumne.

1310 2931 1319 2948 ι
1346 2941 1352 2947 .
1371 2922 1436 2949 ιΔΙϋ
1446 2930 1492 2946 rem
1504 2940 1512 2952 ,
1531 2922 1575 2946 alii
1592 2919 1755 2953 honestatem]
1777 2920 1820 2946 Sic
1838 2916 2000 2943 scribendum
2013 2913 2065 2939 fuit
2076 2921 2108 2938 ex
2131 2913 2230 2938 Putea-

1270 2958 1296 2985 ni
1308 2930 1377 2984 lilsro
1388 2977 1396 2990 ‚
1408 2957 1473 2983 item
1485 2955 1605 2982 Turneb.
1617 2965 1646 2982 ac
1656 2955 1741 2981 Palat.
1751 2954 1783 2981 ad
1802 2961 1879 2989 quam
1890 2951 2032 2978 lectionem
2045 2947 2148 2975 acceffit
2159 2957 2228 2983 quo-

1270 3003 1321 3030 que
1332 3001 1476 3029 utcumque
1494 2993 1617 3018 Muretus
1629 2991 1674 3018 lib.
1687 2999 1743 3017 vu.
1763 2998 1820 3025 cap.
1835 2997 1877 3024 ¹3·
1896 2987 1942 3015 nisi
1962 2986 2033 3024 quod
2053 2995 2105 3012 non
2125 2987 2233 3020 repetat

1270 3039 1361 3057 vocem
1378 3032 1433 3056 alii.
2199 3054 2206 3060 ‚

1308 3074 1350 3099 14.
1368 3067 1471 3092 ‘Tantum
1479 3067 1514 3091 eff
1526 3063 1597 3096 busm-
1603 3061 1708 3095 tempori!
1728 3061 1875 3096 admonere]
1897 3059 1948 3088 Illa
1958 3060 2027 3094 hus-‘m
2038 3058 2142 3091 temporis
2153 3074 2161 3088 ‚
2180 3062 2223 3081 vi-
2235 3059 2240 3064 '

1267 3102 1366 3131 dentur
1378 3100 1518 3139 maginem
1529 3099 1650 3135 alicujus,
1660 3107 1712 3127 non
1724 3097 1820 3126 Tullii.

2140 3129 2244 3154 idias*

2236 1753 2278 1778 10
