2316 3395
206 154 297 203 ¹50
632 137 1131 188 MTULLH

210 224 352 254 Gracchis
365 233 369 253 z
381 223 431 255 etsi
441 224 477 255 de
488 225 524 255 iis
535 233 566 255 ea
575 223 669 255 sunta
682 234 708 254 te
720 222 798 254 dieta
808 243 816 257 ,
830 222 939 264 quibus
951 231 1005 263 ego
1016 218 1166 252 assentior.

205 267 319 296 omitto
329 276 441 297 ceteros
456 269 564 297 :venio
575 266 609 296 ad
621 276 672 296 eos
683 286 691 298 ,
706 268 738 295 in
748 265 927 306 quibusjam
938 263 1101 304 perfeftam
1111 272 1168 303 pu-

205 315 247 338 tas
259 306 316 337 effe
327 309 541 349 eloquentiam,
550 318 625 348 quos
637 318 693 348 ego
703 307 805 338 audivi
823 306 884 336 fine
895 304 1094 336 controversia
1104 315 1169 335 ma-

205 360 282 392 gnos
293 360 422 380 oratores
432 371 439 383 ,
452 348 548 381 Ciass'u
554 360 583 379 m
595 370 603 383 ,
616 350 648 379 ὃς
657 350 839 379 Antonium.
863 348 899 378 de
909 349 1019 378 horum
1030 347 1167 377 laudibus

205 391 261 421 tibi
271 393 388 431 prorsus
399 391 537 422 assentior
551 402 557 420 t
583 391 631 421 sed
644 400 745 421 tamen
756 401 820 420 non
831 389 887 420 isto
899 390 993 420 modo
1005 410 1014 424 ‚
1034 398 1068 419 ut
1077 389 1167 429 Poly-

204 433 274 464 cleti
289 435 481 475 Doryphorum
502 432 554 463 fibi
567 431 711 473 Lysippus
723 432 835 470 aiebat3
856 431 934 462 fictu
946 430 1110 462 suasionem
1123 432 1166 461 le-

204 476 249 516 gis
269 477 400 505 Serviliae
420 476 473 505 tibi
486 474 656 515 magistram
667 473 765 505 fuiss'e.
784 476 848 505 brec
858 484 997 516 germana
1006 475 1104 504 ironia
1113 472 1165 503 est.

205 526 258 546 cur
268 519 308 546 ita
318 517 442 547 sentiam
456 537 463 550 ‚
478 527 541 546 non
551 516 649 547 dicam
662 538 670 550 ,
683 528 720 548 ne
731 527 782 547 me
793 517 849 546 tibi
859 515 994 546 afi'entari
1003 524 1098 556 putes.
1124 517 1166 545 O-

207 560 298 588 mitto
317 560 408 600 igitur
418 579 426 592 ,
445 569 511 600 quae
523 558 558 589 de
568 560 603 589 iis
615 558 681 600 ipsis
693 580 701 593 ,
725 569 790 600 qua:
802 558 838 589 de
849 561 935 589 Cotta
946 578 954 592 ,
977 567 1043 599 quae
1054 557 1090 587 de
1100 557 1167 588 Sul-

205 602 285 640 picio
297 620 306 633 ‚
329 610 393 641 qua:
415 611 444 631 m
451 599 508 631 odo
529 600 565 631 de
576 603 669 632 Caei'io
679 601 799 636 dixeris.
823 602 845 630 ii
856 602 940 631 enim
958 599 1080 630 fuerunt
1089 598 1168 629 certe

206 650 347 672 oratores.
371 645 583 683 quantiautem
597 664 605 677 ,
628 643 660 673 δε
672 644 771 685 quales
783 663 791 677 ,
813 651 844 673 tu
854 642 975 672 videris.
1000 644 1082 672 Nam
1092 640 1167 670 illud

208 685 310 713 minus
321 694 408 718 curo,
420 685 499 725 quod
510 683 676 727 congeffisti
685 687 835 726 operarios
846 687 976 718 omnen,
988 693 1021 714 ut
1032 684 1109 713 mihi
1121 684 1169 712 vi-

209 725 334 757 deantur
350 736 420 756 mort
430 726 545 765 voluisse
553 727 697 757 nonnulli
707 747 715 762 ‚
740 736 772 757 ut
790 726 804 757 ὲ
815 736 843 756 te
853 728 886 756 in
896 735 1047 756 oratorum
1059 735 1169 755 nume-

143 766 161 801 8
172 776 189 809 7
209 778 276 797 rum
289 766 477 799 referrentur.
501 767 655 799 Haeccsim
666 769 717 800 ille
728 767 865 802 dixisset,
887 771 896 788 ¹
910 769 1009 809 Longi
1021 767 1168 797 sermonis

206 811 331 840 initium
342 809 480 851 depulisti
498 830 506 844 2
518 812 642 851 inquam
652 831 661 845 ,
685 812 784 841 Attice
793 831 801 844 ‚
825 820 950 850 remque
960 808 1167 842 commovisti,

207 862 288 883 nova
298 852 498 892 disputatione
509 852 631 894 dignam
644 874 652 887 ‚
676 863 767 894 quam
784 854 816 882 in
826 853 907 883 aliud
923 861 1040 892 ternpus
1052 849 1169 881 differa-

208 903 288 925 mus.
313 894 466 925 Volvendi
476 896 561 925 enim
573 895 641 926 sunt
650 895 720 925 libri
733 893 805 925 cum
816 894 944 924 aliorum
956 913 964 927 ‚
986 903 1053 923 tum
1066 895 1098 923 in
1109 894 1169 933 pri-

209 938 270 966 mis
282 937 411 967 Catonis.
433 937 583 979 intelliges
594 957 602 971 ‚
627 937 706 967 nihil
716 937 799 967 illius
816 936 1007 966 lineamentis
1019 956 1027 969 ,
1052 933 1108 964 nifi
1119 945 1171 965 eo—

209 988 278 1009 rum
289 980 516 1021 pigmentorum
529 998 537 1012 ‚
560 989 625 1020 quae
635 981 758 1009 inventa
768 978 909 1009 nondum
919 986 1001 1008 erant
1011 998 1020 1011 ,
1041 976 1148 1007 florem
1161 997 1169 1010 ,

211 1020 245 1051 &
257 1021 390 1050 colorem
403 1041 411 1054 ,
423 1019 560 1051 defuisse.
584 1023 664 1051 Nam
677 1021 713 1050 de
724 1019 812 1051 Crassi
822 1021 957 1050 oratione
967 1018 1005 1049 sic
1015 1018 1171 1052 existimo,

210 1063 312 1103 ipsum
321 1061 438 1092 fortaffe
449 1063 559 1093 melius
569 1061 697 1102 potuifl'e
707 1062 831 1093 scribere
844 1073 848 1090 z
866 1062 960 1092 alium
972 1081 980 1093 ‚
993 1070 1026 1091 ut
1034 1060 1170 1093 arbitror,

210 1106 381 1135 neminem.
394 1107 459 1134 Nec
468 1105 500 1134 in
510 1105 567 1134 hoc
578 1106 707 1135 ironiam
716 1105 838 1135 duxeris
848 1102 906 1134 esse
918 1123 925 1137 ,
936 1102 1019 1144 quod
1030 1113 1096 1133 eam
1107 1113 1173 1132 ora-

210 1148 329 1177 tionem
343 1147 420 1176 mihi
432 1145 596 1187 magistram
604 1145 692 1176 fuisse
703 1146 845 1176 dixerim.
865 1155 936 1175 nam
955 1143 1004 1175 etsi
1022 1153 1053 1175 tu
1063 1145 1173 1174 melius

211 1188 383 1219 existimare
395 1189 505 1218 videris
515 1188 550 1218 de
561 1199 603 1222 ea,
618 1187 638 1218 si
648 1198 738 1230 quam
748 1198 830 1218 nunc
842 1188 987 1217 habemus
999 1207 1006 1220 ,
1024 1185 1173 1220 facultate3

212 1240 314 1261 tamen
326 1251 334 1263 ‚
358 1230 563 1261 adolescentes
578 1230 650 1271 quid
667 1232 702 1260 in
713 1232 829 1260 Latinis
850 1231 951 1270 potius
974 1230 1173 1260 imitaremur,

213 1282 278 1303 non
289 1272 480 1303 habebamus.
491 1273 582 1314 Qiod
592 1281 691 1303 autern
701 1273 800 1312 plures
810 1271 826 1302 a
836 1271 925 1301 nobis
934 1272 1084 1301 nominati
1094 1271 1173 1303 sunt,

214 1324 253 1344 eo
262 1316 406 1355 pertinuit
426 1314 469 1354 (ut
487 1315 589 1355 paullo
600 1313 669 1345 ante
680 1315 759 1354 dixi)
778 1313 860 1355 quod
871 1313 999 1354 intelligi
1014 1313 1118 1346 volui,
1142 1314 1175 1341 in

214 1367 252 1387 eo
263 1376 271 1391 ‚
293 1357 377 1397 cujus
388 1367 496 1387 omnes
505 1355 688 1398 cupidiffimi
701 1355 813 1390 essent,
835 1355 926 1397 quam
935 1357 1020 1395 pauci
1029 1354 1109 1395 digni
1118 1364 1176 1384 no-

216 1406 303 1434 mine
314 1402 483 1433 evaderent.
506 1404 604 1444 Qare
615 1399 714 1439 εἴρωνα
726 1411 775 1431 me
786 1421 793 1434 ‚
805 1410 842 1430 ne
853 1399 873 1429 fi
884 1398 1040 1430 Africanus
1050 1397 1175 1440 quidem

216 1445 277 1476 fuit
286 1465 294 1479 ‚
309 1444 354 1484 (ut
364 1446 404 1474 ait
413 1446 445 1474 in
455 1443 578 1474 historia
586 1444 636 1475 sua
645 1443 824 1483 C.Fannius)
834 1441 999 1472 existimari
1009 1442 1111 1471 velim.
1134 1443 1177 1471 Ut

216 1488 302 1518 voles
314 1507 322 1521 ,
343 1489 442 1527 inquit
458 1488 584 1516 Atticus.
610 1489 674 1526 Ego
686 1488 770 1515 enim
790 1494 854 1514 non
863 1484 997 1515 alienum
1017 1483 1032 1513 a
1051 1492 1078 1513 te
1092 1491 1177 1522 puta-

217 1530 287 1561 bam
300 1549 309 1563 ,
321 1528 403 1570 quod
415 1528 490 1559 &in
500 1527 641 1559 Africano
651 1526 762 1561 fuisset,
774 1526 806 1556 δε
819 1528 851 1556 in
860 1529 986 1557 Socrate.
1010 1528 1093 1555 Tum
1104 1526 1178 1554 Bru-

216 1580 266 1603 tus
277 1591 285 1606 ‚
310 1574 357 1601 De
368 1569 425 1600 isto
436 1569 554 1611 postea:
575 1569 624 1600 sed
635 1579 666 1600 tu
678 1570 788 1610 (inquit
800 1589 808 1602 ,
820 1578 870 1598 me
880 1568 1014 1607 intuens)
1027 1568 1177 1597 orationes

218 1614 310 1646 nobis
319 1621 432 1643 veteres
441 1612 605 1652 explicabis
623 1614 634 1642 ?
656 1615 670 1631 2
682 1610 761 1641 Vei-b
773 1630 781 1644 ,
800 1614 924 1651 inquam
935 1630 942 1643 ‚
963 1611 1050 1639 Brute
1062 1619 1067 1638 ς
1087 1608 1179 1638 sedin

219 1659 360 1689 Cumano
372 1675 381 1690 ‚
404 1663 453 1685 aut
462 1655 495 1684 in
506 1654 680 1685 Tusculano
689 1674 697 1688 ,
721 1653 882 1694 aliquando
895 1673 903 1686 ‚
928 1651 948 1682 si
959 1649 1053 1681 modo
1064 1650 1178 1680 licebit:

155 1702 199 1736 8⁷8
221 1700 369 1740 quoniam
381 1706 507 1738 utroque
517 1698 550 1726 in
560 1696 626 1726 loco
637 1697 733 1726 vicini
742 1695 856 1725 sumus.
880 1694 936 1725 Sed
942 1695 1005 1733 jam
1015 1692 1090 1723 adid
1102 1712 1110 1725 ‚
1123 1702 1180 1722 un-

220 1743 257 1772 de
268 1737 386 1782 digreffi
396 1739 498 1769 sumus
509 1758 517 1772 ‚
537 1746 730 1769 revertamur.
755 1734 930 1767 Hortensius
946 1737 1036 1777 igitur
1045 1733 1117 1765 cum
1128 1734 1180 1764 ad-

218 1782 350 1814 modum
360 1781 531 1812 adolescens
541 1781 624 1811 orsus
635 1777 705 1810 ess'et
716 1781 747 1809 in
763 1778 831 1809 foro
843 1778 940 1808 dicere
960 1798 968 1812 ‚
992 1777 1127 1807 celeriter
1144 1775 1179 1806 acl

219 1825 350 1865 majores
360 1823 457 1853 causas
468 1822 602 1853 adhiberi
613 1831 727 1862 coeptus
738 1819 789 1851 est.
801 1829 983 1861 quamquam
996 1818 1138 1849 inciderat
1149 1820 1182 1848 in

222 1871 317 1900 Cottae
328 1886 336 1900 ,
356 1865 389 1895 &
399 1865 522 1905 Sulpicii
540 1873 657 1894 aetatem
671 1885 679 1897 ,
698 1864 750 1904 qui
761 1865 847 1893 annis
857 1861 960 1892 decem
971 1862 1101 1901 majores
1110 1881 1119 1894 ‚
1131 1870 1183 1890 ex-

219 1910 348 1941 cellente
358 1917 423 1937 tum
435 1904 533 1937 Ctafl'o
552 1926 561 1940 ,
585 1906 618 1936 ὅτ,
628 1906 766 1936 Antonio
781 1925 790 1938 ‚
814 1903 923 1934 deinde
933 1904 1072 1943 Philippo
1084 1923 1093 1937 ‚
1115 1901 1183 1942 post

218 1951 304 1995 Julio
315 1970 324 1983 ,
344 1959 414 1980 cum
425 1950 462 1978 iis
473 1947 539 1988 ipsis
550 1947 671 1978 dicendi
683 1947 778 1987 gloria
789 1945 1021 1986 comparabatur.
1045 1947 1183 1975 Primum

222 1993 457 2023 memoriatanta
468 2010 476 2024 ‚
489 1999 630 2031 quantam
640 1991 675 2019 in
686 1988 750 2030 ullo
762 1985 934 2029 cognovisse
944 1997 994 2017 me
1005 1986 1141 2020 arbitror,
1152 1995 1185 2016 ut

221 2045 291 2077 quae
301 2034 401 2064 secum
412 2040 635 2063 commentatus
648 2029 719 2061 effet
736 2050 744 2064 ,
770 2040 802 2060 ea
820 2028 880 2059 fine
899 2029 1006 2069 scripto
1019 2028 1117 2059 verbis
1128 2028 1184 2058 eis-

224 2079 294 2108 dem
307 2075 453 2108 redderet,
464 2075 573 2115 quibus
584 2071 780 2114 cogitavisset.
805 2073 863 2102 hoc
871 2071 1049 2108 adjumento
1058 2070 1109 2100 ille
1120 2078 1184 2101 tan-

220 2127 253 2150 to
266 2117 303 2148 fic
312 2117 464 2150 utebatur,
476 2125 510 2147 ut
518 2116 567 2146 sua
577 2116 610 2145 &
620 2122 825 2145 commentata
836 2134 844 2147 ,
857 2114 890 2143 &
899 2113 1004 2153 scripta
1013 2133 1022 2147 ‚
1037 2113 1069 2143 &
1078 2133 1086 2146 ‚
1099 2113 1185 2142 nullo

221 2160 368 2192 referente
379 2178 387 2192 ‚
412 2159 516 2188 omnia
534 2157 767 2188 adversariorum
787 2155 865 2186 dieta
875 2153 1068 2185 meminiss'et.
1091 2153 1186 2184 Arde-

223 2203 276 2234 bat
293 2210 392 2231 autem
413 2199 569 2242 cupiditate
579 2197 616 2228 fic
627 2218 635 2233 ‚
659 2207 693 2228 ut
710 2199 743 2227 in
755 2197 841 2226 nullo
852 2206 997 2237 umquam
1018 2195 1187 2236 flagrantius

225 2242 359 2275 studium
370 2241 510 2272 viderim.
522 2241 645 2270 nullum
656 2242 740 2270 enim
750 2238 915 2279 patiebatur
924 2236 982 2267 effe
993 2236 1075 2267 diem
1087 2257 1096 2270 ,
1109 2238 1185 2281 quin

224 2294 274 2317 aut
284 2287 316 2314 in
326 2284 395 2313 foro
405 2283 518 2313 diceret
528 2303 536 2316 ,
549 2292 598 2313 aut
609 2281 802 2312 meditaretur
811 2289 895 2310 eXtra
904 2278 1014 2309 forum.
1031 2276 1186 2318 saepifiime

224 2336 326 2359 autem
339 2325 448 2356 eodem
457 2324 504 2355 die
515 2334 676 2364 utrumque
684 2322 819 2353 faciebat.
839 2321 1042 2362 Attuleratque
1053 2318 1184 2350 minime

225 2370 346 2411 vulgare
355 2377 448 2410 genus
460 2366 598 2396 dicendi:
617 2366 690 2396 duas
701 2364 825 2406 quidem
835 2373 880 2394 res
891 2383 899 2397 ‚
918 2372 990 2404 quas
1001 2372 1095 2392 nemo
1104 2361 1189 2391 alius:

227 2413 401 2453 partitiones
413 2428 421 2443 ,
440 2408 548 2449 quibus
559 2408 595 2438 de
604 2407 693 2438 rebus
704 2405 837 2437 dicturus
848 2403 918 2436 efl'et
929 2425 937 2438 ,
957 2404 989 2434 δε
1011 2408 1022 2432 3
1033 2402 1191 2434 colletstio—

180 2470 187 2474 -
229 2462 283 2485 nes
294 2473 303 2487 ,
316 2461 435 2482 memor
446 2454 478 2480 &
490 2460 556 2492 quae
566 2448 661 2480 efl'cnt
671 2448 749 2479 dista
758 2447 861 2478 contra
872 2467 880 2481 ‚
893 2456 1016 2489 quaeque
1026 2446 1087 2486 ipse
1099 2445 1192 2475 dixis-

235 2496 292 2527 set.
317 2497 389 2526 Erat
406 2495 440 2523 in
456 2492 621 2523 verborum
641 2491 799 2532 splendore
818 2490 935 2538 elegans
947 2509 955 2522 ‚
975 2485 1194 2528 compositione

230 2546 326 2578 aptus,
343 2535 480 2566 facultate
489 2535 629 2575 copiosus
642 2544 647 2563 ;
671 2543 763 2574 eaque
773 2540 832 2562 erat
841 2541 913 2561 cum
924 2531 1045 2561 summo
1056 2531 1192 2570 ingenio,

233 2588 303 2610 tum
312 2577 575 2608 exercitationibus
586 2577 729 2606 maximis
740 2595 749 2608 ‚
770 2574 956 2604 consecutus.
984 2582 1049 2602 rem
1059 2571 1195 2612 comple-

233 2620 368 2654 &ebatur
377 2620 556 2649 memoriter
566 2638 574 2652 ,
598 2617 751 2648 dividebat
760 2616 862 2646 acute:
888 2625 944 2645 nec
953 2613 1195 2654 praetermittebat

232 2662 298 2700 fere
309 2661 473 2702 quidquam
485 2680 493 2693 ,
506 2659 588 2701 quod
598 2657 668 2690 ess'et
677 2660 710 2689 in
719 2659 802 2689 causa
812 2678 820 2692 ‚
832 2666 882 2688 aut
891 2657 926 2687 ad
937 2654 1192 2687 confirmandum,

236 2713 287 2736 aut
296 2705 331 2737 ad
342 2702 541 2733 reiellendum
555 2713 559 2731 :
571 2711 634 2732 vox
644 2710 750 2732 canora
762 2720 771 2734 ,
782 2700 814 2730 &
825 2700 929 2730 suavis.
944 2707 1045 2728 motus
1056 2697 1088 2727 δε
1098 2695 1196 2738 gestus

238 2748 329 2777 etiam
340 2745 406 2786 plus
416 2747 484 2775 artis
495 2743 627 2778 habebat,
640 2742 730 2784 quam
741 2751 800 2772 erat
810 2743 919 2772 oratori
929 2741 1004 2771 satis.
1028 2742 1098 2770 Hoc
1108 2740 1199 2780 igitur

242 2787 418 2820 florescente
430 2806 438 2820 ‚
449 2784 563 2817 Craffus
571 2785 613 2815 est
624 2794 762 2816 mortuus
772 2805 780 2817 ,
794 2786 881 2814 Cotta
889 2783 990 2824 pulsus
1002 2802 1010 2815 ‚
1028 2781 1142 2821 judicia
1151 2783 1199 2810 in-

175 2823 193 2859 8
197 2832 221 2867 9
237 2828 368 2862 termissa
383 2829 465 2859 bello
475 2847 484 2862 ,
503 2837 560 2858 nos
570 2829 602 2858 in
612 2826 713 2857 sonim
724 2828 876 2856 venimus.
899 2828 970 2855 Erat
979 2821 1156 2854 Hortensius
1167 2824 1200 2851 in

236 2872 320 2904 bello
333 2892 341 2905 ,
351 2873 453 2911 primo
461 2878 542 2900 anno
553 2889 561 2903 ‚
580 2870 669 2899 miles
680 2889 689 2903 ‚
705 2869 797 2899 altero
808 2867 945 2898 tribunus
955 2867 1092 2896 rnilitum
1104 2874 1110 2894 ·.
1134 2864 1201 2895 Sul-

235 2916 332 2956 picius
342 2914 452 2954 legatus
461 2911 558 2942 aberat
568 2930 578 2945 ,
597 2913 687 2941 etiarn
699 2911 899 2940 M.Antonius
919 2920 924 2938 ·.
942 2907 1132 2938 exercebatur
1142 2915 1200 2936 una

237 2957 302 2998 lege
317 2954 469 2996 judicium
489 2953 577 2983 Varia
587 2971 596 2987 ‚
616 2954 719 2983 ceteris
738 2961 859 2993 propter
876 2951 992 2982 bellum
1009 2946 1181 2980 intermissis
1193 2958 1199 2978 2

1211 133 1742 184 C1cER0N1s

1213 221 1265 262 qui
1274 220 1444 262 frequentes
1455 221 1574 252 aderant
1584 220 1777 264 (quamquam
1787 231 1841 263 pro
1853 222 1881 254 se
1891 221 1944 264 ipsi
1952 222 2170 265 dicebanc)0r22

1214 271 1292 293 tores
1300 273 1365 293 non
1383 264 1429 293 illi
1440 263 1563 305 quidem
1573 266 1723 304 principes
1734 267 1768 295 L.
1780 267 1948 296 Memmius
1959 286 1967 300 ‚
1986 266 2018 296 &
2029 268 2068 305 Q
2079 269 2172 297 Pom·

1213 305 1298 345 pejus
1310 325 1318 339 ,
1339 305 1388 336 sed
1402 315 1533 336 oratores
1543 314 1643 336 tamen
1655 326 1663 340 ,
1684 305 1756 336 teste
1766 306 1876 337 diserto
1887 317 2009 349 uterque
2018 308 2171 348 Philippo,

1212 348 1297 388 cujus
1308 349 1341 377 in
1358 346 1535 378 testimonio
1544 349 1700 378 contentio
1712 348 1745 378 &
1755 350 1820 378 vim
1838 350 2011 380 accusatoris
2029 349 2171 382 habebat,

1215 389 1248 419 ὃς
1258 391 1385 429 copiam.
1417 389 1540 430 Reliqui
1554 409 1561 423 ‚
1576 392 1707 430 quitum
1715 391 1865 431 principes
1874 391 2108 422 numerabantur
2118 411 2126 424 ,
2138 392 2172 421 in

1215 430 1433 473 magistratibus
1444 440 1525 461 erant
1536 451 1545 464 ,
1565 431 1762 472 quotidieque
1772 431 1834 462 fere
1846 433 1862 462 a
1872 433 1961 463 nobis
1972 435 2004 463 in
2014 433 2174 464 concioni-

1214 473 1269 503 bus
1286 472 1494 503 audiebantur.
1518 476 1585 503 Erat
1604 475 1688 503 enirn
1699 473 1838 504 tribunus
1850 475 1946 514 plebis
1957 484 2022 505 tum
2033 475 2173 505 C.Curio:

1214 524 1396 556 quamquam
1407 516 1432 544 is
1441 514 1565 555 quidem
1575 513 1676 545 silebat
1684 535 1692 548 ‚
1703 524 1735 545 ut
1745 525 1806 546 erat
1814 516 1933 547 semela
1943 518 2092 546 concione
2103 516 2176 546 uni-

1214 557 1294 587 versa
1302 555 1433 586 reliEtus.
1457 557 1648 597 QMetellus
1660 558 1746 587 Celer
1757 578 1766 591 ,
1785 567 1849 588 non
1868 558 1920 588 ille
1929 558 2055 599 quidem
2065 566 2175 592 orator,

1216 599 1264 629 sed
1279 607 1382 628 tamen
1392 608 1456 628 non
1466 597 1584 628 infans:
1604 598 1704 629 diserti
1714 607 1814 629 autem
1824 602 1862 642 Q.
1874 602 1981 630 Varius
1991 620 1999 634 ‚
2021 602 2053 630 C.
2067 598 2174 633 Carbo,

1217 643 1270 671 Cn⁴
1284 641 1481 680 Pomponius:
1493 640 1525 670 δε
1535 642 1557 670 ii
1566 640 1690 681 quidem
1701 641 1874 672 habitabant
1884 643 1916 671 in
1924 641 2036 672 rostris.
2048 642 2175 672 C.etiam

1215 683 1314 724 Julius
1326 703 1333 716 ‚
1346 682 1442 712 aedilis
1453 683 1563 712 curulis
1574 682 1709 723 quotidie
1720 682 1783 713 sere
1793 693 1938 714 accuratas
1948 685 2111 714 conciones
2123 683 2176 712 ha-

1218 725 1304 754 bebat
1314 735 1319 752 2
1330 724 1377 754 sed
1389 734 1438 754 me
1449 723 1619 764 cupidissim
1625 734 1676 754 um
1687 724 1826 755 audiendi
1835 727 1950 766 primus
1960 725 2049 756 dolor
2056 724 2178 766 percus-

1217 764 1250 796 fit
1262 787 1269 799 ,
1294 769 1380 796 Cotta
1396 776 1466 796 cum
1488 765 1531 796 est
1543 766 1696 806 expulsus.
1717 767 1847 808 reliquos
1859 767 2036 808 {requenter
2053 766 2178 798 audiens

1215 810 1362 839 acerrimo
1381 807 1479 838 studio
1499 808 1619 838 tenebar
1628 828 1635 842 ‚
1659 808 1856 850 quotidieque
1867 810 1900 840 &
1909 809 2039 840 scribens
2051 829 2060 843 ,
2084 809 2117 839 ὃς
2134 808 2178 838 le-

1216 860 1290 892 gens
1302 871 1310 884 ,
1333 850 1367 880 δε
1376 859 1588 880 commentans
1599 870 1608 883 ,
1631 852 1757 881 oratoris
1777 850 1894 881 tantum
1913 850 2179 882 exercitationibus

1217 899 1358 922 contentus
1377 901 1442 921 non
1460 902 1548 921 eram.
1570 893 1638 933 Jam
1659 893 1859 934 consequente
1876 903 1957 924 anno
1967 894 2114 935 QVarius
2131 892 2180 922 sua

1218 935 1282 976 lege
1299 934 1455 964 damnatus
1466 932 1631 964 excesserat.
1656 937 1720 976 Ego
1730 944 1830 965 autem
1845 956 1853 969 ,
1869 936 1947 976 juris
1957 936 2056 966 civrlis
2067 933 2178 968 studio,

1221 976 1354 1006 multum
1364 986 1461 1016 operae
1469 975 1576 1006 dabam
1586 977 1779 1014 QScaevolae,
1792 980 1857 1008 RF.
1867 980 1920 1019 qui
1929 986 2112 1018 quamquam
2124 986 2180 1006 ne-

1220 1020 1299 1048 mini
1310 1019 1338 1048 se
1347 1018 1381 1048 ad
1393 1017 1566 1048 docendum
1575 1018 1661 1048 dabat
1668 1038 1675 1051 ‚
1687 1027 1787 1049 tamen
1797 1039 1805 1053 ‚
1816 1019 2045 1050 consulentibus
2054 1018 2178 1058 respon-

1220 1060 1331 1092 dendo,
1344 1059 1493 1090 studiosos
1502 1059 1643 1090 audiendi
1652 1059 1786 1091 docebat.
1803 1064 1900 1102 Atque
1909 1062 1980 1091 huic
1987 1071 2068 1092 anno
2076 1061 2181 1101 proxi-

1223 1111 1290 1132 mus
1300 1102 1379 1132 Sulla
1388 1102 1511 1131 consule
1521 1121 1530 1135 ‚
1541 1102 1574 1132 &
1583 1103 1730 1142 Pompejo
1738 1102 1807 1133 suit.
1835 1112 1900 1133 tum
1912 1107 1940 1134 P.
1953 1103 2078 1142 Sulpicii
2088 1103 2121 1132 in
2129 1102 2183 1131 tri-

1222 1144 1335 1174 bunatu
1344 1143 1482 1183 quotidie
1495 1145 1705 1174 concionantis
1715 1152 1813 1174 totum
1825 1155 1920 1186 genus
1930 1143 2052 1175 dicendi
2061 1145 2184 1184 penitus

1221 1194 1434 1226 cognovimus.
1457 1184 1565 1214 eodem
1589 1195 1625 1214 ue
1638 1193 1774 1225 tempore
1783 1185 1855 1216 cum
1866 1185 2184 1226 princepsAcademiae

1224 1228 1312 1258 Philo
1326 1235 1397 1256 cum
1410 1227 1563 1255 Athenien
1577 1236 1641 1256 ium
1659 1228 1858 1266 optimatibus
1874 1227 2083 1258 Mithridatico
2100 1226 2183 1257 bello

1223 1268 1319 1299 domo
1328 1265 1503 1308 profugisset
1510 1287 1517 1301 ,
1529 1270 1724 1310 Romamque
1731 1267 1858 1300 venisset
1867 1290 1874 1303 ‚
1885 1277 1987 1300 toturn
1997 1271 2024 1300 ei
2035 1279 2085 1299 me
2092 1267 2182 1299 tradi-

1223 1311 1253 1341 di
1264 1330 1272 1344 ‚
1284 1309 1455 1340 admirabili
1466 1309 1599 1350 quodam
1608 1310 1643 1340 ad
1652 1311 1876 1351 Philosophiam
1889 1311 1988 1342 studio
1996 1312 2162 1342 concitatus
2171 1328 2182 1344 ‚

1225 1355 1258 1382 in
1266 1361 1327 1394 quo
1342 1353 1400 1382 hoc
1416 1353 1507 1381 etiam
1515 1353 1726 1382 commorabar
1739 1352 1883 1383 attentius
1893 1374 1900 1387 ‚
1919 1353 2000 1395 quod
2017 1351 2068 1383 etfi
2081 1361 2184 1383 rerum

1226 1395 1355 1435 ipsarum
1370 1395 1493 1423 varietas
1501 1414 1510 1427 ,
1531 1394 1752 1436 &magnitudo
1761 1395 1880 1426 summa
1891 1406 1941 1425 me
1951 1393 2131 1424 delec'tasione
2138 1403 2186 1424 re·-

1225 1436 1355 1471 tinebat3
1373 1443 1474 1465 tamen
1484 1435 1596 1466 sublata
1603 1437 1665 1475 jam
1677 1434 1733 1466 effe
1741 1438 1774 1466 in
1781 1446 1961 1477 perpetuum
1970 1439 2045 1468 ratio
2051 1436 2186 1477 judicio-

1226 1488 1294 1509 rum
1303 1477 1470 1508 videbatur.
1496 1477 1648 1508 Occiderat
1657 1478 1806 1518 Sulpicius
1816 1480 1872 1509 illo
1880 1489 1961 1510 anno
1971 1499 1979 1512 ‚
1990 1479 2107 1520 tresque
2115 1487 2187 1518 pro-

1227 1518 1316 1551 ximo
1326 1521 1419 1550 trium
1428 1527 1549 1550 aetatum
1561 1527 1692 1550 oratores
1703 1530 1785 1551 erant
1799 1519 2000 1551 crudelissime
2014 1519 2167 1551 interfeffi
2176 1538 2186 1554 ,

1227 1562 1397 1605 QCatulus
1408 1581 1415 1594 ‚
1430 1563 1474 1591 M.
1485 1563 1638 1592 Antonius
1648 1581 1656 1595 ,
1675 1564 1706 1591 C.
1715 1562 1826 1603 Julius.
1858 1563 1976 1594 Eodem
1995 1572 2076 1592 anno
2094 1563 2186 1592 etiarn

1228 1605 1353 1634 Moloni
1362 1603 1487 1634 Rhodio
1495 1606 1605 1634 Romae
1613 1603 1754 1634 dedimus
1762 1614 1883 1645 operam
1893 1625 1901 1639 ‚
1921 1605 1954 1635 ὃς
1961 1604 2056 1635 ειᾶοι·1
2065 1604 2188 1634 summo

1228 1646 1381 1677 causarum
1391 1665 1400 1679 ,
1420 1645 1453 1675 &
1463 1644 1613 1686 magistro.
1646 1647 1718 1676 Haec
1734 1645 1785 1677 etsi
1797 1646 1939 1677 videntur
1948 1645 2006 1676 effe
2015 1646 2031 1677 ὲ
2041 1643 2189 1687 propofita

1230 1690 1346 1719 ratione
1363 1687 1477 1718 diversa
1487 1707 1495 1721 ,
1520 1696 1622 1718 tamen
1635 1687 1748 1718 idcirco
1765 1688 1780 1719 a
1797 1699 1847 1719 me
1857 1688 2070 1730 proferuntur,
2090 1695 2124 1718 ut
2132 1697 2191 1718 no-

1231 1730 1325 1761 strum
1335 1730 1453 1760 cursum
1463 1729 1626 1770 perspicere
1635 1749 1643 1762 ‚
1662 1732 1810 1771 quoniam
1819 1729 1944 1761 voluisti
1952 1750 1960 1765 ‚
1981 1727 2187 1770 Brute'poffis‚

1232 1773 1315 1812 (nam
1324 1774 1426 1803 Attico
1435 1772 1497 1801 haec
1505 1780 1577 1801 nota
1586 1772 1666 1812 sunt)
1676 1772 1708 1802 ὃς
1717 1772 1819 1803 videre
1827 1771 2089 1814 quemadmodum
2100 1769 2194 1801 fimus

1233 1818 1267 1845 in
1285 1815 1377 1854 spatio
1386 1812 1632 1855 QHortensium
1648 1812 1737 1854 ipsius
1753 1813 1886 1855 vestigiis
1901 1814 2057 1855 persecuti.
2080 1815 2194 1844 Trien-

2206 1659 2259 1695 90

1234 1859 1322 1887 nium
1332 1855 1394 1886 fere
1405 1858 1464 1885 tuit
1474 1854 1545 1885 urbs
1554 1853 1614 1885 fine
1622 1857 1713 1885 armis
1723 1875 1731 1889 ‚
1750 1856 1800 1886 sed
1810 1864 1964 1886 oratorum
1980 1863 2032 1886 aut
2047 1856 2173 1885 interitu
2182 1873 2193 1889 ,
2224 1862 2227 1864 “

1233 1907 1283 1929 aut
1299 1896 1423 1928 discess'u
1435 1917 1443 1931 ‚
1463 1905 1514 1927 aut
1531 1895 1618 1938 fuga,
1640 1898 1731 1936 (nam
1747 1898 1868 1929 aberant
1885 1899 1976 1928 etiam
1993 1897 2195 1928 adolescentes

1235 1943 1278 1970 M.
1290 1938 1419 1973 Craffus,
1437 1939 1604 1969 &Lentuli
1615 1939 1696 1981 duo)
1713 1941 1825 1980 primas
1841 1941 1874 1970 in
1892 1939 1982 1970 causis
2000 1938 2102 1981 agebat
2111 1941 2192 1968 Hor·

1235 1981 1345 2013 tensius
1364 1992 1369 2010 :
1398 1983 1510 2023 magis,
1539 1982 1690 2022 magisque
1707 1981 1844 2022 quotidie
1865 1981 2007 2022 probatur
2028 1979 2195 2014 Antistius,

1237 2024 1304 2057 Piso
1324 2024 1398 2064 saepe
1417 2023 1549 2053 dicebat:
1568 2025 1673 2053 minus
1690 2024 1762 2064 saepe
1771 2025 1978 2064 Pomponius,
2000 2021 2066 2053 raro
2075 2021 2194 2053 Carbo:

1236 2066 1327 2097 semel
1337 2074 1387 2096 aut
1394 2067 1505 2095 iterum
1513 2065 1678 2105 Philippus.
1696 2068 1736 2095 At
1745 2065 1818 2095 vero
1828 2075 1883 2106 ego
1892 2067 1950 2095 hoc
1959 2073 2096 2104 tempore
2105 2063 2195 2094 omni

1235 2107 1354 2139 noeteis
1369 2107 1474 2136 &dies
1490 2108 1524 2136 in
1541 2116 1684 2136 omnium
1701 2106 1909 2136 do&rinaium
1921 2105 2119 2136 meditatione
2127 2115 2196 2134 ver-

1237 2149 1322 2180 sabar.
1357 2152 1445 2178 Eram
1463 2156 1535 2177 cum
1553 2149 1656 2177 Stoico
1672 2147 1830 2178 Diodoto:
1849 2150 1901 2189 qui
1919 2147 1992 2178 cum
2009 2145 2197 2178 habitavisset

1236 2190 1313 2231 apud
1325 2199 1392 2222 me,
1403 2198 1585 2228 mecumque
1595 2187 1729 2223 vixiss‘ct,
1748 2199 1843 2229 nuper
1859 2189 1901 2219 est
1916 2189 2003 2219 dorni
2020 2199 2095 2219 meae
2111 2198 2197 2219 mor-

1238 2241 1316 2263 tuus.
1339 2230 1355 2260 {1
1366 2241 1427 2272 quo
1437 2229 1508 2260 cum
1520 2232 1552 2260 in
1562 2230 1628 2259 aliis
1646 2230 1734 2260 rebus
1742 2251 1750 2264 ‚
1772 2239 1837 2260 turn
1848 2229 2055 2262 studiosissime
2064 2232 2097 2260 in
2107 2229 2197 2260 diale-

1239 2273 1314 2303 stica
1323 2272 1496 2302 exercebar:
1514 2281 1580 2312 quae
1589 2270 1667 2312 quasi
1678 2272 1827 2303 contra6ta
1835 2293 1843 2307 ‚
1860 2274 1892 2303 &
1900 2272 2038 2303 adstriEta
2051 2272 2197 2313 eloquen-

1238 2317 1278 2346 tia
1287 2313 1415 2355 putanda
1425 2313 1482 2344 est:
1499 2312 1559 2342 fine
1568 2323 1625 2353 qua
1635 2315 1726 2346 etiam
1736 2323 1768 2344 tu
1777 2334 1785 2348 ,
1797 2317 1885 2345 Brute
1895 2335 1903 2348 ,
1918 2313 2088 2355 judicavisti
2097 2333 2106 2348 ‚
2121 2322 2148 2344 te
2158 2314 2198 2343 il-

1240 2358 1300 2387 lam
1313 2355 1425 2397 justam
1441 2356 1645 2396 eloquentiam
1656 2375 1664 2390 ‚
1683 2366 1773 2397 quam
1783 2356 1969 2387 dialeElicam
1980 2356 2131 2387 dilatatam
2142 2354 2199 2387 effe

1240 2407 1361 2440 putant,
1382 2398 1523 2438 consequi
1533 2406 1597 2427 non
1608 2396 1698 2437 poffe.
1722 2400 1804 2428 Huic
1816 2409 1870 2440 ego
1880 2398 1999 2435 dolitori
2009 2419 2018 2432 ‚
2039 2398 2071 2428 &
2080 2399 2143 2438 ejus
2152 2407 2198 2428 ar-

1242 2441 1321 2473 tibus
1338 2442 1444 2474 variis,
1463 2448 1550 2480 atque
1565 2439 1672 2469 multis
1689 2441 1730 2470 ita
1745 2450 1825 2470 eram
1844 2449 1944 2471 tamen
1959 2440 2096 2475 deditus,
2113 2447 2147 2471 ut
2161 2439 2199 2470 ab

1241 2481 1506 2513 exercitationibus
1522 2482 1660 2511 oratoriis
1670 2482 1774 2511 nullus
1791 2482 1854 2512 dies
1863 2492 1974 2513 vacuus
1989 2480 2068 2512 css'et.
2099 2484 2200 2512 Com-

1242 2524 1397 2555 mentabar
1409 2523 1605 2553 declamitans
1621 2543 1629 2557 ‚
1652 2521 1709 2562 (fic
1725 2525 1810 2554 enim
1825 2534 1907 2555 nunc
1922 2524 2108 2565 loquuntur)
2126 2523 2201 2564 saepe

1241 2577 1312 2597 cum
1323 2568 1366 2596 M.
1376 2566 1482 2596 Pisone
1490 2585 1499 2598 2
1510 2565 1620 2605 &curn
1630 2567 1823 2615 QPompejo
1834 2586 1842 2600 ‚
1854 2575 1903 2597 aut
1909 2576 1979 2597 cum
1990 2566 2091 2606 aliquo
2099 2566 2202 2607 quoti-

1243 2609 1308 2639 die:
1327 2608 1417 2649 idque
1426 2607 1571 2638 faciebam
1579 2607 1715 2637 multum
1723 2617 1814 2638 etiam
1822 2608 1929 2639 Latine
1941 2628 1950 2643 ‚
1970 2607 2018 2638 sed
2029 2609 2132 2638 Graece
2148 2607 2202 2637 sae-

1242 2653 1326 2692 pius:
1343 2647 1482 2690 velqubd
1495 2650 1587 2678 Graeca
1599 2649 1688 2679 oratio
1703 2650 1787 2690 plura
1803 2658 1980 2681 ornamenta
1995 2649 2201 2690 suppeditans,

1243 2692 1493 2724 consuetudinem
1503 2690 1639 2722 firniliter
1647 2691 1755 2722 Latine
1766 2692 1887 2722 dicendi
1896 2690 2035 2722 afferebat
2045 2701 2050 2720 :
2060 2691 2109 2721 vel
2118 2689 2202 2731 quod

1244 2735 1383 2765 aGraecis
1395 2734 1521 2763 summis
1537 2732 1731 2766 doctoribus,
1750 2732 1805 2763 nisi
1817 2733 1920 2764 Graece
1937 2733 2086 2766 dicerem,
2103 2741 2202 2773 neque

1244 2778 1352 2818 corrigi
1361 2774 1477 2815 possem
1489 2795 1497 2809 ,
1507 2785 1603 2816 neque
1612 2774 1713 2805 doceri
1725 2785 1730 2803 ε
1747 2779 1914 2806 Tumultus
1925 2777 2047 2805 interim
2057 2783 2110 2815 pro
2118 2783 2203 2803 recu-

1245 2819 1372 2860 peranda
1387 2817 1553 2857 republica,
1572 2816 1741 2847 &crudelis
1758 2819 1899 2847 interitus
1915 2826 2069 2847 oratorum
2088 2817 2180 2846 trium
2192 2833 2201 2849 ‚

1245 2860 1384 2892 Scaevolae
1400 2880 1408 2894 ‚
1430 2859 1581 2889 Carbonis
1595 2878 1604 2893 ,
1622 2857 1746 2889 Antistii
1764 2869 1770 2887 τ
1794 2859 1906 2889 reditus
1923 2862 2018 2889 Cottae
2035 2858 2202 2892 Curionis,

1248 2900 1341 2933 Craffi
1350 2921 1358 2936 ‚
1368 2901 1571 2932 Lentulorum
1582 2920 1590 2933 ‚
1602 2901 1740 2939 Pompeii
1752 2911 1757 2929 :
1773 2901 1852 2941 leges
1864 2900 2016 2939 &judicia
2024 2898 2201 2930 constituta:

1246 2952 1414 2985 recuperata
1422 2942 1600 2983 respublica:
1610 2951 1649 2972 ex
1657 2951 1787 2972 numero
1797 2949 1897 2972 autem
1906 2950 2058 2972 oratorum
2068 2944 2203 2980 Pompo-

2117 2991 2199 3017 filus,

239 3043 1991 3061 W

279 3087 303 3105 1.
323 3080 396 3111 Longi
405 3078 518 3110 sermonis
533 3079 629 3102 initium
638 3076 769 3111 depulisti]
789 3076 867 3101 Sic&
879 3074 937 3101 Pal.
950 3075 977 3100 St
989 3073 1082 3108 Cujac.
1102 3074 1201 3104 Manu·
1240 3079 1297 3106 cap.
1310 3077 1351 3096 ιι.
1370 3068 1417 3095 lib.
1432 3075 1455 3095 1.
1475 3059 1674 3104 Diiiuatjcap.
1687 3065 1735 3100 46.
1753 3074 1803 3102 pro
1820 3065 1907 3092 Rullo
1926 3065 2041 3101 denique
2060 3084 2069 3098 ,
2087 3064 2116 3090 ὅ(
2134 3063 2200 3090 Μιι-

242 3114 295 3142 tius
305 3115 334 3140 δε
344 3114 488 3141 Lambinus
498 3111 626 3140 admisere
636 3112 745 3144 detulisti.
766 3111 902 3138 Vi&orius
910 3112 989 3144 pepuli
1008 3113 1027 3136 i.

279 3159 307 3177 2.
327 3151 383 3177 Verb
395 3169 403 3181 ,
420 3152 518 3184 inquam
528 3149 629 3182 Brute]
649 3147 795 3174 Lambinus
808 3167 816 3180 ‚
836 3148 945 3181 Egoverb
954 3150 1052 3180 inquam
1063 3165 1071 3178 ‚
1089 3144 1139 3176 dre.
1161 3143 1204 3170 std

1243 3116 1317 3178 luga..
1327 3144 1359 3168 Et
1369 3139 1530 3174 mammen]
1550 3139 1608 3166 Pal.
1619 3140 1646 3165 δε
1658 3138 1817 3173 Cujaciaiius
1829 3139 1986 3172 eonjemones.
2006 3136 2077 3175 quod
2088 3135 2141 3164 tale
2151 3135 2202 3164 effe

246 3192 343 3216 contra
360 3192 462 3215 veteres
482 3185 576 3215 libros.
594 3185 622 3212 ὃς
635 3183 782 3212 ficlocutus
797 3193 849 3211 non
859 3182 959 3214 leniel3
981 3189 1009 3209 iit
1019 3181 1067 3210 lib.
1080 3190 1116 3209 ti.
1126 3179 1207 3209 Tusc.
1245 3178 1355 3217 putabat
1364 3176 1526 3206 Gulielmius
1538 3195 1547 3210 ‚
1558 3183 1588 3204 ut
1596 3175 1629 3204 de
1639 3185 1671 3204 eo
1682 3175 1763 3212 quati-i
1772 3173 1866 3212 posset.

2106 3216 2130 3236 1.
2139 3208 2202 3237 Tan-
