2302 3353
81 645 126 680 91

103 2541 123 2566 2
142 2533 259 2565 habitus
268 2533 430 2565 accesserat.

506 165 576 195 DE
610 149 807 195 CLAR.
844 150 1129 195 ORATOR.

156 235 236 269 nim,
248 231 570 265 censorinusMurena
578 229 692 260 sublati.
707 237 775 260 tum
788 230 866 269 prim
872 227 924 258 'Cim
936 238 991 258 nos
1003 229 1037 259 ad
1049 239 1116 259 cau-

155 278 198 308 sas
209 277 240 307 δε
248 277 384 316 μήπως,
396 272 568 313 &publicas
580 272 660 302 adire
669 274 897 312 coepimus‚non
908 280 940 300 ut
950 273 983 300 in
992 270 1060 300 soro
1072 271 1117 299 di—

148 319 293 358 staremus,
302 315 383 356 quod
393 315 528 355 plerique
537 313 681 346 fecerunt,
687 314 734 343 sed
744 322 785 346 ut,
791 321 936 354 quantum
947 321 1004 341 iios
1016 310 1116 341 effice-

154 369 186 389 rc
193 357 400 400 potuiss'emuS,
413 356 495 386 durfti
508 358 539 385 in
548 355 651 386 forum
661 358 845 385 veniremus.
870 353 987 384 Eodem
998 362 1115 392 tempo-

153 411 184 431 re
194 400 314 430 Moloni
327 398 467 428 dedimus
478 407 609 437 operam.
633 396 721 427 Dicta
727 407 788 427 tore
799 398 883 426 enim
893 396 973 426 Sulla
984 415 992 427 ,
1006 395 1115 436 legatus

152 441 187 473 ad
205 442 338 472 senatum
349 440 385 470 de
394 440 588 471 Rhodiorum
599 441 731 480 praemiis
746 446 873 469 venei-at.
896 440 1000 478 Itaque
1018 439 1116 476 prima

150 483 233 515 causa
241 483 362 524 publica
374 502 382 516 ,
401 492 455 522 pro
465 485 534 512 Sex.
549 483 662 512 Roscio
672 480 752 512 dista
763 501 771 514 ,
797 484 806 500 ¹
825 489 941 510 tantum
952 488 1114 509 commen-

152 525 282 556 dationis
292 524 407 557 habuit,
420 534 452 554 ut
462 534 526 553 non
537 525 597 554 ulla
608 522 691 556 ess‘et,
704 533 770 564 qua:
781 532 843 552 non
853 522 941 563 digna
950 519 1053 551 nostro
1062 530 1115 560 pa-

151 569 283 598 trocinio
295 566 453 596 videretur.
477 565 616 606 deinceps
627 566 698 595 inde
709 567 812 594 multae
822 584 830 598 ,
848 574 919 604 quas
936 573 1000 593 non
1011 564 1114 592 minus

153 608 483 650 diligente-i'elaboratas
492 629 500 641 ‚
520 608 552 638 δε
563 617 702 649 tanquam
714 607 896 637 elucubratas
906 603 1112 635 afferebamus.

153 653 245 681 Nunc
255 671 263 684 ,
288 651 434 691 quoniam
445 659 543 680 totum
556 660 607 680 me
618 660 683 679 non
694 660 766 677 naevo
777 648 879 688 aliquo
889 655 939 676 aut
948 646 1112 687 crepundiis,

151 691 200 723 scd
219 702 342 732 corpore
362 694 451 722 omni
469 691 580 722 videris
599 691 676 721 velle
697 690 875 730 cognoscere
894 709 903 722 ,
930 686 1114 727 complestar

152 735 300 765 nonnulla
317 736 404 764 etiam
418 754 425 767 ,
446 744 510 775 quae
524 731 639 763 fortasse
653 732 811 761 videantur
827 733 932 760 minus
943 727 1110 774 necessaria.

151 778 220 808 Erat
239 786 275 806 eo
286 778 464 816 temporein
473 775 562 805 nobis
580 775 698 804 summa
717 773 881 814 gracilitas,
906 772 1111 802 &infirmitas

149 820 283 858 corporis
295 829 300 846 z
320 828 477 858 procerum
489 817 522 846 &
535 826 623 846 tenue
635 816 750 846 collum
762 826 767 844 ;
789 816 841 856 qui
852 814 970 844 habitus
979 833 988 847 ,
1001 812 1034 842 &
1046 823 1111 853 quae

152 859 244 901 figura
260 870 325 890 non
335 860 439 899 procul
457 857 553 889 abeffe
562 867 682 898 putatur
691 857 707 887 a
718 859 785 888 vitae
795 857 929 898 periculo
941 876 949 890 ,
970 853 990 885 fi
1001 854 1113 885 accedit

150 903 254 936 labor,
273 902 435 932 &laterum
445 910 552 942 magna
562 901 728 930 contentio.
752 902 856 939 quue
868 900 961 938 magis
980 898 1037 927 hoc
1048 906 1110 930 eOS,

173 944 261 973 uibus
272 953 352 973 eram
362 953 443 973 carus
455 963 463 976 ,
480 942 697 972 commovebat
707 962 714 974 ,
727 940 810 982 quod
819 943 924 970 omnia
934 938 993 969 fine
1006 938 1111 968 remis-

174 995 232 1015 one
245 1005 253 1019 ,
276 984 337 1015 fine
350 986 487 1014 varietate
498 1004 506 1017 ,
529 985 560 1013 vi
571 984 688 1014 sumnia
698 985 783 1012 vocis
800 1004 807 1016 ,
832 983 865 1012 &
878 984 967 1012 totius
978 982 1111 1020 corporis

148 1029 344 1058 contentione
354 1026 418 1056 dice
424 1027 503 1056 bani.
529 1028 631 1066 Itaque
641 1025 712 1055 cum
723 1035 773 1055 nie
784 1026 816 1054 &
826 1026 916 1054 amici
929 1044 937 1057 ‚
956 1023 989 1053 &
999 1021 1111 1052 medici

148 1069 338 1100 hortarentur
346 1088 353 1101 ,
367 1078 399 1098 ut
408 1068 505 1098 causas
515 1078 597 1108 agere
609 1065 776 1097 desisterem
788 1077 792 1095 :
805 1065 935 1107 quodvis
946 1063 1048 1105 potius
1058 1074 1110 1104 pe—

147 1111 278 1142 ticulum
290 1111 369 1140 mihi
378 1109 562 1143 adeundum,
574 1109 664 1150 quim
674 1109 689 1139 a
699 1109 806 1148 sperata
816 1108 936 1138 dicendi
963 1107 1040 1152 ⁴loria
1050 1106 1111 1136 dis-

147 1152 317 1183 cedendum
337 1153 448 1192 putavi.
478 1151 554 1185 Sed,
577 1150 650 1181 cum
667 1151 838 1184 censerem,
862 1150 949 1179 rcmii
963 1158 1033 1179 ione
1045 1168 1053 1182 ,
1077 1147 1111 1178 &

150 1194 359 1224 moderatione
369 1195 454 1224 vocis
466 1213 474 1227 ,
495 1193 528 1224 ὃς
538 1202 726 1223 commutato
736 1202 844 1233 genere
853 1191 975 1222 dicendi
987 1211 996 1224 ,
1016 1200 1066 1220 me
1077 1190 1110 1220 δε

147 1237 316 1277 periculum
335 1237 427 1266 vitare
437 1233 519 1276 poss'e
529 1255 538 1269 ‚
561 1235 593 1265 &
605 1233 797 1274 temperatius
807 1234 903 1264 dicere
916 1244 921 1262 z
940 1242 974 1263 ut
983 1232 1111 1262 consue—

148 1278 288 1308 tudinem
300 1277 420 1308 dicendi
429 1287 576 1307 mutarem
589 1297 597 1313 ,
609 1287 642 1306 ea
652 1277 735 1306 causa
745 1277 824 1306 mihi
835 1278 867 1305 in
878 1273 976 1305 Asiam
987 1272 1109 1314 profici-

148 1319 250 1350 scendi
261 1319 330 1349 suit.
354 1322 455 1360 Itaque
465 1318 537 1348 cum
548 1317 639 1348 efferri
650 1319 812 1348 biennium
823 1318 953 1348 versatus
962 1319 995 1346 in
1003 1314 1107 1349 causis,

149 1361 251 1402 &jam
264 1364 296 1391 in
305 1360 372 1391 foro
380 1361 562 1391 celebratum
575 1370 680 1391 meum
692 1369 809 1389 nomen
818 1358 907 1389 ess'et:
930 1361 1031 1389 Roma
1041 1358 1108 1388 sum

146 1403 308 1444 profectus.
325 1401 406 1433 Cum
415 1400 565 1432 veniffem
575 1403 716 1435 Athenas,
729 1401 780 1431 sex
791 1402 909 1431 menses
918 1410 989 1430 cum
999 1401 1109 1430 Antio—

146 1446 205 1475 cho
215 1465 224 1479 ,
236 1447 344 1475 veteris
354 1444 523 1475 Academiae
534 1441 722 1474 nobilissimo
731 1464 740 1477 ,
760 1443 793 1473 δε
802 1441 1031 1483 prudentissimo
1040 1442 1110 1481 phi-

147 1487 276 1526 losopho
285 1506 293 1520 ,
305 1486 350 1516 fui
362 1507 371 1520 ,
383 1486 576 1526 studiumque
591 1485 764 1527 phiiofhphiae
775 1495 945 1526 numquam
954 1483 1108 1514 intermis—

148 1528 214 1560 sum
226 1549 235 1562 ,
250 1527 266 1558 a
275 1531 430 1570 primaque
439 1528 636 1558 adolescentia
643 1532 759 1558 cultum
772 1548 781 1561 ,
804 1527 837 1558 &
848 1528 963 1568 semper
972 1525 1106 1559 au&um‚

146 1572 206 1602 hoc
214 1571 311 1600 rursus
329 1571 452 1601 summo
462 1569 602 1604 auctore,
626 1569 794 1599 &doctore
811 1571 965 1599 renovavi.
989 1567 1106 1598 Eodem

147 1620 249 1644 tamen
258 1621 392 1653 tempore
403 1613 530 1642 Athenis
541 1611 618 1652 apud
629 1613 824 1642 Demetrium
836 1614 1105 1651 Syrum,veterem,

148 1654 183 1685 &
194 1664 254 1684 non
275 1655 443 1695 ignobilem
462 1654 583 1684 dicendi
603 1653 780 1696 magistrum
791 1673 799 1687 ,
821 1652 955 1683 studiose
975 1654 1106 1682 exemeri

147 1696 294 1727 solebam.
301 1695 370 1727 Post
379 1696 395 1727 a
406 1707 456 1727 me
466 1695 531 1726 Afia
540 1704 601 1726 tota
609 1705 755 1738 peragrata
764 1695 891 1729 est,cum
902 1696 1030 1726 summis
1039 1695 1108 1735 qui-

147 1738 218 1770 dem
238 1739 404 1769 oratoribus
423 1759 431 1773 ‚
455 1739 636 1780 quibuscum
654 1737 812 1768 exercebar
829 1736 896 1778 ipsis
918 1737 1104 1769 lubentibus,

146 1783 276 1822 quorum
295 1789 354 1811 erat
371 1783 507 1821 princeps
524 1781 687 1820 Menippus
704 1778 944 1813 Stratonicensis,
969 1788 1040 1809 meo
1055 1778 1106 1817 ju-

146 1825 228 1861 dicio
246 1842 255 1857 ,
279 1831 340 1853 tota
357 1821 424 1854 Asia
439 1842 448 1856 ,
474 1823 537 1852 illis
557 1822 743 1862 temporibus
763 1843 771 1855 ,
795 1820 1002 1853 disertiffimus
1021 1831 1027 1850 τ
1052 1821 1086 1850 &
1096 1839 1104 1854 ‚

145 1863 168 1895 si
187 1865 266 1894 nihil
283 1864 388 1895 habere
406 1863 614 1895 molestiarum
625 1884 634 1898 ,
656 1874 712 1894 nec
721 1865 910 1905 ineptiarum,
932 1865 1104 1894 Atticorum

145 1905 189 1936 est
208 1927 217 1940 ‚
241 1907 290 1936 hic
308 1917 406 1937 orator
425 1908 458 1937 in
476 1907 536 1936 illis
555 1908 707 1936 numerari
724 1907 804 1936 recte
823 1905 930 1946 p0test.
963 1902 1106 1935 Affiduis-

144 1947 218 1978 fime
240 1957 340 1977 autem
367 1958 490 1978 mecum
509 1947 568 1977 fuit
587 1946 750 1987 Dionysius
773 1950 908 1989 Magnes.
933 1956 992 1977 erat
1012 1948 1103 1976 etiam

147 1990 307 2030 AEschylus
327 1989 457 2019 Gnidius
475 2009 484 2023 ,
508 1988 721 2019 Adramitenus
741 1990 904 2019 Xenocles.
927 1990 960 2018 hi
981 1997 1047 2018 tum
1071 1989 1103 2017 in

145 2030 212 2062 Asia
240 2032 395 2061 rhetorum
425 2033 575 2071 principes
605 2031 850 2061 numerabantur.
891 2030 1009 2071 Qiibus
1039 2038 1102 2058 non

143 2082 303 2103 contentus
325 2093 333 2107 ,
356 2073 505 2103 Rhodum
526 2073 616 2105 veni,
640 2082 749 2113 meque
778 2072 814 2102 ad
835 2072 968 2102 eundem
981 2091 989 2106 ,
1011 2080 1103 2112 quem

143 2117 254 2146 Romae
275 2115 445 2145 audiveram
467 2135 476 2147 ,
501 2114 663 2143 Molonem
686 2134 695 2147 ,
726 2115 870 2154 applicavi
890 2135 898 2147 ,
924 2112 996 2143 cum
1018 2112 1101 2143 adsto-

142 2166 208 2188 rem
225 2159 258 2187 in
276 2158 354 2187 veris
371 2155 460 2186 causis
474 2176 482 2189 ,
502 2156 735 2195 scriptoremque
754 2154 940 2195 praestantem
953 2176 961 2188 ‚
985 2164 1051 2184 tum
1071 2156 1103 2184 in

144 2198 286 2229 notandis
308 2219 318 2232 ,
348 2197 679 2237 animadvertendisque
701 2200 784 2227 vitiis
806 2217 815 2231 ,
848 2198 880 2228 ὃς
903 2196 1100 2229 instituendo,

142 2240 340 2282 docendoque
349 2237 626 2280 prudentiffimum.
659 2241 687 2268 Is
698 2239 779 2269 dedit
789 2249 909 2279 operam
925 2245 934 2277 ἦ
938 2237 957 2267 si
968 2237 1061 2268 modo
1072 2238 1103 2267 id

143 2283 286 2324 consequi
295 2284 404 2322 potuit)
415 2291 449 2312 ut
459 2284 553 2312 nimis
564 2280 775 2311 redundanteis
786 2291 843 2311 nos
853 2301 862 2315 ,
876 2281 908 2311 &
919 2279 1103 2320 superfluen-

141 2326 197 2355 teis
209 2325 336 2363 juvenili
352 2323 479 2366 quadam
495 2322 822 2362 dicendiimpunitate‚
851 2324 883 2353 &
894 2323 1033 2356 licentia,
1057 2332 1103 2352 re-

142 2368 301 2407 primeret,
322 2366 355 2396 &
364 2365 443 2408 quasi
453 2376 535 2396 extra
544 2367 620 2405 ripas
631 2364 813 2395 diffluenteis
823 2366 979 2395 co'e‘rceret.
1005 2367 1049 2394 Ita
1057 2375 1102 2394 re-

142 2409 208 2448 cepi
224 2418 274 2438 me
292 2408 420 2438 biennio
436 2407 502 2449 post
512 2428 520 2442 ,
545 2417 608 2438 non
618 2406 713 2437 modo
723 2409 925 2440 exercitatior,
950 2407 999 2437 sed
1009 2406 1101 2447 prope

143 2458 285 2480 mutatus.
307 2461 379 2481 narn
390 2451 423 2481 δε
434 2452 590 2480 contentio
601 2451 696 2480 nimia
706 2448 943 2480 vocis‘recideiat
951 2470 960 2483 ,
981 2449 1013 2479 δε
1023 2447 1102 2490 quasi

141 2491 298 2534 referverat
306 2495 402 2523 oratio
412 2514 421 2527 ‚
437 2492 632 2532 lateribusque
642 2493 720 2521 vires
732 2511 742 2525 ,
755 2492 787 2521 &
797 2493 930 2532 corporis
942 2491 1102 2522 mediocris

472 2537 543 2564 Duo
555 2543 620 2564 turn
630 2534 818 2564 excellebant
827 2543 955 2564 oratores
967 2554 975 2568 ,
988 2535 1040 2574 qui
1052 2543 1102 2563 me

144 2576 284 2614 imitandi
294 2577 454 2617 cupiditate
464 2578 634 2610 incitarent,
647 2578 732 2606 Cotta
743 2596 752 2610 ,
764 2576 796 2606 &
808 2575 984 2606 Hortensius
996 2587 1002 2605 2
1025 2586 1101 2616 quo-

143 2628 211 2648 rum
221 2619 294 2649 alter
303 2617 441 2649 remiss'us
452 2639 460 2652 ,
472 2619 503 2648 &
515 2619 602 2652 lenis,
613 2618 645 2648 ὅ(
659 2620 786 2658 propriis
797 2618 894 2648 verbis
904 2619 1102 2659 compi-ehen-

143 2660 217 2691 dens
227 2660 322 2692 solute
334 2681 342 2695 ,
355 2661 388 2691 &
397 2660 484 2691 facile
495 2661 675 2691 sententiam
687 2671 692 2689 ε
715 2660 787 2690 alter
797 2670 918 2690 ornatus
929 2680 937 2694 ,
961 2670 1043 2694 acer,
1068 2660 1100 2690 &

143 2712 211 2733 non
219 2703 283 2733 talis
293 2723 301 2737 ,
325 2704 445 2744 qualem
457 2712 489 2732 tu
499 2713 569 2732 eum
582 2724 591 2737 ,
603 2705 689 2732 Brute
700 2722 708 2735 ,
720 2703 779 2740 jam
791 2701 1039 2733 deflorescentem
1049 2712 1101 2732 co-

140 2743 290 2785 gnovisti,
314 2746 363 2775 sed
381 2745 542 2775 verborum
554 2765 562 2779 ,
588 2745 620 2775 &
635 2743 762 2775 adrionis
781 2754 888 2785 genere
907 2746 1100 2774 commotior.

142 2788 242 2827 Itaque
252 2796 323 2816 cum
332 2785 492 2817 Hortensio
504 2787 582 2816 mihi
592 2788 685 2827 magis
694 2786 853 2816 arbitrabar
861 2796 924 2816 rem
935 2784 1005 2820 esse,
1017 2785 1100 2827 quod

143 2827 177 2858 &
196 2827 316 2858 dicendi
326 2829 427 2859 ardore
436 2839 514 2859 eram
526 2830 648 2869 propior
657 2849 665 2862 ‚
685 2829 717 2858 δε
727 2837 808 2858 aetate
819 2827 1023 2867 conjunStior.
1047 2831 1099 2858 Et-

141 2871 226 2900 enim
236 2869 368 2901 videram
378 2872 411 2900 in
419 2871 528 2901 iisdem
545 2869 635 2901 causis
646 2891 655 2903 ,
679 2879 712 2900 ut
730 2880 784 2910 pro
803 2872 847 2900 M.
860 2871 1004 2900 Canuleio
1015 2890 1022 2903 ‚
1046 2880 1099 2910 pro

143 2913 198 2941 Cn.
219 2912 376 2942 Dolabella
403 2913 550 2943 consulari
565 2933 574 2946 ,
599 2911 670 2942 cum
690 2914 776 2942 Cotta
793 2914 930 2952 princeps
946 2912 1098 2942 adhibitus

141 2951 230 2986 effet,
253 2956 366 2993 priores
384 2962 486 2984 tamen
503 2964 586 2996 agere
601 2955 708 2994 parteis
725 2952 932 2984 Hortensium.
974 2957 1097 2984 ACREM

142 3002 232 3024 num
246 3004 393 3025 oratorem
406 3015 414 3029 ,
426 2997 595 3030 incensum,
608 2997 640 3026 &
649 3005 799 3036 agentem,
813 2996 844 3025 ὃς
853 3006 1010 3029 canorum,
1023 3007 1098 3026 con—

141 3036 240 3066 cuisus
251 3037 425 3071 hominurn,
436 3037 553 3079 forique
563 3038 698 3077 strepitus
710 3035 860 3067 desiderat.
892 3040 999 3068 Unum
1009 3040 1098 3079 igitur

144 3085 258 3107 annum
270 3097 278 3111 ³
289 3077 360 3110 cum
369 3078 558 3110 rediissemus
567 3090 605 3111 ex
613 3078 679 3111 Asia
689 3099 697 3113 ‚
720 3080 816 3110 causas
826 3079 957 3109 nobileis
967 3082 1095 3120 egimus,
1113 3111 1117 3125 ι

183 3192 206 3212 ι.
226 3187 324 3212 Tamum
332 3187 529 3215 commendationis
537 3189 648 3224 habuit]
660 3189 783 3224 Uterque
793 3188 840 3217 'ilie
850 3189 960 3224 scriptus
970 3190 1053 3216 habui.
1073 3187 1158 3217 nihilo
1168 3187 1240 3224 pejus
1253 3205 1261 3221 ‚
1274 3186 1292 3214 si
1301 3196 1354 3215 iioii
1365 3186 1471 3215 melius.

1172 147 1299 191 L113.
1338 160 1478 192 siva
1511 148 1784 196 Bnurus..
2039 165 2120 210 151

1160 222 1232 254 cum
1243 224 1421 266 quaestuiam
1433 237 1505 262 nos,
1526 228 1714 260 consulatum
1724 231 1818 263 Cotta,
1830 229 2002 260 aediiitaeem
2014 240 2126 271 peteret

1162 266 1352 297 Hortensius.
1384 272 1509 300 Interim
1528 280 1576 300 me
1610 271 1766 302 uaestorem
1775 271 1934 302 Siciliensis
1945 275 2062 312 excepit
2071 283 2126 303 aii-

1160 317 1217 337 nus
1230 318 1234 336 :
1259 311 1345 340 Cotta
1354 320 1392 340 ex
1404 312 1556 342 consulatu
1567 281 1610 343 eiqt
1619 313 1771 353 profusius
1782 315 1814 343 in
1827 315 1957 344 Galliam
1971 325 1974 342 1
1987 324 2124 355 princeps

1161 348 1195 378 &
1205 359 1265 395 erat
1276 371 1284 383 ,
1310 351 1341 381 &
1353 352 1514 384 habebatur
1525 353 1711 385 Hortensius.
1737 353 1816 385 cum
1826 365 1926 386 autem
1939 366 2019 386 anno
2029 356 2095 396 post
2106 357 2123 387 ἐ

1158 391 1259 435 Sicilia
1269 401 1319 436 me
1332 393 1515 433 recepissem,
1526 397 1586 434 jain
1596 397 1748 428 videbatur
1757 397 1832 427 illud
1844 399 1875 428 in
1888 408 1937 429 me
1949 419 1957 431 ‚
1975 399 2123 439 quidquid

1159 432 1249 477 edict,
1268 431 1324 462 esse
1333 434 1487 473 persec‘ium
1499 438 1529 467 ὃς
1541 438 1646 468 habere
1656 441 1857 469 maturitatem
1866 440 2017 481 quandam
2028 441 2121 471 suani.

1160 474 1265 501 Nimis
1277 478 1372 520 multa
1383 477 1487 507 videor
1496 478 1531 508 de
1543 490 1602 514 ine,
1618 482 1678 520 ipse
1689 482 1851 521 prcesertim
1865 494 1870 511 ;
1894 482 1942 512 scd
1953 492 2042 512 omni
2052 483 2122 512 huic

1159 513 1290 543 sermoni
1300 516 1483 564 propositum
1497 520 1539 550 cst
1550 541 1557 553 ‚
1571 532 1634 551 non
1645 532 1677 552 ut
1688 526 1858 563 ingenium,
1873 524 1906 554 δε
1917 525 2122 564 eloquentiam

1158 565 1258 603 meam
1269 560 1437 597 perspicias,
1451 561 1528 590 unde
1538 563 1626 604 longe
1639 565 1754 598 absuri),
1768 565 1816 595 sed
1827 575 1859 595 ut
1869 566 2013 599 laborem,
2026 567 2058 596 &c
2070 568 2122 596 in-

1157 596 1312 644 dustriam.
1338 598 1417 630 Cum
1429 603 1517 642 igitur
1527 603 1619 634 esi'ein
1630 608 1659 635 in
1670 607 1811 645 plurimis
1823 606 1926 641 causis,
1952 608 1985 637 &
1995 610 2025 637 in
2037 611 2121 648 prin—

1155 639 1272 686 cipibus
1290 644 1422 680 pati·onis
1441 646 1687 684 quinquennium
1708 647 1771 678 fere
1781 649 1908 679 versatus
1918 670 1927 682 ,
1951 658 2015 680 tum
2027 652 2059 680 in
2068 658 2121 690 pa-

1155 689 1286 711 trocinio
1305 682 1451 712 Siciliensi
1472 688 1605 715 maxim}
1627 690 1659 717 in
1680 699 1828 719 certamen
1856 694 1926 720 veni
1954 691 2119 733 designatus

1156 722 1251 752 aedili's
1270 733 1341 753 cum
1359 724 1509 766 designato
1530 729 1650 758 consule
1675 730 1846 761 Hoitensio.

1155 766 1257 794 omnis
1276 766 1326 796 liic
1345 766 1442 796 sermo
1454 767 1553 798 noster
1562 780 1627 799 non
1637 771 1737 800 solum
1748 777 2006 805 enumerationem
2019 784 2118 805 orato-

1154 809 1229 836 riam
1240 826 1248 840 ,
1269 810 1469 839 verumetiam
1481 819 1622 851 pi’aecepta
1631 813 1767 852 quedam
1777 814 1932 846 desiderat:
1956 817 2029 856 quid
2050 826 2118 848 tm-

1153 858 1244 889 quam
1255 850 1424 880 notandum
1435 871 1443 885 ,
1469 854 1501 882 ὃς
1519 854 1820 885 animadvertendum
1841 856 1874 886 sit
1891 859 1921 887 in
1941 858 2114 893 Hortensio,

1156 891 1285 920 breviter
1294 892 1365 922 licet
1375 892 1484 923 dicere.
1517 896 1598 924 Nam
1610 898 1634 925 is
1646 895 1711 935 post
1721 898 1907 928 consulatum
1922 900 2021 937 (credo
2032 901 2114 941 quod

1154 932 1287 966 videret,
1312 944 1350 978 ex
1368 935 1575 966 consularibus
1592 940 1749 967 neminem
1761 937 1817 968 effe
1830 940 1929 970 secum
1941 951 2116 981 comparan-

1154 974 1239 1008 dum,
1251 978 1521 1017 negligerctautcni
1536 988 1596 1012 cos,
1607 980 1658 1019 qui
1668 981 1806 1010 consules
1817 991 1881 1011 non
1890 981 2021 1023 fuissent)
2034 984 2116 1014 sum-

1154 1026 1242 1045 mum
1254 1018 1330 1047 iliud
1342 1019 1428 1048 suum
1441 1018 1574 1050 studium
1586 1021 1715 1055 remisit,
1739 1033 1799 1063 quo
1819 1021 1835 1052 a
1853 1033 1944 1063 puero
1961 1023 2115 1056 fueratin-

1153 1059 1258 1088 census
1271 1078 1280 1092 ,
1291 1068 1376 1100 atque
1387 1063 1420 1090 in
1430 1064 1573 1092 omnium
1585 1072 1684 1093 rerum
1695 1064 1874 1095 abundantia
1883 1065 1979 1095 voluit
1989 1064 2109 1100 beurim,

1153 1109 1185 1129 ur
1194 1101 1255 1140 ipse
1265 1102 1402 1140 putabat,
1417 1102 1562 1133 reniiffius
1573 1106 1649 1135 certe
1661 1108 1774 1136 vivere.
1807 1109 1923 1137 Primus
1935 1127 1943 1141 ,
1967 1108 1999 1137 Sc
2011 1108 2116 1138 secun—

1151 1141 1207 1171 dus
1217 1152 1312 1173 annus
1326 1164 1334 1176 ‚
1357 1144 1389 1174 ὃς
1400 1147 1504 1174 tertius
1515 1155 1630 1176 tantum
1643 1146 1721 1187 quasi
1731 1148 1767 1178 de
1772 1148 1804 1189 pi
1808 1146 1888 1177 tium
1896 1151 2002 1179 veteris
2013 1150 2116 1181 colore

1152 1183 1325 1218 detraxerat,
1337 1195 1482 1226 quantuni
1498 1198 1561 1218 non
1572 1191 1671 1229 quivis
1682 1199 1759 1220 unus
1771 1200 1809 1220 ex
1816 1191 1940 1230 populo,
1953 1191 2000 1221 fed
2010 1191 2116 1222 existi-

1152 1235 1250 1256 mator
1267 1226 1375 1257 dochis
1386 1248 1394 1262 ,
1425 1229 1457 1258 &
1469 1231 1640 1270 intelligens
1652 1230 1745 1271 postet
1755 1233 1943 1272 cognoscere.
1978 1235 2114 1275 Longius

1151 1276 1250 1298 autern
1261 1269 1426 1308 procedens
1437 1291 1445 1304 ,
1470 1272 1545 1301 &in
1556 1275 1660 1302 ceteris
1679 1273 1859 1314 eloquentiae
1878 1275 2008 1314 partibus
2018 1295 2026 1308 ,
2047 1285 2113 1306 tum

1152 1312 1288 1341 maxime
1299 1313 1331 1341 in
1340 1312 1487 1343 celeritate
1501 1334 1510 1346 ,
1531 1314 1563 1344 &
1575 1317 1801 1345 continuatione
1812 1317 1973 1346 verborum
1984 1318 2112 1347 adiicere-

1150 1352 1232 1382 scens
1242 1373 1251 1386 ,
1273 1354 1318 1383 sui
1328 1352 1500 1385 diffiniili'or
1510 1356 1666 1386 vidibatur
1676 1355 1740 1387 fieri
1751 1358 1896 1398 quotidie.
1927 1361 1992 1387 Nos
2012 1368 2112 1389 autem

1153 1404 1216 1423 non
1228 1393 1448 1430 desistebamus,
1459 1396 1529 1427 cum
1541 1401 1627 1428 omni
1638 1409 1744 1439 genere
1753 1400 2036 1434 exercitativam-„im
2048 1410 2112 1432 ma-

1149 1436 1233 1466 xime
1246 1436 1316 1467 stilo
1326 1458 1334 1471 ,
1348 1438 1486 1469 nostrum
1495 1440 1571 1470 illud
1581 1460 1589 1474 ‚
1608 1437 1690 1481 quod
1701 1450 1761 1471 erat
1771 1462 1778 1475 ,
1799 1452 1905 1483 augere
1917 1462 1925 1475 ,
1948 1451 2111 1482 quantum-

1148 1488 1278 1519 cumque
1287 1488 1359 1510 erat.
1391 1483 1488 1522 Atque
1500 1481 1543 1521 (ut
1553 1483 1647 1512 multa
1655 1483 1807 1523 omittam)
1825 1486 1857 1514 in
1876 1484 1935 1515 hoc
1946 1485 2037 1524 spatio
2049 1505 2057 1518 ,
2077 1485 2110 1516 &

1149 1523 1226 1550 iniis
1234 1521 1302 1561 post
1311 1522 1486 1553 aedilitatem
1497 1526 1594 1558 annis,
1607 1524 1638 1554 &
1648 1534 1755 1565 praetor
1763 1526 1927 1565 primus‚&
1937 1526 2110 1557 incredibili

1146 1565 1283 1602 populari
1301 1565 1455 1595 voluntate
1473 1566 1539 1596 sum
1558 1565 1663 1596 fastus.
1690 1570 1771 1598 Nam
1781 1566 1852 1598 cum
1863 1577 1984 1608 propter
1992 1566 2111 1598 affidui—

1149 1614 1239 1635 tarem
1249 1607 1283 1635 in
1291 1604 1380 1636 causis
1391 1626 1399 1640 ,
1414 1607 1447 1636 &
1456 1607 1633 1638 industriam
1644 1629 1652 1642 ‚
1663 1617 1729 1639 tum
1738 1618 1857 1650 propter
1864 1608 2039 1651 exquisitius
2049 1630 2058 1644 ,
2077 1610 2111 1641 δε

1149 1649 1280 1678 minime
1289 1649 1408 1690 vulgare
1419 1652 1562 1680 orationis
1575 1660 1668 1692 genus
1679 1671 1688 1685 ,
1706 1653 1827 1682 animos
1835 1652 2001 1682 hominum
2011 1652 2046 1682 ad
2057 1662 2109 1684 me

1147 1689 1268 1720 dicendi
1278 1698 1408 1720 novitate
1415 1701 1631 1722 converteram.
1642 1693 1731 1723 Nihil
1740 1693 1776 1723 de
1787 1703 1838 1724 me
1847 1693 1954 1724 dicam:
1963 1692 2060 1725 dicam
2071 1694 2109 1726 de

1146 1734 1261 1766 ceteris,
1279 1742 1410 1773 quorum
1420 1743 1514 1763 nemo
1524 1742 1594 1768 erat,
1606 1736 1658 1776 qui
1666 1735 1815 1766 videretur
1823 1734 2006 1777 exquisitim,
2016 1735 2108 1777 quam

1146 1774 1254 1815 vulgus
1264 1775 1429 1805 hominum
1443 1796 1452 1810 ,
1475 1775 1618 1807 studuisse
1629 1778 1752 1808 litteris:
1775 1778 1884 1819 quibus
1894 1777 1963 1808 fons
1971 1777 2110 1818 perreriae

1145 1816 1326 1857 eloquentiae
1333 1820 1506 1848 continetur
1517 1829 1523 1848 2
1543 1828 1638 1849 nemo
1650 1839 1659 1852 ‚
1678 1821 1731 1860 qui
1740 1819 1962 1860 philosophiam
1971 1821 2108 1861 comple-

1146 1868 1202 1888 xus
1214 1857 1286 1889 cfl'er
1295 1879 1303 1894 ,
1316 1868 1442 1890 matrem
1453 1862 1596 1890 omnium
1606 1860 1834 1891 benesalz‘torum
1845 1881 1853 1896 ,
1865 1863 1999 1903 beneque
2008 1862 2109 1893 dicio-

1146 1910 1214 1930 rum
1226 1911 1232 1929 :
1255 1911 1349 1931 nemo
1360 1921 1369 1935 ,
1387 1904 1438 1942 qui
1446 1903 1496 1942 jus
1506 1903 1596 1932 civile
1607 1901 1753 1933 didiciss‘et
1762 1923 1770 1936 ‚
1783 1913 1848 1933 rem
1857 1903 1892 1934 ad
1902 1906 2028 1944 privatas
2038 1915 2107 1935 cau-

1145 1943 1188 1972 sas
1201 1963 1209 1975 ,
1222 1942 1254 1972 &
1263 1943 1299 1973 ad
1310 1946 1433 1973 oratoris
1443 1944 1631 1983 prudentiam
1642 1964 1651 1978 ,
1672 1944 1806 1975 maxime
1819 1945 2009 1976 necessariam
2024 1956 2030 1975 :
2053 1956 2108 1977 ne-

1147 1993 1211 2017 mo,
1222 1986 1274 2025 qui
1284 1986 1448 2014 memoriam
1456 1995 1556 2015 rerum
1568 1988 1775 2016 Romanarum
1786 1995 1913 2017 teneret:
1940 1997 1978 2017 ex
1987 1997 2044 2028 qua
2055 2007 2063 2022 ,
2084 1986 2106 2018 si

1146 2032 1267 2066 quando
1277 2036 1352 2066 opus
1363 2025 1435 2057 effet
1443 2046 1452 2062 ‚
1468 2027 1504 2057 ab
1514 2026 1619 2057 inferis
1630 2026 1875 2068 locupletiffimos
1885 2027 1982 2059 testeis
1995 2031 2107 2060 excita-

1145 2076 1203 2097 ret:
1215 2078 1320 2101 nemo,
1332 2070 1385 2109 qui
1396 2069 1533 2103 breviter,
1544 2078 1702 2112 arguteque
1712 2090 1720 2104 ,
1734 2070 1850 2100 incluso
1860 2070 2025 2102 adversario
2035 2091 2044 2104 ,
2064 2070 2105 2102 la·

1145 2109 1371 2149 xaretjudicum
1382 2113 1500 2141 animos
1511 2131 1520 2145 ,
1537 2121 1624 2152 atquc
1634 2112 1649 2142 ii
1657 2113 1808 2143 severitate
1817 2113 1976 2153 paullisper
1983 2112 2018 2143 ad
2028 2113 2106 2144 hila-

1144 2154 1261 2182 ritatem
1273 2172 1282 2185 ,
1302 2152 1454 2193 risumque
1464 2153 1644 2184 traduceret:
1674 2164 1768 2184 nemo
1780 2175 1789 2188 ,
1812 2154 1991 2195 quidilatare
1999 2154 2107 2195 posset,

1144 2203 1230 2234 atque
1239 2194 1256 2224 a
1264 2196 1383 2234 propria
1393 2204 1425 2224 ac
1434 2194 1556 2225 definita
1567 2196 1765 2236 disputatione
1774 2198 1911 2227 hominis
1923 2217 1932 2231 ,
1944 2207 1976 2227 ac
1985 2206 2107 2238 ternpo-

1142 2245 1194 2269 ris,
1206 2235 1240 2265 ad
1250 2246 1450 2266 communem
1460 2237 1657 2278 quaestioncm
1670 2236 1797 2269 universi
1808 2241 1924 2279 generis
1932 2241 2102 2271 orationem

1145 2277 1307 2308 traduceret
1323 2289 1328 2307 :
1352 2289 1445 2309 nemo
1456 2300 1465 2312 ‚
1485 2282 1537 2320 qui
1548 2279 1715 2310 delectandi
1729 2282 1819 2321 gratia
1826 2280 1939 2322 digredi
1948 2291 2107 2321 parumper

1142 2320 1158 2350 a
1178 2330 1230 2350 cau
1236 2321 1262 2350 sa
1275 2330 1280 2349 :
1303 2330 1397 2350 nemo
1408 2341 1416 2354 ‚
1439 2325 1493 2362 qui
1511 2321 1545 2351 ad
1564 2322 1747 2352 iracundiam
1758 2322 1940 2364 magnopere
1951 2322 2083 2360 judicem
2097 2334 2105 2353 :

1143 2372 1249 2396 nemo,
1260 2364 1312 2403 qui
1322 2362 1357 2393 ad
1368 2362 1474 2393 fletum
1484 2363 1578 2403 posset
1589 2364 1748 2395 adducere:
1772 2375 1865 2395 nemo
1877 2385 1885 2398 ,
1902 2367 2103 2405 quianimurn

1143 2405 1218 2444 ejus,
1231 2404 1323 2446 (quod
1335 2415 1432 2435 unum
1443 2405 1486 2435 est
1495 2409 1618 2436 oratoris
1630 2406 1765 2437 maxime
1775 2408 1943 2447 proprium)
1952 2416 2103 2448 quocum-

1142 2456 1201 2487 que
1212 2457 1257 2477 res
1266 2446 1437 2487 postularet,
1449 2448 1628 2488 impelleret.
1651 2451 1753 2488 Itaque
1763 2469 1771 2482 ,
1791 2459 1861 2479 cum
1868 2449 1929 2489 jam
1940 2448 2026 2489 paene
2035 2459 2103 2480 eva·
2121 2456 2173 2489 94

1143 2487 1253 2519 nuiffet
1263 2488 1438 2519 Hortensius
1450 2510 1458 2523 ,
1477 2490 1510 2520 ὃς
1521 2500 1577 2531 ego
1588 2500 1667 2521 anno
1679 2500 1749 2520 ineo
1759 2510 1767 2523 ‚
1786 2491 1869 2521 sexto
1878 2499 1976 2520 autem
1987 2490 2054 2531 post
2063 2492 2100 2521 il·

1144 2531 1207 2561 lum
1227 2534 1296 2562 Cos.
1309 2534 1378 2562 Cos.
1389 2531 1484 2562 fabius
1495 2530 1584 2561 essem
1598 2552 1606 2566 ,
1625 2542 1760 2562 revocare
1770 2533 1799 2562 se
1809 2533 1844 2563 ad
1853 2532 2027 2564 industriam
2038 2543 2103 2564 coe-

1142 2575 1186 2614 pit
1198 2584 1204 2602 t
1224 2584 1263 2604 ne
1276 2595 1286 2608 ,
1297 2572 1369 2604 cum
1378 2583 1459 2614 pares
1470 2575 1586 2604 honore
1597 2572 1724 2604 efl'emus
1736 2595 1744 2609 ,
1756 2575 1853 2615 aliqua
1862 2585 1891 2604 re
1895 2575 2045 2616 fiaeperiores
2055 2578 2101 2606 vi-

1142 2616 1289 2646 deremur.
1320 2618 1368 2646 Sic
1387 2615 1548 2646 duodecim
1566 2615 1633 2656 post
1648 2627 1752 2647 mcum
1762 2617 1950 2647 consulatum
1962 2627 2056 2648 annos
2066 2620 2100 2649 in

1144 2661 1286 2688 maximis
1298 2657 1388 2688 causis
1402 2678 1410 2692 ,
1424 2657 1494 2688 cum
1506 2668 1560 2700 ego
1571 2659 1649 2688 milii
1659 2657 1769 2692 illurn',
1790 2657 1843 2689 fibi
1853 2669 1902 2688 me
1913 2659 1963 2689 ille
1973 2658 2101 2690 antefer-

1141 2709 1194 2734 ret,
1208 2697 1449 2741 conjunstiffime
1459 2701 1564 2730 versati
1572 2700 1674 2730 sumus
1687 2701 1931 2742 :consulatusque
1941 2703 2098 2743 meus‚qui

1140 2743 1230 2772 illurn
1240 2741 1340 2782 primo
1350 2742 1454 2771 leviter
1461 2741 1680 2782 perstrinxerat,
1691 2742 1773 2773 idem
1784 2752 1841 2774 nos
1852 2753 1950 2773 rerum
1961 2753 2098 2774 mearum

1139 2784 1298 2825 gestarum,
1308 2794 1379 2825 quas
1391 2784 1442 2813 ille
1452 2784 1660 2818 admirabatur,
1672 2784 1755 2815 laude
1763 2787 1972 2826 conjunxerat.
1997 2787 2099 2816 Maxi-

1141 2830 1192 2856 me
1204 2825 1276 2856 verb
1285 2825 1433 2866 perspeCea
1443 2825 1485 2856 est
1496 2826 1647 2867 utriusque
1657 2825 1796 2857 nostrum
1807 2827 2097 2867 exercitati0,paullo

1139 2867 1206 2898 ante
1217 2868 1308 2909 quam
1319 2870 1506 2907 perterritum
1514 2870 1604 2898 armis
1613 2869 1670 2899 hoc
1682 2868 1827 2903 studium,
1841 2871 1927 2899 Brute
1937 2889 1945 2903 ,
1957 2868 2098 2900 nostrum

1139 2912 1285 2940 conticuit
1304 2909 1402 2940 subito
1414 2930 1421 2943 ‚
1447 2911 1479 2940 &
1497 2910 1650 2940 obmutuit
1662 2921 1667 2939 :
1689 2910 1761 2941 cum
1773 2912 1837 2952 lege
1848 2913 1992 2951 Pompeia
2004 2914 2099 2942 ternis

1139 2953 1221 2982 horis
1231 2951 1266 2982 ad
1277 2951 1440 2982 dicendum
1451 2952 1525 2981 datis
1536 2972 1545 2985 ,
1562 2951 1597 2982 ad
1608 2953 1703 2983 causas
1714 2951 1881 2983 simillimas
1893 2954 1970 2983 inter
1981 2953 2008 2983 se
2020 2973 2028 2986 ,
2047 2954 2097 2983 vel

1137 2996 1237 3033 potius
1247 2993 1362 3023 easdem
1376 3013 1384 3026 ,
1403 2995 1471 3022 novi
1480 2993 1677 3024 veniebamus
1684 2994 1828 3035 quotidie.
1852 2994 1961 3036 quibus
1970 2995 2094 3035 quidem

1139 3034 1228 3066 causis
1239 3044 1270 3064 tu
1281 3036 1368 3064 etiam
1379 3055 1388 3068 ,
1400 3036 1487 3065 Brute
1498 3055 1507 3068 ,
1517 3034 1624 3075 praesto
1632 3035 1715 3067 fuisti
1725 3057 1734 3071 ,
1745 3036 1984 3076 complureisque
1995 3037 2027 3066 ὃς
2037 3047 2094 3066 no—

1139 3078 1252 3108 biscum
1264 3096 1273 3110 ,
1295 3077 1327 3106 δε
1337 3077 1418 3106 solus
1426 3076 1527 3118 egisti:
1549 3086 1581 3108 ut
1590 3098 1600 3113 ,
1618 3079 1670 3120 qui
1680 3078 1821 3109 nonsatis
1831 3078 1883 3108 diu
1894 3079 2002 3108 vixerit
2014 3080 2094 3146 {Ior-

1972 3127 2021 3148 tcn
2035 3128 2092 3152 ius,

1991 3228 2013 3247 ι.
2024 3217 2097 3253 guas,

1892 733 1948 763 Sed
1969 736 2115 774 quoniam
2137 740 2183 774 93
