2302 3353
545 122 630 169 An
665 121 1325 181 Hnazun1vM,‘L11³m
1360 126 1719 190 Quavis:

79 207 129 238 50
148 205 215 236 cide
224 204 299 238 fagia
308 203 360 236 e‘st.
403 202 529 234 Notatio
541 202 584 233 est
594 223 603 237 ,
626 201 698 233 esim
709 203 834 242 alicujus
843 212 947 233 natura
955 206 1042 234 certis
1052 204 1106 234 de-

84 1504 124 1536 5¹

148 248 285 278 scribitur
293 246 314 276 si
334 248 392 279 nis,
403 254 479 286 quae,
490 243 573 275 sicuti
583 253 662 275 notae
671 244 934 285 quaedammatura:
946 245 1014 274 sunt
1023 248 1104 274 attri-

150 289 235 319 buta:
259 291 301 318 Ut
322 287 415 317 ivelis
425 296 490 316 non
499 285 637 319 divitem,
651 290 661 306 ¹
674 285 724 315 sed
735 285 947 316 ostentatorem
959 288 1105 325 pecunio-

149 330 216 360 sum
225 328 387 360 describere
399 338 405 356 z
423 326 476 363 Iste
490 348 498 361 ,
511 328 628 368 inquies
639 327 761 366 ‚judices
772 347 779 360 ,
792 329 844 367 qui
855 328 882 357 se
892 327 951 357 dici
962 327 1100 360 divitem,

146 379 229 411 putat
236 368 294 400 esse
302 369 474 409 praeclarum
486 389 494 402 ,
505 368 640 409 primurn
653 378 735 398 nunc
743 368 842 398 videte
852 388 861 402 ,
881 378 943 409 quo
952 368 1038 398 vultu
1048 378 1104 398 nos

146 414 303 442 intueatur.
327 420 431 440 nonne
441 410 527 440 vobis
537 410 656 440 videtur
666 410 763 441 dicere
775 413 786 438 ?
808 413 822 429 ²
834 412 946 440 Darem
958 430 967 444 ,
988 408 1009 439 fi
1024 410 1103 439 mihi

146 452 267 483 molesti
285 462 349 482 non
367 451 480 482 effetis:
502 450 574 481 cum
592 450 665 482 vero
683 449 795 481 sinistra
809 460 946 481 mentum
959 451 1102 484 sublevat,

145 493 298 525 existimat
317 493 346 524 se
363 503 492 535 gemmae
507 495 606 524 nitore
617 513 626 527 ,
647 493 680 523 δε
690 495 753 523 auri
762 493 916 533 splendore
927 492 1058 532 aspeRus
1068 503 1104 522 o-

147 537 268 566 mnium
285 535 496 576 praestringere.
529 533 609 565 Cum
627 545 756 575 puerum
774 535 891 574 respicit
900 536 982 565 hunc
993 544 1100 567 unum,

145 587 237 619 quem
249 587 305 617 ego
316 579 389 607 novi
401 597 409 611 ‚
427 581 451 616 (Ξ
463 587 517 607 vos
527 587 591 607 non
601 577 726 607 arbitror
736 575 862 610 novisse,
876 577 885 616 )
906 577 966 606 alio
976 578 1102 606 nomine

146 619 282 659 appellat,
295 618 403 649 deinde
414 619 473 649 alio
483 627 569 659 atque
580 619 640 649 alio
652 629 658 647 z
680 621 765 648 Heus
775 627 817 651 tu,
829 620 937 658 inquit,
948 619 1018 648 vcni
1029 620 1103 647 San—

146 663 211 694 nio,
221 660 334 701 nequid
344 660 392 690 isti
402 661 518 691 Barbari
528 660 700 700 perturbent
711 670 716 688 :
736 668 768 688 ut
776 661 872 699 ignoti
884 679 892 692 ‚
904 660 954 699 qui
966 658 1101 691 audiunt,

146 712 243 733 unum
255 710 360 742 putent
368 702 438 743 eligi
448 702 484 732 de
496 702 615 732 multis:
639 703 666 730 ei
678 701 751 731 dicit
761 703 794 729 in
803 710 904 730 aurem
916 720 924 734 ‚
945 709 995 730 aut
1006 709 1038 729 ut
1048 699 1104 730 do-

147 746 194 774 mi
203 744 308 774 leEtuli
318 743 491 777 sternantur,
502 751 552 773 aut
561 742 597 773 ab
606 742 755 772 avunculo
765 750 884 782 rogetur
896 743 1103 782 AEthiops‚qui

147 785 183 815 ad
195 785 312 816 balneas
321 787 438 818 veniat,
450 784 599 815 asturconi
611 783 697 813 locus
707 792 774 813 ante
784 783 896 813 ostium
907 784 994 814 suum
1005 783 1100 817 detur,

146 836 196 858 aut
213 827 334 868 aliquod
350 826 453 867 fragile
480 825 558 855 falsae
583 826 745 865 choragium
772 825 874 866 gloriae
903 833 1100 865 comparetur.

148 869 269 899 Deinde
281 869 435 901 exclamat,
446 876 480 897 ut
488 876 595 896 omnes
605 867 726 897 audiant
736 887 744 901 ,
757 867 868 897 Videto
879 886 888 900 ,
901 876 933 896 ut
942 867 1103 908 diligenter

148 919 322 941 numeretur
331 930 340 943 ,
351 908 370 939 fi
380 908 478 949 potest
486 917 552 938 ante
563 908 697 938 nofi‘oem.
721 911 816 942 Puer,
827 910 879 949 qui
887 908 951 948 jam
961 909 1037 938 bene
1047 909 1103 938 ho-

149 953 243 982 minis
261 960 394 981 naturam
413 952 516 984 novit,
540 953 591 981 Tu
600 949 655 980 illo
664 950 776 990 plureis
787 952 887 980 mittas
897 959 1015 991 oportet
1024 969 1032 984 ‚
1053 951 1103 980 in-

146 996 230 1034 quit,
240 991 261 1022 fi
269 992 360 1022 hodie
369 994 414 1023 vis
425 993 666 1022 transnumerari.
689 994 752 1032 Age
763 1011 771 1026 ‚
791 993 891 1032 inquit
901 1012 909 1026 ‚
929 992 987 1022 duc
997 1000 1098 1023 tecum

148 1035 301 1065 Libanum
313 1054 321 1068 ,
334 1034 366 1063 &
375 1032 496 1064 Sosiam.
519 1032 605 1064 Sane.
628 1034 750 1064 Deinde
758 1035 825 1064 casu
835 1035 963 1064 veniunt
971 1034 1102 1073 hospites

145 1080 165 1103 4
174 1077 304 1109 homini,
315 1077 367 1117 qui
377 1075 468 1106 istum
479 1074 631 1115 splendide
644 1095 652 1108 ‚
665 1075 739 1105 dum
750 1077 982 1116 peregrinaretur
991 1095 999 1109 ,
1021 1085 1102 1105 rece-

146 1126 258 1158 perant.
281 1127 318 1147 ex
328 1127 360 1147 ea
369 1127 399 1147 re
409 1118 504 1147 homo
514 1117 612 1147 hercle
622 1116 690 1147 sane
700 1117 892 1147 conturbatur
904 1127 909 1146 :
930 1116 980 1147 sed
1000 1126 1101 1147 tamen

145 1160 163 1190 ὲ
173 1161 248 1189 vitio
258 1168 367 1189 naturae
376 1169 440 1189 non
449 1158 571 1189 recedit.
592 1160 682 1192 Bene,
693 1160 802 1200 inquit,
813 1158 920 1192 facitis,
932 1157 1005 1189 cum
1014 1159 1103 1188 veni-

147 1204 184 1231 tis
197 1211 203 1230 :
226 1201 275 1231 sed
284 1200 392 1230 reeiius
404 1199 542 1231 fecissetis
552 1220 561 1235 ,
585 1199 606 1230 si
615 1200 649 1231 ad
660 1210 710 1230 me
720 1201 849 1231 domum
859 1200 938 1231 recita
947 1199 1098 1230 abiiss'et'is.

147 1242 183 1274 Id
192 1241 373 1277 fecissemus,
386 1245 528 1284 inquiunt
536 1241 617 1276 illi‚si
627 1242 755 1282 domum
767 1241 962 1273 novissemus.
974 1245 1013 1272 At
1023 1241 1102 1272 istud

148 1284 274 1326 quidem
282 1284 368 1315 facile
378 1284 445 1318 fuit,
457 1284 613 1314 undelibet
621 1287 769 1315 invenire.
794 1285 903 1316 verum
916 1286 956 1314 ite
966 1293 1100 1314 mecum.

148 1330 319 1367 Sequuntur
336 1327 391 1356 illi.
429 1330 533 1357 Sermo
543 1328 654 1357 interea
661 1327 713 1367 huj
717 1337 750 1356 us
760 1327 949 1356 consumitur
958 1327 1060 1356 omnis
1070 1327 1103 1354 in

147 1367 352 1399 ostentatione.
384 1370 514 1410 Qaerst,
536 1370 569 1398 in
589 1370 664 1410 agris
681 1368 852 1408 cujusmodi
870 1367 1022 1398 frumenta
1030 1366 1087 1397 sint
1099 1377 1105 1395 ι

148 1418 245 1451 negat,
257 1410 295 1443 se,
306 1411 377 1450 quia
385 1411 465 1440 villae
473 1410 601 1440 incensae
611 1409 676 1444 sint,
687 1410 823 1440 accedere
833 1409 925 1450 poffe,
941 1419 997 1439 uec
1007 1407 1104 1439 aedifi-

147 1461 211 1482 care
222 1453 402 1481 etiamnunc
411 1452 518 1482 audere
528 1464 537 1486 3
557 1451 671 1481 tametsi
681 1454 713 1481 in
724 1452 897 1482 Tusculano
906 1451 1031 1492 quidem
1042 1460 1104 1480 coe-

149 1495 180 1535 pi
190 1493 318 1524 insanire
328 1513 336 1527 ,
349 1493 382 1523 &
391 1495 425 1523 in
434 1493 541 1523 iisdem
551 1492 758 1524 fundamentis
767 1491 922 1524 aedificare.
946 1495 1032 1522 Dum
1043 1492 1105 1522 haec

151 1537 291 1576 loquitur,
301 1536 426 1565 venitin
437 1534 525 1565 aedeis
536 1535 687 1576 quasdam,
699 1537 732 1565 in
742 1535 850 1576 quibus
861 1535 1034 1565 sodalitium
1045 1543 1105 1564 erat

150 1576 318 1608 eodem-die
326 1575 462 1607 futurum
475 1576 552 1617 :quo
562 1576 615 1607 iste
624 1587 679 1617 pro
688 1580 796 1608 notitia
805 1576 1047 1607 dominiaedium
1058 1578 1106 1605 in-

149 1618 280 1661 greditur
289 1628 359 1648 cum
371 1618 550 1659 hospitibus.
575 1618 634 1649 Hic
644 1639 652 1653 ‚
674 1621 773 1660 inquit
783 1639 791 1653 ,
811 1619 924 1649 habito.
945 1622 957 1646 5
966 1618 1107 1658 perspicit

147 1669 303 1702 argentum
314 1680 322 1694 ‚
342 1660 423 1701 quod
443 1669 502 1690 erat
510 1659 678 1700 expositum
689 1681 697 1695 ,
717 1659 784 1691 vifit
793 1660 961 1691 triclinium
972 1659 1104 1692 stratum,

148 1702 265 1742 probat.
286 1702 398 1732 accedit
415 1702 547 1732 servulus
560 1713 565 1732 :
588 1702 662 1733 dicit
679 1704 803 1733 homini
821 1702 898 1733 clare
909 1723 917 1735 ,
941 1702 1105 1732 dominum

146 1746 211 1785 jam
222 1752 381 1774 venturum
392 1764 400 1777 ,
422 1743 443 1774 fi
452 1744 527 1774 velit
535 1746 626 1774 exire.
649 1747 732 1775 Itane
743 1746 863 1786 inquit?
886 1747 996 1775 Eamus
1006 1744 1107 1783 hospi-

149 1794 193 1816 tes
204 1796 210 1815 :
228 1784 316 1816 frater
332 1788 417 1816 venit
433 1796 471 1816 ex
480 1786 602 1816 Salerno
615 1797 620 1815 :
640 1797 695 1828 ego
705 1787 750 1816 illi
761 1787 882 1817 obviam
892 1795 1012 1827 pergam
1025 1796 1030 1814 :
1050 1795 1105 1816 vos

149 1828 210 1858 huc
219 1826 235 1847 ⁶
244 1827 371 1857 decuma
379 1830 522 1858 venitote.
544 1829 674 1868 hospites
684 1828 848 1858 discedunt.
871 1828 929 1858 Iste
949 1829 978 1858 se
995 1829 1105 1867 raptim

153 1869 283 1900 domurn
294 1869 374 1899 suam
385 1870 529 1908 conjicit:
548 1870 595 1899 illi
606 1870 745 1904 decuma,
756 1869 817 1911 quo
824 1868 953 1910 jusserat,
965 1872 1105 1899 veniunt.

151 1919 288 1951 quaerunt
297 1911 386 1940 hunc.
407 1913 558 1951 reperiunt
567 1931 575 1945 ‚
597 1912 707 1941 domus
717 1913 781 1951 cuja
791 1911 840 1942 sit:
864 1914 897 1942 in
907 1911 1106 1941 diversorium

150 1950 236 1982 derisi
245 1950 402 1981 conferunt
410 1952 479 1982 sese.
511 1953 625 1983 Vident
640 1954 801 1983 hominem
819 1953 934 1993 postera
952 1953 1001 1983 die
1013 1963 1018 1981 z
1041 1963 1109 1983 nar-

153 2002 220 2023 rant
229 2013 238 2026 ‚
252 1992 450 2032 expostulant,
460 1994 604 2023 accusant.
623 1999 638 2022 7
649 1996 690 2023 ait
699 1994 763 2028 iste,
775 2005 826 2024 eos
836 1993 1034 2024 similitudine
1044 1994 1106 2023 loci

153 2034 292 2074 deceptos
302 2054 311 2067 ,
335 2036 491 2075 angiporto
510 2043 574 2065 toto
594 2034 733 2065 deerrasse
745 2046 750 2064 ι
778 2045 884 2066 contra
901 2035 1105 2066 valetudinem

150 2077 233 2107 suam
243 2075 277 2105 ad
289 2074 412 2105 nofflaem
423 2077 551 2106 multam
562 2076 752 2116 exspec'tafl'e.
774 2079 921 2107 Sannioni
939 2086 1033 2116 puero
1053 2087 1107 2106 ne—

150 2119 270 2159 gotium
280 2116 408 2151 dederat,
419 2126 452 2147 ut
459 2118 534 2151 vasa,
545 2117 733 2153 vestimenta,
743 2128 850 2158 pueros
860 2127 1034 2159 corrogaret.
1047 2119 1109 2148 sei·-

150 2159 239 2189 vulus
248 2168 313 2188 non
322 2159 485 2189 inurbanus
495 2159 562 2189 satis
572 2158 689 2189 strenue
701 2180 710 2193 ,
734 2161 767 2190 δε
777 2160 928 2189 concinne
939 2166 1089 2199 comparat
1101 2170 1106 2188 :

151 2199 205 2231 iste
215 2201 344 2240 hospites
355 2200 484 2230 domum
494 2200 622 2231 deducit.
652 2204 704 2231 Ait
723 2202 750 2231 se
769 2201 857 2231 aedeis
876 2203 1022 2231 maximas
1040 2203 1106 2230 cui-

154 2242 224 2272 dam
243 2243 342 2272 amico
358 2242 394 2273 ad
411 2244 528 2282 nuptias
546 2241 764 2273 commodasse.
787 2245 906 2273 nuntiat
915 2245 1025 2272 interea
1034 2252 1107 2282 puer

149 2292 304 2326 argentum
315 2286 406 2324 repeti
418 2284 618 2324 (pertimuerat
627 2287 710 2314 enim
721 2287 772 2326 qui
792 2284 1010 2324 commodarat)
1030 2287 1107 2324 Apa-

149 2334 225 2368 gete,
238 2327 346 2366 inquit.
370 2325 458 2356 aedeis
469 2326 673 2361 commodavi,
685 2326 834 2357 familiam
844 2327 912 2356 dedi
924 2337 929 2355 :
948 2335 1105 2368 argentum

149 2378 268 2409 quoque
286 2368 371 2397 vult?
389 2366 502 2398 tametsi
522 2369 651 2408 hospites
671 2369 766 2399 habeo
777 2388 785 2402 ‚
808 2378 908 2399 tamen
918 2376 1015 2398 utatur
1025 2368 1104 2401 licet,

149 2419 206 2440 nos
217 2411 323 2440 Samiis
334 2408 561 2440 deledtabimur.
584 2410 666 2451 Qiid
676 2420 731 2452 ego
741 2431 749 2444 ‚
770 2420 835 2451 quae
854 2410 963 2441 deinde
984 2407 1103 2443 efficiat,

151 2460 267 2481 nari-ern
281 2454 290 2480 ?
300 2451 449 2491 ejusmodi
458 2451 501 2481 est
510 2453 646 2481 hominis
656 2461 768 2486 natura,
781 2460 823 2486 ut,
833 2462 898 2494 quae
909 2450 1030 2492 singulis
1040 2451 1105 2481 die-

150 2493 206 2523 bus
218 2491 325 2523 efficiat
333 2493 427 2533 gloria
436 2502 522 2534 atque
534 2492 782 2527 ostentatione‚ea
790 2496 844 2523 vix
853 2504 954 2524 annuo
965 2494 1103 2524 sermone

150 2543 279 2566 enarrare
295 2533 415 2575 poffim.
440 2534 626 2576 Hujusmodi
634 2537 805 2566 notationes
815 2555 823 2570 ‚
846 2546 911 2577 quae
921 2535 1102 2569 describunt,

2037 141 2058 186 3
2071 141 2093 187 3

1147 205 1220 245 quid
1229 206 1462 236 consentaneum
1474 203 1507 235 sit
1516 203 1746 244 uniuscujusque
1757 210 1866 233 narum
1878 222 1885 235 ,
1905 203 2099 233 veliementer

1146 247 1256 276 habent
1266 257 1403 286 magnam
1415 246 1752 277 delec'iationem.t0tam
1763 247 1846 274 enim
1856 254 1990 275 naturam
2001 256 2036 274 cu
2037 246 2100 284 jus-

1145 288 1224 325 piam
1236 297 1352 326 ponunt
1361 297 1427 318 ante
1437 288 1553 320 oculos,
1564 296 1614 318 aut
1620 285 1750 329 gloriosi,
1762 295 1794 316 ut
1803 296 1872 319 nos,
1887 288 2018 326 exempli
2030 297 2099 316 cau-

1147 327 1184 360 sa,
1198 337 1380 367 coeperamus
1393 340 1398 358 τ
1421 339 1469 359 aut
1480 329 1588 363 invidi,
1599 338 1648 360 aut
1658 328 1770 362 timidi,
1781 336 1830 358 aut
1838 330 1926 361 avari,
1937 326 2097 360 ambitiosi,

1147 371 1295 402 amatoris,
1309 370 1461 403 luxuriosi,
1472 370 1557 404 furis,
1568 371 1802 412 quadruplatoris
1814 380 1819 397 t
1831 369 1960 410 denique
1969 370 2099 409 cujuss-is

1147 408 1279 439 studium
1292 412 1419 449 protrahi
1430 412 1524 450 potest
1535 415 1566 442 in
1578 412 1715 442 medium
1726 412 1777 442 tali
1786 413 1953 441 notatione.
1978 414 2096 441 Sermo·
2121 417 2165 450 53.

1144 452 1257 480 cinatio
1267 451 1319 484 est,
1331 450 1402 481 curn
1413 453 1500 482 alicui
1509 455 1640 492 personae
1650 455 1747 484 sermo
1757 453 1925 483 attribuitur
1935 473 1943 487 ‚
1966 453 2034 483 &is
2046 463 2099 482 ex-

1144 493 1268 532 ponitur
1277 502 1347 522 cum
1357 494 1470 522 ratione
1481 494 1632 535 dignitatis
1644 515 1651 529 ,
1671 497 1730 526 hoc
1739 494 1826 536 paEto
1839 505 1843 523 :
1869 493 1938 524 ciam
1958 493 2101 523 militibus

1145 534 1213 563 urbs
1225 533 1401 564 redundaret
1411 553 1418 566 ‚
1441 534 1472 564 δε
1483 538 1601 565 omneis
1611 539 1720 569 timore
1731 534 1855 576 oppressi
1866 536 1953 567 domi
1963 538 2101 567 contine-

1146 584 1257 609 rentur,
1268 577 1353 605 venit
1363 574 1415 604 isti?
1426 585 1496 604 cum
1509 576 1585 616 sago,
1598 578 1695 617 gladio
1706 577 1871 608 succiii<9tus
1883 598 1891 611 ,
1904 578 2100 617 tencnsjacu-

1146 617 1210 646 lum
1224 626 1228 645 :
1248 618 1381 657 quinque
1400 616 1599 646 adolescentes
1618 620 1776 650 hominem
1787 618 1875 649 simili
1886 629 1993 650 ornatu
2003 619 2101 650 subse·

1147 667 1291 698 quuntur.
1314 659 1454 698 irrumpit
1472 659 1503 687 in
1516 658 1606 688 aedeis
1617 659 1714 689 subito
1729 680 1737 693 ‚
1757 660 1866 690 deinde
1885 672 1991 702 inagna
2007 670 2102 691 voce:

1148 700 1210 730 Ubi
1221 699 1264 729 est
1273 698 1326 729 iste
1336 699 1456 732 beatus,
1473 701 1589 740 inquit,
1609 700 1719 730 aedium
1730 702 1895 732 dominus?
1914 698 1927 721 ’ὅ
1937 705 2011 743 quin
2022 703 2103 732 mihi

1145 740 1250 781 praesto
1263 740 1315 771 fit?
1334 741 1406 782 quid
1419 743 1516 771 tacetis
1528 744 1538 770 ?
1559 739 1618 771 Hic
1626 742 1677 770 alii
1688 752 1793 772 omncs
1805 743 1912 783 stupidi
1925 747 2033 774 timore
2045 743 2101 774 ob-

1145 791 1329 813 mutuerunt.
1360 786 1447 812 Uxor
1457 783 1538 812 illius
1550 781 1745 813 infelicissimi
1755 794 1825 814 cum
1836 795 1971 815 maximo
1983 784 2054 815 fletu
2064 785 2102 815 ad

1146 824 1230 854 istius
1241 823 1329 863 pedes
1340 824 1447 864 abjecit
1456 824 1525 854 sese.
1548 827 1634 855 Parce
1645 845 1653 858 ,
1666 826 1765 865 inquit
1775 846 1783 858 ‚
1797 827 1828 855 &
1838 836 1888 864 per
1898 837 1929 856 ea
1941 848 1947 860 ,
1969 838 2034 867 quae
2043 826 2100 857 tibi

1144 865 1310 896 dulcissima
1319 866 1427 896 suntin
1437 867 1651 900 vita‚miserere
1662 865 1765 896 nostri:
1776 867 1840 897 noli
1850 868 2036 909 exstinguere
2046 878 2101 898 ex-

1148 907 1285 942 stirie‘tos.
1308 911 1363 938 Fer
1373 907 1525 938 mansuete
1535 907 1699 938 fortunam.
1713 918 1768 938 nos
1780 918 1898 949 quoque
1908 910 2021 939 suimus
2033 910 2103 940 bea-

1144 951 1166 980 ti
1179 950 1285 980 :nosce
1297 959 1325 980 te
1336 948 1391 979 effe
1404 950 1574 979 hominem.
1599 952 1639 980 At
1648 949 1699 979 ille
1712 960 1717 978 z
1728 952 1812 991 Qiin
1823 951 1911 980 ilium
1924 952 2001 979 mihi
2014 951 2100 983 datis„

1142 1001 1176 1021 ac
1192 1001 1246 1022 vos
1265 991 1384 1022 auribus
1407 993 1482 1020 meis
1502 991 1656 1031 opplorare
1674 990 1827 1022 desinitis?
1851 1002 1913 1022 non
1924 992 2027 1022 abibit.
2052 993 2102 1022 Illi

1144 1034 1297 1063 nuntiatur
1308 1035 1418 1063 interea
1427 1031 1541 1063 veniffe
1551 1033 1641 1063 istum
1653 1053 1660 1066 ‚
1686 1034 1719 1063 δε
1729 1034 1859 1063 clamore
1871 1043 2008 1063 maximo
2019 1043 2101 1063 mOi'ff

1144 1084 1206 1106 tem
1218 1077 1337 1105 minari.
1360 1074 1451 1115 Qod
1461 1073 1548 1104 simul
1558 1084 1589 1105 ut
1599 1075 1724 1108 audivit,
1738 1077 1820 1105 Heus
1832 1095 1839 1107 ,
1852 1077 1950 1115 inquit
1959 1095 1967 1108 ,
1981 1077 2101 1115 Gorgia.

1143 1116 1302 1157 pediseque
1311 1126 1473 1156 puerorum
1484 1136 1492 1150 ‚
1512 1116 1659 1147 absconde
1669 1127 1794 1156 pueros:
1815 1116 1943 1146 defende
1959 1128 1963 1144 ;
1983 1116 2028 1145 sac
2041 1137 2047 1148 ,
2070 1127 2102 1146 ut

1143 1159 1326 1189 incolumeis
1348 1157 1384 1188 ad
1401 1157 1632 1189 adolescentiam
1653 1158 1800 1198 perducas.
1834 1160 1895 1188 Vix
1905 1160 1967 1188 haec
1977 1157 2102 1188 dixerat.

1144 1205 1159 1228 9
1171 1204 1241 1230 curn
1251 1209 1322 1230 ecce
1334 1199 1387 1229 iste
1398 1198 1514 1239 praesto,
1525 1200 1625 1233 Sedes,
1638 1202 1745 1240 inquit,
1758 1200 1853 1230 audax
1865 1204 1874 1228 ?
1888 1210 1953 1229 non
1963 1210 2024 1229 vox
2036 1209 2102 1229 mezi»

1145 1242 1200 1273 tibi
1211 1244 1303 1272 vitam
1314 1242 1425 1272 ademit
1437 1244 1447 1270 ?
1469 1243 1556 1281 exple
1568 1244 1743 1272 inimi-sitias
1754 1252 1833 1272 meas
1845 1262 1852 1275 ‚
1876 1242 2101 1271 &iracundiam

1144 1286 1236 1315 satura
1244 1292 1297 1314 tuo
1306 1285 1458 1324 sanguine.
1483 1284 1538 1313 Ille
1549 1293 1740 1324 cummagno
1750 1284 1862 1323 spiritu,
1875 1286 1903 1303 ¹0
1914 1284 2101 1316 Metuebani,

1144 1328 1243 1367 inquit
1254 1345 1263 1358 ,
1285 1335 1323 1355 ne
1342 1325 1430 1365 plane
1449 1324 1547 1354 viii-us
1557 1323 1657 1355 estem.
1681 1335 1763 1355 nunc
1771 1326 1861 1355 Video
1871 1325 2024 1365 injudicio
2037 1334 2102 1354 me-

1144 1378 1215 1398 cum
1226 1368 1406 1398 contendere
1416 1376 1481 1396 non
1490 1369 1536 1396 vis
1549 1387 1557 1400 ,
1570 1367 1622 1396 ubi
1632 1367 1758 1407 superari
1768 1365 1969 1407 turpiffimum
1983 1387 1991 1400 ‚
2011 1367 2042 1396 ὃς
2053 1367 2101 1396 su*

1144 1419 1244 1450 perare
1253 1409 1491 1448 pulcherrimum
1502 1408 1545 1438 est
1557 1420 1561 1438 2
1581 1408 1746 1438 interlicere
1756 1419 1806 1438 me
1818 1411 1863 1438 vis
1876 1408 2009 1438 :occidar
2018 1418 2103 1448 equ:—

1145 1451 1216 1481 dem
1227 1470 1235 1485 ‚
1255 1450 1304 1480 sed
1315 1449 1410 1479 viti-m
1421 1461 1472 1479 non
1477 1449 1581 1491 peribo.
1614 1453 1654 1481 At
1662 1451 1713 1480 ille
1724 1471 1731 1483 ‚
1754 1453 1789 1480 Iu
1800 1460 1936 1480 eXtreino
1946 1452 2014 1481 vitae
2026 1459 2104 1480 teni--

1145 1503 1217 1534 pore
1238 1496 1264 1512 ¹¹
1276 1494 1365 1523 etiam
1377 1492 1554 1522 sententiose
1573 1492 1724 1533 loqueris?
1742 1502 1838 1533 neque
1850 1494 1896 1526 ei,
1915 1502 2008 1533 quem
2018 1491 2106 1521 vides

1147 1535 1310 1568 dominari,
1321 1536 1367 1564 vis
1377 1534 1539 1574 supplicare
1551 1536 1561 1563 ?
1573 1536 1656 1564 Tum
1670 1534 1790 1567 mulier,
1802 1534 1904 1564 [mmo
1914 1533 2038 1575 quidem
2049 1532 2106 1563 istc:

1146 1585 1239 1618 rogat,
1252 1577 1285 1607 &
1294 1576 1454 1616 supplicat:
1474 1575 1523 1606 sed
1534 1585 1576 1609 tu,
1586 1576 1696 1617 quaeso,
1708 1586 1904 1606 commovere
1917 1587 1923 1604 :
1944 1576 2018 1606 &tu
2031 1585 2099 1614 ,pei

1148 1619 1230 1652 deo&
1243 1620 1353 1659 inquit,
1363 1618 1443 1648 hunc
1454 1619 1672 1658 examplexare.
1695 1618 1839 1648 dominus
1850 1617 1892 1648 est
1902 1630 1911 1652 3
1921 1618 1995 1647 vicit
2004 1618 2052 1646 liic
2062 1625 2102 1648 te„

1148 1662 1235 1691 vince
1246 1670 1276 1690 tu
1287 1670 1371 1690 minc
1381 1661 1530 1690 animum.
1550 1662 1608 1690 Cur
1618 1670 1680 1690 non
1691 1658 1798 1690 definis
1810 1680 1818 1693 ,
1829 1662 1945 1701 inquit,
1958 1669 2043 1691 uxor,
2056 1659 2102 1687 lo-

1148 1704 1201 1744 qui
1213 1722 1221 1736 ,
1232 1712 1296 1743 quae
1306 1712 1356 1732 ine
1366 1701 1455 1742 digna
1464 1712 1528 1731 non
1537 1702 1625 1731 sunt?
1653 1710 1732 1736 tace,
1747 1702 1779 1732 ὃς
1790 1722 1797 1735 ,
1809 1711 1874 1742 quae
1885 1701 2012 1731 curanda
2022 1701 2102 1732 sunt,

1149 1755 1217 1775 cura
1229 1755 1233 1773 :
1248 1754 1279 1774 tu
1290 1742 1378 1774 ceffas
1388 1745 1466 1773 mihi
1475 1745 1581 1777 vitani,
1593 1743 1647 1773 tibi
1657 1753 1784 1773 ornnem
1796 1744 1871 1773 bene
1880 1742 2005 1773 vivendi
2017 1743 2101 1782 spem

1150 1796 1217 1817 mea
1234 1795 1331 1816 morte
1344 1787 1456 1825 eripere
1468 1787 1478 1814 ?
1498 1784 1554 1816 Iste
1567 1786 1726 1815 mulierem
1737 1785 1845 1825 repulit
1852 1785 1887 1815 ab
1897 1785 1925 1815 se
1935 1785 2104 1814 lamentan-

1151 1838 1212 1858 tem
1223 1839 1228 1857 z
1239 1829 1297 1861 illi,
1310 1828 1410 1858 nescio
1420 1827 1492 1868 quid
1502 1829 1658 1867 incipienti
1669 1827 1777 1860 dicere,
1790 1827 1870 1867 quod
1881 1826 2007 1867 dignum
2017 1825 2102 1855 vide-

1149 1871 1219 1900 licet
1230 1870 1310 1900 illius
1321 1871 1427 1899 virtute
1438 1867 1510 1898 esset
1521 1889 1528 1902 ,
1551 1869 1686 1910 gladium
1696 1871 1728 1898 in
1738 1869 1826 1899 latere
1836 1867 1951 1898 defixit.
1984 1871 2058 1898 Puto
2069 1869 2103 1897 in

1148 1913 1206 1942 hoc
1224 1911 1367 1951 exemplo
1383 1910 1467 1940 datos
1476 1909 1534 1940 effe
1544 1913 1706 1951 unicuique
1717 1911 1869 1942 sermones
1879 1910 1914 1939 ad
1924 1910 2102 1951 dignitatem

1147 1952 1484 1992 accommodatos,quod
1496 1961 1614 1992 oportet
1623 1954 1655 1982 in
1665 1954 1723 1981 hoc
1731 1962 1838 1992 genere
1847 1952 2000 1989 observare
2027 1954 2106 1981 Sunt

1147 1997 1220 2024 item
1233 1995 1496 2024 sermocinationes
1506 1994 1720 2034 consequentes
1730 1995 1788 2023 hoc
1797 2003 1903 2033 genus.
1936 1995 2016 2021 Nam
2034 1990 2108 2033 quid

1147 2045 1287 2076 putamus
1298 2036 1367 2064 illos
1379 2034 1512 2064 dieiuros
1523 2055 1531 2068 ‚
1553 2033 1572 2064 si
1583 2034 1848 2074 hocjudicaveritis
1859 2037 1869 2063 ?
1892 2044 1995 2064 nonne
2006 2035 2060 2063 hac
2070 2043 2105 2064 o-

1151 2087 1238 2107 rnnes
1247 2083 1370 2106 utentur
1379 2078 1512 2106 oratione
1523 2079 1534 2105 ?
1544 2075 1653 2106 deinde
1662 2076 1806 2116 subjicere
1816 2077 1996 2107 sermonem.
2021 2078 2103 2105 Con·
2122 2081 2141 2112 5
2152 2082 2167 2114 3

1148 2118 1289 2148 formatio
1299 2118 1351 2150 est,
1363 2116 1434 2147 cum
1443 2118 1551 2158 aliqua,
1563 2128 1627 2158 quae
1637 2128 1700 2147 non
1710 2117 1790 2148 adest
1800 2139 1808 2150 ,
1821 2118 1945 2158 persona
1955 2115 2105 2158 confingi-

1149 2169 1205 2193 tur,
1219 2158 1297 2200 quasi
1306 2158 1386 2192 adsit,
1397 2167 1447 2188 aut
1458 2158 1529 2188 cum
1538 2169 1583 2189 res
1594 2168 1737 2192 muta,aut
1748 2157 1939 2193 informis,fit
1948 2159 2104 2200 eloquens,

1150 2202 1182 2231 δε
1200 2201 1327 2231 foi-mata
1337 2221 1345 2234 ,
1365 2201 1398 2230 δε
1418 2202 1446 2230 ei
1465 2202 1559 2230 oratio
1578 2201 1746 2231 attribuitur
1754 2201 1789 2231 ad
1799 2201 1974 2242 dignitatem
1986 2209 2107 2230 accom-

1151 2243 1269 2273 modata
1281 2262 1288 2276 ‚
1309 2251 1358 2272 aut
1367 2241 1447 2271 affio
1456 2242 1591 2283 quaedam
1604 2262 1612 2275 ‚
1633 2244 1690 2272 hoc
1699 2241 1786 2282 paeto
1798 2254 1802 2271 ;
1827 2242 1945 2284 Qlidfi
1953 2253 2024 2271 nunc
2042 2243 2106 2271 haec

1150 2285 1218 2314 urbs
1229 2282 1423 2314 invicliffima
1431 2294 1540 2314 vocem
1552 2286 1650 2314 mittat
1660 2305 1668 2317 ‚
1691 2295 1756 2314 non
1774 2286 1832 2314 hoc
1850 2284 1936 2324 paEto
1947 2285 2107 2325 loquatur?

1150 2330 1213 2367 Ego
1222 2326 1275 2358 illa
1283 2326 1422 2366 plurimis
1434 2326 1572 2365 trophaeis
1582 2335 1682 2356 ornata
1694 2347 1702 2359 ‚
1716 2327 1876 2366 triumphis
1888 2326 1976 2356 ditata
1984 2323 2105 2355 certissi-

1149 2370 1208 2398 mis
1220 2388 1228 2401 ,
1249 2365 1412 2398 clarissimis
1422 2367 1600 2407 locupletata
1608 2367 1741 2397 vistoriis
1753 2388 1760 2401 ‚
1781 2378 1862 2398 nunc
1870 2367 1973 2398 vestris
1983 2367 2105 2397 seditio—

1150 2410 1250 2442 nibus,
1262 2408 1281 2439 ὁ
1291 2411 1382 2442 cives,
1392 2419 1488 2439 vexor
1499 2420 1504 2438 z
1514 2419 1605 2450 quarn
1616 2409 1694 2439 dolis
1705 2410 1850 2440 malitiosa
1861 2410 2018 2448 Karthago³
2029 2410 2105 2437 viri-

1150 2452 1204 2481 bus
1214 2451 1333 2491 probata
1343 2453 1508 2481 Numantia
1519 2471 1527 2484 ‚
1557 2451 1722 2490 disciplinis
1732 2451 1845 2480 erudita
1855 2451 2015 2480 Corinthus
2025 2449 2110 2479 labe—x

1149 2492 1257 2523 fac'tare
1268 2502 1331 2522 non
1342 2495 1441 2532 potuit
1451 2513 1459 2526 2
1472 2503 1537 2522 eam
1546 2494 1703 2532 patiemini
1714 2502 1794 2522 nunc
1804 2492 1839 2522 ab
1849 2491 2043 2521 homunculis
2054 2490 2107 2520 de-

1151 2536 1281 2566 terrimis
1291 2536 1418 2575 proteri,
1439 2543 1523 2576 atque
1534 2534 1702 2565 conculcari
1714 2536 1725 2562 ?
1746 2536 1824 2565 [tem
1836 2553 1844 2567 ,
1864 2532 1980 2574 defi
1986 2543 2057 2562 nunc
2067 2534 2106 2603 111..

2054 2585 2063 2604 i
2091 2584 2110 2605 e

191 2649 199 2665 i
209 2660 214 2665 .
225 2641 608 2676 5211ostentatorempecuniosum]
620 2643 683 2668 Non
695 2642 815 2679 improbo
826 2643 948 2668 Memmii
960 2642 1110 2676 Auratique

151 2676 349 2710 coiije-staiieuni
363 2696 371 2708 ‚
384 2680 536 2711 pecuni'xfiiae
548 2697 555 2709 ,
566 2677 607 2704 scd
624 2678 710 2705 videsis
724 2698 731 2710 ,
743 2688 774 2705 ne
784 2679 884 2705 acutius
896 2678 927 2705 sit
937 2677 1008 2714 quod
1018 2677 1109 2704 inveni

150 2712 178 2738 iii
192 2711 248 2738 Pal.
259 2720 352 2748 quarto
362 2722 390 2739 ac
400 2712 475 2740 sexto
487 2733 494 2745 ‚
512 2715 795 2747 qflematorempetimiost.

190 2756 218 2773 2.
237 2751 323 2774 Darem
333 2767 341 2780 ,
353 2750 377 2781 fi
394 2751 452 2774 mihi
468 2751 550 2782 molesti
558 2760 602 2775 non
611 2751 708 2785 effetis]
731 2750 827 2776 Melius
845 2749 916 2776 forte
928 2749 1012 2776 Palat.
1028 2749 1107 2785 prim.

153 2784 241 2847 tljgiaijt.
252 2783 319 2810 sext.
329 2787 421 2811 Dal-ena
430 2787 488 2811 mihi
494 2787 604 2820 locum‚fi
611 2787 668 2812 mihi
677 2788 758 2820 molesti
766 2796 811 2812 non
819 2787 899 2819 effutis.
917 2786 944 2811 &
955 2786 993 2812 ita
1003 2795 1109 2822 quoque

181 2829 220 2846 rui
236 2839 243 2846 .

192 2863 218 2890 3.
239 2859 281 2881 Vos
289 2865 334 2881 non
342 2858 446 2882 arbim-or
454 2858 564 2892 noviffe]
584 2858 655 2884 Illud
665 2858 762 2892 ηονὶβὲ,
771 2867 823 2884 non
833 2858 911 2885 restat
921 2858 947 2884 iii
960 2857 1018 2884 Pal.
1030 2866 1110 2893 quar-

156 2897 184 2917 to
195 2899 239 2918 „uit
251 2891 324 2917 sexto
337 2911 344 2923 ,
363 2893 390 2918 8<
403 2891 461 2919 sutis
473 2892 726 2929 stibiiitelligei·etur.

193 2935 220 2959 4.
242 2931 343 2959 Homini,
353 2931 394 2961 qui
401 2931 468 2960 istum
471 2930 591 2962 splendide
599 2930 653 2955 dum
657 2933 850 2964 peregrirtareiur
858 2930 1016 2964 receperant]
1027 2928 1110 2955 Vide-

157 2971 202 2988 tur
212 2963 282 2998 prius
294 2962 369 2990 fuiss‘e
378 2966 526 2991 invitarant.
538 2965 611 2999 cujus
623 2966 691 2992 vocis
703 2966 852 3001 ignorantia
862 2966 929 2992 mire
942 2965 1017 2992 torsit
1028 2965 1110 2991 libra-

157 2999 223 3024 rios.
243 3007 303 3036 nain
313 3008 355 3034 pr.
366 3001 452 3026 homini
460 3009 514 3034 quos
523 3002 562 3033 iste
571 3001 748 3035 dmnsplendi'd&
754 3004 938 3035 peregrinantur
945 3003 1048 3028 invitat.
1067 3000 1111 3027 ubi

157 3033 230 3066 spite
239 3033 380 3076 legendum
393 3054 401 3066 ‚
420 3045 477 3068 quos
494 3038 533 3067 iste
551 3037 605 3062 dum
616 3038 736 3071 splendid&
750 3041 942 3070 peregrinaretur
952 3056 960 3068 ,
978 3039 1111 3063 iri-vitarat.

157 3064 209 3094 stc.
220 3071 261 3102 qui
268 3071 457 3102 istuitisplendide
466 3079 598 3104 receperunt
608 3074 864 3106 dumperegrinabatur
875 3092 884 3104 ,
901 3075 1004 3098 Invitat.
1023 3079 1112 3108 quart.

161 3103 187 3128 ἃ
201 3104 374 3165 Ιέτυῐὶλποηιίηὲ
382 3115 437 3142 quos
446 3109 486 3142 iste
495 3108 548 3135 dnm
552 3108 673 3144 splendide
676 3112 868 3144 peregrinaretur
876 3118 908 3136 ex
915 3117 943 3135 ea
953 3117 986 3135 re.
998 3107 1050 3136 sinc
1060 3108 1113 3136 alio

164 3146 208 3166 ver
227 3148 252 3167 ο.

1189 2651 1213 2675 5.
1233 2644 1348 2675 7⁷2>spth
1358 2650 1477 2674 nigrarum
1489 2660 1495 2671 ,
1515 2641 1565 2671 &a
1584 2642 1641 2672 'risit
1653 2659 1660 2671 ,
1679 2641 1729 2671 &a
1742 2640 1855 2674 proban]
1877 2640 1937 2665 Hoc
1947 2638 2027 2666 modo
2038 2638 2109 2665 Pali.

1151 2677 1231 2704 nostri
1244 2688 1250 2704 ε
1272 2678 1359 2713 inepte
1371 2677 1406 2702 ibi
1419 2676 1572 2703 Lambinus.
2109 2681 2113 2686 ·

1186 2714 1214 2740 6.
1234 2717 1336 2739 Decuma
1345 2714 1470 2746 venirem]
1491 2712 1613 2738 Gifaiiius
1625 2711 1730 2739 maluit,
1742 2711 1775 2736 ad
1783 2711 1909 2737 decumani.

1186 2758 1214 2784 7.
1234 2752 1277 2775 Ait
1284 2751 1323 2781 iste
1333 2758 1379 2779 eos,
1389 2750 1455 2783 &cd
1481 2748 1537 2774 rai.
1549 2755 1637 2783 quart.
1649 2747 1717 2774 sext.
1729 2747 1815 2773 Bruil.
1826 2749 1841 2773 ii
1851 2756 1930 2774 iiiuiiu
1941 2746 2052 2773 secund-‚1
2064 2765 2073 2781 ,
2083 2752 2111 2772 a!

1150 2786 1189 2819 iste
1199 2794 1234 2810 eoi·
1251 2804 1258 2816 ,
1269 2785 1318 2815 &ct
1338 2785 1433 2820 placet.

1187 2820 1214 2846 8.
1233 2822 1297 2854 Qin
1307 2821 1445 2853 mihim-<sio
1463 2821 1489 2851 fit
1499 2819 1524 2851 ἒ]
1545 2818 1613 2844 Pali.
1626 2817 1682 2845 scri:
1695 2821 1747 2852 sim
1757 2819 1767 2845 ?
1778 2818 1823 2845 uisi
1832 2818 1904 2859 'quod
1917 2818 1965 2844 sce.
1976 2819 1996 2843 is
2005 2817 2110 2853 ‹promod-

1151 2858 1289 2889 miliipmfflo
1298 2857 1360 2888 1511'15
1373 2855 1439 2881 uude
1451 2854 1534 2882 forsan
1547 2855 1626 2881 liceret
1638 2855 1665 2881 iii
1675 2854 1784 2882 (sembi.
1794 2856 1898 2881 Toiaiio
1910 2855 1937 2880 Sc
1947 2854 2109 2888 Lil.‹1uinon

1151 2894 1208 2917 mihi
1214 2893 1346 2925 praestofuit
1356 2893 1366 2917 ?
2072 2912 2075 2915 .

1212 2948 1217 2954 .
1237 2931 1293 2953 Cum
1304 2937 1350 2952 cccc
1359 2928 1398 2958 [sic
1404 2928 1482 2959 presto
1494 2946 1501 2958 ,
1511 2927 1689 2961 Sedcs‚iaq11ii,
1700 2927 1784 2952 audax
1796 2927 1821 2959 Π
1834 2926 1912 2952 Nihil
1925 2926 2026 2952 variant
2036 2924 2109 2951 Pali.

1151 2936 1255 2989 sefuon
1267 2962 1386 2998 displicet
1397 2962 1466 2997 quod
1479 2963 1554 2989 restat
1565 2964 1592 2990 iii
1602 2963 1712 2989 Lilieiifi
1723 2973 1729 2989 2
1743 2973 1792 2988 cnm
1802 2972 1849 2988 ecce
1862 2982 1869 2995 ‚
1879 2965 1958 2997 inquit
1966 2964 2005 2995 istc
2017 2962 2110 2994 ‚praesto

1146 3000 1209 3033 Ji'cm.
1229 3000 1292 3023 tyr-dei
1306 3006 1341 3023 air
1352 3017 1359 3029 ,
1371 2999 1453 3024 audax
1465 3017 1472 3028 ,
1490 2999 1541 3029 &aa

1192 3043 1233 3060 10.
1253 3035 1478 3067 Metuebamjnqnii
1488 3043 1515 3060 m
1520 3035 1592 3067 plan&
1600 3037 1680 3060 mmm
1690 3034 1780 3068 tybia]
1793 3033 1849 3060 Pal.
1862 3032 1903 3060 sex
1909 3040 1949 3060 tus
1961 3042 2013 3059 iion
2024 3040 2108 3066 agrio-

1152 3070 1198 3096 seit
1211 3078 1299 3095 vocem
1311 3071 1445 3095 Alctllibam
1458 3089 1466 3099 ‚
1486 3070 1613 3107 habetque
1625 3072 1685 3103 clfit.

1192 3115 1200 3132 1
1211 3114 1217 3130 i
1227 3126 1232 3131 .
1252 3106 1471 3140 Etiamstnientirfii
1479 3107 1604 3140 [υφιυνὶςῆ
1617 3107 1673 3132 Pal.
1685 3104 1978 3141 qiiai't.stxt.fi·ntcniiar
1987 3101 2110 3139 eloqueris?

1154 3140 1224 3177 quod
1235 3140 1392 3177 amplectar,
1402 3148 1445 3168 aut
1449 3142 1580 3177 sententias
1587 3138 1685 3177 loqiieris
1696 3143 1706 3169 Ξ
1725 3148 1753 3168 ut
1762 3141 1838 3168 hab-:t
1847 3141 1933 3168 Bruil.
2067 3175 2086 3199 p

1652 3178 1658 3191 ³
2032 3183 2040 3201 ι
2050 3194 2054 3198 .
2064 3177 2068 3184 ’
2088 3182 2111 3198 er
