2360 3400
155 400 176 425 2
184 398 203 430 5
223 399 270 421 tus
280 389 419 432 lugubres
440 391 647 419 nominantur.

689 95 785 146 iia
878 98 1174 145 Lat-‚113

222 190 320 216 norma
329 177 392 223 legis
405 177 459 211 est.
481 176 612 219 Reliqua
631 177 743 209 suntin
753 187 857 209 more:
877 177 969 209 funus
980 177 1181 210 utindicatur,

226 226 248 256 fi
262 224 336 266 quid
354 221 496 253 ludorum
511 233 520 256 3
551 225 560 240 ¹
573 220 776 262 dominusque
795 219 913 252 funeris
931 229 1029 250 utatur
1045 219 1180 252 accenso,

225 276 316 307 atque
335 263 493 294 liEloribus
509 273 515 292 z
536 264 800 293 HoxonAToauM
811 263 939 292 virorum
957 261 1050 291 laudes
1069 261 1098 289 in
1119 270 1182 289 con—

221 308 299 338 cione
308 313 491 336 memorentur
504 325 512 339 ‚
533 305 632 345 easque
641 306 728 334 etiam
738 312 823 334 cantu
833 303 872 333 ad
878 303 1023 333 tibicinem
1028 302 1181 344 prosequa-

222 356 272 378 rur
280 359 291 376 .·
301 350 349 379 cui
361 357 475 378 nomen
486 348 590 376 naniae:
608 356 669 387 quo
679 346 826 376 vocabulo
837 349 851 365 ²
860 347 950 376 etiam
961 345 1097 375 Graccho
1109 352 1180 373 can-

672 387 846 428 QGaudeo
868 386 967 417 nostra
974 388 1039 425 jura
1049 384 1083 415 ad
1094 392 1181 415 natu-

219 442 283 463 ram
299 431 523 462 accommodari
541 441 546 459 :
565 431 777 470 majorumque
797 429 941 469 sapientia
954 426 1119 458 admodum
1132 425 1183 455 de-

173 475 176 477 ’
220 472 325 504 1εθιοῐ.
342 475 385 502 Μ.
395 473 451 503 Sed
461 472 551 503 credo
562 492 571 506 ,
582 473 696 512 Qinte
708 492 716 505 ‚
729 480 761 502 ut
771 479 884 501 ceteros
895 470 1009 500 sumtus
1021 488 1029 502 ,
1042 467 1079 498 fic
1088 469 1178 497 etiarn

218 515 427 556 sepulcrorum
445 514 574 545 modum
598 512 679 544 ῐεᾶὲ
693 514 814 554 requiri.
837 521 912 553 quos
923 513 1006 541 enim
1017 510 1051 540 ad
1065 510 1181 539 sumtus

217 555 368 599 progressa
387 559 450 596 jam
466 556 519 586 ista
529 566 574 586 res
584 553 617 585 fit
628 575 637 588 ,
658 557 690 585 in
704 557 739 585 C.
751 556 783 585 Fi
806 554 849 584 uli
860 553 994 594 sepulcro
1006 552 1099 583 vides.
1123 549 1180 598 Sed

216 600 308 630 credo
321 600 484 629 minimam
494 598 571 628 olim
585 597 671 627 istius
685 599 727 627 rei
735 595 782 626 fui
809 595 1041 636 ecupiditatem.
1065 596 1078 621 3
1093 593 1179 623 Alio-

216 643 293 682 quin
307 641 402 671 multa
420 639 567 671 exstarent
585 639 724 679 exempla
741 638 903 678 majorum.
927 635 1045 668 Nostrae
1054 634 1179 676 quidem

215 681 496 724 legisinterpretes,
519 691 582 722 quo
600 683 695 721 capite
701 680 847 720 jubentur
858 679 973 710 sumtus
985 699 994 713 ‚
1018 675 1180 724 &luEium

214 734 374 755 removere
392 724 407 754 a
428 724 555 754 deorum
576 724 714 753 manium
729 723 796 762 jure
817 741 826 756 ‚
856 722 914 751 hoc
933 720 1127 761 intelligunt,
1148 728 1181 748 in

213 768 321 806 primis
334 765 524 807 sepulcrorum
550 763 794 805 magmficenriam
823 762 870 802 ff
889 761 1080 792 minuendam.
1113 762 1180 791 Nec

213 808 302 838 haeca
314 806 533 848 sapientiffimis
543 807 643 848 legum
655 805 847 845 scriptoribus
863 803 996 845 negle&a
1004 803 1081 833 sunt.
1105 811 1177 832 nam

211 849 247 880 &
259 851 388 880 Athenis
397 850 458 888 jam
471 849 523 878 ille
533 857 602 877 mos
613 848 628 877 ἓι
639 850 769 887 Cecrope
781 867 790 880 ,
811 855 844 876 ut
854 847 937 887 ajunt
947 865 957 879 ‚
979 842 1176 885 4permans1t‚

210 891 272 921 hoc
286 891 336 930 jus
359 898 432 920 terra
452 888 618 919 humandi:
639 892 753 928 5quam
762 888 834 918 cum
845 888 980 928 proximi
994 887 1171 926 injecerant,

209 931 400 971 obduaaque
420 939 494 960 terra
513 938 592 963 erat,
613 929 746 970 frugibus
764 929 972 962 obserebatur,
990 937 1022 959 ut
1045 927 1124 959 sinus
1144 927 1178 958 &

230 974 363 1003 remium
381 970 461 1013 quasi
484 974 586 1002 matris
609 981 731 1002 mortuo
742 971 921 1002 tribueretur
933 991 942 1004 ‚
963 970 1063 1001 solum
1074 978 1176 1000 autem

207 982 347 1056 frugibus
357 1016 510 1054 expiatum
522 1023 554 1043 ut
564 1014 644 1044 vivis
653 1013 831 1044 redderetur.
855 1012 1059 1054 Sequebantur
1067 1012 1175 1052 epulae,

206 1055 225 1083 ⁶
235 1065 309 1098 quas
320 1056 437 1087 inibant
456 1064 591 1097 parentes
600 1057 735 1086 coronati
748 1066 754 1085 z
773 1054 850 1095 apud
861 1064 932 1096 quas
940 1054 976 1084 de
989 1057 1103 1084 mortui
1112 1054 1175 1084 lau-

206 1098 264 1132 de,
284 1107 354 1129 cum
379 1097 452 1139 quid
476 1099 538 1128 veri
549 1106 628 1131 erat,
649 1097 852 1137 praedicatum.
877 1106 949 1127 nam
961 1096 1075 1126 mentiri
1094 1094 1176 1126 nefas

205 1139 378 1171 habebatur.
405 1145 418 1168 7
432 1148 460 1169 at
471 1141 478 1177 1'
484 1138 544 1169 usta
557 1138 694 1177 conjeSka
707 1148 800 1170 erant.
823 1137 1016 1179 Posteaquam
1029 1147 1062 1168 ut
1074 1137 1176 1168 scribit

205 1183 364 1213 Phalereus
379 1202 387 1215 ,
404 1181 575 1221 sumptuosa
587 1179 650 1211 fieri
659 1180 765 1211 funera
776 1201 784 1214 ‚
807 1180 1056 1211 &lamentabilia
1067 1180 1175 1219 coepis-

207 1224 274 1254 sent
285 1243 294 1258 ,
313 1224 438 1254 Solonis
448 1224 511 1264 lege
522 1223 632 1254 sublata
643 1223 720 1253 sunt.
742 1233 833 1264 quarn
843 1223 941 1263 legem
954 1221 1068 1252 eisdem
1080 1221 1173 1261 prope

205 1266 305 1296 verbis
323 1261 442 1296 Snostri
462 1266 544 1295 xviri
564 1267 597 1295 in
617 1265 810 1295 undecimam
828 1264 958 1295 tabulam
971 1265 1174 1305 conjecerunt.

206 1309 290 1338 Nam
308 1306 346 1337 de
366 1307 459 1337 tribus
481 1309 616 1340 ricinus,
635 1307 668 1336 &
686 1307 826 1348 pleraque
836 1307 887 1337 illa
898 1307 1020 1337 Solonis
1031 1306 1110 1336 sunt.
1135 1305 1173 1335 de

206 1349 349 1379 lamentis
368 1348 440 1379 verb
463 1347 596 1388 expreffa
622 1348 722 1378 verbis
740 1349 817 1379 sunt.
848 1350 1026 1378 Mummius
1040 1357 1128 1388 genas
1143 1357 1175 1376 ne

205 1390 327 1421 radunto
339 1410 346 1424 ,
367 1401 435 1420 neve
451 1391 546 1429 leffum
557 1410 565 1424 ‚
581 1390 691 1429 funeris
705 1400 765 1431 ergo
777 1412 785 1426 ‚
797 1389 933 1419 habento.
966 1392 1014 1420 De
1033 1390 1174 1430 sepulcris

206 1442 308 1463 autern
320 1433 399 1462 nibil
417 1431 459 1462 est
476 1432 552 1472 apud
561 1432 708 1462 Solonem
720 1432 850 1472 amplius
862 1451 871 1466 ,
890 1431 982 1472 quarn
996 1452 1005 1466 ‚
1025 1441 1129 1473 nequu
1142 1442 1174 1460 ea

207 1474 316 1508 deleat,
336 1483 404 1502 neve
412 1474 538 1502 alienum
556 1473 685 1511 inferat:
702 1483 850 1513 poenaque
868 1473 929 1506 est,
945 1473 974 1514 fi
990 1483 1050 1515 qun
1063 1472 1173 1509 bustum

206 1516 290 1555 (nam
303 1515 331 1545 id
342 1524 415 1554 puto
423 1513 761 1554 appellaritymbon)au1
771 1521 983 1544 monumentum
992 1517 1092 1555 inquit
1100 1535 1109 1549 ‚
1119 1522 1175 1543 aut

202 1557 365 1586 columnam
374 1556 510 1590 violarit,
519 1555 656 1591 deiecerit,
659 1554 787 1596 fregerit.
798 1556 856 1586 Sed
864 1555 933 1595 post
941 1557 1094 1596 aliquanto
1103 1566 1176 1595 pro-

201 1606 269 1640 pter
279 1599 331 1628 has
340 1597 555 1638 amplitudines
563 1597 778 1637 sepulcrorum,
791 1606 869 1638 quas
875 1599 907 1627 in
917 1598 1075 1626 Ceramico
1087 1597 1172 1626 vide-

203 1649 293 1673 mus,
313 1640 377 1681 lege
399 1638 534 1670 sanetum
553 1638 615 1672 est,
634 1649 667 1668 ne
676 1640 737 1680 quis
745 1639 904 1680 ftpulcrum
907 1639 1017 1678 faceret
1028 1637 1169 1680 operosius,

202 1678 293 1724 quhm
302 1680 378 1723 quod
393 1681 485 1710 decem
502 1681 622 1710 homines
639 1681 777 1720 effecerint
792 1680 895 1710 triduo.
919 1690 1015 1721 neque
1038 1680 1069 1710 id
1080 1690 1170 1720 opere

202 1723 333 1754 teetorio
352 1724 510 1757 exornari,
536 1731 592 1753 nec
611 1723 730 1751 Hermas
749 1723 812 1756 hos,
843 1731 919 1763 quos
936 1730 1046 1752 vocant
1063 1721 1169 1752 licebat

203 1766 325 1805 imponi
340 1776 349 1799 3
372 1775 428 1795 nec
444 1764 482 1794 de
502 1765 616 1794 mortui
625 1763 711 1794 laude
722 1783 732 1797 ,
752 1762 806 1793 nifi
819 1764 852 1793 in
862 1762 992 1803 publicis
1002 1763 1170 1802 sepulturis;

202 1817 260 1838 nec
277 1807 313 1837 ab
332 1807 411 1841 alio,
432 1805 488 1836 nisi
509 1808 560 1847 qui
571 1804 691 1845 publice
701 1804 735 1835 ad
747 1815 813 1835 eam
823 1814 887 1835 rem
897 1803 1078 1835 constitutus
1087 1802 1169 1837 effet,

201 1849 264 1881 dici
273 1848 389 1882 licebat.
410 1848 530 1881 Sublata
538 1851 629 1880 etiam
638 1855 698 1878 ciat
706 1847 861 1878 celebritas
870 1848 1008 1877 virorum
1018 1855 1050 1878 ac
1058 1845 1170 1876 mulie-

1213 111 1302 143 σε
1398 99 1568 145 Lrn.
1651 99 1724 146 11.
2062 115 2180 166 ¹203

1220 186 1289 207 rum
1301 197 1309 211 ,
1328 186 1390 218 quo
1414 177 1590 210 lamentatio
1599 179 1799 210 minueretur.
1822 178 1906 210 habet
1915 178 1990 210 enim
1999 178 2111 210 lucium
2118 191 2184 211 con-

1220 220 1314 258 cursus
1324 220 1476 250 hominum.
1500 222 1640 262 quocirca
1650 223 1779 252 Pittacus
1788 221 1921 253 omnino
1930 222 2066 254 accedere
2075 233 2184 265 quem.-

1220 270 1311 301 quam
1334 270 1412 292 vetat
1431 264 1463 292 in
1481 262 1573 293 funus
1582 263 1722 294 aliorum.
1745 263 1801 295 Sed
1813 266 1853 295 ait
1864 264 1961 295 rursus
1972 264 2054 295 idern
2067 267 2185 296 Deme-

1222 303 1295 331 trius
1307 323 1316 336 ‚
1329 302 1519 334 increbruisse
1530 314 1596 335 eam
1607 304 1750 335 funerum
1763 326 1771 340 ,
1793 306 2055 347 sepulcrorumque
2065 309 2187 348 magni-

1223 342 1386 379 sicennam,
1397 355 1462 386 quae
1473 356 1555 376 nunc
1563 345 1625 377 fere
1634 349 1743 378 Romae
1754 346 1805 378 est.
1827 357 1916 389 quam
1928 349 2182 380 consuetudinem

1223 385 1286 426 lege
1301 387 1416 417 minuit
1434 388 1505 427 ipse.
1528 387 1587 418 fuit
1605 391 1689 419 enim
1701 390 1750 419 hic
1760 391 1824 422 vir,
1845 390 1964 420 utscitis
1978 410 1987 424 ‚
2007 393 2070 421 non
2083 391 2182 422 solum

1221 426 1436 458 eruditiffimus
1449 449 1456 462 ‚
1468 429 1516 460 sed
1527 432 1615 460 etiam
1626 432 1701 460 civis
1714 431 1730 460 ἐ
1741 440 1802 471 rep.
1814 431 1964 464 maxime,
1977 436 1992 458 9
2005 433 2184 473 tuendaeque

1221 468 1350 498 civitatis
1369 468 1574 509 peritiffimus.
1597 471 1650 502 iste
1674 473 1763 512 igitur
1783 472 1917 503 sumtum
1936 475 2051 503 minuit
2062 484 2125 504 non
2136 475 2183 504 so-

1222 509 1286 539 lum
1294 518 1386 551 poena,
1403 511 1451 541 sed
1463 515 1550 542 etiam
1564 521 1690 555 tempore.
1702 522 1769 544 ante
1778 513 1877 544 lucem
1888 514 2061 554 enimjuffit
2071 515 2179 546 efferri.

1222 553 1372 590 sepulcris
1391 562 1490 582 autem
1521 557 1610 584 novis
1631 554 1732 585 finivit
1748 555 1870 584 modum,
1904 565 1975 586 nam
1996 557 2079 596 super
2099 566 2182 588 terrae

1223 594 1376 623 tumulum
1388 595 1487 625 noluit
1497 596 1569 636 quid
1579 596 1665 627 statui
1676 617 1684 631 ,
1697 595 1751 627 nisi
1762 597 1956 628 columellam
1967 598 2062 628 tribus
2071 598 2184 629 cubitis

1221 644 1260 664 ne
1269 636 1408 665 altiorem
1421 656 1428 669 ,
1450 645 1497 666 aut
1516 639 1649 668 mensam
1671 659 1679 671 ,
1697 648 1745 669 aut
1765 639 1926 670 labellum:
1951 639 2181 680 &huicprocu-

1221 677 1331 706 rationi
1350 686 1464 708 certum
1483 678 1687 719 magistratum
1702 680 1881 720 praefecerat.
1907 684 1979 713 Haec
1990 683 2079 723 igitur
2088 683 2183 712 Athe-

1219 718 1401 749 niensestui.
1425 720 1481 750 Sed
1505 721 1660 751 videamus
1671 722 1827 753 Platonem
1840 743 1849 757 ‚
1871 725 1924 764 qui
1940 722 2018 763 justa
2034 723 2181 755 funerum

1220 760 1361 799 rejicitad
1376 762 1549 801 interpretes
1568 763 1763 804 religionum.
1786 775 1877 805 quem
1897 774 1953 795 nos
1966 764 2084 795 morem
2097 775 2181 796 tene—

1219 811 1299 832 mus.
1321 802 1358 832 de
1374 802 1513 843 sepulcris
1523 813 1621 834 autem
1634 805 1707 835 dicit
1717 806 1780 835 haec
1792 816 1798 834 2
1810 809 1896 837 Vetat
1906 816 1949 836 nx
1960 816 2051 836 AGRO
2062 816 2179 841 cun-ro.

1217 853 1313 878 eove‚
1335 847 1387 885 qui
1411 845 1471 875 coli
1489 843 1593 885 poffit,
1613 847 1706 876 ullam
1730 856 1843 886 partem
1855 849 1932 878 suini
1944 849 2096 889 sepulcro:
2117 849 2177 884 sed,

1217 895 1283 927 quae
1294 896 1398 917 natura
1407 888 1467 928 agri
1479 887 1693 918 tantummode>
1705 887 1821 919 efficere
1830 888 1929 929 poffit,
1943 900 1974 920 ut
1986 899 2180 922 mortuorum

1216 938 1341 968 corpora
1351 926 1411 958 fine
1429 929 1614 960 detrimento
1633 931 1774 961 vivorum
1784 933 1905 971 recipiat
1915 951 1923 965 ‚
1946 942 1978 962 ea
1988 931 2180 972 potiffimum

1217 979 1250 1000 ut
1258 970 1463 1011 compleatur:
1478 981 1543 1012 quae
1553 981 1655 1002 autem
1668 981 1741 1003 terra
1750 972 1848 1014 fruges
1858 972 1932 1003 ferre
1944 994 1953 1008 ‚
1965 974 1998 1004 &
2009 994 2017 1008 ‚
2032 982 2063 1005 ut
2073 983 2178 1009 mater.

1215 1012 1300 1042 cibos
1312 1012 1497 1053 suppeditare
1515 1012 1603 1053 poffit
1614 1034 1623 1048 ,
1642 1024 1708 1045 eam
1719 1024 1758 1045 ne
1767 1017 1834 1056 quis
1843 1015 1932 1046 nobis
1945 1018 2082 1050 minuat,
2100 1026 2180 1047 neve

1215 1055 1305 1084 vivus
1325 1074 1333 1091 ,
1362 1064 1440 1085 neve
1458 1064 1607 1086 mortuus.
1639 1055 1758 1087 Exsttui
1784 1066 1884 1087 autem
1907 1066 1984 1088 vetat
2008 1058 2177 1098 sepulcrum

1213 1096 1320 1130 altius,
1347 1096 1478 1138 ¹0quam
1497 1097 1580 1138 quod
1598 1100 1732 1139 quinque
1752 1098 1858 1129 diebus
1879 1100 2021 1130 homines
2041 1102 2178 1141 quinque

1214 1138 1400 1169 absolverint
1410 1159 1420 1173 ‚
1432 1149 1489 1169 nec
1498 1141 1515 1169 ἐ
1526 1139 1622 1180 lapide
1633 1143 1756 1171 excitari
1765 1141 1833 1180 plus
1844 1160 1851 1174 ‚
1864 1151 1919 1171 nec
1930 1143 2050 1182 imponi
2063 1161 2072 1175 ,
2083 1140 2176 1183 qu‘am

1213 1180 1294 1221 quod
1316 1182 1413 1221 capiat
1433 1184 1459 1200 ¹¹
1472 1181 1593 1211 laudern
1616 1184 1749 1216 mortui,
1775 1183 1900 1213 incisam
1920 1193 2061 1223 quattuor
2078 1184 2177 1214 herois

1213 1220 1363 1257 versibus5
1385 1232 1462 1264 quos
1481 1222 1574 1264 longos
1599 1224 1726 1264 appellat
1745 1226 1872 1255 Ennius.
1911 1225 2067 1255 Habemus
2086 1227 2178 1266 igitur

1211 1264 1302 1304 hujus
1311 1274 1433 1305 quoque
1449 1264 1659 1296 auetoritatem
1670 1265 1706 1296 de
1719 1266 1859 1306 sepulcris
1868 1266 1981 1297 summi
1992 1268 2050 1298 viri
2063 1277 2068 1296 :
2089 1267 2176 1308 aquo

1213 1307 1322 1336 iterum
1344 1305 1490 1337 funerum
1508 1307 1626 1338 sumtus
1644 1306 1810 1348 praefinitur
1830 1318 1865 1337 ex
1883 1307 2022 1350 censibus,
2044 1309 2059 1339 a
2081 1311 2178 1339 minis

1211 1350 1346 1389 quinque
1365 1348 1458 1389 usque
1477 1349 1513 1379 ad
1530 1351 1660 1380 minam.
1684 1351 1839 1390 Deinceps
1857 1350 1932 1381 dicit
1952 1350 2057 1381 eadem
2076 1351 2130 1382 illa
2138 1351 2176 1381 de

1211 1390 1440 1421 immortalitate
1456 1391 1632 1421 animorum
1645 1411 1653 1426 ‚
1676 1391 1710 1422 &
1728 1392 1842 1433 reliqua
1857 1391 1924 1432 post
1942 1401 2074 1423 mortem
2094 1400 2174 1422 tran-

1208 1433 1355 1473 quiuitate
1364 1431 1495 1462 bonorum
1506 1452 1515 1467 ‚
1529 1435 1611 1474 poenis
1621 1434 1782 1475 impiorum.
1807 1435 1934 1464 Habetis
1942 1436 2033 1476 igitur
2043 1435 2178 1475 explica-

1209 1483 1275 1504 tum
1287 1484 1415 1505 omnem
1427 1495 1436 1508 ‚
1458 1483 1490 1505 ut
1500 1476 1644 1510 arbitror,
1664 1476 1822 1516 religionis
1832 1476 1948 1506 locum.
1962 1478 2081 1515 QNos
2092 1475 2175 1510 vero,

1208 1514 1314 1549 frater,
1326 1516 1358 1546 &
1371 1518 1494 1556 copiose
1502 1516 1629 1557 quidem
1641 1528 1647 1546 2
1670 1520 1700 1537 ¹2
1713 1516 1760 1547 sed
1772 1527 1858 1558 perge
1866 1526 1970 1548 cetera.
1991 1520 2035 1547 M.
2049 1520 2176 1558 Pergam

1209 1557 1351 1597 quidem:
1371 1558 1405 1587 &
1421 1560 1565 1598 quoniam
1584 1558 1706 1588 libitum
1726 1557 1769 1588 est
1786 1559 1875 1588 vobis
1884 1568 1935 1588 me
1944 1558 1980 1589 ad
1988 1560 2051 1589 haec
2064 1560 2177 1599 impel-

1208 1598 1272 1627 lere
1283 1617 1292 1632 ,
1303 1598 1452 1628 hodierno
1463 1599 1603 1629 sermone
1611 1598 1775 1629 conficiam
1786 1618 1795 1632 ‚
1817 1599 1902 1638 spero
1916 1611 1925 1634 3
1945 1601 2003 1630 hoc
2012 1601 2175 1640 praesertim

1208 1638 1269 1669 die.
1291 1639 1383 1670 video
1402 1642 1487 1669 enim
1497 1640 1655 1670 Platonem
1669 1640 1751 1670 idem
1762 1639 1864 1670 feciffe
1875 1660 1883 1674 ‚
1909 1651 2098 1683 omnemque
2107 1652 2173 1674 ora-

1208 1682 1325 1711 tionem
1345 1681 1408 1721 ejus
1426 1681 1462 1711 de
1484 1681 1618 1722 legibu5‚
1643 1690 1807 1722 peroratam
1826 1681 1882 1712 effe
1905 1693 1968 1713 uno
1990 1683 2095 1715 aestivo
2113 1683 2174 1715 die.

1205 1723 1355 1763 Sicigitur
1369 1722 1476 1753 faciam
1490 1743 1499 1757 ‚
1519 1724 1552 1753 &
1567 1723 1666 1754 dicam
1687 1723 1724 1754 de
1747 1722 1970 1764 magistratibus.
1993 1725 2026 1756 id
2037 1727 2119 1756 enim
2131 1725 2174 1757 est

1205 1763 1343 1803 profesto
1354 1783 1362 1797 ‚
1382 1764 1465 1804 quod
1481 1764 1643 1795 constituta
1660 1765 1807 1807 religione
1819 1773 1903 1807 remp.
1927 1767 2172 1797 contineatmaxi-

1207 1805 1260 1834 me*-
1275 1808 1311 1835 A.
1323 1808 1374 1837 Tu
1384 1804 1456 1836 vero
1477 1805 1525 1837 dic
1536 1826 1546 1841 ,
1569 1810 1601 1835 ¹3
1612 1806 1742 1840 &istam
1754 1809 1904 1838 rationem
1915 1827 1924 1843 ‚
1939 1818 2030 1850 quam
2041 1809 2171 1851 coepisti,

1189 1867 1191 1870 ·
1209 1854 1288 1877 tene·

1897 1893 1970 1940 M.
2005 1892 2055 1939 T
2071 1909 2105 1939 U
2119 1911 2172 1943 1,-

238 2005 262 2023 1.
279 1998 432 2032 Dominusquc
442 1995 564 2031 fimena]
586 1996 659 2022 Editi
669 2004 762 2022 omnes
772 1995 798 2021 8<
810 1992 920 2030 scripti,
939 1995 1069 2029 domusque.
1089 1995 1157 2024 alte·
1181 1999 1184 2018 1
1199 1995 1337 2021 Manutius
1349 1994 1527 2028 conjiciebat,
1547 1997 1669 2030 confifla:
1687 1997 1758 2033 quod
1770 2007 1822 2025 non
1835 1996 1996 2034 improbem.
2007 1997 2066 2026 Pal.
2076 2006 2165 2036 quart.

199 2041 257 2060 rum
270 2034 386 2067 conjecit
396 2033 503 2060 Paullus
514 2033 664 2064 Manutius,
674 2031 848 2068 probavitque
857 2029 996 2057 Turnebo.

235 2077 265 2095 2.
287 2072 368 2095 Etiam
387 2071 490 2095 Graccho
508 2076 595 2095 cantus
612 2070 719 2101 lugubres
737 2066 917 2099 nominamur]
940 2067 1049 2102 Vulgati
1068 2069 1160 2099 Grau]

198 2103 242 2131 sed
254 2104 334 2132 falso.
355 2105 482 2132 Meliures
493 2103 551 2131 mss‘.
562 2104 658 2131 habent
669 2106 795 2129 Gracchos.
815 2102 884 2129 unde
894 2102 961 2129 fecit
970 2105 1074 2129 Graccho
1085 2104 1159 2129 Tui·-

199 2140 292 2168 nebus.
304 2141 360 2168 Pal.
371 2149 460 2177 quart.
483 2150 535 2167 non
545 2139 664 2176 agnoscit
673 2140 720 2166 illa
732 2139 810 2166 etiarn
823 2140 905 2165 Graeci.
925 2148 1011 2174 neque
1021 2138 1157 2175 quidpiam

199 2176 279 2204 habet
289 2186 380 2203 eorum
393 2177 452 2204 loco
465 2196 472 2209 ,
483 2177 511 2202 &
522 2176 610 2212 potuit
619 2175 702 2211 glossa
711 2175 762 2202 esse
771 2174 804 2202 ad
816 2183 905 2201 vocem
916 2178 1001 2202 nxniae.

235 2220 262 2248 3.
281 2215 392 2248 Alioquin
402 2215 480 2239 multa
488 2220 599 2239 extarent
607 2213 713 2245 exempla
732 2210 872 2246 majorum]
895 2211 963 2238 Pall.
975 2211 1002 2237 &
1015 2212 1036 2238 F
1037 2210 1094 2238 abr.
1113 2219 1158 2236 ex-

195 2255 278 2275 tarent
287 2251 368 2282 ampla
386 2250 443 2283 maj.
464 2248 535 2284 quod
554 2249 619 2276 item
638 2247 788 2284 expressum
801 2249 816 2274 ἐι
827 2246 949 2274 Vmor-io
960 2266 969 2280 ,
991 2248 1006 2274 ἐι
1017 2246 1158 2280 Turnebu,

195 2281 306 2320 valiisque
317 2284 433 2311 nostrum
445 2285 524 2312 restat
535 2285 562 2311 in
574 2284 674 2311 Aldina
685 2290 788 2311 vetere.

233 2328 261 2353 4.
282 2322 414 2354 Permanfit
430 2323 471 2346 hoe
481 2331 526 2354 μς
543 2328 610 2346 terra
627 2321 769 2355 humandi]
790 2319 872 2346 Sic&
889 2319 960 2346 idem
972 2318 1059 2347 Aldus
1071 2328 1157 2356 neque

196 2355 325 2383 recedunt
337 2357 430 2389 nostri,
440 2358 520 2393 quam
532 2356 603 2393 quod
613 2356 727 2383 scribant
736 2359 808 2383 ocim.

236 2401 263 2426 5.
285 2394 364 2426 Qam
383 2402 433 2418 cum
447 2395 551 2426 proximi
566 2393 724 2428 injecerant]
749 2392 792 2419 Est
811 2392 826 2418 :i
837 2391 990 2427 conJectura
999 2391 1086 2419 Paulli
1097 2392 1157 2418 Ma·-

196 2428 278 2454 nutii.
299 2428 439 2456 Turnebus
451 2438 557 2465 quoque
565 2428 699 2457 divinam
710 2429 831 2464 jeceram.
851 2437 912 2456 nam
926 2429 1033 2465 vulgata
1049 2429 1077 2454 ὃ(
1099 2427 1156 2454 mss.

210 2471 315 2490 acer-ant.

194 2465 216 2498 f
235 2499 263 2525 6.
283 2501 350 2532 Qas-
357 2502 454 2527 inibant
466 2503 594 2536 propinqui
602 2501 729 2535 coronati]
750 2501 793 2527 Sic
803 2501 990 2537 Pal.quartus.
1012 2507 1088 2527 vetus
1099 2498 1156 2526 edi-

196 2534 248 2567 tio,
257 2544 318 2569 quas
326 2538 548 2569 inibantparmtes.
567 2543 632 2564 tert.
642 2546 703 2570 quas
710 2539 774 2563 irent
787 2544 854 2569 prop.
875 2537 946 2572 quod
965 2537 993 2563 δί
1004 2536 1032 2563 in
1043 2535 1117 2564 Vifi.
1128 2536 1156 2562 &

198 2570 316 2598 Turneb.
330 2573 357 2597 S.
370 2571 441 2598 Viet.
451 2571 572 2604 exhibet,
582 2581 644 2606 quae
652 2575 748 2598 intrant
764 2575 889 2607 propinqui
897 2582 944 2599 cor.

234 2614 262 2640 7.
282 2609 397 2641 eAtjusta
409 2627 416 2640 ‚
435 2608 536 2640 tonjeHa
545 2607 642 2642 erant.]
662 2607 771 2634 Itafere
791 2607 848 2635 mss.
861 2608 940 2635 nostri
954 2627 962 2640 ,
980 2616 1066 2644 neque
1079 2607 1158 2634 aliter

199 2640 311 2670 Viclorii
321 2651 366 2672 aut
376 2643 496 2671 Turnebi
514 2642 609 2673 editio.
626 2651 686 2671 nam
699 2644 804 2680 vulgata
815 2662 824 2677 ‚
834 2643 869 2671 ad
874 2646 942 2680 justa
957 2663 966 2678 ‚
976 2646 1027 2678 &a
1048 2643 1157 2672 Paullus

1199 2030 1295 2062 servat,
1307 2033 1405 2064 acjusta
1415 2034 1615 2065 conjeHaverant.

1235 2071 1262 2098 8.
1282 2073 1360 2104 Nostri
1369 2074 1500 2097 Decemviri
1509 2074 1535 2097 in
1548 2073 1695 2098 undecimam
1711 2072 1846 2107 tabulam]
1869 2074 1913 2101 Est
1925 2074 1940 2100 a
1951 2073 2009 2100 rnss'.
2021 2075 2142 2102 Turnebi
2153 2085 2163 2107 ;

1199 2107 1242 2133 cui
1253 2106 1387 2134 consentit
1397 2107 1482 2134 codex
1494 2109 1520 2135 S.
1533 2107 1660 2135 Victoris.
1682 2109 1728 2144 qui
1739 2117 1827 2136 tamen
1839 2119 1891 2137 non
1903 2109 1981 2138 habet
1991 2109 2059 2138 illud
2071 2121 2100 2139 x.
2120 2112 2165 2139 sed

1197 2143 1278 2177 nostris
1287 2146 1351 2169 viri.
1377 2144 1494 2179 vulgata,
1505 2146 1575 2177 nostri
1584 2147 1637 2170 viri
1644 2148 1671 2171 in
1681 2146 1793 2171 decimam
1802 2148 1880 2172 tahal.

1233 2191 1250 2218 9
1259 2204 1265 2210 .
1284 2184 1422 2219 Tum-»imque
1439 2185 1547 2210 civitatis
1560 2185 1737 2220 perambulas]
1761 2186 1876 2214 Palatini.
1895 2187 1924 2214 Sc
1945 2186 2024 2214 Fabr.
2038 2189 2166 2223 parafaeffi.

1198 2230 1260 2246 mm.
1270 2221 1298 2247 S.
1310 2219 1465 2253 Vi&.parili
1483 2222 1552 2247 fmus.

1238 2269 1280 2287 10.
1291 2262 1370 2293 Qum
1380 2261 1441 2294 qnod
1449 2263 1551 2295 quinque
1560 2261 1640 2286 diebus
1649 2263 1751 2288 homines
1760 2263 1888 2297 quin-pes]
1901 2264 1985 2290 voces
1997 2262 2050 2289 illae
2062 2265 2164 2290 homines

1196 2299 1299 2331 quinque
1312 2316 1320 2328 ,
1333 2303 1423 2323 ortum
1436 2295 1532 2323 habent
1542 2300 1557 2324 a
1568 2298 1609 2323 Tu
1615 2297 1706 2330 rnebo,
1717 2299 1763 2332 qui
1774 2307 1816 2324 cas
1827 2298 1924 2333 adjecit
1934 2310 1948 2326 e
1960 2299 2082 2326 Platone.
2109 2309 2163 2328 non

1200 2332 1318 2359 viiuntur
1329 2332 1356 2359 in
1368 2332 1547 2359 anterioribus
1558 2332 1619 2359 edd.
1629 2341 1675 2360 aut
1686 2334 1742 2360 mssL
1755 2334 1858 2362 nostris.

1240 2385 1249 2402 ι
1259 2385 1267 2403 ι
1276 2377 1393 2402 Laudem
1402 2378 1487 2402 mortui
1497 2377 1595 2410 incisam
1603 2378 1732 2411 quamam]
1747 2377 1801 2404 Pall
1808 2398 1814 2403 .
1827 2378 1855 2403 &⁷
1865 2377 2052 2411 Gulielmiani,
2063 2379 2162 2413 incifirns

1197 2421 1225 2437 ne
1232 2414 1298 2445 plur,
1308 2412 1379 2448 quod
1390 2413 1417 2438 Sc
1429 2413 1454 2439 in
1466 2411 1546 2439 editis
1558 2415 1572 2439 :i
1585 2413 1706 2440 ViRorio
1718 2414 1746 2440 δε
1756 2413 1892 2440 Turnebo.
1911 2414 2074 2450 Poteratque
2084 2424 2164 2442 revo-

1199 2449 1264 2475 cari.
1284 2448 1445 2475 monendum
1460 2455 1547 2476 tamen
1560 2449 1628 2475 Pall.
1642 2448 1718 2485 supra
1727 2449 1822 2476 habere
1832 2453 1936 2476 excitare
1942 2454 2015 2483 prim·
2025 2470 2033 2483 ‚
2046 2460 2097 2478 nou
2108 2460 2163 2479 exc.

1194 2486 1262 2517 plus,
1273 2491 1303 2511 ut
1313 2485 1384 2512 estin
1395 2484 1537 2521 publicatis
1547 2494 1590 2513 om
1596 2484 1682 2512 nibus.

1239 2535 1281 2553 12.
1301 2528 1418 2561 sedperge
1432 2528 1534 2562 cetera]
1556 2529 1629 2555 Editi
1639 2528 1704 2555 olim
1714 2536 1780 2563 perge
1789 2530 1822 2556 ad
1830 2536 1916 2557 cetera.
1927 2529 1970 2557 sed
1981 2530 2015 2558 lic
2024 2530 2092 2558 nulli
2102 2530 2161 2560 infl‘.

1199 2563 1280 2591 nostri
1289 2574 1300 2596 ς
1311 2563 1446 2590 revocavit
1455 2564 1573 2599 primuni
1586 2564 1732 2592 Vistoriuz.

1238 2615 1281 2643 ¹3·
1303 2611 1337 2634 Ει
1355 2609 1425 2641 istam
1435 2609 1549 2634 rationem
1558 2619 1630 2644 quam
1640 2609 1742 2642 cepisti]
1763 2608 1807 2635 Pal
1813 2615 1849 2636 at.
1860 2617 1950 2644 quart.
1961 2610 1989 2637 Sc
2000 2609 2068 2638 liber
2077 2611 2104 2639 S.
2115 2610 2164 2639 Vi·

1198 2642 1293 2677 cretis,
1307 2646 1422 2679 accepisti.
1442 2642 1528 2672 forfiui
1538 2647 1651 2681 occepisti,
1662 2645 1751 2680 inquit
1761 2644 1936 2674 Gulielmius.

1457 3057 1688 3089 Naana-ni.
2044 3062 2165 3090 awau-
