2337 3400
184 1468 221 1500 33

221 125 321 188 546
631 115 1135 169 M.T*t51..1,11

220 208 281 239 tius
292 206 461 237 consulatus
471 223 479 237 ‚
494 211 662 244 eorumque
672 203 825 235 bonorum
838 221 845 236 ,
860 209 937 241 quos
945 208 1017 232 cum
1030 197 1181 241 proximis

226 248 464 279 communicavit
477 266 485 278 ,
497 245 613 276 socium
623 242 680 274 ess'e
690 244 807 278 voluit,
819 243 947 277 detulit,
961 242 1102 273 invitavit
1114 261 1122 273 ,
1135 249 1184 271 ro-

227 293 318 327 gavit.
344 298 405 318 n-in
422 288 485 317 sum
501 297 556 328 ego
567 307 576 321 ,
595 295 715 328 propter
732 287 861 318 nimiam
878 282 996 316 fortass'e
1012 282 1186 329 constantia}

226 324 314 369 3,ῳῖιὶ
323 334 421 362 {ritem
434 350 442 363 ,
461 328 606 360 admistus
616 328 650 359 ad
660 328 792 360 causam:
816 337 881 360 non
891 325 1076 366 postulabam
1089 345 1098 358 ,
1119 333 1150 354 ut
1160 334 1188 353 ei

227 371 391 404 (λι-1111111113
402 369 513 405 estem,
534 371 619 411 cujus
637 381 693 412 ego
711 379 749 400 ne
768 368 924 402 beneficiis
941 367 1065 409 quidem
1078 366 1188 406 santw-

230 416 303 444 ev'am
313 423 413 449 meam
423 411 617 445 tradidissem.
642 411 779 445 Adducta
788 421 832 442 res
843 413 876 441 in
887 419 1036 442 certamen
1047 429 1055 444 ,
1075 418 1102 439 te
1114 418 1190 438 con-

232 456 293 486 sule
305 477 313 490 ‚
331 456 487 496 putabatur
497 475 506 489 ‚
520 454 623 486 utrum
634 475 643 488 ‚
663 464 728 495 quae
739 454 889 494 superiore
901 462 981 483 anno
991 452 1043 482 ille
1052 449 1188 495 gei-lissa,

233 506 411 531 manerent,
430 507 468 528 an
486 496 732 531 rescinderentur.
756 495 837 538 Qid
853 496 955 536 loquar
969 494 1073 535 plura?
1092 494 1112 522 11
1126 502 1191 522 tan—

234 549 300 570 tum
311 540 362 570 ille
373 542 405 569 in
417 549 465 569 me
476 537 534 569 effe
545 549 606 571 uno
617 538 736 570 roboris
747 557 755 573 ,
777 540 809 568 δε
819 538 938 568 virtutis
949 538 1082 576 putavit,
1104 544 1136 564 ut
1146 543 1188 567 ea,

234 592 300 623 quae
318 582 379 622 ipse
396 579 534 623 gesserat,
553 581 766 614 conciderent,
785 578 806 611 st
822 589 876 621 ego
894 577 1078 610 restitiss'em:
1100 587 1150 607 cur
1161 578 1189 606 ei

235 634 298 653 non
316 624 466 665 ignoscam
479 644 486 657 ‚
508 622 527 654 fi
538 622 696 664 anteposuit
705 622 791 654 suam
802 621 925 653 salutem
936 624 1031 651 meae?
1050 619 1107 650 Sed
1118 628 1192 658 prae-

234 674 318 696 terita
328 667 450 695 omitto.
473 675 523 695 me
541 674 573 696 ut
586 665 814 704 Cn.Pornpejus
831 663 978 695 omnibus
995 662 1053 693 suis
1072 660 1189 693 studiis,

234 707 404 741 laboribus,
426 709 493 737 vita:
509 707 650 747 periculis
667 707 847 746 complexus
863 704 905 735 est
916 725 924 739 ,
945 703 1016 735 cuin
1028 704 1192 742 municipia

233 759 288 789 pro
300 759 349 778 me
359 749 460 783 adiret,
470 750 563 780 Italiae
573 747 664 779 fidem
675 749 868 788 imploraret,
880 746 1048 778 P.Lentulo
1058 745 1188 777 consuli,

233 790 350 821 :iuCtori
360 791 458 822 salutis
469 801 543 823 mere
555 811 564 823 ,
575 790 714 830 frequens
725 788 857 820 assideret
866 809 873 822 ‚
890 789 1001 820 senatui
1012 788 1190 817 sententiam

235 832 380 873 praestaret
391 853 398 866 ,
417 835 449 863 in
459 833 661 864 concionibus
671 842 736 863 non
746 830 841 862 modo
852 831 880 861 se
891 829 1080 860 defensorem
1093 828 1192 859 salutis

235 885 312 905 mcx
323 895 331 909 ,
352 875 399 905 sed
411 877 500 905 etiam
513 875 675 915 supplicem
688 884 742 913 pro
753 883 801 904 me
810 871 1014 912 profiteretur:
1038 871 1127 908 hujus
1137 879 1193 900 vo-

235 917 358 949 luntatis
367 927 438 947 eum
451 937 458 950 ‚
478 927 570 958 quem
582 915 716 947 multum
729 913 809 955 poss'e
820 913 1004 953 intelligebat
1014 933 1022 947 ‚
1040 913 1119 942 milii
1130 921 1193 941 non

235 961 399 989 'inimicum
412 957 469 989 effe
477 967 619 999 cognorat
628 978 636 991 ,
650 957 766 988 socium
779 955 831 986 sibi
842 976 851 990 ‚
863 956 895 986 ὅτ.
904 956 1071 995 adjutorem
1082 957 1117 985 C.
1127 955 1193 983 Cae-

237 1001 329 1030 sarem
340 1001 487 1040 adjunxit.
508 1002 576 1041 Jam
587 999 672 1030 vides
683 1019 691 1032 ,
714 1009 763 1030 me
785 998 840 1029 tibi
855 1008 921 1028 non
938 998 1102 1027 inimicum
1114 1016 1122 1030 ‚
1143 994 1193 1025 sed

235 1042 355 1073 hostem
370 1053 375 1072 ;
394 1043 455 1072 illis
466 1063 476 1075 ,
486 1051 563 1082 quos
573 1041 714 1072 describis
727 1061 736 1074 ,
748 1050 813 1071 non
823 1038 921 1073 modo
930 1049 994 1069 non
1004 1041 1112 1069 iratum
1123 1057 1132 1071 ,
1144 1036 1192 1066 sed

235 1086 326 1114 etiam
337 1086 470 1114 amicum
482 1081 539 1113 effe
550 1083 677 1113 debere?
694 1092 826 1123 quorum
836 1082 908 1112 alter
918 1101 927 1115 ,
947 1081 979 1111 id
989 1080 1071 1121 quod
1081 1080 1194 1109 memi-

235 1136 311 1156 nero
321 1127 447 1166 semper,
459 1125 541 1166 aeque
554 1125 631 1156 mihi
641 1123 700 1155 fuit
708 1126 835 1158 amicus,
843 1134 876 1154 ac
886 1122 940 1153 sibi
951 1135 956 1152 z
966 1124 1039 1153 alter
1048 1142 1057 1155 ,
1069 1121 1099 1151 id
1110 1119 1192 1161 quod

233 1167 394 1197 obliviscar
401 1166 562 1207 aliquando
572 1165 642 1208 ,fibi
652 1166 780 1200 amicior,
791 1175 883 1206 quarn
894 1166 983 1195 mihi.
1006 1163 1128 1194 Deinde
1139 1163 1196 1192 hoc

235 1212 274 1239 ita
295 1208 348 1243 fit,
370 1218 402 1239 ut
422 1211 478 1239 viri
494 1208 608 1242 foi-res,
632 1217 778 1239 ΕτιΑΜει
793 1211 873 1237 rerro
883 1208 961 1236 inter
971 1206 999 1236 se
1017 1206 1195 1236 comminus

235 1252 431 1284 decertarint,
453 1260 555 1281 tamen
572 1250 649 1281 illud
669 1251 879 1281 contentionis
897 1248 1006 1278 odium
1021 1246 1109 1275 simul
1123 1254 1193 1275 cum

237 1293 298 1332 ipsa
317 1303 414 1335 pugna
429 1313 437 1327 ,
461 1293 610 1333 armisque
627 1301 751 1332 ponant.
775 1292 867 1331 Atqui
879 1300 927 1320 me
939 1290 991 1319 ille
1000 1286 1094 1320 odiffe
1104 1296 1196 1317 num-

235 1345 327 1376 quam
339 1337 455 1374 potuit,
477 1344 514 1364 ne
530 1343 596 1365 tum
614 1334 737 1375 quidem
749 1353 758 1367 ,
777 1332 850 1363 cum
861 1330 1087 1362 diffidebamus.
1111 1329 1199 1359 habet

238 1378 297 1407 hoc
312 1379 408 1408 virtus
424 1377 528 1418 (quam
541 1385 572 1407 tu
591 1387 629 1406 ne
649 1375 685 1406 de
704 1375 779 1406 facie
794 1374 920 1415 quidem
937 1372 1029 1412 nosti)
1042 1381 1075 1404 ut
1097 1380 1198 1402 νικος

237 1428 378 1449 FORTEIS
392 1419 506 1459 species
513 1420 578 1458 ejus
587 1438 595 1452 ,
618 1419 650 1449 δε
660 1416 852 1458 pulchritudo
862 1417 952 1446 etiam
964 1425 997 1445 in
1008 1414 1092 1445 hoste
1106 1411 1199 1453 posita

237 1460 376 1491 deleeter.
422 1460 570 1502 Equidem
588 1459 687 1491 dicam
706 1470 745 1490 ex
761 1461 886 1491 animo,
906 1456 1075 1498 P-C.quod
1089 1456 1197 1488 sentio,

240 1504 273 1533 &
283 1503 365 1543 quod
376 1503 466 1533 vobis
477 1502 668 1533 audientibus
679 1522 687 1534 ‚
707 1502 782 1541 saepe
799 1501 862 1539 jam
878 1499 952 1530 dixi.
975 1502 1006 1529 Si
1016 1499 1094 1528 milii
1105 1507 1199 1528 num-

236 1555 328 1586 quam
343 1546 457 1575 amicus
467 1547 500 1575 C.
511 1542 716 1575 caesarfuifl‘et
726 1563 735 1576 ,
756 1542 805 1573 sed
819 1542 934 1581 semper
946 1543 1036 1573 iratus
1049 1551 1054 1569 :
1073 1538 1094 1569 fi
1104 1539 1199 1579 asper-

238 1595 356 1617 naretur
367 1588 530 1617 amicitiam
542 1595 641 1616 meam
653 1605 662 1618 ,
677 1585 796 1625 seseque
808 1584 884 1613 mihi
894 1582 1116 1623 implacabilem
1128 1601 1137 1615 ‚
1152 1583 1201 1610 in-

237 1628 512 1669 explicabilemque
523 1627 681 1667 praeberet:
694 1636 794 1658 tamen
804 1628 832 1655 ei
841 1645 850 1658 ,
861 1628 932 1655 cum
943 1633 1038 1656 tantas
1047 1633 1092 1654 res
1100 1621 1199 1665 gessis-

241 1671 283 1701 set
293 1690 301 1704 ,
316 1678 488 1712 gereretque
497 1669 635 1710 quotidie
643 1689 651 1702 ,
664 1679 729 1699 non
737 1668 849 1697 amicus
858 1664 914 1696 effe
925 1676 989 1696 non
998 1664 1126 1706 pofl'em.
1149 1675 1203 1694 cu-

238 1713 288 1753 jus
304 1722 359 1754 ego
378 1713 507 1751 imperio
524 1720 588 1741 non
600 1710 724 1750 Alpium
735 1730 744 1744 ‚
764 1709 880 1741 vallum
895 1717 998 1739 contra
1013 1707 1200 1740 adscensum,

241 1752 560 1795 transgressionemque
571 1753 729 1783 Gallorum
741 1772 750 1785 ,
769 1760 834 1782 non
843 1751 945 1781 Rheni
956 1749 1062 1780 fossiim
1075 1769 1083 1782 ,
1103 1750 1204 1790 gurgi-

241 1796 323 1826 tibus
333 1796 393 1825 illis
404 1794 624 1826 redundantem
635 1813 644 1828 ,
659 1796 885 1826 Germanorum
895 1790 1121 1822 immaniffiniis
1131 1800 1205 1830 gen-

241 1838 322 1868 tibus
332 1837 445 1877 objicio
456 1856 464 1870 ,
478 1837 511 1867 δε
520 1846 654 1876 oppono.
678 1835 804 1867 Perfecit
813 1835 864 1864 ille
875 1854 883 1868 ,
900 1843 933 1864 ut
943 1854 951 1867 ,
970 1832 989 1862 si
1001 1842 1121 1863 montes
1130 1832 1205 1862 rese—

242 1877 370 1912 diss'ent,
392 1888 496 1908 amnes
509 1877 710 1911 exaruissent,
729 1887 793 1908 non
807 1883 912 1906 natum
923 1874 1078 1916 praesidio,
1097 1873 1145 1906 sed
1161 1876 1206 1903 vi-

242 1920 338 1951 &oria
356 1921 424 1954 sua,
443 1920 586 1961 rebusque
604 1919 693 1961 gestis
703 1919 818 1949 Italiam
838 1927 989 1947 munitam
1009 1917 1198 1948 haberemus.

241 1962 298 1994 Sed
310 1983 319 1996 ,
339 1962 411 1993 cum
426 1972 475 1993 me
486 1971 606 2002 expetat
617 1981 628 1995 ,
641 1962 746 2001 diligat
756 1981 768 1994 ,
780 1961 870 1990 omni
881 1959 965 1990 laude
975 1958 1103 2000 dignum
1114 1967 1207 1998 putet:

243 2015 275 2036 tu
296 2015 346 2035 me
362 2005 378 2035 a
395 2006 454 2035 tuis
469 2005 640 2035 inimicitiis
653 2003 691 2034 ad
704 2001 888 2033 simultatem
901 2002 1076 2033 revocabis?
1096 1999 1134 2030 sic
1148 2001 1208 2030 tuis

243 2047 405 2077 sceleribus
422 2046 557 2086 1retpub.
568 2039 967 2086 praeteritafatarefricabis?
988 2042 1069 2083 quod
1083 2042 1208 2083 quidem
1229 2045 1231 2056 ’

245 2098 277 2119 tu
287 2109 296 2122 ,
307 2091 359 2129 qui
370 2089 446 2120 bene
457 2087 556 2119 nosses
565 2086 822 2128 conjunenonem
835 2096 944 2119 meam,
958 2085 991 2115 &
999 2085 1134 2118 Caesaris,
1144 2085 1208 2114 elu-

244 2130 334 2162 debas
345 2151 354 2164 ,
371 2130 441 2161 cum
457 2131 472 2160 ὲ
485 2140 535 2161 rne
549 2129 747 2161 trementibus
759 2130 891 2159 omnino
902 2128 990 2158 labris
1000 2146 1008 2161 ,
1030 2126 1079 2157 sed
1093 2136 1208 2160 tamen,

246 2182 298 2204 cur
314 2173 370 2203 tibi
389 2182 505 2203 nomen
522 2182 587 2203 non
603 2170 752 2203 deferrem
763 2191 772 2206 ,
796 2169 978 2211 requirebas.
1002 2171 1208 2210 Qarnquam,

247 2213 331 2255 quod
342 2214 378 2245 ad
389 2223 438 2245 me
448 2216 568 2245 attinet:
981 2238 983 2240 .

265 2275 287 2290 ,‚
298 2258 473 2296 Numquam.
490 2255 571 2291 istam
589 2255 762 2285 imminuam
778 2264 879 2284 curam
894 2252 1041 2292 infitiando
1060 2252 1136 2282 ribi:

244 2307 348 2328 tamen
358 2298 400 2328 est
409 2298 489 2328 mihi
499 2296 749 2330 considerandum
761 2315 770 2329 ,
789 2305 937 2336 quantum
947 2296 992 2326 illi
1005 2315 1017 2328 ,
1034 2296 1123 2324 tantis
1134 2296 1207 2334 reip.

244 2341 376 2381 negotiis
385 2359 398 2373 ,v
405 2348 544 2380 tantoque
556 2339 638 2369 bello
647 2338 811 2378 impedito,
832 2347 888 2377 ego
898 2338 994 2366 homo
1003 2334 1210 2369 amiciffimus,

246 2381 461 2417 sollicitudinis
474 2402 485 2415 ,
494 2390 582 2422 atque
591 2382 690 2413 oneris
701 2388 870 2419 imponam.
893 2388 949 2408 nec
962 2377 1085 2416 despero
1096 2386 1209 2410 tamen,

243 2433 428 2466 quamquam
438 2423 558 2465 languet
563 2431 718 2462 juventus,
732 2431 787 2451 nec
797 2419 920 2461 perinde
931 2440 939 2452 ‚
952 2427 1039 2459 atque
1050 2418 1165 2451 debeat,
1177 2420 1209 2448 in

246 2465 344 2496 laudis
354 2485 362 2498 ,
382 2465 415 2495 ὅτ.
424 2466 526 2506 gloriae
538 2464 694 2506 cupiditate
704 2463 833 2493 verfiitur
843 2482 852 2496 ,
871 2461 989 2491 futuros
999 2461 1115 2501 aliquos
1124 2480 1137 2495 a
1155 2461 1208 2500 qui

246 2506 399 2546 abjectum
411 2508 468 2537 hoc
477 2507 613 2540 cadaver„
621 2505 829 2539 consularibus
841 2502 1063 2544 spoliisnudare
1075 2512 1139 2531 non
1151 2512 1208 2532 no—

245 2549 305 2578 lint
316 2569 324 2582 ,
344 2549 507 2589 praesertim
525 2558 586 2578 tam
603 2546 718 2579 affliEto
730 2567 739 2581 ,
760 2556 821 2577 tarn
832 2544 958 2576 infirmo
970 2565 977 2578 ,
998 2554 1058 2575 tam
1069 2553 1209 2574 enervato

248 2599 318 2620 reo:
339 2593 428 2631 quite
439 2589 621 2631 itagess'eris,
647 2599 678 2621 ut
694 2592 816 2620 timeres
827 2609 835 2623 ,
857 2598 896 2618 ne
907 2587 1048 2628 indignus
1059 2584 1208 2617 beneficio

248 2632 393 2662 videreris
405 2653 413 2666 ,
432 2631 488 2664 nisi
501 2633 584 2672 ejus,
603 2632 620 2662 a
632 2642 694 2672 quo
707 2629 813 2661 miss'us
827 2639 887 2660 eras
899 2650 906 2664 ,
927 2628 1102 2658 simillimus
1116 2627 1208 2657 exsti—

196 2677 239 2711 34
253 2672 341 2703 tiffes.
386 2677 435 2704 An
445 2673 517 2704 vero
528 2683 558 2704 tu
569 2684 671 2714 parum
682 2682 766 2713 putas
777 2671 964 2712 investigatas
974 2669 1031 2700 esse
1041 2670 1057 2701 a
1066 2670 1157 2700 nobis
1167 2670 1210 2700 la-

251 2716 302 2746 bes
320 2717 438 2755 imperii
454 2718 516 2750 tui,
539 2715 703 2757 stragesque
717 2716 899 2755 provinciae?
923 2723 993 2754 quas
1011 2712 1137 2754 quidem
1154 2722 1210 2741 nos

251 2767 318 2788 non
326 2757 457 2799 vestigiis
468 2758 627 2792 odorantes
639 2755 783 2799 ingressus
792 2764 879 2791 tuos,
900 2755 950 2786 sed
965 2757 1036 2786 totis
1046 2754 1212 2785 volutatio—

288 2889 312 2907 r..
331 2882 564 2913 Reip1:bl.praercrim
574 2883 635 2914 fata
645 2881 790 2915 resticulis]
816 2881 858 2907 lta
869 2879 937 2906 Pali.
949 2879 1029 2906 nostri
1042 2899 1050 2912 ,
1069 2878 1205 2916 quomodo

249 2917 278 2943 ὃς
297 2924 374 2943 antea
392 2917 538 2949 conjecerat
557 2918 656 2944 anricus
677 2917 763 2944 noster
783 2916 894 2944 Fulvius
912 2915 1036 2949 Urlinus.
1059 2916 1131 2953 prius
1149 2923 1206 2943 erat

261 2955 326 2979 afla.

244 2954 266 2987 s
287 2997 315 3014 2.
336 2991 394 3015 Cum
403 2988 504 3022 equidtm
514 2989 583 3023 tihi]
604 2989 645 3015 Sic
655 2989 724 3016 Pali.
734 2989 878 3026 publicata,
888 2996 938 3014 rum
947 2988 1048 3023 quidem.
1060 2987 1150 3014 iisdem
1162 2998 1209 3014 au-

251 3024 371 3052 &oribus
382 3025 467 3051 statim
479 3025 533 3060 post
545 3025 608 3058 ieci,
618 3026 668 3051 cimi
678 3033 699 3051 te
708 3027 816 3052 trecentis
826 3035 874 3062 pro
884 3032 921 3051 tu.
932 3034 1017 3061 neque
1027 3024 1104 3051 aliter
1116 3024 1210 3051 Viae-

251 3060 442 3094 tiana,ab'1ecit
453 3069 538 3086 himen
550 3071 694 3097 pronomen
707 3062 847 3088 Turnebus
858 3061 885 3088 d.
897 3061 965 3088 libro
977 3068 1040 3087 xxi.

290 3105 317 3133 3.
336 3100 363 3123 C.
383 3100 487 3123 Sentium
502 3098 646 3131 priam-cm]
670 3098 787 3134 Recepta
805 3097 888 3124 le&io
907 3097 1016 3124 habebat
1033 3099 1148 3123 sextium.
1168 3094 1211 3121 sed

252 3132 333 3162 libuit
344 3142 400 3159 eam
412 3134 506 3163 eiicere
519 3153 527 3164 ,
546 3133 617 3169 quod
627 3133 740 3160 alterius
748 3135 850 3161 mentio
860 3134 936 3160 fieret
947 3141 1071 3170 tanquam
1083 3130 1208 3159 Macedo-

251 3169 304 3198 nici
313 3170 432 3207 praetoris
443 3168 512 3206 apud
520 3169 585 3199 alios
595 3168 716 3198 aussores
729 3189 738 3204 ,
757 3170 949 3207 exhiberetque
967 3170 1047 3198 illam
1053 3169 1211 3206 scripturam

1202 114 1751 169 thnizonxs

1225 195 1314 227 nibus
1324 196 1460 236 corporis
1470 216 1479 228 ,
1498 195 1531 227 δί
1540 196 1678 228 cubilibus
1689 200 1832 242 persecuti
1845 199 1959 231 finnus.
1983 198 2119 233 Notatur
2131 209 2191 237 no:-

1228 238 1274 270 bis
1285 238 1352 268 sunt
1364 258 1371 270 ‚
1393 237 1534 278 &prima
1547 239 1598 269 illa
1614 241 1720 272 scelera
1738 245 1768 273 in
1784 242 1914 273 adventu
1928 263 1936 276 ‚
1959 241 2029 272 curn
2043 262 2051 276 ,
2072 241 2191 282 accepta

1225 282 1349 325 pecunia
1360 279 1375 309 -11
1386 281 1601 320 Dyrrhachinis
1613 284 1653 313 ob
1666 293 1770 315 necem
1782 285 1907 324 hospitis
1919 287 1961 315 tui
1972 285 2106 317 Platoris,
2122 293 2189 323 ejus

1228 324 1316 363 iplius
1327 322 1454 352 domum
1467 322 1620 359 evertisti,
1633 326 1718 366 cujus
1730 326 1904 368 sanguinem
1914 325 2069 356 addixeras
2079 346 2088 359 ‚
2100 335 2190 356 eum-

1228 375 1286 406 que
1300 385 1307 397 ,
1325 364 1413 394 servis
1425 363 1649 404 symphoniacis
1659 387 1668 401 ‚
1686 368 1717 398 &
1728 369 1793 398 aliis
1805 369 1981 399 muneribus
1991 368 2116 407 acceptis
2128 387 2136 400 ³
2152 369 2191 397 ti-

1232 415 1367 437 mentem
1378 425 1390 450 2
1405 406 1597 449 multumque
1607 409 1796 440 dubitantem
1807 409 1991 441 confirmasti
2004 430 2014 443 ,
2023 410 2054 440 &
2066 407 2192 440 The—ffi-

1231 449 1362 478 lonicam
1374 447 1432 477 tide
1443 456 1491 479 tua
1504 449 1728 492 venirejuffisti.
1753 462 1843 493 quem
1854 463 1892 482 ne
1903 453 2051 492 majorum
2063 449 2189 492 quidem

1233 500 1316 520 more
1329 490 1475 531 supplicio
1485 488 1606 533 affecisti
1618 512 1627 526 ‚
1648 492 1720 522 cuni
1730 495 1820 524 miser
1830 494 1881 523 ille
1900 494 2049 524 securibus
2064 493 2190 533 hospitis

1233 533 1277 564 sui
1287 535 1418 562 cervices
1430 532 1573 573 subjicere
1582 533 1716 575 gestiret:
1738 535 1787 566 sed
1800 536 1827 565 ei
1843 535 1944 564 medico
1957 555 1966 568 2
1984 545 2074 575 quem
2086 544 2187 565 tecum

1230 574 1393 608 eduxeras,
1414 574 1566 614 imperasti
1580 595 1588 608 ,
1607 585 1638 606 ut
1655 587 1744 606 venas
1762 578 1900 606 hominis
1918 577 2070 607 incideret.
2094 576 2191 607 ²cum

1231 616 1373 657 equidem
1383 616 1439 647 tibi
1449 619 1540 647 etiarn
1553 615 1674 648 acceffio
1684 617 1741 648 fuit
1753 618 1790 649 ad
1801 628 1909 648 necem
1917 618 2040 648 Platoris
2050 637 2058 651 ‚
2073 618 2191 648 Pleura-

1232 667 1276 688 tus
1286 659 1350 698 ejus
1359 668 1475 688 comes·
1490 669 1581 700 quem
1593 659 1704 690 necasti
1714 660 1885 691 verberibus
1894 660 2032 693 ,summa
2041 658 2192 690 senectute

1231 699 1418 730 contectum.
1442 701 1588 742 Idemque
1600 711 1630 731 tu
1641 701 1865 735 Rabocentum,
1878 699 1992 732 Befficae
2001 703 2096 743 gentis
2106 703 2191 741 prin·

1231 744 1331 783 cipem
1343 761 1351 775 ,
1375 741 1447 772 curn
1465 752 1493 772 te
1511 747 1648 773 trecentis
1671 744 1789 774 talentis
1813 745 1873 785 regi
1893 746 1982 773 Cotto
1995 741 2194 780 vendidisses,

1232 782 1511 824 securipercuffisti:
1533 785 1603 815 cum
1623 786 1674 816 ille
1691 785 1726 816 ad
1741 795 1768 816 te
1782 786 1893 826 legatus
1908 787 1940 815 in
1954 784 2042 815 castra
2052 783 2190 819 venisset,

1234 826 1266 856 &
1275 826 1331 856 tibi
1342 836 1447 867 magna
1456 825 1587 867 praesidia
1596 847 1604 861 ,
1617 828 1649 858 ἅτ
1658 828 1768 858 auxilia
1780 848 1787 861 ‚
1799 839 1815 857 a
1824 825 1910 857 Beffis
1920 847 1928 861 ,
1941 826 2075 866 pediturn
2086 846 2095 859 ,
2106 829 2192 868 equi-

1234 876 1358 908 tumque
1369 868 1573 908 polliceretur.
1597 880 1693 910 neque
1704 880 1774 899 eum
1785 869 1885 900 solum
1898 890 1907 902 ,
1922 869 1969 899 secl
1979 870 2069 899 etiarn
2079 877 2193 907 ceteros

1231 909 1342 950 legatos
1353 929 1361 943 ,
1385 912 1438 951 qui
1452 909 1541 940 simul
1551 920 1694 941 venerant
1706 922 1711 940 2
1731 922 1862 952 quorum
1873 913 2017 940 omnium
2028 912 2120 949 capita
2130 911 2192 950 regi

1233 953 1322 982 Cotto
1333 951 1506 982 vendidisti.
1519 954 1702 986 Denseletis‚
1711 964 1776 994 quae
1788 954 1870 983 natio
1877 952 1983 993 semper
1993 950 2113 981 obediens
2122 952 2191 982 huic

1234 995 1363 1035 imperio
1380 1013 1390 1027 ,
1412 996 1501 1024 etiam
1523 996 1556 1024 in
1573 995 1625 1025 illa
1643 1005 1789 1025 omnium
1807 995 2000 1025 barbarorum
2018 993 2189 1024 defeEtione

1234 1034 1430 1065 ixiacedonica
1439 1056 1448 1069 ,
1463 1039 1475 1063 3
1485 1039 1659 1067 C.Sentium
1672 1047 1829 1077 praetoiem
1843 1057 1851 1071 ‚
1865 1046 1955 1067 tutata
1966 1034 2007 1065 est
2018 1056 2025 1069 ,
2039 1034 2192 1065 nefarium

1233 1076 1348 1107 bellurn
1363 1096 1373 1110 ,
1383 1077 1416 1107 δε
1425 1078 1543 1107 crudele
1554 1078 1699 1109 intulisti:
1720 1079 1819 1119 eisque
1829 1078 1899 1108 cum
1913 1076 2090 1108 fidelissimis
2101 1078 2191 1107 sociis

1235 1119 1277 1147 uti
1287 1116 1385 1157 posses
1395 1138 1403 1152 ,
1416 1118 1534 1155 hostibm
1544 1121 1587 1149 uti
1597 1122 1750 1150 acerrimis
1762 1120 1905 1150 maluisti.
1924 1123 1963 1150 ita
1971 1128 2130 1159 perpetuos
2140 1118 2193 1148 de-

1234 1158 1367 1189 fensores
1384 1160 1594 1190 4Macedoniae
1607 1182 1615 1194 ,
1635 1171 1790 1192 vexatores
1802 1182 1811 1194 ,
1831 1171 1861 1191 ac
1875 1161 2036 1201 perditores
2054 1159 2193 1190 effecisti.

1234 1200 1391 1242 ve6tigalia
1401 1201 1500 1232 nostra
1508 1203 1715 1241 perturbarunt
1728 1223 1737 1237 ,
1755 1203 1852 1233 urbeis
1870 1210 2029 1242 ceperunt,
2046 1201 2197 1232 vastarunt

1236 1253 1320 1283 agros
1334 1262 1342 1276 ,
1361 1243 1460 1274 socios
1474 1243 1592 1274 nostros
1606 1247 1639 1275 in
1653 1245 1826 1275 servitutem
1838 1244 2025 1274 abduxerunt
2036 1264 2044 1276 ‚
2064 1242 2198 1273 familias

1236 1285 1431 1325 abripuerunt
1445 1305 1453 1319 ‚
1475 1295 1565 1325 pecus
1581 1287 1741 1327 abegerunt
1755 1306 1763 1320 2
1784 1285 2074 1317 Thessalonicenseis
2089 1306 2098 1318 ‚
2121 1284 2193 1315 cum

1239 1326 1352 1367 oppido
1366 1326 1563 1367 desperassent
1573 1348 1584 1362 ,
1603 1330 1723 1358 munire
1736 1338 1835 1359 arcem
1848 1329 2022 1369 coegerunt.
2045 1330 2058 1354 ἰ·
2068 1330 2093 1356 Α
2107 1337 2133 1356 te
2141 1328 2196 1368 Jo-

1238 1370 1285 1398 vis
1293 1370 1361 1399 Urii
1370 1368 1474 1399 fanum
1484 1368 1729 1411 antiquissimum
1738 1370 1929 1400 barbarorum
1940 1389 1949 1404 ‚
1961 1368 2198 1399 {andtissimumss

1236 1420 1295 1451 que
1306 1410 1456 1451 direptum
1467 1411 1518 1441 est.
1530 1420 1580 1442 tua
1592 1413 1697 1443 scelera
1710 1412 1752 1442 dii
1766 1412 1955 1443 immortales
1965 1413 1998 1441 in
2010 1410 2129 1441 nostros
2137 1412 2197 1441 mi-

1240 1504 1338 1535 neque
1347 1495 1375 1524 se
1386 1505 1513 1525 recreare
1522 1497 1677 1537 quisquam
1687 1495 1792 1536 poss'et,
1802 1498 1855 1537 qui
1865 1495 1957 1527 semel
1968 1493 2117 1525 incidifl'et
2128 1506 2131 1509 ·
2142 1495 2200 1524 du-

1241 1536 1351 1567 bitabat
1364 1546 1457 1567 nemo
1468 1557 1476 1571 ,
1498 1540 1573 1578 quin
1584 1539 1689 1568 violati
1700 1539 1830 1578 hospites
1841 1558 1849 1572 ‚
1865 1538 1951 1579 legati
1961 1539 2057 1567 necati
2069 1561 2074 1565 .
2094 1538 2199 1576 pacati,

1240 1587 1326 1619 atque
1337 1578 1410 1608 socii
1421 1599 1429 1612 ,
1451 1578 1567 1609 nefario
1577 1580 1659 1610 bello
1669 1578 1791 1609 lacefliti
1801 1599 1811 1613 ,
1829 1579 1896 1609 fana
1906 1587 2010 1608 vexata
2021 1599 2030 1612 ,
2051 1579 2126 1608 hanc
2135 1587 2201 1608 tan-

1243 1630 1302 1651 tam
1314 1618 1648 1651 efficerentvastitatein.
1659 1621 1822 1663 Cognoscis
1831 1631 1869 1651 ex
1879 1620 2022 1661 particula
2031 1629 2130 1659 parva,
2141 1620 2204 1650 sce-

1243 1663 1342 1692 lerum
1352 1663 1385 1692 &
1393 1662 1575 1693 crudelitatis
1587 1672 1643 1693 tuae
1652 1673 1746 1705 genus
1757 1663 1944 1693 universum.
1968 1662 2052 1703 Qid
2059 1663 2202 1696 avaritiae,

1244 1714 1309 1745 qua:
1320 1704 1501 1734 criminibus
1511 1704 1640 1735 infinitis
1649 1706 1803 1745 implicata
1810 1704 1853 1735 est
1865 1724 1874 1738 ‚
1893 1705 2046 1734 summam
2055 1713 2138 1733 nunc
2149 1713 2203 1733 ex-

1245 1747 1378 1785 plicem?
1403 1748 1579 1776 Generatim
1588 1757 1621 1777 ea
1633 1767 1643 1780 ‚
1662 1757 1728 1787 quae
1744 1747 1881 1778 maxime
1898 1755 1969 1775 nota
1986 1746 2074 1779 sunt,
2091 1745 2202 1774 dicam.

1247 1790 1363 1817 Nonne
1374 1786 1540 1817 sestertium
1554 1789 1676 1822 centies,
1690 1789 1722 1819 ὅτ,
1733 1788 1867 1829 oStogies
1877 1808 1885 1821 ,
1896 1786 1976 1828 quod
1986 1806 1996 1820 ,
2007 1785 2085 1827 quasi
2095 1785 2209 1827 vafim'i·

1246 1829 1375 1862 nomine,
1394 1832 1426 1858 in
1441 1829 1616 1860 venditione
1631 1832 1692 1860 mei
1706 1831 1811 1870 capitis
1824 1829 2014 1869 adscripseras
2024 1849 2033 1862 ,
2053 1838 2090 1858 ex
2104 1830 2212 1858 aerario

1247 1872 1303 1901 tibi
1312 1870 1508 1906 attributum,
1524 1874 1633 1902 Romae
1646 1874 1678 1902 in
1688 1871 1800 1913 quaestu
1808 1870 1975 1912 reliquisti?
1990 1880 2095 1901 nonne
2111 1868 2209 1902 ‘5ch

1249 1923 1300 1943 cc.
1312 1913 1420 1943 talenta
1431 1914 1486 1943 tibi
1497 1914 1699 1954 Apolloniatae
1709 1917 1818 1945 Romae
1828 1911 1976 1943 dediffent
1984 1932 1995 1946 ,
2015 1922 2052 1942 ne
2065 1914 2207 1952 pecunias

1247 1954 1372 1987 creditas
1382 1955 1533 1996 solverent
1543 1976 1551 1989 ‚
1570 1955 1650 1987 ultro
1662 1954 1816 1986 Fufidium
1827 1976 1835 1990 ‚
1851 1957 1985 1996 equitem
2005 1957 2138 1985 Roman.
2151 1955 2208 1985 ho'-

1229 2022 1231 2037 ,
1250 2007 1369 2027 minem
1390 1996 1619 2028 ornatissimum
1636 1998 1816 2028 creditorem
1828 2018 1837 2031 ‚
1857 1997 2043 2028 debitoribus
2053 1997 2114 2026 suis
2124 1996 2209 2026 addi-

1249 2038 1341 2070 xisti?
1355 2049 1460 2070 nonne
1469 2060 1476 2073 ‚
1490 2039 1603 2069 hiberna
1612 2039 1684 2070 cum
1694 2040 1791 2081 legato
1801 2060 1811 2073 ,
1820 2038 2020 2080 praet⁴e6toque
2029 2036 2211 2071 tradidisses,

1230 2095 1232 2121 g
1251 2080 1384 2112 evertisti
1396 2082 1516 2112 miseras
1526 2082 1664 2114 funditus
1676 2084 1828 2113 civitates:
1847 2091 1913 2122 quae
1928 2091 1993 2111 non
2005 2080 2103 2111 solum
2119 2081 2211 2110 bonis

1254 2124 1321 2154 sunt
1332 2123 1481 2154 exhaustae
1491 2144 1503 2157 ,
1520 2124 1570 2154 sed
1579 2126 1670 2155 etiam
1680 2123 1808 2154 nefarias
1817 2124 1985 2154 libidinum
1995 2123 2213 2155 contumelias,

1253 2165 1510 2207 turpitudinesque
1527 2166 1701 2197 subierunt?
1723 2168 1785 2206 Qi
1801 2166 1912 2196 modus
1925 2165 1980 2195 tibi
1991 2163 2051 2195 fuit
2060 2163 2216 2203 frumenti,

1253 2207 1444 2238 aestimandi?
1463 2210 1516 2249 qui
1529 2209 1704 2239 honorarii?
1721 2206 1877 2249 siquidem
1896 2205 1994 2246 potest
2010 2206 2060 2239 vi,
2081 2205 2113 2235 &
2124 2213 2211 2235 metu

1253 2259 1409 2279 eXtortur-ri
1426 2269 1436 2283 x
1459 2251 1658 2281 honorarium
1678 2251 1843 2280 nominari.
1871 2248 1953 2288 quod
1972 2246 2043 2277 cum
2063 2247 2212 2288 pleraeque

1253 2301 1362 2321 omnes
1371 2311 1380 2326 ‚
1392 2301 1458 2321 turn
1468 2291 1653 2322 acerbiffime
1666 2293 1775 2321 Boeotii
1787 2311 1796 2325 ,
1809 2291 1842 2321 δε
1852 2290 2009 2329 Byzantii,
2020 2290 2212 2319 Cherronen-

1254 2333 1309 2365 ses‚
1319 2331 1532 2362 Thessalonica
1541 2333 1637 2364 senfit.
1661 2343 1739 2362 unus
1749 2341 1781 2362 tu
1791 2332 1919 2362 dominus
1928 2351 1936 2364 ,
1949 2341 2028 2361 unus
2037 2329 2209 2374 aestimator,

1253 2384 1293 2403 un
1299 2384 1333 2403 us
1342 2373 1482 2403 venditor
1493 2394 1502 2408 ,
1513 2383 1574 2404 tota
1584 2376 1616 2404 in
1627 2376 1782 2414 provincia
1791 2395 1801 2408 ,
1811 2384 1861 2414 per
1872 2374 2040 2403 triennium
2052 2393 2060 2406 ,
2071 2372 2210 2403 frumen-

1250 2467 1318 2487 rum
1335 2456 1510 2497 paffiones,
1533 2459 1735 2489 redemtiones
1746 2478 1756 2492 ‚
1774 2456 1973 2488 acerbissimas
1990 2457 2209 2490 damnationes,

1250 2497 1505 2529 libidinosissimas
1518 2500 1710 2530 liberationes
1723 2499 1873 2540 proferam
1886 2502 1897 2529 ?
1914 2499 2147 2529 tantumlocum
2158 2499 2213 2529 ali-

1250 2551 1341 2582 quem
1356 2551 1425 2571 cum
1441 2543 1518 2571 mibi
1533 2552 1641 2573 notum
1653 2542 1795 2576 senseris,
1816 2551 1916 2572 tecum
1927 2541 1986 2581 ipse
1997 2541 2117 2574 licebit,
2135 2549 2213 2582 quot

1254 2626 1313 2655 lam
1323 2635 1467 2655 armorum
1478 2626 1617 2665 officinam
1627 2625 1736 2666 ecquid
1743 2625 1905 2656 recordaris
1916 2646 1930 2659 ,.
1938 2635 2008 2655 curn
2019 2626 2107 2654 omni
2118 2627 2215 2655 totius

1254 2670 1417 2707 provinciae
1437 2677 1542 2708 pecore
1561 2668 1721 2708 compulso
1738 2688 1746 2702 ,
1769 2667 1897 2708 pellium
1916 2668 2062 2700 nomine,
2083 2676 2214 2698 omnem.

1255 2709 1403 2750 quaestum
1414 2711 1503 2739 illum
1514 2709 1716 2741 domesticum
1727 2730 1736 2744 ,
1754 2718 1971 2750 paternumque
1979 2707 2150 2739 renovasti?
2167 2710 2217 2738 vi-

1233 2747 1236 2791 l
1256 2753 1340 2782 cieras
1351 2753 1434 2783 enim
1445 2754 1564 2794 grandis
1573 2754 1638 2793 jam
1649 2761 1722 2793 puer
1736 2751 1817 2782 bello
1835 2752 1940 2782 Italico
1951 2771 1960 2785 ‚
1979 2750 2084 2791 repleri
2098 2750 2216 2823 qlskaestu'

2082 2801 2118 2822 ve
2148 2802 2212 2823 ram

1254 2879 1414 2915 Turingieus
1426 2878 1506 2910 liber,
1517 2877 1559 2905 cui
1570 2876 1691 2904 secundas
1704 2876 1814 2904 faciebat
1824 2876 1880 2903 Pal.
1891 2874 2028 2902 secundus.
2202 2897 2206 2901 i

1289 2923 1316 2948 4.
1338 2916 1480 2942 Macedonia
1488 2922 1614 2941 vexarat-cs
1634 2923 1662 2939 ac
1676 2914 1805 2947 perditores
1815 2913 1870 2946 eff]
1893 2911 1966 2939 Ideni
1977 2911 2088 2939 Ersurd.
2094 2912 2216 2946 praedtm'-

1254 2961 1302 2983 res,
1315 2961 1398 2987 neque
1410 2951 1488 2987 longe
1498 2951 1553 2977 abit
1563 2951 1607 2976 Pal
1615 2971 1620 2976 .
1631 2949 1680 2976 sec.
1691 2950 1716 2975 in
1728 2950 1925 2985 quopreditorcs.

1293 2997 1319 3022 5.
1339 2991 1392 3014 Ate
1400 2989 1472 3022 Juvis
1482 2986 1649 3020 Uriifanum]
1674 2988 1707 3011 Or
1716 2993 1771 3012 tuin
1784 2995 1798 3011 a
1810 2984 1961 3017 comestura
1972 2984 2090 3011 Tui-nebi
2105 3005 2112 3015 ‚
2131 2993 2213 3020 quam

1254 3024 1343 3050 firmat
1353 3025 1460 3059 egregie
1472 3023 1519 3049 lib.
1530 3031 1594 3050 xxi,
1613 3022 1641 3047 d.
1652 3032 1707 3058 cup.
1722 3031 1730 3047 i
1739 3031 1763 3055 5.
1784 3020 1879 3047 alludit
1892 3021 1947 3047 l’al.
1968 3020 2017 3047 1ὲῖ
2036 3021 2127 3057 inquo
2136 3022 2212 3048 surii,

1256 3069 1315 3087 nani
1327 3070 1366 3096 pr.
1377 3062 1493 3087 velmors.
1502 3057 1608 3085 vocibus
1618 3057 1718 3084 divtiis.
1731 3057 1848 3092 vulg-tta,
1859 3058 1955 3091 νᾶφυ-ι’.
2205 3080 2207 3084 ,

1292 3096 1319 3122 6.
1339 3097 1397 3123 Citm
1407 3105 1453 3122 cc.
1474 3095 1590 3129 ταωνι]
1612 3094 1668 3120 Pal.
1680 3094 1729 3119 sec.
1751 3102 1840 3119 tentum
1860 3092 2023 3119 solummodo
2034 3091 2159 3128 agnoscit.
2177 3092 2209 3121 ὃς

1257 3131 1362 3159 videtui·
1380 3131 1442 3161 satis
1452 3130 1528 3160 fuisse
1545 3129 1585 3159 ad
1596 3129 1820 3167 corrumpendum
1838 3130 1907 3157 hunc
1925 3137 2048 3157 truncum
2061 3149 2070 3162 ‚
2089 3129 2107 3155 fi
2123 3126 2209 3154 niodo

1256 3167 1328 3197 satis.
2078 3208 2102 3228 1.
2111 3199 2205 3233 ᾐών

2216 1332 2230 1365 51³

1238 1453 1306 1482 lites
1315 1454 1502 1494 expiaverunt
1510 1465 1521 1481 .-
1538 1454 1672 1495 quicum
1683 1464 1745 1484 uno
1755 1464 1863 1496 genere
1873 1454 1974 1484 morbi
1983 1452 2201 1494 affligerentur,
2211 1446 2218 1455 ⁶

1252 2586 1284 2613 in
1297 2594 1332 2613 eo
1343 2593 1450 2625 genere
1461 2603 1469 2616 ,
1486 2584 1518 2614 δε
1528 2594 1636 2624 quanta
1647 2582 1838 2614 sintcrimina
1848 2604 1862 2617 ‚r
1871 2583 2034 2613 recordere.
2058 2583 2139 2624 Qid
2150 2588 2160 2614 ἓ
2173 2583 2213 2613 il·
2249 2605 2257 2608 -

2238 1330 2260 1363 Μ’)

1250 2417 1273 2446 ti
1284 2416 1389 2445 omnis
1399 2414 1492 2445 fuisti.
1516 2416 1597 2458 Qid
1608 2426 1663 2458 ego
1673 2426 1773 2446 rerum
1783 2415 1954 2456 capitalium
1966 2413 2131 2457 qua-stiones,
2143 2424 2209 2445 reo·
2231 2444 2248 2458 d,
2270 2412 2286 2446 ,⁸
2324 2414 2337 2438 {¹
