2297 3389
545 115 818 161 onAmo
875 110 996 161 PRo'
1049 117 1106 166 A.
1142 119 1485 174 CtuEwrm
1526 127 1746 180 Aviro.

169 191 232 225 vita
241 212 250 227 ‚
276 191 324 224 sed
336 190 425 224 etiam
436 200 627 226 nomenante
635 191 712 221 illud
722 199 840 231 teinpus
854 194 968 232 populo
985 196 1125 234 ignotum

171 233 273 265 fuisset
285 245 290 263 :
315 233 556 276 indignissimum
575 231 665 273 porro
685 232 837 263 videretur
846 254 854 267 ,
882 237 1124 266 circumventum

173 276 233 308 effe
252 278 445 306 innocentem
454 276 581 315 pecunia
596 284 601 303 :
619 276 697 304 lianc
706 273 816 304 deinde
825 275 1025 314 suspicionem
1035 287 1124 316 auge-

172 327 216 349 ret
225 319 334 349 Staieni
343 316 528 356 improbitaS,
541 316 574 345 δε
584 316 805 345 nonnullorum
816 316 880 355 ejus
891 314 1036 346 similium
1041 320 1123 355 jusii-

170 370 236 389 eum
254 358 404 398 turpitudo
415 368 420 386 :
441 358 556 387 causam
574 366 674 387 autem
691 365 786 399 ageret
795 359 830 387 L.
842 359 987 398 Qintius
996 377 1004 391 ,
1026 359 1123 389 homo

169 400 242 431 cum
260 401 377 430 summa
394 398 534 439 potestate
550 398 689 439 praeditus
698 418 707 432 ‚
737 407 803 428 tum
824 398 860 428 ad
886 397 1122 447 inflammandos

168 445 287 472 animos
298 440 502 470 multitudinis
513 439 757 470 accommodatus
769 450 775 469 :
800 443 810 459 ¹
822 439 970 470 summam
984 441 1030 488 illi
1038 442 1121 481 judi-

165 485 216 514 cio
232 481 379 513 invidiam
389 501 397 515 ,
419 481 638 522 infamiamque
645 480 703 511 effe
714 480 884 511 conflatam.
907 491 994 522 atque
1002 492 1035 512 in
1045 484 1121 527 hanc

165 524 323 555 flammam
333 532 494 556 recentem,
506 526 540 553 C.
550 525 679 564 Junium
689 544 697 556 ‚
709 525 761 563 qui
771 523 816 553 illi
829 522 987 563 quaestioni
997 526 1121 571 prssiue-

164 575 225 600 rat,
242 564 389 605 injeetum
399 563 456 594 ess'e
467 567 614 598 memini,
626 565 659 595 ὃς
670 565 761 594 illum
772 565 931 594 hominem
942 565 1114 599 aedilitium,

160 609 226 649 jam
242 617 399 648 praetorem
416 607 612 646 opinionibus
629 608 793 636 hominum
814 606 1014 652 constitutum
1024 627 1033 641 ,
1052 617 1117 637 non

164 649 376 690 disceptatione
386 648 516 682 dicendi,
532 648 579 678 sed
589 648 719 678 clamore
731 648 945 695 hominum,de
953 652 1020 698 roro
1029 657 1116 689 atque

160 691 235 722 a'deo
251 691 288 721 de
296 692 416 721 civitate
425 688 482 720 esse
492 690 651 720 sublatum.
681 691 789 730 Neque
799 699 847 718 me
857 698 983 734 poe-nitet
992 699 1049 720 noc
1059 700 1116 729 po—

159 731 221 764 tius
231 732 470 773 temp01·e,quam
481 731 667 764 illo,c:iufam
678 731 848 760 A.Cluentii
857 730 1025 761 defendere.
1037 734 1113 761 Cau-

160 774 189 805 sa
197 776 281 804 enim
292 783 393 804 manet
401 773 515 806 eadem,
526 783 590 813 quae
601 774 709 802 mutari
718 771 803 800 nullo
814 772 909 802 modo
918 772 1029 811 potest:
1040 781 1111 802 tem-

154 817 226 857 peris
235 817 373 858 iniquitas
383 836 391 849 ,
412 825 497 855 atque
507 813 622 843 invidia
629 811 744 843 receffit
753 832 762 845 ‚
782 821 830 846 ut,
843 813 923 853 quod
936 816 967 843 in
978 823 1110 854 tempore

158 858 233 888 mali
244 857 313 891 fuit,
325 857 403 887 nihil
413 854 487 885 obfit
499 866 504 883 τ
524 854 604 895 quod
614 857 646 884 in
655 854 738 884 causa
748 854 823 884 boni
832 854 890 884 fuit
901 874 909 888 ,
920 854 1020 895 prosit.
1051 859 1111 886 Ita-

159 909 216 940 que
227 909 309 929 nunc
316 896 575 938 quemadmodum
585 896 686 925 audiar
695 915 704 928 ‚
715 896 823 930 sentio,
835 906 898 926 non
908 896 1003 927 mode>
1013 897 1049 927 ab
1058 899 1107 932 iis,

156 950 287 981 quorum
295 940 442 979 judicium
455 958 462 970 ,
483 947 569 978 atque
581 936 706 977 potestas
724 936 783 967 est:
804 937 853 967 sed
872 940 962 968 etiam
980 939 1016 968 ab
1031 939 1104 972 illis,

155 991 286 1022 quorum
300 989 414 1011 tantum
426 978 468 1009 est
483 978 664 1015 existimatio.
696 982 735 1008 At
749 988 812 1008 tum
832 978 853 1008 fi
869 979 1000 1010 dicerem
1011 1002 1021 1014 ,
1041 991 1106 1011 non

154 1022 272 1053 audirer
282 1033 288 1051 ε
313 1032 375 1052 non
386 1019 467 1062 quod
476 1021 531 1051 alia
540 1030 586 1050 res
595 1019 678 1053 effer,
688 1019 787 1050 immo
796 1021 911 1054 eadem,
928 1022 975 1052 sed
986 1031 1105 1062 tempus

116 1081 138 1104 0
154 1063 244 1095 aliud.
258 1063 293 1094 Id
303 1062 376 1094 adeo
391 1063 428 1092 sic
438 1063 617 1104 cognoscite.
647 1063 723 1102 Qis
731 1071 795 1091 tum
805 1062 924 1093 auderet
932 1063 1106 1096 diceremo—

95 1080 108 1112 3
152 1114 271 1137 centem
282 1105 518 1135 condemnatum
529 1102 586 1134 effe
596 1105 794 1143 Oppianicum
807 1107 817 1133 ἓ
833 1107 900 1144 quis
916 1114 999 1136 nunc
1012 1105 1043 1152 id
1052 1116 1105 1136 au-

153 1147 203 1178 det
213 1150 338 1188 negare?
356 1148 432 1188 Qus
453 1156 516 1175 tum
536 1144 632 1185 posset
648 1155 765 1186 arguere
774 1165 783 1178 ,
804 1146 839 1175 ab
848 1148 1012 1186 Oppianico
1020 1147 1103 1185 judi-

149 1191 233 1219 cium
253 1197 400 1219 tentatum
419 1186 475 1217 effe
488 1189 629 1227 pecunia?
650 1186 758 1227 quisid
767 1188 826 1217 hoc
835 1196 970 1228 tempore
982 1188 1102 1219 infitiari

148 1229 268 1271 potest?
288 1232 343 1260 Cui
355 1239 417 1259 tum
429 1230 529 1259 liceret
538 1228 642 1258 docere
652 1248 660 1261 ‚
680 1230 878 1267 Oppianicum
889 1240 975 1259 reum
985 1229 1098 1260 fabium

148 1270 207 1302 esse
226 1281 291 1301 tum
306 1272 435 1311 denique
445 1291 454 1304 ,
473 1269 544 1300 cum
554 1269 672 1299 duobus
681 1272 829 1308 proximis
838 1271 1016 1310 praejudiciis
1025 1282 1100 1302 con-

151 1314 309 1344 demnatus
319 1311 409 1342 esset?
427 1314 493 1352 quis
504 1311 557 1345 est,
569 1313 622 1351 qui
634 1311 663 1340 id
673 1312 730 1340 hoc
740 1320 875 1351 tempore
884 1312 1036 1344 infirmare
1046 1324 1099 1343 co—

147 1358 257 1385 netur?
274 1357 381 1396 Qare,
392 1353 507 1383 invidia
517 1362 640 1385 remota,
651 1362 741 1392 quarn
752 1352 808 1380 dies
815 1355 970 1393 mitigavit
979 1375 987 1387 ,
1001 1357 1097 1385 oratio

148 1406 217 1426 mea
225 1396 374 1435 deprecata
382 1394 435 1428 est,
444 1393 537 1424 vestra
548 1392 619 1423 fides
630 1414 638 1427 ‚
649 1403 734 1433 atque
745 1397 866 1434 aequitas
876 1396 891 1425 a
899 1398 1028 1426 veritatis
1037 1397 1098 1427 dis-

144 1439 311 1478 ceptatione
325 1438 447 1472 rejecit3
464 1435 535 1476 quid
545 1435 588 1465 est
597 1444 734 1475 praeteiea
742 1455 750 1468 ,
770 1436 851 1476 quod
863 1447 895 1466 in
906 1438 990 1467 causa
1002 1438 1095 1471 relin-

143 1480 269 1520 quatur?
294 1478 442 1508 Versatam
459 1475 516 1507 effe
535 1479 565 1506 in
582 1476 697 1516 judicio
715 1480 870 1515 pecuniam
882 1499 891 1511 ‚
910 1478 1042 1510 constat:
1062 1490 1095 1511 ea

142 1517 283 1561 quaeritui·
292 1519 371 1549 unde
380 1518 513 1559 profes&
522 1517 571 1552 sit,
591 1518 626 1548 ab
635 1519 810 1552 accusatore,
820 1529 857 1549 an
866 1520 902 1549 ab
913 1530 971 1550 reo.
995 1524 1095 1551 Accu—

140 1564 219 1593 sator
234 1561 307 1591 dicit
325 1563 405 1591 liaec:
424 1559 562 1591 *Primum
574 1580 582 1593 ,
602 1558 779 1600 gravissimis
788 1561 968 1591 criminibus
977 1564 1091 1593 accusa-

139 1603 210 1635 bam
220 1624 228 1636 ,
249 1611 282 1633 ut
291 1603 452 1643 nihilopus
462 1600 531 1632 esset
540 1603 680 1641 pecunia:
704 1601 813 1632 deinde
823 1622 832 1635 ‚
851 1603 1089 1635 condemnatum

138 1645 334 1678 adducebam,
348 1653 382 1674 ut
390 1655 428 1674 ne
438 1645 510 1683 eripi
519 1643 642 1684 quidem
653 1644 778 1683 pecunia
786 1643 881 1683 poss‘et
897 1655 902 1673 :
919 1645 1083 1685 postremo,

137 1688 230 1718 etiam
243 1685 263 1716 si
273 1686 423 1717 absolutus
434 1684 504 1715 effer
512 1705 521 1718 ,
543 1692 790 1715 meamirrtamen
799 1687 943 1716 omnium
952 1686 1087 1719 fortuna—

136 1738 207 1759 rum
217 1726 304 1758 status
313 1729 478 1758 incolumis
487 1736 628 1757 maneret.
638 1726 719 1766 Qiid
728 1727 830 1758 contra
839 1738 904 1757 reus
916 1734 926 1759 ἓ
937 1728 1085 1765 Primum,

135 1770 230 1810 ipsam
241 1769 480 1803 multitudinem,
494 1769 526 1799 &
535 1769 714 1798 atrocitatem
722 1770 887 1799 criminum
898 1772 1089 1809 pertimesce—

135 1811 207 1842 bam
220 1821 226 1840 :
244 1810 352 1841 deinde
361 1831 369 1845 ,
386 1811 526 1842 Fabriciis
537 1831 545 1844 ‚
558 1811 880 1851 propter-consiientiam
890 1814 951 1841 mei
958 1813 1084 1848 sceleris,

134 1852 363 1886 condemnatis,
377 1863 427 1883 me
436 1851 494 1882 effe
501 1853 738 1882 condemnatum
751 1872 759 1885 ‚
773 1852 952 1883 sentiebam:
971 1853 1084 1894 postre-

136 1893 191 1924 mo
201 1914 210 1927 ,
228 1896 261 1923 in
270 1904 341 1923 eum
351 1895 450 1924 casum
460 1903 599 1924 veneram
611 1913 620 1927 ‚
640 1902 673 1923 ut
690 1895 792 1923 omnis
803 1904 939 1924 mearum
949 1894 1085 1927 fortuna-

135 1945 204 1966 rum
214 1934 303 1965 status
313 1937 400 1965 unius
407 1935 513 1974 judicii
521 1935 655 1974 periculo
664 1937 877 1965 contineretur.
908 1939 970 1977 Age
981 1956 989 1970 ,
1008 1948 1084 1978 quo-

134 1978 218 2007 niam
229 1976 440 2016 corrumpendi
445 1978 456 2016 j
461 1976 554 2006 udicii
563 1976 657 2006 causas
667 1975 717 2005 ille
727 1977 836 2006 multas
846 1996 855 2010 ,
867 1977 900 2006 &
908 1980 1021 2018 graveis
1030 1981 1082 2010 ha-

131 2017 200 2049 buit
209 2038 217 2051 ‚
237 2019 287 2048 hic
308 2018 423 2048 nullam
438 2028 444 2047 :
470 2016 619 2057 profectio
640 2015 729 2056 ipsius
754 2019 888 2057 pecuniae
908 2021 1079 2060 requiratur.

131 2058 272 2090 Confecit
286 2058 398 2088 tabulas
413 2057 639 2100 diligentissime
655 2059 822 2089 Cluentius.
851 2061 916 2090 haec
924 2070 1023 2091 autem
1034 2073 1079 2093 res

129 2101 219 2131 habet
228 2101 286 2131 hoc
294 2101 372 2131 certe
384 2120 391 2134 ,
411 2109 444 2130 ut
458 2100 535 2130 nihil
545 2099 636 2140 poss'it
644 2110 740 2140 neque
749 2101 883 2131 additum
896 2123 904 2135 ‚
921 2113 1015 2143 neque
1026 2104 1078 2134 de-

128 2142 256 2172 imaum
266 2141 302 2172 de
313 2152 343 2171 re
352 2141 493 2172 familiari
502 2142 601 2171 latete.
616 2144 688 2171 anni
698 2142 765 2172 sunt
774 2142 856 2177 οᾶο,
867 2143 936 2174 cum
948 2145 1000 2175 ista
1009 2155 1078 2175 cau-

127 2183 198 2214 sain
208 2182 261 2213 ista
269 2183 464 2214 meditatione
472 2184 616 2213 versatur:
635 2182 708 2212 curn
720 2187 825 2214 omnia
836 2205 844 2218 ,
863 2195 929 2225 quae
948 2196 1028 2217 nunc
1040 2188 1076 2218 ad

86 2223 89 2227 ’
125 2235 194 2255 eam
208 2235 271 2255 rem
280 2227 432 2265 pertinent
441 2245 448 2258 ‚
463 2225 494 2254 ὃς
506 2234 543 2254 ex
555 2225 593 2254 liu
595 2224 604 2263 j
609 2234 655 2257 us,
663 2225 695 2253 δε
703 2235 740 2254 ex
750 2225 878 2255 aliorum
889 2227 1006 2262 tabulis,
1016 2231 1076 2270 agi-

126 2269 203 2300 tatis,
215 2265 353 2299 trae‘tatis,
364 2268 515 2307 inquiritis
526 2276 532 2294 τ
543 2265 615 2295 εὺῐη
628 2267 738 2296 interea
748 2267 932 2297 Cluentianae
941 2273 1076 2308 pecuniae

123 2307 285 2349 vestigium
295 2308 414 2338 nullum
425 2309 579 2337 invenitis.
601 2307 683 2345 Qud
694 2310 705 2335 ?
716 2308 842 2337 Albiana
851 2312 977 2348 pecunia
984 2311 1076 2341 vesti-

123 2349 220 2390 giisne
231 2353 245 2369 ²
254 2349 341 2379 nobis
351 2349 500 2379 odoranda
510 2347 562 2382 est,
573 2358 610 2378 an
622 2348 657 2378 ad
666 2349 763 2387 ipsum
775 2348 871 2381 cubile,
890 2351 977 2381 vobis
989 2352 1074 2383 duci-

123 2391 192 2424 bus,
202 2392 305 2421 venire
313 2389 488 2430 possumus?
507 2394 519 2417 3
531 2393 760 2420 Tenenturuno
769 2392 802 2420 in
813 2391 880 2421 loco
893 2401 945 2422 11-s
958 2403 1069 2425 iocxn:

122 2441 261 2462 tenentur
269 2432 344 2471 apud
354 2433 514 2461 hominem
524 2429 765 2461 audaciffimum:
786 2441 925 2463 tenentur
932 2435 1008 2474 apud
1019 2437 1073 2475 ju—

122 2473 232 2504 dicem.
255 2473 327 2513 quid
340 2474 430 2503 vultis
439 2474 588 2512 amplius?
606 2475 646 2502 At
654 2475 737 2502 enim
749 2473 883 2503 Stalenus
894 2485 956 2504 non
966 2476 1024 2507 fuit
1033 2479 1070 2508 ab

121 2516 287 2556 Oppianico
298 2534 306 2548 ‚
331 2514 384 2545 sed
401 2513 418 2545 ὲ
436 2515 578 2546 Cluentio
596 2513 630 2544 ad
645 2514 796 2554 judicium
811 2518 1067 2558 corrumpendum

114 2619 1531 2638 Ἣ

156 2667 166 2685 1
175 2679 180 2684 .
198 2662 317 2684 Summam
326 2659 449 2692 illijudicio
456 2660 573 2685 invidiam
586 2661 754 2694 Infamiamque
764 2664 913 2697 conflatam]
932 2665 974 2690 Ita
992 2665 1069 2692 hodie

116 2693 223 2730 quidem
236 2694 369 2728 vulgatur,
389 2693 430 2720 sed
441 2704 549 2721 avorum
561 2694 653 2721 saeculo
662 2697 711 2722 cusi
723 2706 774 2723 non
786 2698 881 2725 hubent
892 2700 957 2725 illud
966 2701 1050 2731 judicio
1062 2722 1069 2734 ‚

115 2729 236 2765 abestque
247 2729 309 2755 item
322 2730 388 2755 l'all.
399 2729 639 2766 septe1113qiioriim
650 2741 690 2766 pr.
701 2733 728 2758 &
740 2741 828 2767 quart.
840 2743 964 2770 pra-‘terea
975 2737 1068 2772 praefe-

117 2767 300 2798 ruiitsummam
309 2767 372 2791 illam
382 2766 508 2791 invidiam.
529 2766 689 2794 Gulielmius
707 2771 846 2796 :innotavit
866 2772 1009 2799 variantem
1031 2773 1069 2799 le—

116 2800 231 2828 {tionem
243 2801 451 2827 membranarum
463 2803 489 2827 S.
501 2801 616 2828 ViRoris
629 2821 637 2835 ,
649 2811 707 2838 quae
716 2803 769 2831 haec
780 2815 785 2832 :
801 2806 918 2839 ficmmam
936 2810 970 2833 Illi
980 2809 1071 2842 judicio

112 2837 195 2863 invid.
213 2836 278 2863 alias
291 2856 299 2869 ,
311 2839 345 2863 illi
352 2840 425 2863 Avito
442 2838 519 2863 imid.
1056 2858 1057 2861 =

150 2881 179 2898 2.
198 2873 267 2899 Nobis
284 2873 429 2907 odoranda]
449 2873 492 2899 Est
504 2874 518 2898 ὰ
529 2873 598 2899 Pali.
609 2883 682 2901 omn.
702 2875 730 2900 &
741 2877 847 2912 egregie
867 2879 1009 2915 opponitur
1027 2879 1068 2906 se-

114 2908 206 2943 quenti
219 2928 228 2940 ,
238 2908 310 2934 vobis
321 2909 428 2934 ducibus.
448 2909 516 2935 male
527 2916 602 2935 antea
610 2911 686 2936 vobis.

152 2946 179 2978 3'.
197 2945 313 2969 Tenentur
321 2953 365 2969 uno
374 2947 399 2970 in
408 2947 452 2969 Ioco
462 2945 521 2971 H-s
535 2954 564 2970 io
575 2955 632 2971 cxi,
644 2956 650 2972 :
663 2948 797 2982 tenentum]
817 2949 873 2976 Pal.
884 2949 933 2977 sec.
943 2951 1011 2979 abest
1021 2952 1067 2980 ad-

115 2977 166 3004 huc
175 2978 242 3005 illud
254 2981 324 3005 H·S.
334 2980 362 3005 δ(
372 2987 476 3015 poterut
487 2980 659 3017 subintelligi.

150 3020 179 3046 4.
197 3017 247 3039 Car
257 3015 305 3040 cion
314 3019 340 3041 in
350 3017 494 3049 concilium]
508 3015 621 3044 Admifit
633 3018 776 3045 Lambinus
789 3019 855 3046 illud
868 3022 992 3050 iteratum
1003 3033 1046 3050 cur
1056 3044 1065 3056 ‚

113 3047 166 3074 side
176 3048 272 3077 codicis
285 3069 294 3081 ,
303 3057 407 3086 utputo
419 3071 426 3082 ,
446 3053 472 3077 S.
484 3051 600 3079 Victoris
612 3072 620 3085 ,
639 3055 685 3089 qui
695 3055 731 3081 ita
741 3055 806 3082 alias
818 3056 870 3093 legi
882 3078 891 3091 ‚
909 3058 1065 3087 adnotatum

112 3083 233 3110 habebat.
254 3085 321 3111 Pali.
332 3087 423 3113 nostn's
435 3096 486 3114 non
499 3086 578 3114 adest.

147 3128 177 3155 5.
195 3123 337 3153 Oppianicus
344 3123 589 3160 quamq-Malim
600 3124 669 3159 fei-e,
680 3128 907 3164 reqzeirebae5-quod
915 3131 945 3159 -iii
956 3131 1012 3160 Pal.
1020 3141 1066 3170 pr.

2031 140 2123 201 361

1170 201 1357 234 constitutus.
1381 208 1441 236 Cur
1449 217 1529 242 eum,
1542 207 1614 239 cum
1624 211 1657 240 in
1667 208 1827 241 confilium
1838 208 1939 247 iretur,
1954 213 2121 248 Cluentius,

1169 242 1202 270 &
1218 246 1383 276 Cannutius
1397 247 1492 279 abess‘e
1508 251 1715 289 patiebantur?
1730 257 1750 280 4
1760 263 1814 283 cur
1828 253 1900 284 cum
1915 257 1947 284 in
1956 255 2119 288 consilium

1168 285 1335 321 mittebant,
1348 290 1655 330 Stalenumjudicem,
1665 295 1713 324 cui
1724 297 1883 334 pecuniam
1891 296 2041 331 dederant,
2054 308 2118 329 non

1164 327 1373 363 requirebant?
1391 334 1404 357 5
1415 334 1597 371 Oppianicus
1605 335 1773 375 quaerebat?
1791 339 1934 377 Qintius
1944 337 1981 368 fia
2004 339 2092 369 itabat
2105 342 2117 369 ?

1164 361 1223 406 sine
1234 369 1352 399 Staieno
1362 381 1401 401 ne
1412 383 1444 402 in
1454 373 1613 405 consilium
1623 379 1730 411 iretur,
1751 350 2040 421 tribunitiapoteffate
2048 390 2116 420 per-

1176 404 1277 436 e8tum
1294 409 1345 439 est.
1376 415 1415 442 At
1429 415 1657 447 condemnavit.
1688 421 1774 450 Hanc
1791 423 1875 450 enim
1888 421 2117 453 damnationem

1165 445 1283 477 dederat
1292 450 1424 482 obsidem
1437 456 1533 486 Bulbo
1545 478 1552 490 .
1575 458 1607 488 δε
1615 462 1720 490 ceteris
1730 480 1738 494 ‚
1755 470 1786 491 ut
1796 461 1951 493 destitutus
1960 463 1996 493 ab
2005 466 2116 503 Oppia-

1166 489 1237 517 nico
1255 490 1414 522 videretur.
1445 498 1542 536 Qare
1556 497 1576 528 si
1586 499 1674 530 istinc
1682 503 1766 532 causa
1773 505 2112 543 corrumpendriudffifi,

1160 527 1249 560 istinc
1258 535 1393 570 pecunia,
1407 535 1494 565 istinc
1503 539 1639 569 Stalenus
1649 561 1658 573 ,
1675 541 1763 573 istinc
1772 544 1899 585 denique
1911 556 1962 576 om
1968 548 2013 575 nis
2021 546 2110 581 fraus,

1160 570 1193 600 ἅτ
1203 572 1321 603 audacia
1331 574 1389 604 est:
1414 577 1486 606 hinc
1494 579 1590 617 pudor
1602 600 1610 613 2
1625 583 1748 614 honesta
1757 588 1815 615 vita
1827 605 1835 618 ,
1849 587 1881 616 ὃς
1890 587 1973 616 nulla
1985 588 2110 627 suspicio

1156 615 1301 650 pecuniae,
1313 616 1395 646 nulla
1404 621 1616 658 corrumpendi
1625 624 1839 661 judiciicausa:
1861 626 2023 667 ⁶patimini
2032 649 2041 662 ‚
2058 640 2109 658 vc-

1157 654 1404 695 rz'tateparffaeiffi
1414 667 1500 699 atque
1509 665 1596 691 omni
1606 673 1702 694 errore
1713 666 1836 701 sublato,
1847 668 1883 698 eo
1896 669 2011 700 transire
2023 671 2106 701 illius

1156 697 1351 734 turpitudinis
1362 698 1519 731 infamiam
1532 722 1540 735 ,
1553 703 1604 732 ubi
1614 714 1706 736 cetera
1721 708 1865 740 maleficia
1874 711 2031 742 consistant
2043 723 2047 741 :
2069 713 2106 742 ab

1155 745 1191 764 eo
1203 738 1349 768 invidiam
1361 740 1509 772 discedere
1517 744 1686 784 aliquando,
1693 748 1727 777 ad
1737 760 1827 788 quern
1837 761 2003 793 numquam
2012 754 2105 784 acces-

1154 775 1215 808 fiffe
1225 779 1343 819 culpam
1355 782 1485 812 videtis?
1515 787 1554 815 At
1563 789 1645 816 enim
1657 792 1813 827 pecuniam
1823 794 1941 823 Staleno
1951 794 2033 825 dedit
2042 798 2102 835 Op-

1150 820 1285 857 pianicus
1296 842 1304 855 ,
1318 832 1382 852 non
1396 824 1431 853 ad
1441 828 1853 868 corrunipendumj'udicium
1867 854 1875 866 ,
1897 835 1944 864 sed
1955 836 1989 865 ad
1999 839 2102 867 conci-

1150 861 1306 892 liationem
1321 867 1429 905 gratiae.
1452 869 1538 897 Tene
1549 870 1619 902 hoc,
1644 873 1726 904 Atti,
1746 872 1842 903 dicere
1853 894 1861 907 ,
1872 876 1922 904 tali
1933 878 2100 915 prudentia,

1150 904 1241 933 etiam
1259 905 1310 934 usu
1326 925 1334 939 ,
1352 915 1436 947 atquc
1446 912 1660 941 exercitatione
1668 913 1848 952 praeditum?
1872 919 2101 948 SAPiiziirissi-

1151 953 1233 974 MUM
1253 955 1324 975 Essa
1339 947 1445 978 dicunt
1460 960 1530 979 eum
1541 971 1549 984 ,
1569 954 1619 982 cui
1632 955 1711 993 quod
1724 965 1798 994 opus
1808 955 1841 985 sit
1856 977 1863 990 ,
1885 956 1938 996 ipsi
1951 961 2049 989 veniat
2064 962 2098 990 in

1150 994 1284 1016 mentem
1298 990 1454 1028 :proxime
1463 993 1705 1029 accedereillum,
1738 999 1767 1026 ui
1777 998 1894 1027 alterius
1905 999 1979 1029 bene
1988 1002 2099 1031 inven-

1147 1029 1186 1056 tis
1196 1028 1391 1069 obtemperet.
1407 1034 1443 1061 In
1453 1032 1576 1064 stultitia
1586 1036 1688 1066 contra
1698 1048 1712 1067 e
1744 1059 1750 1066 .
1767 1040 1882 1069 Minos
1897 1043 1980 1070 enim
1994 1045 2097 1072 Stoi„—

1149 1078 1210 1098 rus
1220 1069 1296 1100 estis
1306 1091 1313 1104 ‚
1325 1074 1374 1101 cui
1384 1075 1462 1103 nihil
1473 1077 1506 1104 in
1517 1086 1651 1107 mentem
1663 1082 1756 1112 venit,
1767 1080 1856 1120 quam
1866 1081 1929 1115 ille,
1938 1085 2002 1122 qui,
2013 1082 2097 1124 quod

1145 1109 1232 1140 stulte
1242 1112 1325 1143 alteri
1336 1116 1419 1144 venit
1429 1118 1460 1145 in
1472 1126 1606 1148 mentem
1617 1139 1625 1152 ,
1644 1122 1829 1160 comprobat.
1852 1122 1941 1153 Istam
1952 1126 2099 1156 concilia-

1145 1154 1262 1183 tionem
1277 1157 1376 1194 gtatiae
1391 1157 1525 1188 Stalenus
1535 1168 1600 1189 tum
1612 1171 1722 1191 recenti
1734 1173 1763 1192 re
1775 1183 1784 1195 ,
1803 1162 1874 1193 cum
1884 1164 2019 1196 faucibus
2028 1177 2097 1206 pre-

1143 1203 1274 1224 meretur
1285 1216 1292 1228 .
1304 1200 1502 1238 excogitavit,
1515 1199 1572 1230 five
1583 1211 1613 1231 ut
1624 1203 1764 1233 homines
1775 1213 1839 1235 tum
1852 1206 2050 1247 loquebantur
2059 1228 2068 1242 ,
2080 1208 2098 1240 εὶ

1143 1237 1172 1264 P.
1183 1238 1313 1277 Cethego
1325 1238 1497 1271 admonitus
1507 1261 1515 1274 ‚
1528 1242 1613 1273 istam
1623 1249 1637 1271 7
1648 1244 1971 1281 deditconciliationis,
1987 1248 2020 1278 &
2029 1261 2096 1290 gra-

1142 1278 1189 1307 tiae
1198 1277 1340 1308 fabulam.
1358 1282 1439 1310 Nam
1451 1281 1538 1312 fuiss'e
1548 1285 1628 1314 hunc
1640 1287 1802 1317 hominum
1815 1288 1985 1319 sermonem
1995 1301 2094 1321 recor·

1138 1318 1199 1348 dari
1214 1319 1346 1358 potestis.
1371 1324 1534 1364 Cethegum
1546 1345 1554 1358 ‚
1566 1326 1648 1366 quod
1658 1328 1817 1358 hominem
1827 1329 1933 1360 odisset
1944 1351 1952 1364 ,
1965 1332 1996 1362 δε
2006 1332 2091 1373 quod

1136 1360 1199 1399 ejus
1214 1362 1440 1401 improbitatem
1460 1367 1566 1397 versari
1578 1378 1611 1397 in
1625 1378 1684 1409 rep.
1698 1370 1811 1404 nollet,
1832 1371 1865 1401 ὃ(
1875 1371 1957 1412 quod
1967 1374 2092 1408 videret,

1136 1411 1216 1436 eum,
1231 1404 1319 1443 quise
1330 1404 1365 1434 ab
1377 1415 1427 1435 reo
1437 1410 1606 1446 pecuniam,
1617 1409 1689 1440 cum
1701 1412 1795 1449 judex
1804 1411 1886 1446 effer,
1900 1414 1989 1447 clam,
2002 1424 2091 1456 atque

1135 1452 1217 1474 eittra
1236 1444 1375 1475 ordinem
1393 1448 1532 1488 accepifl'e
1549 1450 1697 1481 confess'us
1709 1451 1781 1484 effet
1790 1473 1798 1487 ,
1820 1454 1933 1485 salvum
1952 1454 2010 1486 effe
2024 1467 2088 1487 non

1133 1483 1234 1523 posse,
1249 1486 1353 1516 minus
1364 1488 1475 1526 eifict'ela
1484 1491 1625 1531 consitium
1634 1492 1758 1524 dediss'e.
1780 1498 1817 1525 In
1828 1497 1886 1525 hoc
1897 1495 1917 1525 si
1927 1498 2086 1537 improbus

1135 1528 1281 1568 Cethegus
1291 1527 1359 1561 fuit,
1365 1530 1482 1560 videtui·
1490 1534 1567 1562 mihi
1575 1534 1772 1565 adversarium
1783 1546 1936 1568 removere
1945 1539 2085 1570 voluiss'e.

1135 1566 1178 1597 fin
1197 1578 1257 1598 erat
1274 1570 1424 1609 ejusmodi
1442 1574 1544 1607 causa,
1564 1584 1597 1605 ut
1610 1577 1744 1607 Stalenus
1754 1588 1899 1609 nummos
1910 1580 2085 1621 seaccepifl'e

1131 1618 1237 1650 negare
1246 1620 1310 1640 non
1322 1610 1431 1651 poffet:
1452 1615 1531 1644 nihil
1540 1626 1638 1646 autem
1653 1627 1714 1648 erat
1724 1618 1916 1658 periculosius
1926 1641 1934 1655 ‚
1956 1632 2011 1653 nec
2022 1632 2085 1653 tur-

1129 1653 1206 1689 pius,
1217 1651 1320 1692 quam,
1334 1654 1467 1695 adquam
1478 1666 1534 1685 rem
1548 1658 1699 1699 accepisset,
1712 1659 1849 1691 confiteri
1861 1673 1866 1691 :
1882 1672 1945 1692 non
1957 1663 1999 1694 est
2007 1675 2084 1695 con-

1131 1691 1230 1722 filium
1246 1695 1368 1734 Cethegi
1386 1698 1676 1736 reprehendendum.
1708 1701 1822 1732 Verum
1839 1704 1896 1734 alia
1913 1705 1996 1735 causa
2013 1715 2081 1737 tum

1128 1735 1239 1764 Staieni
1249 1735 1307 1765 fuit
1316 1756 1325 1769 ,
1338 1737 1395 1767 alia
1405 1748 1485 1769 nunc
1496 1760 1505 1773 ,
1519 1743 1591 1774 Atti,
1604 1751 1652 1772 tua
1665 1742 1717 1773 est.
1740 1744 1807 1778 Ille,
1818 1744 1889 1775 cum
1900 1756 2080 1786 repremere-

1129 1785 1186 1809 tur,
1197 1777 1410 1819 quodcumque
1419 1780 1539 1816 diceret,
1551 1783 1706 1814 honestius
1717 1785 1845 1819 diceret,
1854 1787 1944 1827 quam
1953 1787 1973 1818 si
1983 1808 1991 1822 ,
2006 1789 2082 1830 quod

1127 1817 1316 1857 eratfasturm
1327 1819 1474 1851 fateretur.
1495 1823 1603 1854 te-veib
1615 1826 1690 1855 illud
1701 1826 1793 1860 idem,
1804 1829 1885 1868 quod
1896 1839 1959 1860 tum
1971 1831 2081 1870 explo-

1127 1859 1205 1893 sum,
1221 1860 1253 1890 &
1264 1861 1393 1900 ejetfifflm
1405 1863 1457 1897 est,
1468 1874 1550 1896 nunc
1558 1866 1686 1897 retulisse
1696 1867 1837 1898 demiror.
1860 1869 1920 1912 Qi
1930 1874 2012 1901 enim
2023 1883 2080 1912 po-

1127 1908 1199 1930 terat
1207 1909 1272 1931 tum
1283 1904 1315 1932 in
1325 1906 1448 1943 gratiam
1459 1906 1554 1938 redire
1564 1918 1634 1937 cum
1647 1910 1812 1948 Oppianico
1822 1911 1991 1942 Cluentius?
2001 1909 2015 1932 8
2024 1916 2079 1954 qui

1126 1951 1196 1972 cum
1209 1952 1302 1973 matre
1312 1945 1435 1976 habebat
1445 1946 1606 1979 simultates
1618 1960 1623 1978 :
1640 1950 1768 1980 haerebat
1783 1952 1816 1981 in
1831 1953 1940 1983 tabulis
1947 1955 2080 1993 publicis

1124 1992 1189 2013 reus
1201 2004 1210 2018 ‚
1231 1985 1439 2017 &accusatort
1455 1989 1651 2021 condemnati
1670 2000 1751 2021 erant
1771 1992 1915 2024 Fabricii:
1932 2005 1988 2025 nec
1996 1996 2076 2027 elabi

1121 2025 1182 2054 alio
1188 2027 1352 2057 accusatore
1359 2037 1475 2067 poterat
1482 2031 1659 2065 Albius,nec
1668 2031 1729 2062 sine
1738 2035 1908 2075 ignominia
1914 2037 2074 2068 calumniae

1121 2066 1290 2108 relinquere
1298 2070 1516 2102 accusationem
1532 2074 1697 2104 Cluentius.
1720 2085 1759 2104 an
1777 2085 1810 2106 ut
1818 2078 2071 2118 pravas-iuretur?

1118 2109 1186 2149 Jam
1198 2109 1228 2138 id
1239 2112 1399 2151 quoquead
1414 2115 1669 2154 corrumpendum
1683 2116 1833 2156 judicium
1854 2122 1992 2158 pertinet.
2015 2121 2071 2152 Sed
2117 2133 2130 2146 ⁴

1120 2150 1191 2189 quid
1203 2160 1278 2190 opus
1288 2161 1346 2182 erat
1359 2153 1394 2183 ad
1412 2164 1478 2184 eam
1497 2165 1561 2185 rem
1577 2156 1677 2195 judice
1699 2158 1865 2199 sequestre?
1884 2161 2069 2197 &omninm

1119 2192 1314 2231 quamobrem
1329 2194 1451 2226 totaista
1460 2206 1505 2226 res
1516 2206 1567 2236 per
1574 2199 1725 2228 Stalenum
1734 2203 1845 2240 potius,
1859 2203 2020 2234 hominem
2035 2205 2073 2235 ab

1121 2241 1245 2274 utroque
1257 2234 1480 2271 alieniffimum‚
1493 2238 1735 2275 sordidiffimum,
1746 2242 1945 2282 turpiffimum
1956 2265 1964 2279 ‚
1979 2246 2070 2286 qulim

1116 2281 1163 2314 per
1181 2273 1281 2304 bonum
1301 2277 1427 2318 aliquem
1440 2279 1538 2308 virum
1553 2290 1703 2322 ageretur,
1726 2284 1900 2315 &amicum
1912 2306 1920 2318 ‚
1939 2286 2070 2318 necessa-

1117 2316 1464 2356 riumquecommunem
1479 2323 1488 2349 ?
1506 2321 1562 2352 Sed
1580 2323 1652 2363 quid
1668 2334 1724 2365 ego
1737 2325 1799 2355 lucc
1812 2327 1965 2366 pluribus,
1989 2328 2069 2369 quasi

1116 2355 1153 2385 de
1163 2367 1193 2386 re
1203 2358 1474 2400 obscura,disputo,
1484 2361 1556 2392 cum
1567 2365 1626 2403 ipsa
1634 2368 1760 2404 pecunia
1769 2386 1778 2400 ,
1797 2378 1862 2408 quae
1871 2370 1989 2399 Staleno
2001 2371 2066 2401 data

1115 2397 1177 2432 est,
1196 2409 1324 2430 numero
1332 2412 1364 2432 ac
1373 2403 1489 2433 summa
1503 2404 1551 2434 sua
1560 2415 1624 2435 non
1635 2406 1730 2436 mode>
1740 2427 1748 2441 ‚
1765 2419 1873 2449 quanta
1883 2409 1973 2440 fuerit
1985 2431 1992 2444 ,
2018 2413 2067 2443 sed

1116 2441 1206 2469 etiam
1217 2441 1252 2471 ad
1267 2451 1355 2482 quam
1367 2453 1430 2474 rem
1448 2445 1513 2475 data
1524 2445 1633 2480 fuerit,
1653 2447 1805 2480 ostendat?
1823 2451 1981 2481 sexdecim
1997 2452 2066 2483 dico

1112 2480 1240 2519 judices,
1253 2492 1284 2512 ut
1294 2486 1477 2524 Oppianicus
1486 2486 1685 2519 absolveretur
1693 2509 1702 2522 ‚
1713 2492 1948 2531 corrumpendos
1958 2493 2045 2524 suisl'e
2058 2506 2064 2524 ε

1112 2522 1148 2552 ad
1159 2524 1311 2555 Stalenum
1322 2526 1457 2557 sexcenta
1468 2528 1500 2558 δε
1512 2529 1700 2571 quadraginta
1709 2531 1806 2563 millia
1822 2533 1988 2564 nummum
2007 2535 2066 2567 css'e

1958 2576 2063 2609 delata.

1107 2677 1165 2696 nam
1178 2671 1321 2698 Lambinus
1333 2674 1429 2709 recepit
1442 2676 1587 2707 quassatur
1599 2693 1606 2705 ,
1627 2675 1696 2709 quod
1708 2676 1735 2701 S:
1746 2677 1771 2703 iii
1787 2679 1815 2704 S.
1827 2679 1940 2706 Vit'stori:
1951 2682 1979 2706 ι’ὲτ
1991 2682 2059 2709 Pali.

1106 2706 1217 2732 caetetis.
1239 2718 1322 2743 neque
1333 2709 1409 2735 nimis
1420 2710 1516 2735 obstem
1528 2711 1589 2745 quin
1603 2719 1752 2738 revocetur.

1142 2742 1169 2766 6.
1189 2746 1307 2769 Patimini
1313 2748 1416 2770 veritate
1422 2746 1726 2778 patrfaslass'fc.iOmncs
1738 2749 1792 2776 Pal}
1800 2770 1805 2775 .
1816 2750 1911 2777 habent
1920 2752 1986 2778 lianc
1997 2753 2061 2780 stri-

1106 2783 1230 2811 titutum,
1252 2780 1332 2806 etiam
1345 2782 1467 2807 vetustius
1479 2781 1528 2807 cuii
1542 2801 1549 2813 ,
1560 2783 1639 2808 etiam
1651 2785 1678 2809 S.
1690 2784 1805 2812 Vitioris
1817 2805 1825 2818 ‚
1836 2787 1863 2812 δῖ
1875 2795 1961 2814 tamen
1973 2789 2060 2826 poste-¹

1105 2812 1189 2838 riores
1201 2815 1316 2840 maluere
1328 2835 1336 2846 ‚
1345 2819 1483 2848 patiamini.

1140 2857 1168 2882 7.
1187 2850 1256 2875 Dedit
1266 2853 1431 2876 conciliationis
1440 2853 1558 2885 &gratia
1569 2855 1705 2889 fabulam]
1726 2857 1870 2884 Lambinus
1882 2859 1980 2886 missam
1994 2861 2058 2890 fecit

1105 2885 1226 2919 copul-tini
1245 2887 1284 2915 (ly.
1307 2887 1438 2922 quomodo
1449 2887 1531 2914 solum
1544 2889 1599 2915 Pal.
1611 2897 1673 2917 tert.
1693 2892 1736 2918 ubi
1749 2900 1836 2920 tamt-ii
1847 2894 1934 2921 statim
1946 2898 2058 2933 reposita

1105 2920 1140 2946 0st
1150 2919 1181 2946 ab
1190 2920 1280 2948 eadem
1292 2932 1380 2948 manu.
1400 2924 1482 2950 ceteri
1491 2933 1582 2951 omnes
1592 2925 1699 2953 firmant
1711 2928 1854 2963 vulgatam.

1141 2955 1168 2982 8.
1187 2959 1235 2990 Q}
1243 2967 1293 2982 tum
1302 2966 1378 2983 matre
1386 2961 1618 2992 habebatfimultatts
1627 2974 1636 2995 ‚-
1645 2964 1744 2988 haercbai
1753 2975 1778 2990 tn
1788 2966 1886 2997 iabus-s,
1895 2967 1962 3000 elya]
1975 2969 2053 2995 Nffii!

1106 2992 1207 3018 variant
1217 2992 1322 3027 quidem
1334 2993 1410 3020 editi.
1431 2994 1472 3020 sed
1484 2995 1550 3023 l’all.
1562 2995 1658 3033 septem
1670 3008 1759 3025 omues
1770 3000 1801 3026 ad
1817 3011 1896 3028 unuin
1907 3004 2055 3031 excludunt

1102 3027 1169 3053 illud
1185 3030 1285 3054 habehat
1296 3031 1437 3061 simultates.
1457 3030 1484 3057 id
1494 3040 1526 3059 aii
1536 3032 1662 3059 acciderit
1674 3053 1682 3065 ‚
1700 3035 1734 3061 ob
1744 3036 1866 3071 syllabam
1878 3037 1982 3065 finalem
1994 3042 2035 3065 bas
2047 3059 2055 3071 ‚

1104 3072 1160 3098 qua:
1171 3064 1196 3089 in
1210 3073 1272 3089 voce
1282 3063 1398 3103 sequenti
1411 3085 1419 3097 ,
1439 3075 1471 3093 an
1484 3067 1552 3102 quod
1565 3069 1616 3094 tale
1629 3070 1692 3096 uiliil
1705 3073 1812 3098 restaret
1830 3074 1856 3100 iii
1876 3074 2033 3102 authenticis
2047 3094 2056 3105 ‚

1103 3099 1240 3125 excutiant
1251 3100 1396 3126 otiosiores.
1411 3110 1461 3136 ego
1472 3103 1540 3131 enim
1552 3105 1578 3130 St
1591 3104 1697 3140 festino,
1707 3108 1734 3134 ὃς
1747 3117 1844 3144 urgeor
1854 3119 1862 3142 ᾗ
1873 3109 1986 3145 ideoque
1995 3111 2055 3137 diu-

1102 3134 1154 3163 tius
1166 3144 1218 3162 iion
1228 3135 1312 3164 audeo
1323 3135 1466 3167 subsistere.

1562 3176 1588 3204 Z
1605 3186 1622 3206 z
1961 3190 1982 3208 i.
1993 3181 2060 3215 Qa-

2123 795 2169 835 st·
