2295 3400
75 520 124 554 62

139 103 236 152 262
573 99 1072 149 NLTULL11

140 187 271 218 inimici.
295 189 305 207 ¹
318 186 398 230 Qiid
410 196 481 228 ergo
495 185 554 216 illae
566 185 619 216 sibi
631 184 729 216 statuae
740 183 887 226 equestres
899 186 1037 215 inauratae
1045 194 1102 214 vo-

142 231 210 260 lunt
218 250 226 264 ,
238 240 304 271 quae
313 230 417 269 populi
428 232 522 258 Rom.
534 228 639 258 oculos
649 248 656 261 ,
670 227 849 267 animosque
859 227 996 257 maxime
1006 225 1104 256 offen-

139 271 218 302 dunt
230 292 238 306 ‚
261 270 483 312 propteraedem
495 270 642 299 Vulcani?
663 279 734 299 nam
745 269 922 309 inscriptum
933 267 991 299 effe
1001 268 1104 302 video,

141 313 292 356 quandam
312 323 349 343 ex
369 314 415 342 his
432 310 557 342 statuam
581 320 756 341 ARATonas
771 320 914 340 03111556·-
941 313 970 341 Si
982 312 1106 341 honoris

141 356 228 386 causa
239 355 362 385 statuam
374 354 519 384 dederunt
531 364 536 382 1
552 355 670 384 inimici
683 363 747 383 non
758 352 836 383 sunt.
860 352 1015 383 credamus
1025 351 1108 383 testi-

143 397 211 427 bus.
227 406 292 427 tum
304 398 387 427 enini
399 397 510 426 honori
521 404 573 426 tuo
583 415 591 429 ‚
613 395 768 434 nunciam
780 395 921 436 religioni
932 395 990 425 suae
1000 394 1110 425 consu-

142 439 222 469 lunt.
238 437 280 468 sin
290 448 390 468 autem
401 445 479 467 metu
489 436 577 466 coaffi
589 436 735 467 dederunt
744 447 749 466 2
760 436 920 467 confiteare
930 435 1043 467 necesse
1053 435 1096 466 est
1102 456 1111 470 ‚

143 489 172 510 te
184 482 216 510 in
232 480 388 520 provincia
407 481 567 520 pecuniam
585 478 745 509 statuarum
762 488 891 509 nomine
909 489 962 519 per
972 480 1037 509 vim
1048 499 1056 512 ‚
1078 488 1111 508 ac

146 531 264 552 metum
275 520 415 562 co'e'giss'e.
443 524 553 552 Utrum
565 521 620 551 tibi
630 520 832 552 commodum
843 520 886 552 est
895 541 904 554 ,
918 521 1004 562 elige.
1018 522 1113 561 Equi-

146 564 218 594 dem
230 564 359 594 libenter
370 565 429 594 hoc
437 565 497 602 jam
506 565 623 594 crimen
634 563 669 593 de
680 562 781 593 statuis
791 563 960 604 relinquam
970 583 978 596 ,
990 572 1023 593 ut
1032 562 1111 592 mihi

146 615 179 636 tu
194 605 270 636 illud
283 605 429 636 concedas
441 626 450 639 ‚
473 605 554 646 quod
573 604 628 635 tibi
648 603 890 635 honestiffimum
903 604 964 638 est,
984 614 1110 635 aratores

144 647 202 678 tibi
216 647 252 678 ad
267 647 391 678 statuam
406 648 508 676 honoris
520 647 566 676 tui
580 646 664 687 caush
674 667 682 681 ‚
696 647 853 678 voluntate
863 647 912 678 sua
922 667 930 680 ,
943 644 1113 677 contuliss'e.

148 689 186 720 da
197 690 275 719 mihi
285 691 353 720 hoc.
374 691 440 730 jam
451 689 507 720 tibi
517 691 683 719 maximam
694 697 807 729 partem
819 687 1000 719 defensionis
1010 690 1115 730 praeci-

148 731 238 762 deris.
260 741 326 762 non
346 733 431 761 enim
448 732 561 772 poteris
582 734 597 750 ²
610 740 736 762 aratores
756 731 810 760 tibi
829 733 918 762 iratos
934 729 991 761 effe
1003 752 1012 764 ‚
1027 740 1113 771 atque

149 774 294 803 inimicos
309 794 317 808 ,
342 773 452 804 dicere.
476 776 503 803 Ο
515 773 631 804 causam
652 771 830 814 singularem
847 775 852 802 !
874 772 893 803 ὃ
905 771 1113 803 defensionem

150 816 292 846 miseram
306 836 313 849 ‚
332 826 365 846 ac
374 814 521 856 perditam
533 817 538 844 1
557 815 641 845 110116
651 816 710 845 hoc
719 817 847 854 accipere
856 825 942 844 reum
954 815 989 845 ab
1000 814 1114 845 accusa-

150 865 215 888 tore
227 878 235 890 ,
248 857 281 887 &
291 867 455 888 eumreum
468 878 476 891 ,
488 858 541 898 qui
550 865 659 897 praetor
668 858 699 886 in
711 857 812 887 Sicilia
822 855 912 887 fuerit
921 877 930 890 ‚
948 865 1074 887 aratores
1086 857 1114 886 ei

142 897 275 936 statuam
283 901 339 940 fiaa
351 899 499 929 voluntate
505 898 633 936 statmffi
645 909 656 925 .·
678 908 804 929 aratores
818 898 854 928 de
869 908 906 928 eo
921 899 998 929 bene
1010 896 1115 928 existi-

151 951 234 971 mare
245 961 253 975 ,
265 944 379 982 amicos
389 940 457 975 esse,
473 942 589 971 salvum
599 938 657 970 effe
666 950 773 980 cupere
786 943 791 969 ¹.
804 942 915 970 metuit
924 960 933 974 ,
945 950 982 970 ne
992 941 1050 970 hoc
1059 948 1115 969 vos

151 982 343 1013 existimetis.
366 984 502 1013 obruitur
512 985 596 1013 enim
608 991 757 1012 aratorum
769 981 961 1012 testimoniis.
983 985 1057 1012 Utar
1066 991 1113 1014 eo,

152 1025 237 1066 quod
246 1025 342 1056 datur.
366 1025 445 1055 certe
455 1025 514 1054 hoc
525 1027 565 1054 ita
577 1023 666 1053 vobis
677 1023 878 1063 judicandum
889 1023 950 1057 est,
970 1033 1021 1053 eos
1033 1044 1041 1056 ,
1062 1024 1115 1063 qui

154 1066 204 1097 isti
218 1066 497 1106 immiciffimifimt‚
515 1075 548 1096 ut
557 1066 617 1106 ipse
635 1064 800 1096 existimari
811 1066 876 1095 vult
886 1086 894 1099 ,
912 1066 947 1096 ad
964 1065 1049 1095 istius
1061 1065 1117 1094 ho-

152 1118 243 1139 nores
257 1118 345 1149 atque
362 1117 564 1139 monumenta
576 1109 735 1147 pecuniam
751 1118 802 1136 non
814 1107 963 1137 voluntate
976 1108 1025 1137 sua
1041 1116 1116 1136 con-

152 1148 262 1181 tulisse.
281 1155 294 1179 3
305 1154 404 1191 Atque
414 1159 447 1180 ut
455 1151 514 1180 hoc
523 1159 622 1180 totum
631 1148 775 1179 facillime
787 1150 915 1189 intelligi
923 1148 1115 1189 pofflt,quem

153 1193 238 1222 voles
248 1201 355 1222 eorum
366 1191 580 1232 testium,quos
590 1191 771 1231 produxero,
781 1194 798 1218 4
808 1194 860 1232 qui
871 1201 909 1221 ex
918 1191 1020 1221 Sicilia
1028 1189 1116 1220 testes

153 1233 221 1268 sint,
233 1238 245 1262 5
255 1233 313 1264 sive
326 1243 357 1264 to
395 1243 460 1264 tuin
471 1234 558 1267 velis,
569 1232 627 1263 five
637 1233 783 1266 Siculum,
796 1242 906 1274 rogato,
926 1233 959 1262 &
969 1242 1051 1266 eum,
1063 1234 1115 1273 qui

153 1277 210 1306 tibi
223 1278 342 1306 inimici
367 1286 447 1306 imus
460 1274 518 1306 effe
529 1275 689 1308 videbitur,
695 1277 746 1315 qui
756 1275 784 1305 se
796 1275 954 1314 spoliatum
965 1274 980 1305 3
990 1284 1018 1305 te
1027 1274 1117 1308 dicet,

153 1318 261 1359 ecquid
273 1318 325 1348 suo
338 1320 467 1348 nomine
478 1319 511 1347 in
522 1326 604 1347 tuam
614 1316 740 1347 statuam
751 1317 925 1347 contulerit.
955 1318 1115 1347 neminem

155 1362 284 1400 reperies
294 1380 302 1394 ,
317 1361 371 1401 qui
384 1367 480 1402 neget.
496 1361 611 1390 etenim
623 1359 730 1388 omnes
744 1358 899 1389 dederunt.
954 1368 1115 1399 uemquam

154 1404 246 1442 igitur
256 1411 339 1442 putas
349 1401 564 1434 dubitaturum,
577 1402 651 1442 quin
660 1403 695 1434 is,
705 1410 796 1441 quem
808 1402 938 1431 inimicis
951 1410 1050 1430 imum
1061 1400 1117 1430 tibi

156 1442 217 1474 effe
226 1452 360 1484 oporteat
371 1463 379 1477 ,
397 1445 450 1484 qui
463 1444 513 1474 abs
524 1453 551 1473 te
560 1441 739 1484 gravissimas
749 1443 872 1481 injurias
882 1444 1027 1482 acceperit
1037 1462 1045 1476 ,
1066 1452 1118 1481 pe—

158 1488 283 1516 cuniam
295 1484 394 1516 statuae
404 1487 531 1515 nomine
545 1484 660 1515 dederit
672 1505 680 1518 ,
695 1485 728 1513 vi
741 1492 830 1525 arque
842 1485 955 1526 imperio
968 1483 1115 1517 adduam,

156 1538 209 1557 non
223 1527 309 1567 officio
321 1537 355 1556 ac
367 1527 515 1556 voluntate
531 1530 541 1556 ἓ
574 1530 612 1557 Ε1
628 1527 717 1565 hujus
736 1536 791 1567 ego
806 1528 940 1566 pecuniae
954 1546 963 1560 ,
984 1526 1117 1565 judices,

156 1580 225 1611 quae
243 1579 404 1610 permagna
422 1568 484 1603 est,
498 1566 814 1609 impudentiffimeque
830 1567 932 1598 603613
949 1568 985 1598 ab
1002 1570 1117 1601 invitis,

158 1621 223 1642 non
235 1610 327 1641 habui
335 1613 505 1645 rationem·,
516 1621 612 1652 neque
623 1610 728 1640 habere
737 1612 822 1650 potui
835 1630 843 1643 ,
855 1619 1003 1651 quantum
1012 1610 1049 1640 ab
1059 1620 1120 1640 ara-

157 1653 287 1687 toribus,
299 1663 444 1695 quantum
456 1653 492 1683 ab
501 1652 735 1694 negotiatoribus
745 1654 796 1693 qui
806 1651 960 1692 Syracusis,
971 1654 1023 1693 qui
1034 1653 1121 1693 Agri-

160 1697 243 1737 genti
255 1715 263 1728 ,
283 1697 335 1737 qui
354 1696 495 1725 Panormi
507 1715 516 1728 ,
536 1696 588 1735 qui
611 1693 738 1733 Lilybaei
754 1703 961 1733 negotiantur,
983 1693 1054 1724 efl'et
1069 1704 1121 1723 co-

160 1736 264 1768 36111111
277 1739 441 1778 :quoniam
455 1737 551 1766 intelli
576 1738 637 1768 itis,
652 1734 741 1775 ipsius
754 1746 875 1777 quoque
887 1735 1071 1766 confessione
1086 1736 1121 1766 ab

162 1777 347 1810 invitissimis
365 1778 499 1809 6036111111
513 1780 541 1807 61
557 1789 581 1807 6.
604 1780 704 1807 Venio
714 1788 796 1808 nunc
809 1777 844 1807 ad
859 1780 993 1808 civitates
1003 1778 1121 1808 Siciliae:

162 1821 200 1852 de
211 1821 323 1862 quibus
341 1819 489 1850 facillime
504 1819 657 1859 judicium
675 1818 739 1849 fieri
758 1819 923 1849 voluntatis
942 1819 1046 1859 potest.
1071 1823 1120 1849 An

162 1865 254 1894 etiam
265 1863 357 1893 Siculi
374 1863 464 1892 inviti
482 1861 698 1891 contulerunt?
718 1871 782 1891 non
802 1860 845 1891 est
862 1861 1029 1901 probabile.
1070 1864 1122 1891 Et-

162 1907 248 1936 enim
263 1903 300 1934 fic
310 1906 342 1934 C.
355 1907 479 1934 Verrem
493 1912 649 1943 praeturam
663 1906 696 1932 in
709 1903 810 1934 Sicilia
821 1901 931 1944 geffiffe
945 1903 1069 1936 constat,
1078 1912 1121 1937 ut,

161 1946 235 1978 cuin
246 1947 373 1987 utrisque
381 1946 543 1986 satisfacere
553 1955 615 1975 non
623 1943 730 1985 posset,
740 1945 773 1974 &
782 1945 888 1975 Siculis
900 1945 932 1975 &
942 1948 1063 1986 togatis:
1075 1944 1123 1975 of-

163 1988 226 2019 ficii
236 1990 337 2029 potius
348 1990 382 2018 in
397 1989 494 2018 socios
505 2008 513 2022 ,
533 1996 624 2028 quarn
635 1987 813 2017 ambitionis
824 1989 856 2016 iri
868 1989 960 2017 civeis
973 1990 1123 2018 rationem

163 2032 294 2061 duxerit.
318 2033 420 2071 Itaque
430 2040 500 2059 eum
515 2039 579 2060 non
591 2028 690 2059 solum
706 2038 890 2059 iun-nonum
906 2028 989 2059 istius
999 2029 1115 2063 insulae,

165 2073 215 2104 sed
233 2074 325 2102 etiam
338 2075 470 2102 SOTERA
491 2071 668 2111 inscriptum
685 2071 749 2101 vidi
763 2069 917 2111 Syracusis.
943 2073 1012 2102 Hoc
1028 2082 1124 2113 quan-

165 2123 232 2145 tum
251 2113 314 2144 est?
327 2115 367 2144 ita
388 2124 550 2155 magnum,
566 2123 598 2143 ut
606 2114 717 2143 Latino
727 2122 791 2142 uno
808 2113 901 2143 verbo
919 2115 1049 2152 exprimi
1059 2123 1124 2143 non

160 2155 265 2198 possit.
287 2158 316 2185 Is
337 2155 380 2185 est
389 2157 537 2185 nimirum
552 2158 658 2185 Sori-:R
669 2175 678 2188 ,
700 2156 751 2195 qui
768 2154 893 2184 salutem
904 2154 996 2184 dedit.
1025 2156 1123 2195 Hujus

165 2199 295 2229 nomine
304 2199 394 2227 etiam
406 2197 468 2227 dies
479 2196 546 2227 resti
557 2198 702 2238 agitantur
711 2216 720 2230 ‚
734 2196 857 2236 pulchra
869 2197 920 2225 illa
930 2199 1027 2226 Verrea
1037 2217 1045 2230 ‚
1061 2207 1126 2227 non

163 2238 245 2281 quasi
254 2240 406 2269 Marceuea
416 2259 425 2273 ‚
437 2239 486 2269 sed
495 2249 550 2279 pro
560 2238 738 2268 Marcelleis:
753 2248 818 2278 quae
827 2238 873 2267 1111
882 2238 967 2268 istius
974 2238 1054 2278 jussu
1064 2239 1125 2269 sus-

168 2282 312 2313 tulerunt.
348 2282 438 2318 hujus
446 2279 552 2311 fornix
561 2282 594 2310 in
603 2280 672 2310 foro
681 2278 826 2319 Syracusis
834 2279 878 2309 est
891 2304 896 2308 .
912 2282 945 2309 in
955 2290 1016 2321 quo
1025 2280 1125 2310 nudus

167 2322 250 2354 filius
263 2323 333 2353 stat:
348 2323 408 2384 ffse
418 2331 518 2352 autem
530 2332 568 2352 ex
586 2331 664 2362 equo
674 2321 815 2351 nudatam
835 2322 872 2351 ab
890 2322 919 2351 se
936 2324 1125 2361 provinciam

166 2366 327 2407 prospicit:
381 2365 471 2404 hujus
481 2363 581 2394 statuae
591 2363 736 2393 omnibus
745 2363 822 2393 locis
834 2373 839 2392 z
854 2373 919 2404 quae
930 2365 989 2393 hoc
998 2363 1127 2394 demon-

168 2407 254 2438 strare
263 2407 424 2440 videntur,
445 2405 669 2446 propemodum
689 2415 754 2435 non
771 2402 877 2435 minsis
896 2406 1005 2435 multas
1022 2405 1128 2435 statuas

165 2448 259 2480 istum
271 2447 399 2490 posuisse
407 2446 562 2489 Syracusis,
574 2447 666 2489 quam
676 2446 910 2478 abstulisse-huic
918 2449 1009 2478 etiam
1018 2449 1128 2478 Romae

1153 100 1686 151 C1cssRoN1s

1148 185 1290 217 videmus
1304 188 1337 217 in
1349 186 1408 218 basi
1422 186 1582 218 statuarum
1596 208 1605 222 ‚
1629 186 1774 218 maximis
1793 186 1898 218 litteris
1912 187 2042 218 incisum
2057 207 2065 222 ‚
2090 196 2114 219 Α

1153 237 1313 259 0οΜΜ11Ν1
1330 239 1474 260 3101111111.
1488 239 1607 260 nin-As.
1630 229 1838 270 Qamobrem
1850 233 1860 259 ?
1870 227 1989 270 quihoc
1997 230 2114 269 probari

1149 270 1246 309 potest
1253 273 1393 312 cuiquam
1406 291 1415 305 ,
1427 280 1523 301 tantos
1533 273 1664 302 honores
1674 271 1791 302 habitos
1801 269 1859 301 esse
1870 272 1906 302 ab
1917 273 2021 301 invitis
2033 276 2042 302 .>
2053 270 2112 302 Hic
2132 272 2179 317 64

1152 312 1208 342 tibi
1220 314 1310 343 etiarn
1322 314 1422 344 multo
1433 315 1527 354 magis
1540 334 1548 348 ,
1563 319 1578 343 7
1587 313 1677 355 quarn
1688 313 1755 344 ante
1767 315 1801 343 in
1811 314 1971 344 aratoribus
1982 333 1991 348 ,
2005 313 2113 344 viden-

1154 353 1228 384 dum
1241 375 1249 388 ‚
1266 355 1299 385 &
1317 353 1566 386 considerandum
1586 354 1629 386 est
1643 375 1651 389 ‚
1671 355 1745 396 quid
1763 355 1849 385 velis.
1872 365 1980 397 magna
1999 364 2044 385 res
2060 354 2113 387 est.

1154 395 1256 426 utrum
1275 397 1330 427 tibi
1340 397 1457 428 Siculos
1468 418 1476 431 ‚
1492 396 1611 437 publice
1623 417 1631 431 ‚
1648 399 1848 438 privatimque
1857 399 1971 427 amicos
1982 417 1991 431 ‚
2006 407 2044 427 an
2054 399 2115 427 ini-

1154 441 1251 468 micos
1261 438 1427 469 existimari
1436 441 1501 468 vis?
1513 437 1533 468 fi
1543 440 1698 472 inimicos,
1711 438 1784 480 quid
1794 448 1822 469 te
1832 438 1968 469 futurum
1980 438 2022 470 est
2033 442 2043 468 ?
2053 449 2115 480 quo

1155 479 1332 522 confugies?
1345 481 1397 510 ubi
1419 479 1536 510 nitere?
1550 480 1646 511 modo
1668 490 1816 511 aratorum
1837 479 2116 512 honestissimorum

1157 523 1322 552 hominurn
1335 543 1343 556 ,
1367 518 1381 542 8
1390 533 1422 553 ac
1436 521 1742 562 locupletissimorum
1754 543 1762 556 ,
1779 523 1811 553 &
1822 524 1992 553 Siculorum
2004 543 2012 557 ,
2030 523 2062 553 δε
2073 525 2118 554 61-

1155 566 1244 594 vium
1256 566 1349 594 Rom.
1361 566 1535 594 maximum
1547 574 1709 595 numerum
1721 565 1770 595 abs
1782 573 1810 595 te
1820 564 1990 595 abalienasti
2006 575 2012 594 2
2035 574 2119 596 nunc

1157 605 1194 636 dc
1203 607 1310 636 Siculis
1321 606 1494 636 civitatibus
1503 606 1577 647 quid
1588 616 1654 648 ages
1667 613 1676 638 ?
1690 606 1771 637 dices
1781 607 1837 637 tibi
1846 607 1962 637 Siculos
1973 605 2031 637 esse
2040 608 2120 637 arni-

1157 658 1209 679 cos
1220 652 1230 678 ?
1240 646 1293 689 qui
1301 650 1411 689 poteris
1421 650 1432 677 ?
1442 650 1504 689 qui,
1516 648 1598 689 quod
1606 648 1692 678 nullo
1704 650 1736 678 in
1745 649 1872 678 homine
1879 657 1964 679 antea
1973 647 2120 683 fecerunt,

1159 699 1192 720 ut
1211 693 1243 720 in
1261 701 1332 720 eum
1341 688 1454 732 publice
1468 689 1655 725 testimonium
1666 690 1804 724 dicerent,
1819 701 1889 721 cum
1906 691 2068 730 praesertim
2081 700 2122 721 ex

1161 742 1193 762 ea
1208 735 1365 772 provincia
1379 731 1572 763 condemnati
1592 731 1649 762 fint
1657 732 1827 772 complures
1838 753 1847 765 ,
1869 735 1921 773 qui
1931 733 1973 762 ibi
1982 741 2122 772 praetores

1160 773 1283 804 fuerunt
1293 794 1302 808 ,
1320 773 1382 804 duo
1391 774 1446 804 soli
1458 773 1602 808 absoluti,
1626 778 1641 801 9
1652 775 1710 804 huc
1719 776 1908 804 conveniunt
1917 785 1987 804 curn
2003 775 2121 809 litteris,

1159 818 1288 846 veniunt
1297 826 1368 846 cum
1381 815 1531 846 mandatis
1543 835 1551 849 ‚
1569 818 1697 846 veniunt
1704 826 1775 846 cum
1786 815 1968 847 testimoniis
1980 816 2122 856 publicis.

1163 859 1226 898 qui,
1238 857 1257 887 11
1270 867 1297 888 16
1307 857 1426 898 publice
1439 858 1602 895 laudarent,
1615 867 1716 888 tamen
1726 858 1757 888 id
1767 868 1840 887 more
1849 859 1943 898 potius
1952 859 2003 898 suo
2013 878 2022 892 ,
2034 853 2123 899 qulam

1162 901 1262 928 merito
1277 907 1325 929 ruo
1339 919 1348 934 ,
1362 899 1456 930 facere
1466 899 1638 930 viderentur
1651 899 1779 930 :hicum
1789 900 1824 930 de
1836 902 1893 930 tuis
1904 899 1991 930 faecis
2000 899 2124 940 publice

1162 950 1389 982 conqueruntur
1400 962 1408 975 ,
1421 951 1525 971 nonne
1535 943 1593 972 hoc
1603 942 1735 972 indicant
1745 963 1753 976 ‚
1766 951 1857 972 tantas
1868 940 1925 972 esse
1934 944 2078 981 injurias,
2091 949 2125 972 ut

1162 984 1262 1013 multo
1274 983 1437 1013 maluerint
1449 983 1487 1013 de
1496 984 1549 1013 suo
1561 993 1645 1014 more
1654 984 1797 1014 decedere
1807 1004 1815 1017 ,
1836 984 1927 1025 quam
1938 984 1974 1014 de
1984 986 2043 1014 tuis
2053 993 2124 1013 mo-

1162 1025 1243 1054 ribus
1254 1035 1317 1055 non
1331 1025 1449 1056 dicere?
1472 1023 1691 1055 Confitendum
1710 1025 1752 1056 est
1771 1027 1861 1066 igitur
1871 1026 1926 1056 tibi
1945 1023 2121 1060 necessario,

1162 1067 1278 1097 Siculos
1292 1069 1437 1097 inimicos
1452 1065 1509 1096 effe
1519 1087 1528 1101 ,
1543 1069 1594 1108 qui
1608 1067 1733 1108 quidem
1748 1068 1825 1098 &in
1838 1076 1866 1097 16
1884 1066 2055 1108 gravissima
2067 1076 2124 1107 po-

1164 1107 1267 1139 stulata
1275 1108 1450 1138 consulibus
1474 1112 1503 1127 ¹0
1513 1109 1672 1142 ediderint,
1686 1109 1719 1139 &
1730 1120 1790 1143 me,
1803 1118 1835 1139 ut
1846 1110 1921 1139 hanc
1932 1108 2048 1140 causam
2056 1129 2068 1142 ‚
2081 1109 2126 1139 sa·

1162 1150 1291 1191 lutisque
1301 1151 1358 1180 suae
1369 1148 1576 1180 defensionem
1586 1151 1959 1191 susciperem‚obst·crai·int
1970 1162 1975 1180 :
1987 1152 2040 1192 qui
2051 1150 2125 1181 611111

1162 1192 1178 1222 a
1191 1201 1314 1232 pi'aetore
1328 1192 1578 1232 prohiberentur,
1592 1192 1608 1223 a
1621 1201 1761 1234 quattuor
1777 1191 1974 1233 quaestoribus
1992 1191 2124 1232 impedi-

1162 1243 1282 1268 rentur,
1297 1235 1440 1263 omnium
1457 1236 1573 1268 minas,
1588 1243 1675 1275 atque
1684 1236 1789 1264 omnia
1801 1235 2021 1274 pericularpro
2032 1234 2124 1265 salute

1165 1276 1230 1310 sua,
1246 1276 1323 1306 levia
1332 1276 1493 1305 duxerint:
1510 1278 1562 1317 qui
1580 1278 1679 1316 priore
1688 1275 1808 1307 36110116
1820 1279 1860 1307 113
1878 1276 2051 1307 testimonia
2059 1286 2124 1317 gra—

1160 1319 1519 1358 viter,vehement8rque
1543 1318 1695 1353 dixerint,
1715 1328 1748 1348 ut
1765 1321 1965 1349 Artemonem
1984 1318 2125 1348 Centuri—

1161 1362 1269 1400 pinum
1280 1361 1421 1401 legamm,
1435 1359 1467 1389 &
1478 1359 1596 1399 publice
1607 1359 1725 1393 testem,
1741 1359 1966 1401 QHortensius
1979 1359 2125 1399 accufizro-

1162 1413 1229 1435 rem,
1248 1413 1299 1431 non
1313 1400 1405 1438 restem
1417 1399 1475 1431 effe
1489 1401 1608 1432 diceret.
1634 1406 1658 1422 ¹¹
1675 1405 1799 1433 Etenim
1811 1401 1884 1433 cum
1898 1411 2016 1442 propter
2029 1404 2127 1432 virtu-

1165 1453 1226 1474 tem
1238 1464 1246 1477 ,
1262 1444 1295 1474 &
1313 1442 1405 1474 fidem
1422 1453 1492 1474 curn
1507 1443 1652 1474 Androne
1665 1464 1675 1477 ,
1696 1446 1822 1474 homine
1840 1442 2053 1474 honestissimo
2065 1463 2073 1477 ‚
2090 1443 2125 1474 δε

1163 1484 1330 1516 certissimo
1342 1507 1350 1520 ,
1365 1495 1431 1515 tum
1443 1487 1533 1515 etiam
1545 1495 1664 1526 propter
1671 1486 1877 1527 eloquentiam
1889 1506 1898 1519 ‚
1912 1486 2023 1527 legatus
2035 1484 2052 1515 a
2066 1484 2127 1515 suis

1164 1528 1282 1558 civibus
1302 1527 1414 1558 61661113
1426 1548 1434 1561 ,
1458 1537 1490 1557 111
1503 1526 1597 1567 poss'et
1607 1528 1716 1558 multas
1730 1527 1833 1562 istius,
1857 1528 1991 1558 &varias
2001 1528 2125 1564 injurias

1165 1580 1256 1611 quam
1273 1568 1456 1609 apertissime
1471 1570 1560 1599 vobis
1570 1590 1578 1602 .
1593 1568 1823 1611 planissimeque
1837 1570 1994 1609 explicare.
2027 1570 2126 1600 Dixe-
2145 1570 2169 1604 6
2170 1579 2196 1617 5!

1166 1621 1236 1641 runt
1247 1610 1378 1642 Halesini
1390 1631 1398 1645 ,
1414 1612 1587 1641 Catinenses
1599 1632 1607 1645 ,
1619 1612 1838 1652 Tyndaritani,
1855 1611 2010 1642 Eiinenses
2020 1630 2030 1644 ,
2047 1612 2127 1640 Her-

1166 1654 1308 1686 bitenses,
1325 1653 1733 1694 Agyrinenses,Netinenses,
1749 1653 1910 1694 Segestani,
1927 1656 1955 1673 ¹2
1969 1661 2128 1683 numerare

1167 1697 1287 1725 omneis
1298 1705 1362 1725 non
1372 1694 1414 1725 est
1424 1693 1549 1728 necesse,
1564 1698 1589 1721 ¹3
1603 1695 1680 1725 scitis
1688 1696 1779 1736 quam
1789 1696 1892 1728 multi,
1903 1695 2033 1736 &quam
2045 1694 2128 1724 mul-

1168 1747 1196 1767 ta
1215 1739 1311 1777 priore
1329 1736 1448 1767 36110116
1464 1736 1608 1766 dixerint.
1631 1737 1812 1767 nunc&illi
1823 1757 1831 1770 ‚
1848 1737 1999 1777 &reliqui
2013 1735 2127 1766 dicent.

1168 1782 1283 1809 Omnes
1303 1778 1432 1820 denique
1451 1779 1510 1808 hoc
1528 1780 1562 1808 in
1580 1779 1633 1809 hac
1646 1779 1728 1809 causa
1743 1779 1935 1820 intelligent,
1951 1780 2009 1808 hoc
2020 1779 2128 1808 animo

1168 1820 1225 1851 effe
1238 1821 1354 1851 Siculos
1364 1841 1373 1854 ,
1396 1829 1443 1853 ut,
1453 1819 1481 1860 fi
1492 1819 1520 1849 in
1534 1818 1617 1855 istum
1629 1821 1856 1860 animadversum
1869 1831 1920 1850 non
1929 1820 1970 1861 sit
1984 1839 1993 1854 ,
2007 1817 2061 1849 sibi
2079 1829 2130 1850 re-

1169 1862 1347 1903 linquendas
1358 1862 1481 1894 domos,
1493 1871 1525 1891 ac
1535 1862 1616 1892 sedes
1628 1862 1739 1895 suas,&
1749 1872 1787 1892 ex
1798 1862 1896 1892 Sicilia
1906 1860 2127 1895 decedendum,

1168 1913 1257 1946 atque
1277 1903 1352 1934 adeo
1373 1903 1553 1945 fugiendum
1566 1902 1624 1934 esse
1637 1904 1826 1934 arbitrentur.
1861 1906 1928 1934 Hos
1940 1905 2083 1934 homines
2096 1912 2131 1933 tu

1170 1946 1357 1987 persuadebis
1366 1946 1401 1976 ad
1412 1947 1642 1986 honoi·es‚atque
1652 1946 1888 1986 amplitudinem
1899 1955 1981 1976 tuam
1989 1946 2133 1986 pecunias

1170 1990 1319 2018 maximas
1326 1988 1482 2018 voluntate
1491 1987 1540 2017 sua
1547 1986 1707 2018 contulisse
1718 1994 1729 2020 Β
1739 1987 1841 2021 credo,
1852 1990 1905 2029 qui
1916 1997 1944 2018 te
1955 1990 1986 2017 in
1997 1996 2046 2018 tua
2055 1988 2133 2018 civi-

1170 2039 1226 2061 tate
1241 2030 1406 2059 incolumem
1419 2028 1466 2068 ff
1477 2030 1596 2060 nollent
1609 2049 1618 2063 ‚
1641 2030 1674 2059 hi
1685 2037 1865 2059 monumenta
1886 2037 1939 2059 rua
1953 2029 2051 2069 forma
2063 2049 2072 2063 ,
2097 2038 2133 2059 ac

1171 2073 1286 2102 nominis
1296 2092 1304 2106 ,
1321 2074 1355 2102 in
1368 2072 1428 2102 suis
1443 2071 1613 2103 civitatibus
1622 2070 1680 2101 esse
1690 2072 1857 2112 cupiebant.
1892 2075 1922 2098 ¹4
1930 2073 1991 2111 Res
2001 2071 2132 2101 declara-

1173 2117 1218 2145 vit
1229 2135 1237 2148 ,
1259 2123 1290 2144 ut
1299 2115 1457 2154 cupierint.
1477 2113 1659 2153 jamdudum
1670 2115 1754 2143 enim
1764 2114 1843 2142 mihi
1853 2114 1986 2143 nimium
2001 2114 2132 2143 tenuiter

1171 2157 1342 2187 Siculorum
1361 2165 1427 2196 erga
1442 2163 1470 2185 te
1487 2155 1653 2184 voluntatis
1672 2163 1844 2194 argumenta
1856 2155 1999 2199 colligere
2011 2154 2131 2188 videor.

1173 2196 1275 2228 utrum
1287 2197 1393 2227 statuas
1403 2197 1556 2226 voluerint
1563 2196 1618 2226 tibi
1630 2195 1766 2229 statuere,
1778 2206 1816 2226 an
1826 2195 1922 2227 603611
1933 2198 1998 2226 sint.
2009 2198 2058 2226 De
2068 2205 2132 2237 quo

1181 2241 1307 2270 homine
1325 2240 1384 2269 hoc
1395 2238 1532 2268 auditum
1549 2237 1592 2268 est
1601 2248 1747 2279 umquam
1760 2258 1768 2272 ,
1783 2238 1865 2279 quod
1884 2238 1940 2269 tibi
1957 2238 2081 2270 accidit,
2097 2245 2132 2268 ut

1174 2282 1238 2320 ejus
1250 2283 1283 2311 in
1296 2282 1452 2321 provincia
1466 2278 1565 2309 statuae
1576 2299 1584 2314 ,
1607 2281 1640 2309 in
1654 2281 1729 2310 locis
1743 2281 1872 2320 publicis
1886 2278 1986 2320 positae
1997 2300 2006 2313 ,
2019 2281 2130 2320 partim

1174 2325 1265 2353 etiam
1282 2324 1315 2352 in
1329 2322 1443 2352 aedibus
1456 2322 1540 2352 sacris
1550 2341 1559 2355 ‚
1573 2331 1624 2361 per
1634 2324 1698 2352 vim
1709 2343 1717 2356 ,
1731 2331 1776 2361 per
1789 2323 1951 2362 universam
1964 2321 2131 2351 multitudi-

1174 2374 1235 2393 nem
1247 2364 1451 2403 dejicerentur?
1474 2366 1537 2394 Tot
1553 2364 1695 2394 homines
1714 2366 1747 2394 in
1766 2362 1832 2394 Asia
1848 2372 2010 2397 nocentes,
2034 2371 2079 2394 tot
2096 2365 2132 2393 in

1175 2407 1274 2436 Africa
1285 2426 1292 2439 ,
1304 2415 1349 2436 tot
1357 2407 1390 2436 in
1401 2406 1544 2446 Hispania
1553 2425 1562 2439 ,
1578 2406 1676 2436 Gallia
1686 2426 1695 2440 ‚
1706 2405 1839 2436 Sardinia
1848 2426 1857 2440 ‚
1868 2415 1912 2435 tot
1920 2407 1953 2435 in
1962 2406 2022 2445 ipsa
2032 2405 2133 2435 Sicilia

1172 2447 1295 2479 fuerunt
1306 2457 1312 2477 :
1332 2458 1427 2488 ecquo
1438 2447 1474 2478 de
1489 2449 1616 2478 homine
1625 2448 1684 2478 hoc
1693 2457 1839 2489 umquam
1848 2447 2041 2478 audivimus?
2063 2449 2131 2477 No—

1591 2505 1593 2507 ·
2054 2498 2130 2519 vum

207 2607 231 2625 1.
260 2600 316 2625 wid
323 2609 370 2633 ergo
381 2601 558 2634 illaefibistatuae
567 2602 681 2634 equestres
694 2620 702 2632 ,
712 2599 779 2634 ὧι]
790 2599 818 2626 N
821 2610 856 2627 on
866 2599 935 2626 male
944 2600 1052 2628 Metelli
1063 2599 1126 2627 scri-
1171 2609 1234 2626 mum
1250 2601 1398 2634 numerum]
1420 2598 1491 2627 Illud
1504 2618 1512 2631 ,
1530 2600 1559 2631 ὠ·
1567 2602 1697 2626 Sicularum
1708 2599 1737 2630 (ἐν
1746 2602 1834 2625 civitem
1842 2603 1908 2626 Rom.
1926 2608 1979 2626 non
1999 2597 2084 2626 exstat
2101 2597 2130 2624 in

168 2642 228 2672 ptus
238 2644 244 2660 :
261 2636 326 2668 Qid
334 2645 382 2669 ergo
391 2638 434 2662 ilLe
444 2656 452 2668 ,
463 2637 634 2671 quidfibistat.
645 2639 728 2671 equest.

206 2680 234 2697 2.
253 2674 382 2703 §stratores
390 2674 433 2698 ribi
442 2675 518 2698 iratos
527 2673 591 2709 esse.]
608 2672 689 2700 Liber
699 2672 817 2705 Metelli,
828 2674 872 2699 tibi
879 2673 984 2707 honestis.
1003 2671 1065 2700 inde
1075 2671 1125 2699 fiii-

169 2706 211 2743 git
223 2707 384 2733 Gulielmius
395 2708 481 2741 hosteic.

207 2750 234 2778 3.
252 2747 345 2778 virque
353 2751 380 2769 ut
388 2746 427 2769 laec
437 2745 533 2779 totum]
546 2745 589 2770 Sic
598 2744 676 2772 Fabr.
686 2745 715 2771 δε
725 2744 821 2772 Metel.
831 2753 891 2772 nam
902 2743 970 2771 Pall.
981 2744 1009 2771 8<
1019 2743 1063 2771 ed.
1074 2751 1130 2771 vet.

168 2785 275 2805 tantum.
295 2778 375 2805 medii
386 2781 512 2815 temporis
523 2789 613 2807 tamen.

206 2822 235 2847 4.
255 2817 303 2846 Q!
312 2825 340 2841 ex
348 2816 459 2850 Cilicia]
473 2817 515 2843 Est
527 2818 542 2843 a
552 2816 610 2843 mss.
622 2817 781 2850 Hommaui,
797 2826 881 2853 neque
891 2816 1076 2844 aliter-Metel.
1087 2825 1131 2844 re-

170 2857 246 2886 cepta
257 2850 338 2877 166110
350 2870 358 2883 ,
372 2855 413 2886 qui
423 2855 447 2878 in
457 2854 547 2879 Sicilia.

211 2896 237 2920 5.
255 2890 309 2912 Sive
319 2894 420 2919 togatum
428 2889 489 2914 velis
500 2908 508 2920 ,
513 2890 564 2922 sne
572 2889 700 2923 siculum]
722 2889 879 2916 Emendatio
889 2889 926 2917 est
935 2890 951 2917 a
962 2888 1036 2916 libris
1048 2888 1131 2922 Cuia-

170 2922 215 2949 cii.
238 2922 352 2958 Vulgata
365 2942 372 2955 ‚
383 2927 418 2949 Νι
427 2927 500 2950 civem
508 2928 571 2951 Rom.
581 2926 641 2951 velis
652 2927 715 2959 ‚Ji-ve
723 2927 827 2952 Siculum
837 2945 846 2958 ,
858 2925 930 2962 quod
941 2926 999 2962 quis
1010 2925 1130 2953 110111611-

173 2959 208 2986 tit
219 2957 268 2984 esse
279 2960 293 2985 ii
304 2959 405 2985 calamo
415 2959 578 2997 interpretis.

208 2995 237 3020 6.
258 2996 421 3028 Hujmstatuae
428 2998 532 3023 omnihus
540 2997 593 3022 locis
602 3008 609 3023 :
618 3007 666 3030 que
675 2996 741 3031 ἀνα]
762 2998 802 3024 Ita
812 2997 891 3025 Fabr.
901 2998 931 3024 &
942 2997 1050 3025 Metell.
1069 3005 1129 3024 nam

172 3029 242 3058 Pall.
252 3032 280 3055 ὃς
292 3030 374 3057 editio
384 3032 491 3058 exoleta
501 3032 584 3058 adhuc
593 3032 752 3060 abstulerant
760 3034 823 3060 locis.

208 3075 236 3101 7.
256 3066 335 3098 “Qeim
352 3075 407 3093 ante
423 3068 622 3103 inaratoribur]
642 3070 685 3095 Sic
697 3069 777 3104 vulgo
789 3069 898 3106 legitur.
917 3076 945 3097 at
953 3069 1037 3097 editio
1047 3068 1128 3106 prisca

172 3111 225 3131 non
235 3102 353 3138 agnoscit
363 3102 429 3130 illud
439 3107 475 3136 in,
487 3113 572 3140 neque
582 3104 694 3131 liabetur
704 3105 730 3132 iii
742 3105 810 3132 Pali.

208 3137 237 3167 8.
256 3141 306 3169 §Ac
323 3141 543 3176 locupletiffimorum
558 3142 726 3176 &Siculorum
742 3142 771 3174 ἐγ
780 3145 869 3172 civium
876 3144 1032 3173 Romanorum
1048 3143 1129 3170 maxi-

1174 2636 1288 2671 vulgatis
1300 2655 1309 2669 ,
1318 2636 1407 2663 addidi
1418 2646 1451 2663 ex
1463 2636 1542 2663 Fabr.
1553 2636 1581 2661 &
1593 2635 1698 2662 Metell.
1710 2635 1767 2662 mss‘.

1207 2680 1235 2707 9.
1256 2676 1307 2698 Huc
1316 2673 1482 2707 con-veniunt]
1499 2671 1556 2698 Pal.
1566 2681 1609 2708 pr.
1620 2673 1649 2698 &
1658 2670 1701 2698 ed.
1712 2671 1847 2707 antiquior
1855 2672 1910 2696 hinc
1919 2672 2068 2696 conveniunt.
2079 2668 2130 2697 set.

1170 2709 1196 2734 hi
1205 2718 1267 2734 nun:
1276 2712 1426 2735 conveniunt.
1446 2708 1553 2736 Metell.
1570 2709 1597 2735 hi
1612 2717 1677 2735 num·
1693 2710 1805 2734 veniunt.
1823 2716 1881 2744 quae
1889 2707 2019 2743 postrema
2027 2706 2110 2732 166110
2119 2723 2130 2738 ,

1173 2744 1237 2771 1111111
1249 2754 1300 2771 11011
1311 2744 1441 2781 displicet.

1212 2789 1253 2807 10.
1273 2782 1398 2808 Ediderim
1407 2781 1473 2817 ὅγε]
1485 2781 1528 2808 Sic
1537 2780 1724 2813 edidi‚s'ecutus
1734 2779 1814 2806 fidem
1825 2778 1884 2805 cod.
1896 2778 1975 2806 Fabr.
1985 2778 2013 2804 ssc
2023 2777 2131 2804 Metell.

1173 2816 1238 2843 item
1250 2826 1313 2843 niox
1323 2818 1466 2850 obsecrarint
1478 2837 1486 2849 ,
1495 2818 1523 2844 8<
1534 2818 1645 2844 duxerim
1655 2817 1683 2843 Sc
1692 2817 1797 2843 dixerint
1806 2827 1816 2850 ,-
1832 2824 1881 2852 pro
1891 2824 1944 2853 quo
1955 2814 2062 2851 vulgata
2069 2814 2130 2849 obse-

1174 2860 1275 2879 crarunt
1287 2872 1294 2884 ,
1305 2853 1424 2879 duxerunt
1435 2873 1442 2885 ,
1452 2854 1574 2879 dixerunt.
1753 2872 1762 2881 .

1213 2899 1222 2915 i
1232 2898 1253 2915 i.
1274 2892 1367 2915 Etenim
1376 2890 1551 2924 rumpi-optem]
1564 2888 1832 2922 Metellanus,13tenim
1841 2888 1877 2914 ille
1885 2893 1935 2913 tum
1943 2885 1995 2919 &a
2004 2894 2062 2923 quae
2070 2893 2132 2923 par-

1173 2925 1255 2951 ticula
1265 2925 1321 2951 heic
1331 2925 1400 2951 belle
1410 2925 1535 2961 quadrat.

1213 2970 1255 2987 12.
1271 2965 1411 2996 chrare
1419 2970 1495 2987 omnes
1504 2971 1549 2987 non
1558 2963 1594 2987 22¹7
1600 2961 1709 2995 necff]
1721 2960 1816 2987 Metel.
1826 2960 1856 2991 dy·
1864 2965 2033 2992 numerare‚ut
2042 2956 2132 2985 videa-
2142 2959 2150 2974 Ι

1173 3005 1216 3025 tui·
1227 2996 1253 3023 id
1265 2996 1453 3024 restituendum
1465 3007 1473 3028 5
1486 3005 1531 3024 aut
1542 2996 1689 3024 faciendum
1701 2997 1759 3023 sane
1770 3005 1915 3023 enumerare.

1211 3042 1220 3059 1
1227 3041 1240 3068 3
1247 3053 1253 3059 .
1266 3033 1336 3059 Scitis
1346 3042 1417 3067 quam
1425 3035 1494 3059 multi
1502 3034 1531 3064 &¹
1540 3042 1612 3067 quam
1621 3035 1696 3058 multa
1701 3033 1723 3067 .]
1736 3033 1779 3059 Est
1789 3033 1815 3059 in
1827 3031 1922 3058 Metel.
1931 3031 1979 3057 scis
1989 3038 2061 3065 quam
2070 3029 2134 3055 mu!-

1172 3077 1209 3101 ta,
1219 3068 1317 3095 omissis
1329 3069 1504 3096 intermediis.
1528 3069 1595 3095 Pali.
1606 3068 1715 3100 habent,
1724 3069 1788 3094 Satis
1797 3077 1869 3102 quam
1878 3069 1946 3093 multi
1954 3067 2006 3097 &c-

1214 3112 1256 3139 14.
1274 3108 1320 3136 Res
1330 3106 1477 3140 declaravit,
1487 3112 1515 3135 ut
1523 3104 1666 3142 cupierint]
1683 3103 1782 3134 Forsan
1792 3114 1844 3133 iioii
1855 3103 1925 3133 male
1934 3101 2042 3131 Metell.
2052 3101 2131 3128 decla-

1177 3143 1253 3171 rabit.

2069 3181 2080 3200 1
2086 3173 2136 3200 *Et
