2297 3389
446 144 705 197 oiim-10
741 154 857 186 PRO
894 140 1086 186 D0Mo
1123 142 1274 196 Sua,
1311 158 1392 189 AD
1430 144 1839 201 Poura-rens.

160 224 279 258 fastum
294 222 394 258 statIm
405 227 435 256 P.
448 225 569 255 Mucius
586 223 692 254 consul
706 243 715 257 ,
736 224 789 265 qui
809 225 842 253 in
860 221 986 265 gerenda
1002 221 1118 261 republ.

161 268 318 309 putabatur
326 266 414 298 fuiss'e
427 267 546 308 segnior
554 265 633 306 gesta
642 286 651 300 ‚
670 266 776 295 multis
787 264 1044 296 §enatusconsultis
1053 273 1118 293 non

162 309 259 341 modo
268 308 419 342 defendit,
431 308 480 338 sed
489 310 579 338 etiam
589 310 723 338 ornavit:
736 309 813 337 mihi
824 317 874 339 aut
882 328 891 342 ,
904 316 931 336 te
941 304 1113 338 interfecto,

159 362 233 382 cum
242 350 433 382 consulibus:
450 359 500 380 aut
509 370 517 384 ‚
528 358 557 380 te
566 351 640 380 vivo
651 369 659 383 ,
672 350 705 380 &
716 360 816 380 tecum
827 370 836 383 ,
850 350 883 380 δε
896 347 1040 379 cumillis
1049 365 1058 379 ,
1069 356 1117 376 ar-

158 384 220 424 11115
229 391 440 423 decertandum
450 391 519 422 fuit.
542 395 634 423 Erant
647 402 683 422 eo
697 402 831 432 tempore
845 391 939 422 multa
951 390 1043 419 etiam
1059 388 1115 418 alia

158 434 330 465 metuenda.
352 433 389 463 ad
401 434 500 464 servos
510 435 628 464 medius
640 432 729 464 fidius
740 444 784 464 res
793 430 981 475 pervenisset.
996 438 1111 460 tantum

156 477 298 507 homines
308 477 420 515 impios
434 486 473 506 ex
484 485 584 507 vetere
599 477 650 506 illa
664 478 871 516 conjuratione
882 472 1016 518 inustum
1026 470 1111 519 nefa-

154 519 208 548 riis
217 517 372 547 mentibus
381 517 534 548 bonorum
546 517 653 548 odium
664 519 818 548 retinebat.
843 516 902 548 Hic
915 525 947 546 tu
961 524 1010 545 me
1020 523 1111 544 etiam

151 559 277 596 gloriari
286 568 366 590 vetas
379 570 385 588 ε
405 570 493 602 negas
501 559 559 590 esse
567 560 688 592 ferenda
699 581 707 594 ,
726 571 792 602 quae
803 560 915 590 soleam
928 558 964 587 de
976 566 1025 586 me
1035 566 1111 596 prae—

150 601 262 631 dicare:
286 602 319 632 δε
334 603 431 632 homo
449 602 560 633 facetus
573 624 581 636 ‚
603 603 721 633 inducis
736 604 828 633 etiam
841 603 1013 632 sermonem
1025 597 1112 628 urba—

149 652 249 677 num,
269 653 300 673 ac
319 643 497 674 venustum:
520 655 570 675 me
586 644 686 675 dicere
702 645 816 678 solere,
838 642 895 673 effe
913 651 964 671 me
982 640 1109 678 Jovem:

147 684 342 726 eundemque
351 686 487 717 di&ita1‘e
496 708 505 720 ,
516 688 684 717 Minervam
693 686 750 716 effe
760 687 891 716 sororem
902 691 1015 731 mearrt.
1031 683 1108 711 Non

150 734 214 756 tam
231 728 366 758 insolens
382 729 447 758 sum
459 749 467 762 ,
488 729 708 771 ¹quodJ0vem
725 726 783 757 effe
793 726 938 756 medico:
956 732 1107 770 quamin-

145 768 282 799 eruditus
297 790 305 802 ‚
328 770 411 811 quod
430 773 602 801 Minervam
619 771 752 800 sororem
768 769 855 810 Jovis
874 765 932 797 effe
949 763 1101 795 existimo.

145 810 196 840 sed
208 820 309 842 tamen
321 832 328 845 ‚
349 822 404 852 ego
420 813 498 842 mihi
515 813 647 842 sororem
664 812 814 851 virginem
829 809 956 839 ascisco:
976 816 1008 837 tu
1019 807 1105 836 soro-

143 861 208 882 rem
221 861 302 883 tuam
313 855 463 893 virginem
474 851 531 882 effe
539 863 604 882 non
614 851 716 882 sivisti.
731 851 789 882 Sed
801 850 883 884 vide,
895 853 910 870 2
919 860 957 879 ne
967 857 999 879 tu
1011 857 1038 878 te
1048 847 1102 878 de—

142 891 213 924 beas
219 896 330 936 Jovem
342 895 439 924 dicere
447 914 457 928 ,
466 894 549 935 quod
560 902 589 924 tu
597 894 664 933 jure
674 893 800 924 eandem
811 894 945 923 sororem
957 912 965 924 .
979 891 1012 921 &
1023 899 1102 920 uxo-

73 936 97 973 J3
105 939 123 971 5
143 945 207 965 rem
217 937 361 977 appellare
368 934 466 975 posfis.
497 939 533 966 Et
549 938 693 976 quoniam
711 937 770 965 hoc
784 934 977 975 reprehendis
988 953 997 967 ‚
1017 931 1101 973 quod

141 978 236 1008 solere
254 988 304 1007 me
320 978 399 1007 dicas
416 977 452 1007 de
462 987 512 1007 me
528 979 593 1017 ipso
596 977 742 1018 gloriosius
758 977 928 1018 praedicare:
950 977 1101 1023 (1111311111-

137 1029 229 1060 quam
239 1020 356 1049 audivit
365 1039 373 1052 ‚
391 1018 462 1049 cum
474 1030 529 1061 ego
540 1020 577 1049 de
587 1030 636 1050 me
646 1040 655 1054 ‚
675 1018 730 1050 nili
742 1018 863 1049 coa&us
874 1039 883 1053 ,
894 1028 926 1049 ac
936 1014 1098 1063 necessario

136 1062 266 1091 dicerem
279 1063 290 1090 ?
307 1071 378 1091 nam
391 1060 412 1090 fi
423 1081 432 1095 ,
451 1071 522 1091 curn
534 1063 611 1092 1111111
620 1061 716 1096 furta,
737 1061 911 1103 largitiones
921 1080 930 1094 ‚
952 1058 1097 1089 libidines

135 1102 340 1141 objiciuntur,
353 1113 408 1144 ego
417 1103 596 1143 respondere
605 1103 688 1134 soleo
699 1124 708 1137 ‚
722 1106 797 1133 meis
806 1102 940 1134 consiliis
951 1122 960 1135 ,
977 1102 1095 1141 pericu-

131 1144 172 1174 lis
183 1164 191 1179 ,
211 1144 382 1179 laboribus,
402 1148 527 1185 patriam
543 1144 601 1175 esse
617 1146 821 1176 conservatam
834 1166 843 1179 ,
863 1155 928 1175 non
944 1153 1006 1174 tarn
1025 1143 1093 1174 sum

133 1184 356 1217 existimandus
373 1187 409 1217 de
444 1186 512 1217 estis
528 1188 616 1217 rebus
630 1188 767 1229 gloriari,
788 1191 801 1214 3
814 1187 905 1228 quam
916 1186 952 1217 de
965 1184 1093 1222 objectis

132 1237 199 1258 non
216 1227 364 1259 confiteri.
389 1198 442 1259 se}
456 1227 476 1259 si
494 1230 571 1259 mihi
586 1239 654 1260 ante
673 1231 735 1260 haec
753 1228 905 1259 duriffima
921 1227 1092 1268 reipublicae

129 1276 269 1310 tempora
276 1271 354 1300 nihil
364 1280 508 1311 umquam
517 1271 598 1301 aliud
607 1271 657 1311 obj
661 1270 761 1301 enum
773 1271 816 1301 est
823 1291 831 1305 ‚
843 1270 899 1301 nisi
907 1274 924 1298 4
932 1270 1090 1300 crudelitas

121 1311 216 1342 'illius
226 1315 371 1352 temporis
382 1333 391 1345 ‚
410 1323 480 1343 cum
489 1313 505 1343 a
514 1315 605 1353 patria
611 1315 778 1353 perniciem
788 1313 908 1353 depuli:
929 1311 1023 1353 quid?
1040 1321 1091 1340 me

132 1354 206 1384 huic
216 1354 380 1385 maledicto
388 1353 490 1384 utrum
501 1365 566 1384 non
575 1355 751 1395 respondere
761 1375 769 1388 ,
780 1365 817 1384 an
828 1354 958 1385 demisse
967 1354 1091 1398 respon·-

130 1394 202 1425 dere
211 1395 333 1426 decuit?
355 1398 420 1435 Ego
436 1395 508 1425 vero
525 1399 615 1426 etiam
631 1396 804 1436 reipublicae
821 1397 936 1436 semper
952 1394 1088 1425 interefle

129 1438 251 1477 putavi,
272 1447 321 1467 me
338 1437 421 1467 illius
437 1438 632 1477 pulcherrimi
649 1437 720 1468 faffi
732 1459 741 1472 ‚
760 1438 842 1480 quod
861 1449 899 1468 ex
915 1436 1089 1468 austeritate

128 1479 266 1513 senatus,
285 1479 431 1510 consensu
451 1480 604 1511 bonorum
621 1483 764 1510 omnium
775 1500 784 1515 ,
804 1491 859 1521 pro
872 1481 963 1511 salute
976 1480 1087 1520 patriae,

127 1519 286 1562 gessissem,
298 1521 488 1561 splendorem
499 1521 586 1552 verb&
596 1542 604 1557 ,
614 1522 851 1564 dignitatemque
860 1525 986 1553 retinere
997 1532 1003 1551 2
1013 1530 1088 1561 prae-

126 1562 232 1593 sertim
242 1561 314 1593 cum
326 1564 404 1593 mihi
415 1565 469 1593 uni
483 1566 516 1594 in
526 1565 579 1595 hac
587 1565 739 1604 republica
749 1565 889 1595 audiente
897 1564 1011 1605 populo
1021 1565 1089 1608 Ro<-

127 1613 223 1634 mano
232 1614 320 1645 opera
330 1614 397 1635 mea
413 1607 490 1636 hanc
507 1607 613 1636 urbem
624 1627 632 1641 ‚
654 1606 687 1637 &
702 1608 779 1637 hanc
793 1607 1012 1647 rempublicam
1028 1603 1088 1635 esse

126 1646 236 1676 salvam
248 1648 347 1685 jurato
362 1647 461 1677 dicere
476 1647 519 1678 fas
537 1647 647 1679 fuiffet.
671 1648 866 1680 Exstinetum
879 1648 922 1679 est
932 1650 995 1688 jam
1008 1646 1086 1677 illud

125 1688 325 1719 maledictum
335 1689 517 1720 crudelitatis
526 1711 535 1724 ‚
552 1690 635 1731 quod
645 1700 696 1720 me
706 1701 770 1721 non
779 1700 814 1721 ut
822 1691 976 1721 crudelem
987 1699 1087 1729 tyran-

125 1739 203 1759 num
216 1751 224 1763 ,
246 1731 296 1761 sed
315 1740 348 1761 ut
365 1730 560 1762 miriflimum
573 1741 726 1772 parentem
741 1735 884 1763 omnium
899 1734 1016 1763 civium
1026 1731 1087 1762 stu-

123 1770 187 1801 diis
203 1772 398 1803 defideratum
418 1794 427 1806 ,
457 1776 616 1814 repetitum
630 1795 638 1808 ,
657 1773 821 1806 arceffitum
843 1775 958 1805 vident.
990 1775 1084 1806 Aliud

110 1816 267 1844 ‘exortum
284 1813 336 1844 est.
360 1816 502 1855 objicitur
519 1817 597 1846 mihi
613 1827 699 1847 meus
718 1817 770 1847 ille
788 1816 945 1847 disceffus:
965 1818 1013 1846 cui
1028 1827 1084 1858 ego

123 1856 250 1885 crimini
267 1856 442 1896 respondere
461 1856 523 1888 fine
541 1868 608 1888 mea
624 1861 758 1889 maxima
775 1859 861 1889 laude
875 1869 939 1889 non
948 1857 1080 1898 poffum.

125 1896 210 1938 Qid
229 1899 331 1931 enim,
350 1897 528 1937 pontifices,
548 1899 645 1930 debeo
664 1901 787 1931 dicere?
808 1903 919 1941 peccati
938 1911 987 1930 me
1006 1911 1083 1931 con-

124 1938 249 1968 scientia
257 1939 439 1980 profugisse?
455 1941 531 1971 Atid
542 1960 551 1974 ,
562 1941 643 1981 quod
653 1943 731 1972 mihi
741 1945 864 1972 crimini
874 1942 1006 1976 dabatur,
1017 1953 1082 1973 non

124 1979 222 2009 modo
232 1990 386 2020 peccatum
395 1991 460 2011 non
471 1990 530 2012 erat
539 2001 548 2016 ,
565 1983 614 2012 sed
623 1992 683 2013 erat
692 1994 737 2013 res
747 2003 756 2017 ‚
767 1983 834 2023 post
844 1993 929 2014 natos
940 1985 1081 2014 homines

120 2022 332 2061 pulcherrima.
353 2023 510 2064 Judicium
528 2025 634 2064 populi
651 2024 837 2063 pertimuiffe
854 2027 865 2054 ?
894 2028 935 2054 At
952 2026 982 2056 id
994 2045 1004 2059 ‚
1024 2035 1081 2056 nec

120 2063 307 2103 propositum
323 2065 422 2094 ullum
435 2064 492 2094 fuit
503 2085 512 2099 ,
524 2066 556 2095 &
567 2086 575 2099 ‚
590 2064 608 2094 fi
624 2065 743 2100 fuisset,
763 2066 910 2107 duplicata
917 2067 1012 2107 gloria
1022 2067 1082 2097 dis-

124 2104 278 2136 ceffifl'em.
304 2108 459 2136 Bonorum
472 2108 551 2137 mihi
562 2106 729 2147 praefidium
740 2107 886 2138 defuisse?
900 2109 1019 2138 Falsum
1029 2108 1080 2139 est.

51 2134 103 2179 '35
122 2149 176 2176 Me
196 2157 327 2178 mortem
348 2147 505 2178 timuisse?
527 2152 628 2189 Turpe
645 2149 697 2180 est.
740 2150 916 2180 Dicendum
935 2152 1026 2191 igitur
1037 2150 1080 2181 est

119 2188 153 2219 id
163 2209 171 2222 ‚
185 2190 266 2230 quod
277 2200 341 2219 non
351 2190 482 2220 dicerem
495 2210 503 2224 ‚
515 2190 570 2220 nisi
580 2191 700 2221 coa&us
712 2203 718 2221 z
737 2193 829 2231 (nihil
838 2193 922 2222 enim
933 2202 1078 2233 umquam

119 2233 134 2258 5
143 2230 180 2260 de
193 2241 242 2261 me
252 2231 319 2261 dixi
330 2231 472 2261 sublatius
481 2233 654 2263 asciscendae
664 2234 758 2264 laudis
768 2235 853 2265 causa
863 2233 976 2274 potius,
987 2235 1077 2275 quam

118 2272 243 2302 criminis
255 2273 412 2316 depellendi)
427 2274 496 2304 dico
515 2276 624 2315 igitur,
648 2275 681 2305 &
697 2275 788 2316 quam
805 2275 924 2316 poss'um
944 2279 1078 2307 maxima

118 2323 195 2344 voce
204 2314 274 2345 dico
287 2326 292 2344 :
314 2318 393 2345 Cum
402 2318 545 2346 omnium
555 2316 742 2356 perditorum
753 2337 761 2351 ,
783 2318 816 2348 &
826 2316 840 2337 ⁶
850 2319 1077 2354 conjuratorum

117 2357 211 2387 incita
225 2359 288 2390 vis,
308 2357 384 2387 duce
401 2358 525 2388 tribuno
542 2358 620 2398 pleb.
631 2359 806 2389 consulibus
821 2359 996 2390 auetoribus
1008 2381 1016 2393 ‚
1034 2360 1078 2390 af-

119 2396 207 2428 fileto
222 2399 322 2429 senatu
332 2419 341 2433 ‚
360 2402 520 2439 perterritis
529 2400 681 2441 equitibus
694 2403 845 2432 Romanis
856 2422 864 2435 ‚
878 2402 1015 2442 suspensa
1026 2423 1034 2435 ‚
1046 2413 1079 2433 ac

115 2440 243 2470 sollicita
263 2449 327 2471 tota
339 2443 459 2472 civitate
471 2462 479 2476 ,
498 2452 564 2472 non
580 2450 642 2473 tam
661 2446 694 2473 in
712 2454 763 2473 me
782 2445 935 2483 impetum
955 2443 1074 2478 faceret,

67 2520 70 2522 Ἴ
112 2481 205 2522 quam
212 2490 261 2523 per
271 2492 314 2511 me
325 2485 359 2514 in
368 2486 489 2514 omneis
500 2484 601 2515 bonos
614 2496 620 2515 :
638 2495 689 2516 me
698 2484 805 2516 vidifl'e
815 2505 823 2519 ‚
835 2484 857 2515 fi
867 2484 1003 2516 viciss'em
1013 2506 1022 2520 ,
1033 2495 1077 2517 te-

1171 224 1258 253 nueis
1267 225 1440 265 reipublicae
1449 227 1587 268 reliquias
1600 238 1605 257 :
1629 225 1649 257 fi
1662 226 1762 257 11161113
1776 226 1868 257 effem
1883 247 1891 260 ,
1903 226 1999 257 nullas
2009 226 2132 257 futuras-

1170 265 1251 304 quod
1262 267 1518 307 cumjudicassem
1531 281 1536 298 t
1555 268 1664 299 deflevi
1674 271 1811 310 conjugis
1824 269 1939 300 miserae
1953 268 2127 304 discidium,

1169 306 1334 338 liberorum
1364 310 1579 342 carissimorum
1609 312 1807 342 solitudinem
1827 332 1836 346 ,
1865 311 1964 342 fratris
1985 310 2129 345 absentis,

1169 348 1361 390 amantiffimi
1376 371 1384 384 ,
1403 361 1490 393 atque
1509 356 1618 393 optimi
1637 354 1738 384 casum
1753 375 1762 388 ‚
1785 354 1897 384 subitas
1915 351 2130 384 fundatiffimae

1165 390 1292 421 ramiliae
1311 395 1422 423 ruinas.
1452 395 1501 425 sed
1523 397 1569 426 his
1587 396 1733 426 omnibus
1750 395 1839 426 rebus
1858 397 1953 426 vitam
1972 395 2129 434 anteposui

1164 439 1305 476 meorum
1319 436 1434 465 civium
1447 447 1452 465 τ
1472 447 1595 478 remque
1608 438 1761 478 publicam
1771 443 1785 467 7
1794 438 1957 469 concedere
1966 438 2057 467 unius
2067 436 2129 467 dis-

1163 471 1242 502 cessu
1252 493 1260 506 ,
1283 475 1373 514 quam
1384 479 1530 508 omnium
1541 482 1663 509 interitu
1675 479 1811 510 occidere
1821 481 1926 511 malui.
1949 479 2080 519 speravi,
2093 479 2124 510 id

1160 515 1241 554 quod
1251 516 1360 545 accidit
1369 536 1377 550 ,
1398 528 1448 547 me
1459 520 1609 557 jacentem
1623 520 1705 561 poss‘e
1719 521 1735 552 ἐι
1748 524 1827 552 vivis
1840 523 1913 553 viris
1924 520 2054 551 fortibus
2064 530 2120 551 ex-

1141 580 1145 583 ,
1159 558 1243 586 011311
1256 567 1262 586 :
1280 555 1301 586 fi
1312 558 1370 588 una
1380 569 1450 589 cum
1462 561 1550 591 bonis
1560 562 1735 593 interiissem
1747 584 1755 598 ‚
1775 564 1863 594 nullo
1874 563 1969 594 modo
1978 560 2060 603 poffe
2070 573 2119 592 re-

1159 600 1261 628 creari.
1284 602 1412 640 Accepi,
1433 602 1591 641 pontifices
1601 624 1610 637 ‚
1629 615 1775 646 magnum
1787 626 1794 639 ‚
1806 616 1892 647 atque
1901 605 2116 635 incredibilem

1159 638 1299 670 dolorem
1312 651 1317 670 :
1332 652 1396 672 non
1406 653 1498 684 nego:
1514 654 1611 685 neque
1621 646 1708 676 istam
1720 649 1798 677 mihi
1808 649 1916 679 ascisco
1928 648 2115 687 sapientiam,

1156 682 1248 725 quam
1267 684 1414 714 nonnulli
1433 687 1466 715 in
1484 695 1535 715 me
1554 688 1762 726 requirebant,
1782 692 1833 729 qui
1845 701 1894 720 me
1906 691 2011 720 animo
2022 690 2118 718 nimis

1153 723 1250 753 113ἃο
1268 723 1344 759 effe,
1364 735 1453 767 atque
1469 727 1585 757 afflieto
1605 729 1810 769 loquebantur.
1837 735 1885 761 An
1904 741 1958 773 ego
1968 739 2116 771 poteram»

1153 775 1226 796 cum
1245 766 1260 796 a
1279 775 1325 797 tot
1341 778 1442 798 rerum
1461 778 1539 799 tanta
1555 772 1692 800 varietate
1705 771 1880 806 divellerer,
1902 774 1985 814 (quas
2000 772 2113 802 idcirco

1152 816 1294 846 praetereo
1304 829 1313 842 ‚
1332 810 1415 850 quod
1433 821 1471 841 ne
1488 821 1571 842 nunc
1584 812 1709 852 quidem
1721 813 1780 842 fine
1793 813 1862 844 fletu
1871 823 2113 845 commemorare

1152 848 1420 890 poffum)inl1tiari
1432 863 1481 882 me
1491 852 1549 883 effe
1560 854 1721 884 hominem
1733 875 1741 889 ,
1755 855 1787 884 δε
1796 865 1995 885 communem
2008 863 2114 884 natum

1147 891 1258 930 ftnsum
1268 893 1450 933 repudiare?
1473 898 1558 925 Tum
1575 895 1649 925 vero
1667 906 1765 937 neque
1783 897 1858 927 illud
1876 907 1978 927 meum
1996 896 2112 927 faetum

1149 933 1299 964 laudabile
1312 955 1321 969 ‚
1342 946 1399 966 nec
1415 936 1600 968 beneficium
1619 938 1719 968 ullum
1738 940 1754 968 a
1773 949 1823 968 me
1839 940 1873 968 in
1890 939 2110 978 rempublicam

1148 975 1320 1014 profeetum
1331 978 1460 1008 dicerem
1470 999 1478 1013 ,
1490 977 1510 1008 fi
1519 979 1644 1020 quidem
1654 990 1686 1010 ea
1696 980 1870 1021 reipublicae
1882 982 1964 1011 causa
1974 980 2110 1020 reliquis-

1146 1017 1209 1047 sem
1223 1037 1231 1052 ,
1274 1019 1363 1050 uibus
1375 1030 1463 1061 aequo
1484 1031 1591 1051 31111110
1612 1032 1762 1052 carerem:
1782 1032 1907 1064 eamque
1919 1024 2015 1052 animi
2029 1023 2111 1052 duri-

1145 1060 1218 1090 tiam
1231 1080 1240 1093 ,
1264 1070 1326 1091 10111
1334 1064 1469 1102 corporis
1480 1083 1488 1097 ,
1506 1064 1588 1104 quod
1599 1074 1670 1094 cum
1681 1066 1776 1095 uritur
1786 1084 1795 1099 ,
1807 1075 1872 1095 non
1883 1065 1972 1094 se‘ntit
1982 1084 1990 1098 ,
2006 1062 2109 1103 stupo-

1143 1110 1209 1131 rem
1227 1103 1350 1142 potius,
1369 1105 1462 1145 quam
1483 1109 1627 1136 virtutem
1647 1115 1795 1146 putarem.
1840 1106 1991 1146 Suscipere
2009 1115 2106 1135 tantos

1141 1145 1237 1174 animi
1247 1144 1384 1180 dolores,
1396 1155 1484 1188 atque
1493 1158 1525 1178 ea
1537 1168 1546 1181 ‚
1561 1158 1627 1189 quae
1639 1169 1647 1182 ,
1663 1158 1743 1189 capta
1753 1148 1825 1179 urbe
1835 1169 1844 1183 ,
1854 1148 1994 1179 accidunt
2003 1146 2106 1181 viffis,

1142 1184 1236 1216 stante
1246 1187 1321 1217 urbe
1333 1198 1430 1219 unum
1440 1192 1572 1230 perpeti,
1593 1191 1696 1230 &jam
1707 1192 1734 1221 se
1745 1191 1846 1221 videre
1858 1189 2104 1221 (111113111ὲοοω-

1139 1227 1233 1266 plexu
1252 1229 1378 1260 suorum
1397 1251 1405 1264 ,
1430 1231 1589 1262 disturbari
1608 1231 1703 1266 tedia,
1723 1233 1812 1273 diripi
1830 1231 1984 1266 fortunas,
2003 1232 2104 1272 patriae

1140 1268 1272 1311 denique
1283 1273 1366 1302 causa
1377 1275 1501 1312 patriam
1514 1275 1607 1313 ipsam
1617 1277 1755 1305 amittere
1765 1295 1772 1308 ,
1793 1275 1913 1314 spoliari
1924 1276 2029 1314 populi
2039 1275 2105 1304 Ro-

1139 1314 1224 1341 mani
1244 1312 1400 1344 beneficiis
1418 1315 1610 1355 amplissimis
1623 1336 1632 1349 ,
1653 1318 1828 1357 praecipitari
1843 1327 1880 1346 ex
1893 1315 2037 1346 altifiimo
2057 1315 2105 1346 di—

1138 1356 1259 1393 gnitatis
1278 1356 1369 1396 gradu
1389 1376 1398 1390 ,
1422 1351 1436 1376 8
1449 1357 1549 1388 videre
1567 1367 1756 1398 praetextatos
1775 1359 1939 1391 inimicos,
1960 1357 2103 1388 nondum

1138 1403 1227 1425 morte
1245 1398 1433 1438 complorata,
1452 1399 1572 1430 arbitria
1591 1404 1740 1440 petenteis
1757 1399 1892 1430 funeris:
1915 1401 1978 1430 haec
1997 1401 2103 1430 omnia

1137 1436 1236 1467 subire
1244 1440 1520 1471 conservandorum
1530 1443 1649 1472 civium
1660 1453 1712 1472 cau
1718 1443 1743 1473 [3
1752 1462 1760 1476 ,
1776 1451 1864 1483 atque
1874 1442 1916 1472 ita
1926 1461 1934 1474 ,
1947 1451 1981 1472 ut
1990 1441 2100 1472 dolen-

1136 1486 1181 1508 ter
1189 1478 1264 1510 abfis
1275 1501 1283 1514 ‚
1301 1490 1437 1512 nontam
1449 1483 1582 1523 sapiens,
1600 1484 1694 1525 quam
1703 1486 1726 1514 ii
1737 1504 1745 1519 ‚
1760 1484 2033 1525 quinihilcurant‚
2048 1482 2099 1513 sed

1137 1528 1197 1551 tarn
1217 1532 1320 1553 amans
1339 1532 1461 1554 tuorum
1473 1544 1481 1558 ,
1500 1535 1532 1555 ac
1548 1528 1611 1559 tui,
1630 1526 1722 1567 quarn
1736 1527 1914 1557 communis
1929 1526 2102 1556 humanitas

1134 1562 1264 1602 postulat
1275 1575 1281 1593 :
1292 1575 1325 1595 ea
1334 1565 1397 1596 laus
1406 1567 1542 1606 praeclara
1550 1587 1559 1601 ‚
1570 1576 1657 1609 atque
1666 1568 1780 1598 divina.
1804 1570 1885 1598 Nam
1896 1587 1905 1600 ‚
1917 1569 1969 1608 qui
1979 1577 2022 1601 ea,
2033 1577 2099 1608 quae

1134 1614 1305 1647 numquam
1316 1617 1380 1638 cara
1390 1627 1400 1641 ‚
1415 1618 1448 1638 ac
1455 1609 1588 1648 jucunda
1597 1611 1703 1644 duxit,
1716 1612 1821 1640 animo
1831 1619 1918 1650 aequo
1928 1609 2100 1649 reipublicae

1133 1648 1218 1678 causa
1236 1648 1361 1683 deserit,
1383 1650 1500 1681 nullam
1513 1650 1760 1682 benevolentiam
1772 1650 1921 1693 insignem
1935 1653 1968 1681 in
1977 1661 2100 1691 rempu-

1134 1687 1244 1720 blicam
1256 1690 1390 1722 declarat.
1413 1694 1466 1733 qui
1483 1702 1583 1723 autem
1600 1703 1634 1723 ea
1650 1694 1814 1734 relinquit,
1835 1693 1949 1733 reipub.
1960 1694 2062 1727 causa,
2083 1692 2099 1724 a

1133 1732 1243 1771 quibus
1260 1743 1331 1763 cum
1350 1734 1473 1765 summo
1492 1734 1597 1765 dolore
1617 1735 1791 1769 divellitur,
1811 1737 1840 1765 ei
1853 1737 1945 1776 patria
1956 1745 2021 1765 cara
2034 1734 2096 1765 est:

1133 1775 1218 1814 cujus
1229 1774 1354 1805 salutern
1364 1777 1476 1806 caritati
1487 1779 1645 1817 anteponit
1652 1777 1787 1808 suorum.
1809 1781 1824 1804 9
1836 1780 1933 1820 Qare
1944 1797 1953 1811 ‚
1964 1777 2095 1808 disrum-

1131 1824 1216 1855 patur
1224 1817 1294 1847 licet
1303 1816 1358 1848 ista
1367 1817 1443 1848 furia
1452 1837 1462 1852 ,
1476 1827 1563 1859 atque
1573 1819 1673 1850 audiat
1682 1821 1744 1850 haec
1754 1829 1794 1850 ex
1804 1830 1855 1850 me
1865 1840 1874 1853 ,
1896 1821 2043 1861 quoniam
2054 1819 2097 1850 la·

1131 1856 1258 1888 ceffivit.
1281 1858 1328 1889 bis
1337 1860 1470 1894 servavi,
1491 1869 1525 1890 ut
1543 1862 1649 1892 consul
1661 1882 1670 1894 ,
1690 1870 1806 1903 togatus
1817 1870 1947 1892 armatos
1956 1863 2094 1892 vicerim:

1130 1902 1261 1939 privatus
1272 1920 1281 1934 ,
1291 1901 1467 1932 consulibus
1477 1905 1598 1933 armatis
1607 1901 1753 1933 cesserim.
1777 1904 1940 1944 Utriusque
1951 1905 2096 1944 temporis

1123 1941 1256 1979 frustum
1276 1943 1333 1972 tuli
1350 1945 1543 1974 maximum:
1564 1945 1724 1984 superioris
1735 1964 1744 1978 ,
1762 1944 1846 1985 quod
1860 1955 1900 1975 ex
1910 1946 2028 1976 senatus
2039 1955 2094 1976 au-

1131 1983 1267 2014 &oritate
1278 2004 1286 2017 ,
1299 1984 1331 2014 ὃς
1341 1985 1478 2015 senatum
1490 2005 1499 2019 ‚
1515 1986 1549 2016 δε
1560 1988 1679 2016 omneis
1689 1986 1788 2016 bonos
1799 2006 1808 2020 ‚
1826 1997 1903 2016 meae
1912 1987 2011 2017 salutis
2021 1997 2093 2017 cau-

1128 2026 1156 2056 sa
1168 2044 1176 2058 ,
1190 2034 1302 2055 mutata
1310 2025 1391 2056 veste
1401 2027 1466 2056 vidi
1478 2037 1484 2056 :
1501 2026 1675 2066 posterioris
1686 2048 1694 2061 ‚
1706 2028 1788 2068 quod
1801 2029 1834 2058 &
1843 2029 1960 2059 senatus
1970 2048 1978 2062 ,
1991 2028 2024 2058 &
2033 2038 2091 2069 po-

1129 2066 1217 2106 pulus
1227 2069 1386 2097 Romanus
1396 2087 1405 2101 ,
1427 2068 1460 2098 &
1470 2078 1579 2099 omnes
1589 2070 1730 2099 mortales
1742 2090 1750 2102 ,
1771 2070 1803 2099 δε
1810 2072 1951 2110 privatim
1962 2089 1971 2103 ,
1991 2070 2024 2100 δε
2032 2080 2091 2110 pu·-

1129 2108 1207 2139 blice
1215 2108 1406 2148 judicarunt,
1424 2108 1486 2140 fine
1496 2120 1567 2140 meo
1576 2110 1672 2141 reditu
1683 2112 1900 2151 rempublicam
1911 2112 2021 2142 salvam
2032 2111 2090 2143 effe

1128 2161 1192 2181 non
1202 2149 1294 2190 poffe.
1317 2151 1374 2182 Sed
1384 2152 1435 2181 hic
1445 2162 1531 2182 meus
1542 2152 1652 2182 reditus
1665 2173 1673 2187 ‚
1693 2152 1854 2194 pontifices
1864 2174 1873 2188 ,
1893 2153 1992 2184 vestro
2005 2153 2089 2193 judi-

1125 2194 1175 2223 cio
1185 2193 1369 2223 continetur.
1392 2203 1464 2223 nam
1475 2213 1483 2228 ‚
1505 2192 1525 2223 fi
1537 2204 1590 2224 vos
1601 2205 1651 2225 me
1661 2197 1693 2225 in
1703 2197 1780 2225 meis
1790 2195 1906 2226 aedibus
1916 2196 2086 2230 collocatis,

1126 2234 1157 2264 id
1172 2235 1254 2276 quod
1269 2236 1303 2264 in
1316 2237 1405 2264 omni
1419 2245 1485 2266 mea
1498 2236 1582 2266 causa
1592 2236 1708 2276 semper
1717 2236 1823 2268 studiis
1833 2258 1841 2272 ,
1860 2237 1992 2268 consiliis
2007 2258 2016 2272 ,
2032 2248 2086 2268 au-

1128 2276 1316 2307 &oritatibus
1324 2296 1333 2311 ‚
1350 2277 1563 2318 sententiisque
1582 2277 1694 2309 fecistis
1716 2289 1721 2307 :
1744 2279 1835 2314 video
1854 2290 1905 2310 me
1922 2280 2011 2320 plane
2022 2300 2031 2313 ‚
2052 2290 2085 2311 ac

1124 2319 1221 2349 sentio
1232 2318 1416 2349 restitutum.
1440 2318 1483 2349 sin
1492 2330 1555 2349 mea
1562 2320 1659 2349 domus
1668 2329 1732 2351 non
1742 2320 1838 2352 modo
1856 2323 1935 2352 mihi
1944 2332 2007 2352 non
2018 2322 2086 2352 red-

1123 2360 1205 2390 ditur
1215 2381 1224 2394 ,
1245 2359 1296 2391 sed
1314 2363 1405 2391 etiam
1423 2371 1663 2393 monumentum
1678 2363 1789 2403 praebet
1798 2365 1928 2394 inimico
1939 2384 1948 2398 ,
1967 2364 2084 2394 doloris

1124 2404 1206 2436 mei,
1218 2403 1334 2432 sceleris
1345 2403 1388 2433 sui
1399 2423 1407 2437 ,
1418 2403 1546 2443 publicae
1555 2405 1749 2436 calamitatis:
1766 2408 1834 2447 quis
1844 2408 1917 2440 erit,
1936 2408 1988 2447 qui
1999 2407 2080 2436 hunc

1120 2444 1252 2475 reditum
1263 2447 1363 2484 potius
1373 2465 1382 2478 ,
1394 2445 1485 2486 quim
1494 2455 1617 2486 poenam
1627 2447 1837 2487 sempiternam
1846 2451 1949 2488 putet?
1960 2450 1995 2477 In
2006 2457 2083 2478 con-

1121 2486 1223 2528 spec'tu
1233 2496 1371 2528 praeterea
1380 2490 1472 2518 totius
1483 2488 1565 2518 urbis
1574 2489 1684 2519 domus
1694 2488 1737 2520 est
1746 2499 1814 2520 mea
1823 2510 1831 2524 ‚
1847 2488 2007 2530 pontifices
2019 2500 2024 2519 :
2045 2499 2080 2520 in

2022 2541 2081 2573 qua

103 2579 2076 2603 Ἣ

126 2615 129 2619 ⁴
150 2618 161 2635 1
169 2629 175 2635 .
195 2617 210 2630 υ
217 2611 261 2635 uod
268 2613 352 2644 Jo’vem
361 2613 401 2645 effi:
411 2621 444 2636 me
453 2613 511 2638 dico.
522 2614 594 2646 qm'mt
603 2613 748 2644 ineruditus,
761 2614 822 2648 quod
829 2617 970 2641 Minervam
974 2616 1077 2648 Jbrorem
1094 2637 1096 2642 .

110 2646 180 2679 Jo-ois
191 2648 232 2680 effe
241 2647 366 2681 existima]
389 2648 506 2675 Exhibui
517 2649 673 2684 scripturam
684 2649 881 2676 Gemblacensis
900 2650 989 2687 scripti
1002 2670 1010 2683 ‚
1032 2653 1074 2679 cui

109 2681 287 2718 adstipulatur
297 2682 364 2709 liber
376 2684 404 2709 S.
414 2684 531 2711 meroris
542 2694 551 2715 ς
574 2684 620 2711 11111
631 2684 702 2720 quod
714 2685 736 2711 is
749 2705 756 2717 ‚
767 2687 887 2717 crudam,
898 2687 1034 2721 quomodo
1045 2690 1073 2714 &

110 2717 170 2744 Pal.
181 2728 285 2746 nonus:
307 2720 351 2755 qui
364 2728 450 2746 tamen
464 2740 472 2752 ‚
491 2731 526 2746 me
536 2720 614 2747 dimna
632 2728 682 2747 tam
700 2722 808 2747 eruditur
825 2723 886 2757 quod
893 2726 960 2750 Min.
971 2725 1074 2758 ffirorcm

1152 2617 1181 2643 6.
1201 2619 1382 2651 Canini-ntorum
1389 2619 1466 2643 incita
1474 2617 1541 2651 vin]
1563 2619 1606 2645 Sic
1616 2619 1675 2645 Pal.
1689 2628 1773 2645 nonus
1791 2619 1820 2644 &
1831 2620 1858 2645 S.
1869 2620 1890 2644 V
1893 2617 1941 2645 181.
1961 2628 2010 2645 nec
2021 2618 2075 2645 vidi

1115 2662 1162 2680 cur
1172 2654 1229 2680 lieic
1238 2663 1312 2686 aequn:
1323 2654 1387 2680 ferri
1401 2663 1449 2680 iton
1463 2654 1555 2690 pollet,
1568 2656 1648 2691 (1111111
1662 2655 1799 2690 vulgatum
1812 2657 1926 2686 incitata;
1937 2654 2010 2691 quod
2021 2665 2074 2682 non

1114 2698 1250 2726 comparet
1260 2690 1378 2725 alioquin
1393 2690 1418 2715 ii
1431 2690 1487 2716 Pal.
1502 2692 1593 2721 tertio,
1605 2698 1711 2727 quarto,
1722 2690 1828 2718 08130.

1147 2734 1174 2760 7.
1195 2728 1320 2752 Concidere
1328 2730 1401 2751 unius
1412 2727 1503 2760 iifttffu
1517 2746 1525 2757 ,
1544 2727 1617 2754 cutim
1626 2737 1670 2753 om.
1689 2731 1735 2753 int.
1753 2727 1878 2762 occidere]
1900 2728 1942 2754 Ita
1960 2727 2017 2754 Pal.
2030 2737 2072 2764 pr.

108 2756 168 2787 Jm.
178 2755 219 2787 effi?
228 2756 339 2787 existimo.
360 2756 521 2792 Ineptiffinie
533 2757 639 2793 vulgata
651 2777 659 2790 ‚
681 2760 723 2791 qui
730 2761 814 2792 Jowm
823 2759 864 2791 effu
874 2768 907 2783 me
917 2760 994 2785 dicam
1005 2771 1010 2784 :
1028 2771 1074 2787 non
1092 2770 1094 2795 ζ
1111 2771 1162 2788 11011
1175 2764 1202 2788 S.
1214 2762 1317 2788 Victor.
1336 2762 1502 2798 aliorumque
1514 2762 1572 2788 mss.
1591 2773 1643 2790 non
1658 2771 1689 2790 ut
1701 2763 1781 2799 vulgo
1801 2764 1905 2790 condere.
1925 2764 2072 2791 Lambinus

110 2796 161 2815 tam
169 2792 306 2817 ineruditus
315 2793 356 2825 qui
365 2793 583 2827 MincwaraeiJoris
595 2794 698 2827 sbrorem
709 2813 716 2825 ,
737 2803 811 2820 »ream
822 2795 862 2828 effi
872 2795 975 2828 sbrorcm
992 2799 1073 2830 existi·
1110 2797 1175 2824 fecit
1187 2800 1319 2828 concidere,
1335 2798 1433 2834 inepte.
1454 2798 1525 2834 quod
1535 2800 1605 2825 enim
1615 2799 1755 2826 discrimen
1775 2800 1830 2834 ejus
1843 2799 1913 2835 quod
1924 2801 2023 2826 concidit
2040 2801 2070 2827 &

108 2835 178 2852 mem.
199 2836 284 2862 neque
294 2827 486 2864 adstipulantur
500 2830 524 2855 ei
536 2830 659 2857 meliores
671 2830 795 2857 Palatini.

147 2870 176 2888 2.
197 2867 233 2888 Ne
241 2872 267 2888 ru
278 2871 299 2888 re
309 2865 390 2889 debeat
398 2868 481 2898 Jffrcm
490 2866 590 2900 dicere]
612 2866 669 2893 Pal.
681 2876 778 2898 nonus,
788 2866 896 2893 Gembi.
907 2867 1070 2902 Vist.sblear.

95 2897 179 2931 ‘quod
192 2898 207 2924 si
219 2900 568 2935 recipiniusnestribendnm
580 2910 706 2938 practerea
716 2904 808 2930 ducere.

1109 2835 1189 2859 occidit
1201 2837 1211 2859 ?
1228 2835 1360 2860 Audacius
1372 2835 1545 2867 minicianus,
1556 2836 1672 2862 comedere
1683 2837 1710 2862 ἃ*
1719 2839 1765 2862 int.
1775 2837 1875 2862 accedere
1887 2841 1896 2863 ἓ
1906 2836 1953 2862 hac
1962 2836 2068 2864 seuten-

1110 2871 1157 2901 tia;
1170 2870 1286 2897 maluiffe
1299 2871 1469 2902 Ciceronem,
1482 2881 1564 2907 remp.
1576 2872 1661 2899 furori
1673 2873 1806 2899 Clodiano
1815 2873 1907 2899 cedere
1918 2873 1963 2899 suo
1973 2872 2068 2900 disces-

1109 2906 1146 2933 su.
1162 2908 1241 2943 quiim
1254 2906 1364 2934 ear-{ein
1376 2907 1511 2934 conduftoe
1522 2908 1688 2936 multitudini
1704 2909 1808 2936 obvium
1822 2910 1871 2941 ire,
1882 2910 2068 2945 &repugnare

149 2941 162 2967 3
177 2935 253 2967 Qum
263 2937 288 2962 de
297 2938 386 2971 oly'efiis
396 2948 440 2964 non
450 2940 746 2975 confireri.]13x:iminent
756 2939 841 2976 quaeso
851 2940 952 2977 pensius
963 2941 1072 2969 otiofio-
1106 2953 1165 2970 cum
1177 2945 1297 2970 omniurn
1315 2944 1427 2970 interitu
1439 2954 1445 2971 τ
1467 2945 1493 2971 111
1505 2954 1582 2981 quain
1593 2945 1749 2973 sententiam
1770 2946 1858 2982 ssepius
1870 2947 1918 2972 hoc
1937 2946 2005 2973 libro
2026 2947 2068 2972 lo-

110 2975 152 2994 res
163 2968 305 2999 leffionem
318 2973 384 3000 Pau.
396 2975 458 3000 noui
470 2976 497 3001 8<
508 2975 568 3002 cod.
581 2975 713 3003 Vie’torini
727 2996 734 3008 ‚
754 2976 848 3012 quibus
858 2977 927 3004 abest
937 2979 1071 3014 negativa.

1109 2988 1184 3007 cutus
1195 2981 1243 3012 est,
1257 2981 1375 3006 cuncedrre
1386 2989 1432 3015 pro
1442 2981 1546 3014 cedei-e,
1558 2981 1616 3009 usus
1627 2983 1663 3010 est
1674 2983 1761 3010 noster
1771 2993 1819 3019 pro
1829 2984 1951 3010 Murena.
1963 2983 2067 3009 accedere

109 3006 229 3032 oratorio
238 3010 356 3036 acumine
367 3011 404 3037 ita
414 3010 487 3047 loqui
498 3011 718 3048 poilet‚quoniam
731 3013 795 3039 1111111
807 3013 839 3039 ad
850 3013 953 3048 objeSta
965 3015 1071 3051 respon·
1107 3024 1195 3043 autem
1207 3016 1256 3043 ess'e
1267 3016 1371 3042 obviim
1382 3018 1431 3048 irc,
1443 3025 1534 3044 notum
1547 3019 1587 3044 vel
1600 3022 1614 3045 ὸ
1627 3019 1733 3046 Plauto.

106 3038 179 3066 deat.
199 3043 242 3069 Tu
252 3046 414 3079 (Iontarene,
424 3055 452 3073 tu
465 3048 582 3083 Rigalti,
593 3057 621 3075 tu
633 3049 744 3081 Metus»,
754 3049 875 3077 conferte
886 3051 1033 3078 confilium.

108 3116 193 3138 unius.

148 3157 173 3190 5:
193 3152 227 3175 De
233 3159 268 3190 sne
279 3152 478 3190 dixifizblarim]
498 3157 580 3183 Forte
586 3157 860 3191 fiefflarim,adnotavit
871 3158 1066 3187 rescribendum

106 3184 272 3214 Gulielmius
283 3196 292 3220 5
303 3186 346 3215 sed
357 3190 422 3217 nihil
432 3192 487 3227 ejus
498 3201 558 3220 aves
569 3193 708 3227 addicunt,
717 3194 767 3224 hoc
776 3195 825 3228 cst,
835 3195 898 3224 libri
909 3204 1023 3224 veteres-

298 3313 307 3327 ἱ

1144 3052 1171 3079 8.
1191 3054 1427 3085 t‘iAcrepraet›·.x-tm1›s
1439 3057 1545 3088 inimicos
1556 3074 1563 3087 ,
1574 3056 1641 3089 &c·]
1664 3056 1731 3083 Pali.
1741 3065 1832 3083 omnes
1839 3063 1974 3088 prffltwlsos',
1989 3057 2016 3082 &
2029 3055 2075 3081 sic-

144 3084 173 3109 4.
192 3079 324 3107 Crudelitas
333 3084 396 3109 illim
405 3085 538 3120 tempore]
559 3086 674 3121 Turing.
686 3085 759 3113 νὶξὶ.
770 3086 827 3113 Pal.
841 3096 883 3113 ix.
905 3088 1032 3114 crudelitas
1043 3097 1071 3114 ea
1105 3098 1212 3151 (111οῇ110
1223 3090 1249 3114 S.
1260 3087 1363 3115 Vistor.
1376 3098 1459 3125 neque
1478 3091 1587 3117 omnino
1596 3091 1736 3129 displicet,
1757 3100 1787 3120 ut
1804 3093 1909 3128 agmine
1920 3102 2016 3128 magno
2034 3093 2064 3118 δε

1108 3135 1159 3161 qua
1172 3136 1178 3151 1
1189 3124 1314 3160 indagine
1324 3125 1437 3161 quadam
1448 3127 1602 3155 institerint.

1143 3169 1172 3197 9.
1191 3163 1272 3194 ἔρρανε
1289 3162 1450 3195 disrumpatur
1458 3165 1512 3190 licet
1522 3183 1531 3196 ‚
1549 3164 1616 3199 ὡς]
1637 3164 1816 3192 Reddidimus
1836 3165 1933 3192 1061011
1941 3165 2062 3191 omnium

1106 3204 1217 3226 aetatum
1226 3195 1385 3234 lechonem,
1397 3199 1508 3228 mirifice
1520 3201 1686 3236 inquinatam
1696 3203 1774 3239 nugis
1785 3201 1920 3230 Lambini.

1509 3237 1596 3265 Nnn
1615 3246 1633 3264 2
1946 3245 1969 3263 1.
1994 3236 2075 3262 Homi-
