2379 3400
278 133 394 197 1306
687 121 755 168 M.
827 118 1191 167 'svnt-11

623 200 734 239 Desunt
743 197 864 239 reliqua.

589 244 647 273 Pro
661 244 692 271 P.
703 242 810 280 Oppio.
837 241 901 268 111.

605 282 696 312 Deest
709 282 891 323 principium.

313 336 437 370 QUINT.
454 326 501 356 ab.
516 336 546 364 ς.
564 333 620 366 κιρ,
638 327 701 365 ie]
726 326 835 353 Utrum
849 321 919 352 cum
932 323 1048 351 Cottam
1063 317 1225 360 appetisset,

271 385 305 405 ari
319 375 389 404 cum
406 370 466 410 ipse
486 369 546 398 sese
563 375 717 397 conaretur
730 364 865 395 occidere
877 383 886 397 ,
908 363 1003 393 telum
1018 365 1046 392 ei
1058 363 1074 391 e
1089 361 1229 392 manibus

274 423 408 454 crciatum
421 411 482 441 est?

316 460 442 493 Qumr.
459 452 543 491 ibici]
567 453 651 492 Qos
664 449 786 479 educere
799 448 912 477 invitos
924 448 956 476 in
965 446 1153 487 provinciam
1167 454 1230 475 non

254 502 257 506 ’
271 506 389 539 potuit,
402 506 454 526 eos
467 489 579 524 invitos
591 495 718 522 retinere
728 490 905 532 quipotuit?
1234 517 1246 525 κ

317 542 444 578 Qinzr.
459 535 498 565 ‚sib
516 546 526 565 1
537 545 561 564 1.
573 534 682 575 capp]
706 537 744 563 At
755 536 837 562 enim
849 529 1009 561 verisimile
1022 539 1083 559 non
1095 528 1137 560 est
1147 549 1154 562 ‚
1169 538 1232 573 tan-

274 590 338 612 tum
353 580 446 610 scelus
457 581 499 607 M.
510 580 625 607 Cottam
638 573 694 605 ess‘c
704 583 927 606 commentum.
950 572 1022 613 quid
1037 575 1046 600 ἓ
1062 574 1119 602 hoc
1134 573 1232 601 verili-

273 624 348 653 mile
358 622 400 652 est
410 642 417 654 ‚
431 629 546 650 tantum
559 619 651 649 scelus
663 619 795 657 Oppium
807 614 864 646 ess'e
875 615 1039 645 conatum?

317 662 495 700 Mmacacsl
520 663 641 690 Etenrm
663 662 794 689 multum
815 655 896 697 posse
915 657 950 687 ad
965 657 1086 686 salutem
1102 655 1232 688 alterius,

275 708 386 736 honori
398 699 503 734 multis
516 714 519 730 ·.
532 712 636 743 parum
648 699 776 742 potuisse
786 701 821 730 ad
832 702 960 730 exitium
973 719 981 732 2
994 698 1104 738 probro
1115 699 1235 727 nemini

274 747 342 778 fuit.

317 787 460 829 er]
485 789 512 817 Ο
532 780 668 817 amorem
686 786 816 815 mirum!
842 782 862 813 ὁ
876 782 1117 813 benivolentiam
1137 780 1237 821 singu-

276 831 369 861 larem
383 833 388 860 Ξ

604 873 696 899 Cetera
713 869 907 910 desiderantur.

550 915 607 943 Pro
620 915 662 941 M.
676 913 843 941 Fundanio.
868 912 903 939 ΙΙ
913 912 924 939 Ι
934 911 958 939 1.

618 953 895 995 Dessspriiicipium.

320 1001 406 1029 Pius.
423 997 463 1026 ἰώ
485 998 531 1037 7.]
557 999 631 1026 Non
654 994 748 1025 mono
768 997 823 1024 boc
837 994 944 1034 aJulio
958 992 1097 1026 Annale,
1118 990 1166 1023 sed
1184 992 1237 1022 vix

278 1041 451 1071 meheicule
461 1040 475 1069 Ξι
487 1042 528 1078 Q
537 1042 664 1068 Mutorie
674 1036 787 1067 metum
798 1038 914 1075 probari
925 1034 1030 1074 potest.

322 1085 409 1114 Pius.
426 1080 474 1111 lib.
489 1080 552 1121 ιθ]
597 1078 715 1110 Ess‘etne
728 1078 755 1108 id
769 1099 776 1111 ,
789 1077 869 1118 quod
882 1080 977 1107 Meno
988 1073 1157 1106 nuntiasset.

629 1122 769 1150 ‘Plurima
779 1121 886 1159 dtsnnt.

600 1166 658 1194 Pro
669 1167 700 1193 C.
715 1165 868 1193 Cornelio.
893 1163 916 1191 1.

321 1211 429 1240 Piusc.
445 1208 492 1237 lib.
506 1206 553 1247 6.]
577 1207 620 1236 Ut
633 1205 668 1235 ab
677 1207 753 1247 Jove
764 1206 883 1243 optimo
899 1204 1038 1233 maximo
1049 1222 1056 1235 ,
1076 1202 1239 1241 ceterisque

282 1251 342 1282 diis
352 1271 360 1285 ‚
372 1250 539 1290 deabusque
550 1249 695 1281 omnibus
707 1256 796 1286 opem
809 1266 817 1278 ,
830 1246 862 1275 ὅ(
872 1246 1023 1275 auxilium
1035 1253 1180 1284 petamus.

326 1303 400 1322 ptus
426 1290 474 1320 i'ib.
486 1291 532 1331 ι]
550 1293 594 1320 Ex
605 1290 844 1329 promulgatione
856 1288 1068 1318 trinundinutn
1078 1285 1142 1315 dies
1152 1284 1185 1314 ad
1196 1283 1238 1314 fe-

280 1334 406 1365 :endum
419 1354 427 1366 ‚
440 1333 626 1374 potestasque
637 1330 771 1360 venisset.

320 1375 496 1415 SEthiJs]
522 1374 648 1404 Arcades
661 1373 687 1403 se
698 1372 872 1413 proselenos
882 1369 938 1401 effe
949 1368 1125 1401 asseverant.

322 1418 414 1459 Asc]
438 1417 520 1457 Versu
532 1413 550 1444 >z
561 1417 650 1457 primo
666 1415 775 1444 circiter
792 1423 884 1443 chi.

323 1459 489 1490 Postulatur
502 1459 578 1498 apud
590 1467 639 1487 me
649 1466 805 1497 piaetorem
817 1465 949 1495 primum
961 1454 998 1485 de
1009 1454 1147 1495 pecuniis
1159 1461 1242 1492 repe-

285 1502 397 1533 tundis.
420 1499 586 1542 prosper-‘lat
594 1500 733 1529 videlicet
744 1501 906 1529 Cominius
916 1517 924 1530 ‚
940 1497 1011 1538 quid
1023 1505 1138 1537 agatur:
1157 1496 1242 1524 vide-

287 1545 356 1574 licet
370 1545 513 1572 hommes
527 1547 645 1571 roeneos
656 1561 665 1575 ,
678 1543 710 1571 in
722 1541 862 1570 medium
878 1539 913 1569 ad
932 1539 1109 1570 tentandum
1126 1538 1244 1577 pericu-

284 1586 348 1616 lum
362 1583 523 1624 projeci-os.

326 1626 416 1666 Asc]
441 1625 545 1664 Quid?
568 1623 710 1654 Metellus
729 1623 846 1653 summa
867 1621 1025 1651 nobilitate
1038 1640 1047 1654 ‚
1071 1629 1104 1650 ac
1122 1620 1245 1652 virtute,

283 1668 354 1699 cum
367 1669 413 1697 bis
424 1665 540 1703 iurasset
551 1685 558 1698 ‚
571 1666 662 1695 semel
673 1668 810 1705 privatim
823 1666 837 1693 ἐι
848 1672 926 1703 patre
937 1675 946 1696 3
958 1671 1065 1692 iterum
1077 1661 1215 1701 publice,
1228 1660 1244 1690 a

281 1712 346 1752 lege
359 1708 479 1741 coactus
492 1728 500 1741 ‚
522 1706 635 1737 destitit
649 1707 832 1736 accusatione
845 1725 853 1737 ‚
873 1714 909 1733 an
922 1707 952 1733 vi
966 1723 974 1736 ‚
994 1714 1030 1732 an
1042 1705 1179 1732 veritate?
1207 1704 1244 1731 In

284 1763 347 1793 quo
358 1751 558 1790 suspicionem
570 1758 695 1777 omnem
708 1748 786 1777 tollit
796 1749 828 1776 C.
841 1748 985 1775 Curionis
996 1753 1092 1773 virtus
1103 1752 1134 1772 ac
1143 1743 1242 1782 digni-

283 1803 324 1824 tas
335 1814 343 1827 ‚
356 1793 387 1822 &
398 1795 439 1831 Q
447 1791 562 1821 Metelli
573 1789 770 1820 adolescentia
781 1808 789 1822 ,
801 1787 837 1818 ad
849 1788 998 1817 summam
1010 1785 1130 1815 laudem
1139 1785 1244 1814 omni-

285 1835 340 1866 bus
354 1834 439 1864 rebus
450 1841 562 1862 ornata.

326 1876 419 1915 Asc]
444 1877 557 1915 Legem
570 1893 578 1907 ,
598 1874 714 1912 inquit,
735 1871 771 1901 de
785 1870 995 1900 libertinorum
1013 1866 1156 1909 suffragiis
1168 1870 1244 1897 Cor-

285 1920 383 1949 nelius
393 1927 462 1947 curn
477 1918 604 1946 Manilio
615 1914 705 1944 dedit.
722 1913 794 1954 quid
807 1912 848 1942 est
861 1914 934 1942 hoc?
947 1912 1029 1942 dedit
1041 1931 1048 1944 ,
1060 1921 1097 1940 an
1108 1910 1194 1943 tulit,
1206 1918 1243 1938 an

284 1962 420 2000 rogavit,
440 1969 477 1989 an
490 1961 624 1988 hortatus
635 1955 697 1985 est?
718 1965 787 1985 riam
805 1953 903 1984 tulisse
916 1955 1078 1984 ridiculum
1093 1951 1144 1982 est.
1167 1949 1246 1991 quafi

287 2003 383 2043 legem
395 2003 524 2041 aliquam
536 2008 585 2029 aut
593 1999 626 2028 ad
641 1997 831 2028 scribendum
842 1995 998 2026 difficilem
1013 2014 1020 2028 ,
1040 2003 1089 2024 aut
1107 1993 1142 2023 ad
1155 2003 1245 2023 exco-

287 2043 443 2085 gitandum
456 2041 640 2072 reconditam
656 2049 739 2079 3quae
749 2039 799 2068 lex
809 2048 909 2078 paucis
922 2041 966 2068 his
977 2038 1063 2068 annis
1075 2046 1139 2065 non
1150 2033 1246 2065 modb

287 2086 392 2125 scripta
404 2105 412 2117 ‚
425 2084 472 2114 sed
482 2085 572 2113 etiam
585 2083 639 2112 lata
649 2081 729 2111 esset.
1010 2081 1040 2090 “

329 2126 423 2167 Asc]
443 2129 478 2155 In
490 2135 550 2165 quo
560 2124 632 2154 cum
644 2124 740 2153 multa
747 2122 922 2163 reprehensa
932 2120 987 2152 sint
999 2141 1007 2155 ,
1021 2129 1085 2151 tum
1099 2121 1131 2150 in
1142 2119 1250 2160 primis

290 2169 421 2199 celeritas
431 2167 569 2197 astionis.

330 2210 421 2249 Asc]
444 2211 553 2239 Petivit
567 2217 667 2238 tamen
678 2207 692 2236 a
708 2217 757 2236 me
770 2214 893 2246 praetore
907 2207 1041 2235 maxima
1055 2201 1249 2235 contestatio-

294 2262 332 2283 ne
345 2273 354 2285 ,
367 2261 398 2282 ur
408 2251 523 2282 causam
534 2252 654 2280 Manilii
666 2249 870 2279 defenderem.

370 2322 373 2325 ,
583 2291 666 2331 Versu
679 2286 696 2319 >z
708 2291 798 2331 primo
814 2299 955 2319 Decem..

330 2335 421 2376 Asc]
446 2333 613 2364 Nam'cum
635 2343 658 2363 is
678 2333 816 2362 tribunus
830 2332 907 2371 pleb.
919 2332 992 2361 duas
1006 2331 1084 2371 leges
1095 2327 1205 2360 tuliffet
1218 2329 1250 2358 in

288 2388 326 2408 co
337 2376 518 2418 magistratu,
532 2385 622 2406 unam
633 2375 844 2415 perniciosam,
857 2374 978 2403 alteram
989 2375 1138 2414 egregiam
1152 2382 1156 2401 z
1169 2370 1251 2414 quod

292 2420 440 2450 summam
454 2428 546 2457 remp.
560 2415 648 2450 laesit,
663 2416 691 2446 id
705 2416 740 2446 ab
752 2416 814 2456 ipso
825 2415 945 2445 tribuno
957 2414 1107 2455 abjectum
1120 2413 1172 2444 est.
1197 2414 1251 2443 bo—

292 2471 368 2492 num
381 2470 478 2491 autem
491 2479 498 2492 ,
511 2463 543 2489 in
555 2460 672 2489 summa
684 2468 746 2498 rep.
757 2466 867 2487 manet.

335 2503 426 2543 Asc]
440 2503 514 2531 Aliis
526 2501 577 2530 ille
590 2503 622 2530 in
636 2501 723 2530 illum
735 2499 867 2529 furorem
883 2499 997 2539 magnis
1013 2496 1190 2528 hominibus
1201 2506 1253 2526 au-

292 2544 427 2575 &oribus
443 2544 588 2583 impulsus
605 2541 665 2576 est,
686 2541 871 2583 quialiquod
887 2542 1003 2572 institui
1015 2540 1192 2579 exemplum
1206 2539 1254 2569 di·
1274 2559 1276 2566 ,

294 2586 527 2617 sturbandorurn
548 2584 729 2621 judiciorum
749 2582 1029 2624 perniciosiffimum
1043 2602 1051 2615 ‚
1068 2581 1254 2621 temporibus

297 2629 355 2658 suis
372 2625 660 2658 accommodatiffim
667 2637 717 2657 um
729 2645 738 2661 ‚
762 2635 839 2656 meis
849 2623 1064 2656 alieniffimutn
1075 2623 1252 2658 rationibus,

295 2672 464 2710 cupierunt.

337 2712 428 2753 Asc]
451 2709 573 2742 Possum
591 2710 689 2741 dicere
700 2731 709 2744 ,
730 2711 890 2741 hominem
904 2710 1018 2740 summa
1027 2707 1184 2748 prudentia
1194 2707 1255 2738 cla-

302 2763 368 2782 rum
380 2773 387 2786 ‚
407 2757 438 2784 C.
452 2756 568 2783 Cottam
582 2773 590 2787 ,
608 2753 644 2782 de
656 2752 771 2793 legibus
780 2751 956 2792 abrogandis
968 2751 1064 2790 ipsum
1076 2749 1111 2780 ad
1123 2750 1256 2780 senatum

297 2793 434 2824 retulisse.
459 2794 579 2835 possum
596 2795 681 2825 &M.
694 2796 790 2825 Cuttae
805 2794 902 2834 legem
922 2793 958 2823 de
975 2793 1098 2832 judiciis
1117 2792 1252 2831 privatis,

296 2845 378 2865 anno
387 2836 452 2874 post
462 2837 552 2876 quam
564 2837 619 2866 lata
630 2835 662 2866 fit
673 2856 681 2870 ‚
694 2837 708 2866 a
719 2835 808 2866 fratre
818 2837 881 2874 ejus
892 2835 1070 2876 abrogatam.
1092 2834 1188 2874 legem
1202 2834 1255 2863 Li-

296 2878 410 2907 ciniam
423 2879 453 2906 &
465 2880 595 2908 Muciam
607 2878 642 2907 de
654 2878 774 2907 civibus
785 2877 923 2918 regundis
934 2896 942 2910 ‚
962 2876 1053 2905 video
1064 2876 1197 2906 constare
1208 2877 1259 2905 in-

298 2927 342 2948 ter
353 2920 474 2947 omneis
489 2939 496 2950 ‚
517 2929 605 2958 quam
617 2920 677 2949 duo
688 2919 825 2949 consules
837 2920 978 2949 omnium
992 2938 1000 2951 ‚
1021 2927 1097 2958 quos
1111 2917 1256 2951 vidimus,

300 2958 505 2998 sapientissimi
517 2959 670 2995 tulissent3
687 2971 749 2991 non
763 2961 857 2991 modo
869 2961 1014 2990 inutilem
1027 2980 1035 2993 ,
1048 2959 1096 2990 sed
1107 2961 1259 3000 pernicio-

303 3001 364 3031 sam
376 3003 447 3039 reip.
459 2999 556 3030 suiss'e.

341 3043 432 3083 Asc]
455 3043 601 3083 Qattuor
612 3045 741 3073 omnino
751 3054 856 3084 genera
869 3044 935 3073 sunt
946 3064 954 3076 ‚
963 3042 1078 3083 judices
1087 3063 1094 3075 ,
1110 3044 1139 3072 in
1151 3043 1260 3083 quibus

297 3093 348 3124 per
361 3084 493 3113 senatum
505 3103 513 3117 ‚
531 3093 613 3112 more
625 3085 774 3121 majorum
787 3105 793 3117 ‚
809 3085 946 3115 statuatur
957 3085 1069 3125 aliquid
1081 3084 1116 3115 de
1128 3086 1255 3126 legibus.

297 3135 394 3158 unum
408 3125 449 3158 est
459 3124 608 3168 ejusmodi
619 3144 627 3159 ,
648 3126 772 3166 placeret
783 3126 880 3168 legem
890 3127 1023 3168 abrogari
1036 3147 1045 3162 ,
1069 3136 1101 3158 ut
1112 3129 1258 3169 QCaeci-

1260 119 1802 166 thssnonts

1266 195 1311 224 1⁴10
1324 215 1332 227 ‚
1346 197 1389 224 M.
1400 195 1494 236 Junio
1505 204 1580 224 coss.
1592 206 1657 236 quae
1671 196 1749 237 leges
1769 206 1831 226 rem
1847 196 2007 230 militarem
2028 198 2219 240 impedirent,

1271 246 1301 267 ut
1312 237 1530 277 abrogarentur.
1551 238 1677 268 alterum
1689 258 1697 271 ,
1709 248 1775 278 qua:
1785 248 1833 268 rex
1843 239 1899 269 lata
1908 239 1963 269 effe
1974 242 2103 275 dicatur,
2115 252 2146 271 ea
2158 251 2221 273 non

1271 278 1365 309 videri
1384 278 1530 318 pupulum
1544 282 1637 310 teneri
1651 298 1659 312 ,
1681 290 1712 309 ut
1724 282 1760 310 L.
1774 282 1887 310 Marcio
1899 300 1907 314 ,
1929 283 2087 323 Sex.Julio
2097 293 2172 313 coss.
2185 283 2224 313 de

1274 321 1387 362 legibus
1398 322 1505 350 Liviis.
1528 322 1650 350 tertium
1664 321 1707 351 est
1720 322 1756 351 de
1771 323 1870 362 legum
1883 323 2122 362 derogationibus
2135 345 2143 358 ,
2163 334 2226 366 quo

1274 362 1309 391 de
1320 372 1426 403 genere
1438 362 1562 402 persaepe
1572 366 1599 393 S.
1613 365 1644 393 C.
1658 362 1736 393 fiunt
1746 382 1754 396 ‚
1769 373 1802 393 ut
1811 373 1905 403 nuper
1915 364 1951 394 de
1962 363 2021 403 ipsa
2031 365 2093 404 lege
2104 367 2225 407 Calpur-

1276 406 1325 434 nia
1336 423 1344 436 ‚
1357 406 1405 433 cui
1416 404 1615 444 derogaretur.

1318 446 1408 486 Asc.]
1434 448 1462 475 P.
1478 444 1633 476 Africanus
1645 446 1696 476 ille
1707 446 1857 486 superior,
1876 445 2024 476 utdicitur
2036 466 2044 478 ,
2055 456 2117 476 non
2129 448 2228 478 soliitn

1275 486 1522 527 asapientissimis
1535 489 1714 519 hominibus
1724 509 1733 522 ‚
1750 491 1802 528 qui
1813 498 1879 518 tum
1888 498 1968 518 erant
1980 508 1988 521 ‚
1999 487 2104 517 verum
2115 492 2201 518 etiam
2213 491 2230 520 a

1278 529 1379 568 seipso
1396 529 1468 568 faepe
1482 529 1682 560 accusatusest
1692 550 1702 563 ‚
1727 530 1809 571 qu'od
1818 530 1889 560 cum
1900 530 2005 559 consul
2016 528 2086 559 esset
2095 540 2164 559 cum
2175 532 2228 560 Ti.

1279 574 1387 611 Longo
1403 591 1410 604 ‚
1426 569 1520 610 paffus
1533 571 1603 601 ess'et
1612 582 1676 602 tum
1687 571 1824 613 primum
1835 584 1850 603 a
1861 570 2141 613 populariconseffu
2151 571 2233 602 sena-

1278 615 1352 644 toria
1362 613 1500 645 subsellia
1517 613 1652 655 separari.

1651 656 1730 685 Circa
1743 657 1875 685 medium.

1321 698 1415 739 Asa]
1429 697 1478 730 Est
1498 699 1600 739 utique
1616 699 1664 738 jus
1683 699 1804 730 vetandi
1820 698 1891 729 cum
1907 696 2072 731 eaferatur,
2089 696 2236 738 quamdiu

1280 751 1342 770 non
1353 745 1443 780 periei
1452 750 1499 771 tur
1515 750 1520 768 :
1547 740 1693 780 quamdiu
1705 742 1756 781 qui
1766 739 1893 780 suffragii
1904 739 2023 769 ferundi
2032 740 2113 769 causa
2122 749 2238 769 conve-

1279 792 1367 812 niunt
1379 802 1389 814 ,
1401 783 1457 812 huc
1469 783 1499 812 &
1510 781 1583 812 illuc
1594 782 1811 812 transferuntur
1823 783 1912 811 :dum
1922 783 2028 821 privati
2037 781 2148 811 dicunt:
2161 781 2237 810 dum

1281 825 1393 854 tabellae
1413 824 1596 854 diribentur:
1621 824 1695 853 dum
1722 822 1813 854 sitella
1831 824 1980 856 defertur,
2001 823 2074 852 dum
2085 831 2237 863 aequantut

1277 866 1389 900 soiteS,
1410 866 1483 896 dum
1505 866 1620 896 sortitio
1640 864 1690 899 fit,
1712 866 1744 895 &
1766 865 1785 895 si
1800 876 1855 906 qua
1867 866 2158 905 sunthujusgeneris
2168 865 2236 895 alia.

1665 909 1758 948 patilla
1771 907 1844 947 post.

1324 950 1416 990 Asc]
1431 952 1538 980 Unum
1560 957 1679 983 tamen,
1701 953 1782 990 quod
1803 951 1860 979 hoc
1871 949 1934 989 ipso
1953 949 2075 978 tribuno
2094 947 2173 988 pleb.
2196 945 2242 978 fa-

1279 990 1361 1021 &um
1373 993 1414 1022 est
1425 1012 1433 1025 ,
1447 991 1733 1031 praetermittendum
1747 1001 1811 1021 non
1821 991 1948 1021 videtur.
1969 1000 2063 1030 neque
2074 992 2158 1019 enim
2175 999 2242 1019 ma-

1278 1044 1324 1073 jus
1339 1033 1486 1074 estlegere
1507 1034 1644 1063 codicem
1657 1053 1665 1066 ‚
1684 1032 1756 1063 cum
1778 1033 1973 1062 interced-atur
1986 1052 1993 1064 ‚
2014 1033 2102 1072 quim
2114 1030 2242 1061 sitellam

1281 1076 1374 1115 ipsam
1388 1085 1457 1105 cum
1473 1076 1537 1114 ipso
1547 1073 1737 1105 intercessore
1747 1074 1879 1104 deferre:
1896 1084 1949 1103 nec
1959 1083 2075 1114 graVius
2087 1093 2095 1107 ‚
2107 1076 2240 1113 incipere

1280 1117 1355 1147 ferre
1367 1137 1374 1150 ‚
1387 1126 1474 1157 quam
1487 1116 1634 1156 perferre:
1657 1127 1712 1146 nec
1722 1118 1948 1148 vehementius,
1963 1114 2118 1144 ostendere
2127 1115 2243 1145 selatu-

1282 1169 1350 1189 rum
1364 1179 1372 1192 ‚
1385 1161 1483 1188 invito
1493 1159 1604 1200 collega
1616 1180 1624 1192 ‚
1639 1160 1728 1199 quam
1742 1157 1793 1198 ipsi
1807 1159 1928 1198 collegae
1939 1157 2141 1198 magistratum
2153 1157 2242 1186 abro-

1282 1211 1358 1241 gare:
1373 1211 1429 1230 nec
1437 1200 1629 1230 criminolius
1642 1221 1650 1234 ‚
1661 1201 1754 1230 tribus
1763 1200 1798 1230 ad
1810 1201 1907 1239 legem
1918 1199 2133 1239 accipiendam,
2146 1198 2241 1238 quam

1283 1243 1317 1272 ad
1330 1243 1477 1283 collegam
1490 1242 1678 1273 reddendum
1700 1242 1847 1282 privatum
1859 1262 1868 1275 ‚
1892 1243 2090 1271 introvocare·
2113 1250 2178 1280 quae
2193 1240 2240 1269 vir

1283 1287 1380 1318 tortis,
1394 1286 1481 1323 hujus
1494 1285 1618 1325 collega,
1632 1285 1819 1314 A Gabinius
1832 1286 1904 1313 inre
1916 1292 2034 1323 optima
2042 1282 2114 1311 fecit
2124 1282 2244 1314 omnia,

1286 1337 1402 1367 neque,
1422 1326 1493 1356 cum
1512 1326 1636 1356 lalutem
1660 1329 1774 1366 populo
1784 1328 1822 1356 R.
1835 1335 1919 1366 atque
1939 1325 2085 1355 omnibus
2102 1323 2243 1364 gentibus

1287 1367 1379 1398 finem
1397 1369 1546 1398 diuturna:
1564 1370 1740 1408 captivitatis
1754 1388 1762 1401 ‚
1794 1368 1987 1408 turpitudinis
2005 1387 2013 1400 ‚
2041 1366 2072 1396 δε
2094 1365 2243 1396 servitutis

1285 1409 1401 1440 afferi-et
1412 1430 1419 1443 ‚
1432 1408 1527 1449 passus
1536 1409 1577 1440 est
1591 1430 1600 1444 ‚
1611 1410 1677 1450 plus
1689 1412 1777 1439 unius
1788 1411 1909 1451 collega:
1920 1410 1964 1440 sui
1973 1429 1982 1443 ‚
1993 1408 2082 1450 quam
2095 1405 2241 1438 universa».

1285 1453 1415 1483 civitatis
1426 1461 1532 1482 vocem
1545 1453 1641 1482 valere
1653 1473 1661 1485 ,
1673 1452 1702 1482 3<
1714 1453 1910 1482 voluntatem.

1329 1497 1448 1534 Quiri-r
1461 1494 1476 1534 ]
1499 1494 1642 1524 Codicem
1657 1495 1751 1533 attigit

1330 1536 1422 1576 Asc]
1447 1541 1484 1564 At
1495 1537 1576 1565 enim
1591 1535 1626 1564 de
1636 1534 1809 1575 corrigenda
1821 1534 1882 1573 lege
1895 1534 2069 1563 retulerunt.

1329 1579 1420 1621 Asc-j
1445 1576 1528 1606 Idem
1539 1596 1547 1610 ,
1561 1575 1614 1605 nisi
1626 1577 1687 1606 liaec
1699 1577 1759 1615 ipsa
1768 1577 1829 1609 lex,
1842 1586 1931 1616 quam
1944 1578 1976 1605 C.
1988 1574 2148 1605 Cornelius
2159 1574 2240 1606 tulit.

1285 1617 1442 1648 obstitisset
1454 1637 1461 1650 ‚
1473 1616 1665 1647 decreviss'em
1679 1620 1707 1646 id
1719 1638 1727 1650 ‚
1747 1618 1827 1657 quod
1838 1618 1933 1656 palam
1948 1618 2004 1653 jam
2020 1616 2063 1645 isti
2074 1615 2246 1645 defensores

1282 1660 1467 1698 judiciorum
1488 1668 1713 1697 pugnaverunt,
1739 1659 1849 1687 senatui
1868 1668 1929 1686 non
1952 1660 2062 1696 placere
2076 1676 2084 1689 ,
2114 1658 2144 1685 ld
2160 1657 2246 1695 judi-

1284 1702 1366 1729 cium
1387 1700 1423 1729 de
1441 1701 1529 1729 Suilae
1551 1701 1638 1728 bonis
1660 1699 1731 1729 lieri.
1754 1709 1844 1740 quam
1864 1709 1918 1738 ego
1937 1699 2152 1738 causamlonge
2162 1699 2247 1728 aliter

1287 1751 1394 1781 praetor
1405 1752 1435 1770 in
1447 1751 1593 1770 concione
1606 1741 1725 1772 delendi
1743 1761 1750 1774 ‚
1765 1741 1836 1771 cum
1851 1743 1880 1770 id
1893 1742 2024 1770 dicerem
2035 1759 2043 1772 ,
2055 1741 2136 1780 quod
2149 1739 2245 1769 iidem

1287 1783 1402 1821 judices
1412 1782 1511 1822 postea
1531 1782 1692 1812 statuerunt
1703 1803 1711 1816 ,
1728 1783 1877 1822 judieium
1895 1791 2027 1822 aequiore
2036 1791 2170 1820 tempore
2182 1779 2250 1811 fieri

1289 1834 1436 1864 oportere·
1458 1834 1542 1854 antea
1554 1824 1625 1853 vero
1636 1826 1725 1865 quarn
1738 1826 1900 1866 multarum
1913 1833 2010 1853 rerum
2025 1823 2134 1859 judicia
2151 1822 2248 1852 subla-

1290 1876 1315 1896 ta
1328 1866 1383 1896 sint
1394 1887 1402 1899 ,
1424 1866 1455 1896 &
1475 1868 1543 1906 quia
1560 1867 1639 1896 scitis
1650 1887 1658 1900 ‚
1681 1876 1840 1906 praetereo,
1856 1866 1887 1895 ὃς
1900 1875 1938 1895 ne
1950 1875 2041 1906 quem
2054 1864 2248 1904 injudicium

1292 1911 1387 1938 oratio
1399 1919 1463 1938 mea
1480 1919 1615 1938 revocare
1627 1909 1770 1938 videatur.

1672 1952 1764 1991 paullo
1782 1949 1856 1992 post.

1292 1993 1384 2034 Aso]
1409 1996 1483 2023 Non
1505 1995 1558 2022 Cn.
1576 1992 1734 2022 Dolabella
1746 1996 1768 2022 C
1792 1993 1960 2022 Volcatium
1974 2012 1982 2025 ‚
2003 1988 2250 2021 honestissimum.

1292 2038 1404 2068 virum,
1414 2044 1574 2066 communi
1588 2035 1618 2064 &
1630 2035 1808 2075 quotidiano
1817 2035 1878 2070 iure
1887 2031 2032 2073 privass‘et:
2041 2043 2104 2062 non
2117 2032 2249 2072 denique

1291 2078 1387 2107 homo
1407 2078 1530 2106 illorum
1553 2076 1584 2106 &
1595 2077 1655 2106 vita
1668 2097 1675 2110 ‚
1702 2079 1733 2106 δε
1744 2076 1899 2116 prudentia
1910 2077 1997 2116 longe
2009 2074 2161 2105 diflimilis
2171 2094 2180 2107 ,
2200 2073 2251 2105 sed

1292 2128 1392 2149 tamen
1405 2128 1498 2148 nimis
1517 2121 1546 2147 in
1557 2120 1750 2159 gratificando
1762 2118 1909 2156 juieliber
1921 2138 1928 2150 ‚
1949 2117 1982 2147 L.
1996 2117 2117 2147 Srsenna
2127 2136 2135 2149 ‚
2150 2116 2253 2145 bono-

1293 2171 1359 2191 rum
1371 2163 1427 2191 Cn.
1441 2160 1574 2191 Cornelii
1595 2159 1806 2199 poss‘ess'ronem
1827 2169 1865 2189 ex
1885 2158 1986 2189 ediett»
2003 2160 2055 2189 suo
2074 2157 2252 2197 P.Scipioni

1292 2203 1472 2233 adolescenti
1485 2202 1600 2232 summa
1614 2203 1770 2232 nobilitate
1782 2223 1790 2235 ‚
1808 2211 1923 2231 eximia
1934 2209 2044 2230 virtute
2054 2200 2188 2240 praedito,
2198 2199 2254 2228 de-

1294 2243 1390 2275 diss'et.
1413 2247 1511 2285 Qare
1523 2263 1532 2277 ‚
1553 2244 1622 2273 etim
1647 2245 1795 2274 ambitum
1813 2244 1943 2283 populus
1960 2245 2051 2272 Rom.
2063 2243 2192 2273 videret,
2217 2240 2252 2271 δῦ

1294 2286 1365 2317 curn
1377 2286 1392 2316 a
1402 2287 1531 2316 tribunis
1541 2286 1579 2325 pl.
1592 2285 1768 2319 doceretur,
1796 2284 1852 2316 nifi
1863 2294 1949 2323 poena
1961 2282 2115 2314 acceffiffet
2128 2286 2159 2312 in
2171 2284 2255 2312 divi·

1297 2330 1374 2359 sores
1386 2349 1393 2362 ‚
1416 2327 1566 2368 exstingui
1591 2328 1677 2357 nullo
1697 2329 1790 2358 modo
1808 2325 1890 2368 poffe
1902 2338 1906 2354 ε
1920 2327 2016 2367 legem
2029 2327 2103 2355 hanc
2116 2324 2254 2354 Cornelii

1294 2371 1443 2413 flagitabat
1457 2382 1461 2400 ;
1476 2371 1570 2403 illarii,
1582 2380 1646 2410 qua:
1659 2380 1696 2400 ex
1706 2373 1733 2400 S.
1747 2373 1778 2400 C.
1795 2369 1943 2400 ferebatur
1952 2388 1960 2402 ,
1972 2367 2151 2409 repudiabat.

1687 2414 1780 2452 paullo
1793 2410 1868 2453 poft'.

1342 2458 1382 2485 As
1389 2455 1446 2496 c.]¹
1457 2457 1498 2484 Ut
1510 2453 1712 2494 speEtaculum
1723 2455 1797 2484 illud
1809 2455 1937 2484 duorum
1950 2450 2168 2492 designatorum
2181 2459 2260 2480 con-

1296 2498 1396 2528 sulum
1408 2517 1416 2530 ‚
1428 2497 1605 2529 calamitate,
1617 2506 1656 2529 re,
1671 2496 1703 2525 δε
1715 2506 1848 2536 tempore
1860 2495 1971 2525 salubre
1984 2514 1992 2527 ‚
2002 2504 2032 2523 ac
2045 2491 2257 2523 necessarium:

1297 2550 1414 2582 genere,
1429 2539 1462 2569 &
1474 2541 1615 2578 exemplo
1627 2538 1770 2568 miserum
1785 2558 1792 2570 ‚
1805 2548 1836 2567 ac
1845 2535 1998 2567 funestum
2011 2535 2192 2565 videremus.

1341 2585 1414 2612 Asc.
1426 2581 1439 2622 ]
1460 2581 1541 2621 Qid
1551 2590 1607 2620 ego
1618 2590 1698 2610 nunc
1709 2589 1892 2621 argumentis
1903 2578 1956 2608 tibi
1967 2573 2260 2618 i·espondeam,posse

1300 2622 1362 2654 fieri
1377 2644 1385 2656 ,
1401 2633 1432 2653 ut
1442 2624 1517 2653 alius
1528 2623 1635 2663 aliquis
1648 2624 1805 2652 Cornelius
1818 2620 1861 2655 fit,
1872 2622 1924 2662 qui
1936 2620 2039 2650 habeat
2051 2619 2230 2649 Philerotem
2245 2619 2258 2645 ἲ

1300 2676 1344 2696 res
1356 2674 1427 2695 nota
1435 2664 1477 2695 est
1488 2684 1497 2699 ,
1517 2665 1634 2704 vulgare
1645 2675 1761 2694 nomen
1772 2663 1814 2694 est
1824 2665 2000 2694 Philerotis:
2013 2661 2171 2692 Cornelios
2184 2655 2257 2689 verb

1301 2710 1340 2738 ita
1351 2708 1463 2737 multos
1475 2727 1483 2740 ,
1506 2707 1606 2746 utjam
1623 2708 1713 2736 etiarn
1726 2706 1890 2746 collegium
1902 2703 2099 2735 constitutum
2111 2700 2165 2731 sit?

1344 2753 1421 2780 Asc.
1432 2749 1447 2789 ]
1470 2752 1507 2779 At
1516 2751 1603 2779 enim
1615 2750 1753 2782 extremi,
1767 2759 1798 2778 ac
1809 2746 1986 2777 difficillimi
1999 2745 2140 2784 temporis
2151 2749 2258 2771 vocem

1302 2792 1384 2822 illam
1398 2812 1406 2825 ,
1425 2793 1461 2821 C.
1475 2791 1596 2820 Corneli
1608 2810 1617 2824 ‚
1640 2791 1796 2820 consulem
1810 2792 1929 2819 mittere
1938 2786 2057 2828 coEgisti
2070 2805 2079 2819 ,
2100 2786 2151 2824 qui
2163 2791 2257 2823 remp.

1304 2834 1412 2865 salvam
1425 2831 1481 2862 else
1494 2833 1607 2862 vellent
1619 2852 1627 2865 ,
1641 2842 1672 2861 ut
1682 2832 1716 2861 ad
1728 2833 1823 2873 legem
1836 2830 2037 2869 accipiendam
2048 2825 2187 2856 adess'etit.

1348 2878 1411 2905 Asc
1434 2875 1448 2915 ]
1471 2874 1594 2904 Plebem
1615 2884 1652 2904 ex
1672 2876 1835 2904 Maniliana
1854 2869 2017 2902 offensione
2038 2866 2148 2898 vinitam
2161 2866 2193 2896 δε
2203 2864 2264 2912 do7

1306 2918 1414 2947 mitam
1433 2915 1490 2946 effe
1508 2916 1591 2946 dicit.
1613 2926 1680 2945 ante
1692 2914 1806 2945 vestros
1817 2923 1912 2944 annos
1925 2920 2042 2951 propter
2054 2910 2135 2938 illius
2148 2907 2263 2938 tribuni

1305 2960 1343 2999 pl.
1358 2960 1556 2988 temeritatem
1567 2956 1647 2996 posse
1657 2957 1761 2988 adduci
1777 2976 1786 2990 ,
1798 2965 1830 2985 ut
1839 2956 1969 2984 omnino
1981 2963 2016 2982 ne
2028 2951 2109 2981 illius
2119 2948 2264 2990 potestate

1304 3002 1516 3031 abalienemur.
1541 3002 1600 3040 Qii
1622 2998 1811 3029 restituerunt
1828 3005 1892 3026 eam
1912 2993 2087 3035 potestatem
2101 3012 2109 3025 ‚
2134 2992 2263 3022 alterum

1307 3043 1385 3073 nihil
1397 3052 1492 3071 unum
1505 3040 1585 3081 posse
1596 3049 1696 3070 contra
1708 3039 1820 3068 multos
1834 3058 1841 3071 ‚
1855 3038 1979 3067 alterum
1996 3036 2084 3073 longe
2096 3030 2202 3064 abesse.

1348 3088 1422 3114 Asc.
1435 3084 1466 3113 &c
1479 3086 1583 3113 PRisc.
1597 3080 1643 3110 lib.
1658 3080 1711 3121 6.]
1725 3083 1822 3116 Tanta
1833 3082 1921 3120 igitur
1934 3081 1965 3108 in
1977 3079 2035 3108 illis
2047 3084 2138 3106 virtus
2148 3073 2216 3107 fuit,
2230 3081 2263 3104 ut

1309 3136 1391 3158 anno
1402 3128 1485 3157 XVl.
1500 3123 1567 3166 post
1577 3133 1658 3166 reges
1670 3122 1800 3159 exa&os,
1811 3130 1930 3164 propter
1940 3121 2069 3152 nimiam
2081 3117 2268 3147 dominatio-

2195 3165 2269 3188 nem
