2297 3389
50 961 55 969 “
78 968 129 1002 42.
143 960 338 991 emiss‘arium.
380 961 515 989 Veniunt
531 960 683 999 Syracusas
698 968 831 999 parentes
843 979 851 992 ‚
872 959 1093 1002 propinquique

79 2419 123 2452 43
142 2412 216 2442 clius
224 2410 395 2451 Segestanus
406 2430 414 2444 ,
426 2411 521 2441 homo
531 2411 617 2440 domi
627 2411 685 2440 suae
694 2411 816 2440 summo
831 2411 898 2440 loco
909 2420 1001 2440 natus.
1027 2414 1089 2441 Au-

741 132 871 181 L113.
907 131 965 180 V.
1012 148 1078 182 tn
1123 130 1177 180 C.
1215 133 1504 187 VERREM.

145 224 224 251 mim
243 215 342 251 sociiis
354 219 522 260 putaretur,
540 211 608 244 aliie
623 211 805 256 proditionis
821 215 937 244 crimen
955 213 1096 243 inferret:

146 259 275 293 deinde,
295 260 353 288 hoc
388 255 594 287 uintodecimo
611 255 661 285 die
678 256 794 284 crimen
807 253 864 284 effe
872 264 994 288 natum,
1014 253 1095 295 post-

145 301 238 343 quam
248 298 338 330 classis
346 309 362 328 e
388 306 416 327 et
423 295 532 327 amissa.
551 295 629 326 Cum
641 297 703 326 haec
714 295 828 329 fierent,
837 295 1031 336 quaerebatur,
1042 295 1095 325 ubi

145 341 220 373 esset
227 342 403 372 Cleomenes
414 340 425 367 ?
439 347 504 368 non
513 337 574 378 quo
584 338 673 367 illum
683 338 793 377 ipsum,
808 341 819 356 ¹
829 337 1000 376 cujusmodi
1011 335 1091 370 effer,

143 383 302 425 quisquam
312 381 455 420 supplicio
464 398 472 413 ,
483 378 683 419 propterillud
693 378 927 409 incommodum
936 398 945 412 ,
964 377 1093 419 dignum

144 432 269 465 putaret.
290 432 359 452 nam
377 421 450 462 quid
462 422 643 451 Cleomenes
658 420 753 450 facere
768 422 887 460 potuit?
904 420 989 458 (non
1006 420 1091 448 enim

144 463 455 506 poffumquemquam
467 461 635 492 insimulare
646 461 730 502 falso)
740 462 1092 502 quid‚inquam,magno-

143 516 213 547 pere
223 505 401 535 Cleomenes
410 503 504 533 facere
514 505 622 543 potuit,
632 502 716 533 istius
726 505 846 533 avaritia
854 502 978 533 navibus
987 504 1093 532 exina-

144 549 237 577 nitis?
251 555 336 586 atque
346 555 417 575 eum
426 545 530 575 vident
539 545 636 575 sedere
649 544 768 575 adlatus
777 547 909 584 praetoris
919 564 928 577 ,
950 544 983 574 &
995 543 1031 573 ad
1041 552 1093 572 au-

141 598 210 619 rem
220 587 406 618 familiariter
414 606 422 619 ,
443 595 475 616 ut
483 587 588 616 solitus
601 595 661 616 erat
671 606 679 619 ,
699 587 884 617 insusurrare.
917 588 1000 615 Tum
1020 583 1092 614 vero

113 632 117 633 ⁷
142 629 290 659 omnibus
300 627 519 669 indigmffimum
528 628 624 668 vificm
632 627 676 657 el?
685 648 694 661 ,
705 629 846 658 homines
858 625 1091 658 honestiffimos,

143 670 259 701 οῙεᾶοε
267 680 305 700 ex
315 670 374 700 suis
383 669 552 700 civitatibus
560 689 570 703 ‚
590 673 622 699 in
631 669 742 699 ferrum
752 689 760 702 ,
771 678 857 710 atque
868 671 900 698 'm
910 668 1007 698 vincla
1017 676 1089 696 con-

140 712 256 753 festos:
279 712 476 742 Cleomenem
515 720 613 751 ropter
629 710 810 752 flagitiorum
821 729 830 743 ‚
851 720 883 740 ac
899 708 1093 749 turpitudinis

137 753 301 794 ficietatem
313 774 321 786 ,
343 752 483 783 familiari
520 762 606 782 mum
621 751 679 782 ess'e
694 754 835 792 praetoris.
858 752 1028 791 Apponitur
1045 750 1092 778 his

138 804 245 826 tamen
254 795 402 826 accusator
410 796 535 824 Naevius
545 795 662 833 Turpio
693 793 806 826 uidam,
817 795 880 834 qui,
893 795 926 822 C.
939 790 1092 822 Sacerdote

140 845 284 877 praetore,
302 837 479 874 injuriarum
490 835 646 865 damnatus
655 804 716 868 est,
734 836 830 865 homo
851 834 928 864 bene
945 830 1091 873 appositus

141 878 178 909 ad
190 878 274 908 istius
286 877 436 908 audaciam
448 888 453 905 z
472 886 564 917 quem
574 875 627 906 iste
636 878 669 906 in
679 877 813 906 decumis
824 896 832 909 ,
843 877 873 905 in
885 875 970 906 rebus
987 875 1093 913 capita-

143 919 223 959 libus
235 940 243 952 ‚
254 922 287 949 in
296 921 384 949 omni
392 918 544 948 calumnia
553 938 562 951 ‚
573 918 782 957 praecursorem
792 918 898 947 habere
914 916 1025 946 solebat
1033 936 1042 948 ‚
1060 915 1093 944 &

144 1002 322 1032 miserorum
341 1001 573 1031 adolescentium
586 1021 595 1034 ,
615 1002 671 1031 hoc
682 1002 839 1041 repentino
856 1000 1028 1029 calamitatis
1037 999 1094 1038 suia

141 1045 290 1074 commoti
300 1046 426 1072 nuntio:
446 1042 568 1072 vinstos
583 1042 748 1081 adspiciunt
756 1043 867 1072 catenis
881 1042 991 1071 liberos
1003 1041 1070 1070 suos
1082 1059 1090 1072 ,

140 1085 213 1116 cum
224 1084 308 1114 istius
318 1086 444 1114 avaritiae
453 1094 574 1124 poenam
584 1084 714 1116 collo,&
722 1084 887 1113 cervicibus
897 1084 916 1113 s
913 1085 957 1112 uis
968 1081 1092 1112 sustine-

139 1135 218 1157 rent.
242 1126 348 1156 adsunt
357 1146 365 1159 ,
377 1125 542 1158 defendunt
552 1145 560 1159 ‚
579 1126 765 1165 proclamant
778 1135 784 1154 z
799 1124 891 1155 fidem
902 1134 984 1154 tuam
996 1144 1004 1157 ,
1024 1133 1090 1164 quae
1114 1127 1116 1157 ξ

139 1168 287 1208 nusquam
297 1176 372 1200 erat,
385 1177 440 1197 nec
451 1177 597 1209 umquam
606 1166 664 1197 fuit
673 1186 681 1200 ‚
705 1167 878 1206 implorant.
903 1169 987 1196 Pater
995 1166 1091 1195 aderat

139 1211 245 1240 Dexio
254 1209 466 1239 Tindaritanus
475 1229 484 1242 ,
495 1210 591 1238 homo
601 1207 932 1248 nobilissunus‚·hospes
942 1216 1009 1237 tuus
1021 1217 1026 1235 ε
1036 1216 1089 1237 cu—

138 1252 190 1292 jus
199 1259 231 1281 tu
241 1250 326 1280 domi
336 1250 432 1280 fueras
441 1270 448 1283 ‚
460 1259 551 1291 quem
561 1250 710 1290 hospitem
720 1250 886 1290 appellaras.
908 1259 979 1278 eum
993 1252 1008 1268 ²·
1018 1247 1090 1278 cum

139 1293 192 1323 illa
205 1291 376 1322 auaontate
385 1311 394 1326 ,
413 1292 445 1321 &
456 1292 574 1322 miseria
582 1291 697 1321 videres
707 1291 863 1331 praeditum
876 1311 884 1324 ,
909 1301 974 1320 non
987 1299 1015 1320 te
1027 1291 1090 1329 ejus

141 1335 278 1373 lacrymae
290 1353 298 1368 ‚
317 1343 382 1363 non
392 1332 527 1363 fenea-us
537 1352 545 1366 ‚
566 1343 630 1362 non
639 1333 816 1372 hospitiijus
827 1352 836 1365 ‚
856 1342 941 1373 atque
950 1341 1066 1361 nomen
1077 1331 1093 1361 a

141 1375 248 1407 scelere
257 1375 386 1415 aliquam
397 1374 431 1404 ad
440 1384 552 1414 partem
563 1375 756 1404 humanitatis
765 1384 902 1404 revocare
910 1375 1017 1413 potuit.
1033 1372 1089 1402 Sed

141 1416 215 1458 quid
224 1426 279 1456 ego
287 1416 467 1455 hospitiijura
476 1418 508 1445 in
520 1417 573 1445 liae
581 1425 641 1446 tam
652 1418 781 1446 immani
792 1415 890 1445 bellua
897 1424 1092 1444 commemo-

140 1460 196 1489 ro?
211 1460 264 1498 qui
273 1458 430 1487 Sthenium
440 1458 674 1487 Thermitanum
685 1476 693 1490 ,
713 1457 862 1497 hospitem
877 1457 963 1487 suum
973 1477 982 1489 ,
1007 1456 1054 1496 cuj
1059 1465 1092 1485 us

140 1499 271 1530 domum
285 1508 337 1539 per
345 1499 510 1538 hospitium
520 1497 667 1532 exhausit,
689 1499 918 1532 &exinanivit,
938 1497 1091 1529 absentem
1114 1501 1115 1516 ¹

141 1542 176 1571 in
185 1550 251 1570 reos
261 1540 403 1574 retulerit,
415 1540 497 1570 causa
505 1539 628 1573 indiisa,
641 1543 733 1581 capite
744 1540 904 1571 damnarit:
916 1540 952 1570 ab
962 1550 998 1569 eo
1010 1549 1091 1568 nunc
1113 1550 1115 1557 ι

140 1583 342 1622 hospitiorum
358 1582 423 1621 jura
432 1601 441 1615 ,
461 1590 549 1622 atque
561 1580 660 1612 officia
672 1591 838 1623 quaeramus
849 1584 860 1611 ?
877 1591 948 1611 cum
966 1582 1092 1611 homine

140 1625 225 1655 enim
236 1623 445 1653 crudeli-nobis
455 1633 500 1653 res
510 1622 552 1653 est
560 1643 568 1657 ‚
580 1633 617 1652 an
627 1634 696 1653 cum
706 1623 766 1654 fera
777 1643 785 1657 ,
803 1632 889 1664 atque
899 1624 1029 1653 immani
1039 1622 1092 1652 be-

141 1666 324 1705 lua?teipatrs's
332 1665 469 1705 lacrymae
479 1664 515 1694 de
525 1666 694 1695 innocentis
700 1665 761 1705 filii
770 1666 903 1705 periculo
912 1675 976 1695 non
984 1674 1093 1694 move-

141 1703 234 1738 bant?
250 1706 322 1737 cum
333 1716 444 1746 patrem
456 1706 542 1737 domi
554 1705 727 1747 reliquisses:
738 1705 836 1737 filium
848 1715 947 1737 tecum
959 1707 1088 1736 haberes:

141 1758 169 1780 ze
178 1758 276 1789 neque
285 1749 409 1788 praesens
423 1747 502 1778 filius
512 1748 548 1778 de
557 1748 722 1779 liberorum
738 1751 867 1782 caritate,
879 1758 976 1789 neque
987 1747 1089 1778 absens

138 1799 221 1831 pater
229 1790 266 1820 de
275 1789 460 1831 indulgentia
468 1792 559 1830 patria
571 1790 805 1820 commonebat?
834 1792 956 1820 Catenas
967 1789 1091 1820 habebat
1111 1796 1112 1804 ¹

139 1832 202 1863 lios
217 1841 246 1861 es
258 1839 326 1861 tuus
337 1830 468 1861 Aristeus
477 1851 486 1865 ,
498 1833 649 1861 Dexionis
660 1831 748 1862 filius.
768 1832 842 1872 quid
852 1834 910 1862 ita?
920 1830 1091 1862 Prodiderat

137 1874 165 1906 cl
208 1884 267 1903 em.
293 1876 306 1900 3
315 1872 395 1913 quod
405 1873 445 1902 ob
453 1875 630 1912 praemium?
645 1873 807 1903 deseruenit
815 1874 993 1903 exercitum.
1016 1872 1088 1912 quid
1110 1875 1112 1879 “

140 1916 339 1946 Cleomenes?
356 1916 477 1954 ignavus
487 1914 590 1944 fuerat.
614 1918 653 1945 At
662 1925 732 1944 eum
742 1924 773 1945 tu
789 1913 821 1943 ob
831 1916 970 1943 virtutem
979 1923 1090 1944 corona
1110 1936 1111 1942 ,

138 1965 226 1987 aurea
234 1955 369 1986 donaras.
390 1956 552 1985 Dimiserat
559 1965 670 1986 nautas.
681 1965 712 1985 tu
721 1956 756 1986 ab
766 1956 909 1985 omnibus
919 1955 1087 1986 mercedem

141 1995 292 2027 missionis
301 2006 460 2036 acceperas.
474 1997 557 2026 Alter
565 2006 668 2036 parens
678 2007 716 2026 ex
724 1998 811 2027 altera
818 2006 898 2037 parte
911 2006 969 2027 erat
979 1996 1089 2026 Herbi-
1109 2001 1111 2017 ⁴

140 2037 228 2069 tensis
239 2038 389 2068 Eubulida
398 2057 407 2072 ‚
424 2039 520 2068 homo
529 2037 615 2068 domi
626 2038 682 2068 suae
691 2038 785 2068 clarus
795 2058 803 2072 ,
821 2039 853 2068 &
865 2038 992 2068 nobilis:
1012 2039 1063 2078 qui
1075 2057 1084 2071 ‚

138 2082 209 2120 quia
219 2080 415 2109 Cleomenem
427 2081 459 2108 in
468 2078 659 2109 defendendo
670 2078 734 2109 filio
744 2080 868 2113 laeseiat,
890 2079 989 2109 nudus
1003 2079 1088 2118 paene
1109 2108 1111 2119 x

138 2120 184 2151 est
191 2120 359 2151 destitutus·
391 2120 471 2161 Qd
482 2129 542 2151 erat
550 2130 649 2151 autem
659 2141 668 2154 ‚
688 2121 768 2162 quod
787 2121 942 2162 quisquam
960 2120 1069 2150 diceret
1080 2141 1089 2154 ,
1109 2122 1111 2138 ²

136 2171 188 2193 aut
199 2161 393 2192 defenderet?
404 2163 601 2192 Cleomenem
615 2172 772 2192 nominare
781 2172 845 2192 non
857 2164 933 2192 licet.
957 2166 995 2192 At
1007 2163 1092 2201 music
1109 2180 1110 2202 ι

138 2205 221 2243 cogit.
244 2206 376 2233 Moriere
386 2223 394 2237 ‚
406 2202 600 2243 fiappellaris.
626 2213 792 2244 numquam
802 2206 887 2233 enirn
897 2203 949 2233 iste
967 2203 1009 2233 est
1025 2214 1090 2233 cui-

138 2255 228 2286 quam
240 2245 431 2274 mediocriter
440 2247 581 2275 minatus.
604 2248 658 2274 ..At
674 2246 787 2285 remiges
797 2256 849 2274 non
865 2253 956 2274 erant.
980 2248 1089 2275 Praeto-
1108 2252 1110 2259 *

140 2297 204 2317 rem
214 2295 246 2316 tu
255 2287 390 2316 accusas?
409 2285 509 2327 frange
519 2288 679 2316 cervicem.
701 2289 836 2327 sineque
846 2296 1001 2326 praetorem
1014 2307 1022 2319 ,
1035 2296 1088 2316 ne-
1108 2286 1110 2326 ᾖ

139 2338 198 2369 que
207 2330 339 2368 praetoris
347 2328 493 2357 aemulum
503 2328 645 2367 appellare
655 2328 756 2357 licebit
767 2348 775 2362 ‚
786 2327 901 2358 cumin
917 2329 963 2357 his
971 2327 1087 2357 duobus

141 2379 202 2400 tota
210 2369 292 2399 causa
301 2368 351 2399 sit:
369 2368 578 2410 quidfuturum
588 2367 654 2398 eft'?
673 2371 758 2399 Dicit
767 2372 857 2399 etiam
868 2369 983 2399 causam
995 2371 1089 2399 Hera-

141 2453 219 2486 dite,
230 2451 364 2482 utvestra
376 2453 546 2482 humanitas
555 2451 699 2492 postulat,
712 2452 837 2490 judices.
861 2452 987 2482 audietis
1003 2455 1088 2482 enim

140 2493 177 2524 de
189 2495 302 2535 magnis
313 2493 519 2531 incommodis
528 2507 542 2526 ‚⁷
558 2494 733 2533 injuriisque
750 2494 909 2524 sociorum.
934 2496 1024 2523 Hunc
1034 2495 1090 2523 sci-

139 2544 201 2565 tote
210 2533 297 2565 fuiss'e
306 2535 478 2565 Heraclium
490 2537 522 2564 in
531 2545 563 2565 ea
570 2535 653 2573 caush
664 2547 672 2568 3
690 2537 741 2575 qui
751 2544 869 2574 propter
877 2544 996 2576 gravem
1006 2545 1090 2565 mor-

139 2576 214 2608 bum
224 2577 381 2606 oculorum
393 2585 457 2606 tum
467 2586 532 2606 non
541 2578 684 2616 navigarit
693 2596 701 2610 ,
714 2577 747 2606 &
757 2575 831 2613 iuss‘u
843 2578 907 2613 ejus
917 2596 925 2609 ‚
944 2579 995 2617 qui
1006 2586 1090 2616 pote—

139 2617 243 2649 statem
259 2619 362 2648 habuit
378 2637 387 2652 ‚
413 2621 509 2649 ‘icum
527 2626 699 2648 commeatu
711 2637 721 2651 ‚
739 2617 883 2657 Syracusis
903 2618 1086 2649 remanserit.

1991 142 2087 207 32t

1137 212 1190 244 iste
1204 214 1282 246 certe
1300 226 1396 260 neque
1413 219 1547 259 prodidit
1557 217 1696 257 classem,
1716 229 1814 262 neque
1823 229 1907 255 metu
1915 225 2087 264 perterritus

1136 254 1228 302 fugit,
1249 268 1346 300 neque
1362 263 1527 291 exercitum
1543 262 1681 294 deseruit.
1711 265 1833 296 Etenim
1853 273 1924 296 tunc
1940 264 2011 296 efl'et
2028 267 2087 297 hoc

1135 298 1374 330 animadversum
1387 321 1394 334 ,
1414 302 1485 332 cum
1501 302 1595 334 claffis
1613 303 1756 344 Syracusis
1776 304 2022 345 proficiscebatur.
2056 310 2086 337 Is

1136 341 1279 370 tamenin
1289 341 1392 372 eadem
1401 344 1482 374 causa
1489 344 1548 375 fuit
1558 365 1566 379 ‚
1577 344 1655 387 quasi
1667 344 1737 377 ess'et
1754 349 1786 377 in
1803 347 1903 388 aliquo
1922 346 2086 379 manifesto

1135 378 1239 426 scelere
1251 381 1450 427 deprehensus
1462 396 1467 414 :
1486 388 1519 416 in
1537 396 1628 427 quem
1643 397 1680 417 ne
1690 387 1763 418 falso
1779 389 1902 429 quidem
1914 390 1998 421 causa
2007 399 2084 420 con-

1131 417 1201 465 ferri
1217 425 1354 469 criminis
1370 428 1476 464 potuit.
1508 430 1575 458 Fuit
1593 430 1626 458 in
1643 429 1704 459 illis
1722 432 1874 460 navarchis
1886 429 2084 462 Heracliensis

1133 460 1255 506 quidam
1268 465 1372 509 FJurius
1382 466 1464 504 (nam
1475 468 1583 499 habent
1593 470 1639 499 illi
1651 471 1797 502 nonnulla
1805 472 2013 509 hujuscemodi
2023 474 2085 503 La-

1133 509 1194 531 tina
1203 506 1338 545 nomina)
1350 507 1444 537 homo
1454 528 1462 540 ,
1477 510 1620 550 quamdiu
1631 514 1720 544 vixit,
1731 512 1817 542 domi
1827 513 1895 546 suae,
1906 523 1972 543 non
1981 512 2085 544 solum

1134 542 1200 582 post
1213 553 1343 585 mortem
1352 566 1362 593 .’
1372 556 1432 592 tota
1442 551 1541 580 Sicilia
1550 552 1643 582 clarus
1654 573 1662 585 ,
1680 554 1712 583 &
1722 554 1844 583 nobilis.
1867 556 1899 584 in
1909 565 1969 595 quo
1979 556 2083 586 homi-

1135 593 1173 613 ne
1183 593 1299 615 tanturn
1310 590 1405 618 animi
1415 592 1474 619 tuit
1485 612 1493 623 ,
1508 601 1570 620 non
1582 593 1680 623 solum
1697 603 1728 623 ut
1739 594 1828 625 istum
1840 596 1932 626 libere
1945 596 2063 627 laederet
2073 609 2085 630 ;

1135 634 1205 655 nam
1226 626 1255 656 id
1273 628 1397 667 quidem
1409 650 1417 663 ‚
1436 633 1569 672 quoniam
1591 636 1760 664 moriendum
1777 635 1907 671 videbat,
1927 636 1987 667 fine
2005 640 2084 678 peri‘

1133 667 1203 697 culo
1214 667 1345 699 sefacere
1356 671 1551 713 intelligebat:
1573 675 1678 705 verum
1691 697 1698 709 ,
1719 687 1816 708 morte
1825 677 1970 718 proposita
1981 700 1989 713 .
2010 680 2084 712 cum

1132 707 1297 747 lacrymans
1311 712 1464 753 incarcere
1484 723 1577 744 mater
1596 716 1709 747 nosteis
1720 718 1842 759 diesque
1860 718 2011 754 assideret,
2032 720 2085 753 de-

1132 748 1299 796 fensionem
1310 753 1400 783 causae
1412 753 1468 784 suae
1478 755 1603 795 scripsit:
1622 767 1712 797 quam
1724 769 1805 789 nunc
1816 770 1907 790 nemo
1916 761 1957 791 est
1966 764 1998 791 in
2008 763 2085 793 Sici-

1134 791 1172 838 lia
1181 811 1189 825 ‚
1202 801 1272 832 qum
1282 792 1383 824 habear
1394 816 1401 827 ,
1413 796 1482 836 quin
1491 796 1568 836 legat
1578 817 1585 830 ,
1598 801 1670 840 quin
1682 802 1725 829 tui
1737 801 1850 830 sceleris
1861 822 1868 834 ,
1882 803 1915 832 &
1925 803 2085 835 crudelia*

1134 841 1171 862 tis
1181 843 1219 863 ex
1230 834 1280 864 illa
1289 838 1422 865 oratione
1430 843 1657 869 commonebat.
1681 842 1713 870 in
1723 851 1783 881 quo
1791 842 1887 875 docet.
1899 845 1996 884 quota
2006 846 2085 875 civi-³

1134 882 1192 904 tate
1202 875 1250 905 sua
1258 885 1361 906 nautas
1370 881 1513 918 acceperit
1525 890 1530 908 :
1548 889 1622 920 quot
1630 900 1638 913 ‚
1655 881 1688 911 δε
1697 885 1800 922 quanti
1811 903 1818 916 ‚
1831 894 1980 925 quemque
1990 885 2086 916 dimi‹

1135 916 1218 945 serit:
1240 926 1316 957 quot
1325 918 1425 948 secum
1435 920 1586 951 habuerit:
1606 924 1680 952 item
1691 925 1726 953 de
1735 933 1840 953 ceteris
1858 927 1982 956 navibus
1999 927 2084 957 dicit.

1115 961 1117 998 J
1134 967 1199 997 quae
1217 957 1289 988 cum
1305 960 1381 998 apud
1391 970 1420 990 te
1429 962 1540 992 diceret
1551 983 1559 995 .
1580 965 1672 1004 virgis
1682 966 1762 994 oculi
1773 966 2004 997 verberabantur.
2027 969 2087 998 Ille

1135 1007 1231 1028 morte
1247 1000 1411 1040 propolim.
1429 1002 1516 1033 facile
1531 1004 1668 1034 dolorem
1682 1008 1814 1046 corporis
1829 1008 2003 1046 patiebatur.
2024 1010 2086 1039 cla-1

1135 1040 1252 1074 mabat,
1271 1042 1301 1072 id
1321 1044 1400 1083 quod
1419 1044 1559 1084 scriptum
1575 1047 1712 1088 reliquit,
1734 1051 1884 1079 Faernus
1901 1058 1973 1079 essa
1992 1060 2080 1080 INDI-

1113 1112 1116 1118 .
1135 1090 1234 1112 GNUM
1245 1102 1253 1116 ‚
1273 1084 1340 1123 plus
1356 1085 1597 1125 impudicissimae
1619 1089 1754 1119 mulieris
1771 1090 1848 1129 apud
1859 1100 1884 1119 te
1896 1091 1932 1120 de
1942 1091 2084 1122 Cleome-

1134 1126 1181 1153 nis
1191 1124 1290 1158 salute,
1302 1128 1391 1167 quam
1403 1126 1439 1156 de
1449 1127 1497 1158 sua
1506 1131 1566 1158 vita
1576 1129 1718 1169 lacrymas
1731 1134 1830 1160 matris
1840 1132 1945 1162 valere.
1972 1132 2084 1164 deinde.

1133 1167 1224 1194 etiam
1234 1167 1310 1197 illud
1319 1167 1409 1198 video
1419 1167 1476 1198 ess'e
1486 1169 1602 1200 diEkum
1614 1191 1622 1204 ‚
1640 1171 1721 1212 quod
1735 1193 1743 1205 .
1764 1171 1784 1202 fi
1794 1171 1873 1203 1-6ᾶέ
1885 1183 1940 1204 vos
1955 1175 2088 1214 populus

1135 1209 1294 1238 Romanus
1305 1212 1447 1250 cognovit
1454 1230 1463 1244 ,
1477 1220 1542 1240 non
1551 1211 1623 1241 falso
1634 1213 1684 1243 ille
1691 1214 1754 1253 jam
1766 1216 1797 1244 in
1808 1214 1867 1255 ipsa
1877 1224 1975 1245 morte
1984 1217 2020 1247 de
2028 1227 2087 1246 vo*

1135 1248 1180 1277 bis
1190 1249 1374 1288 praedicavit:
1395 1254 1472 1282 Noti
1486 1262 1575 1282 POSSE
1588 1256 1734 1284 VERREM
1747 1276 1754 1288 ‚
1779 1266 1912 1286 resi-Eis
1929 1266 2088 1287 ιΝτΕιυ-μ

1136 1299 1278 1324 crunno,
1303 1301 1461 1322 CR1M1NA
1474 1304 1536 1324 snA
1552 1304 1803 1326 ExsTINGUERE:
1825 1301 1991 1338 graviorem
2008 1298 2086 1339 apud

1134 1331 1407 1377 sapienteisjudices
1418 1336 1446 1365 se
1455 1335 1519 1366 fore
1530 1336 1566 1365 ab
1577 1335 1682 1367 inferis
1693 1348 1719 1367 te
1725 1338 1809 1372 stem,
1824 1339 1913 1379 quam
1924 1339 1943 1368 si
1954 1342 2040 1370 vivus
2051 1342 2084 1371 in

1131 1373 1281 1411 judicium
1293 1375 1520 1414 produceretur:
1544 1387 1608 1407 turn
1619 1399 1627 1410 ‚
1646 1381 1773 1409 avaritia:
1785 1381 1882 1409 solum
1894 1400 1902 1414 ,
1921 1380 1940 1409 si
1950 1384 2083 1413 viveret:

1134 1424 1216 1444 nunc
1225 1435 1233 1447 ,
1244 1415 1316 1445 cum
1327 1418 1366 1447 ita
1375 1416 1446 1448 ess'et
1456 1428 1571 1449 necatus
1582 1439 1589 1451 ,
1605 1421 1720 1450 sceleris
1733 1442 1741 1453 ‚
1762 1422 1887 1451 audaciae
1899 1442 1908 1455 ,
1929 1423 2084 1453 crudelita-

1133 1457 1170 1485 tis
1181 1456 1286 1486 testem
1300 1457 1375 1488 fore.
1406 1460 1473 1500 Jam
1493 1461 1542 1490 illa
1560 1461 1712 1500 praeclara,
1733 1465 1809 1492 Not<
1824 1473 1975 1493 Tus-rium
1992 1475 2086 1495 trono

1131 1506 1271 1532 catervas,
1283 1498 1355 1529 cum
1365 1508 1414 1530 tua
1424 1511 1467 1531 res
1477 1511 1616 1543 ageretur,
1629 1503 1677 1533 sed
1687 1504 1702 1533 a
1714 1504 1773 1533 diis
1783 1505 1920 1535 manibus
1935 1507 2084 1536 innocen<

1133 1541 1210 1584 tiqm
1221 1549 1323 1579 poenas
1334 1561 1342 1574 ,
1361 1545 1375 1568 5
1384 1542 1651 1585 sceleratorumque
1669 1544 1760 1575 furias
1779 1548 1811 1575 in
1828 1554 1914 1576 tuum
1931 1547 2084 1586 judiciuin.

1131 1579 1191 1611 efle
1209 1591 1348 1612 venturas
1366 1594 1372 1612 :
1395 1583 1453 1614 sese
1470 1584 1541 1614 ideo
1562 1586 1708 1616 leviorem
1727 1587 1825 1617 casum
1846 1588 1932 1618 suum
1952 1587 2061 1630 fingere
2072 1609 2085 1623 ,

1131 1621 1213 1662 quod
1221 1624 1284 1663 jam
1295 1624 1363 1655 ante
1375 1627 1469 1655 aciem
1479 1626 1627 1657 securium
1638 1636 1753 1658 tuarum
1765 1648 1774 1662 ‚
1787 1628 1930 1669 Sestiique
1940 1650 1948 1663 ‚
1969 1634 2012 1660 tui
2023 1641 2086 1661 car-

1131 1663 1232 1695 nificis
1241 1684 1248 1698 ‚
1260 1666 1379 1696 vultum
1390 1686 1399 1700 ‚
1415 1667 1448 1697 &
1458 1677 1585 1698 manum
1594 1667 1712 1700 vidiss'et
1721 1689 1730 1702 ,
1747 1670 1818 1700 cum
1830 1672 1860 1700 in
1871 1681 2024 1702 conventu
2040 1675 2083 1703 ci·

1131 1708 1218 1736 vium
1229 1708 1267 1737 R.
1281 1706 1355 1742 juffu
1364 1717 1417 1738 tuo
1425 1708 1518 1739 securi
1529 1712 1610 1740 cives
1619 1712 1660 1741 R.
1671 1709 1838 1742 ferirentur.
1859 1712 1907 1742 Ne
1917 1724 1947 1743 m
1953 1713 2022 1747 ulta.
2033 1714 2042 1752 j
2047 1724 2083 1743 u*

1132 1747 1213 1778 dices
1222 1768 1231 1782 ‚
1242 1746 1258 1769 ⁶
1266 1749 1399 1780 libertate
1408 1770 1416 1784 ,
1425 1760 1515 1791 quam
1525 1761 1580 1781 vos
1592 1752 1679 1782 sociis
1687 1752 1807 1784 dedistis
1818 1773 1826 1787 ‚
1839 1754 1890 1784 hac
1900 1755 1950 1785 ille
1959 1757 1993 1785 in
2002 1766 2082 1786 acer-

1130 1788 1254 1820 biffimo
1271 1791 1415 1831 supplicio
1430 1793 1603 1824 miserrimae
1617 1794 1764 1824 servitutis
1773 1795 1876 1825 abusus
1887 1795 1938 1826 est.
1962 1797 2082 1827 Conde-
2098 1809 2146 1841 44

1110 1860 1112 1870 1
1131 1840 1216 1861 mnat
1225 1835 1345 1862 omneis
1353 1833 1389 1864 de
1399 1833 1515 1864 consilii
1525 1835 1678 1865 sententia.
1696 1844 1795 1866 tamen
1807 1846 1901 1877 neque
1910 1837 1963 1868 iste
1974 1840 2007 1868 in
2016 1848 2082 1869 tan-

1130 1882 1158 1903 ta
1172 1883 1202 1902 re
1213 1893 1221 1906 ‚
1242 1882 1287 1904 tot
1299 1875 1463 1905 hominum
1474 1895 1482 1909 ,
1503 1885 1602 1917 totque
1612 1878 1726 1907 civium
1736 1878 1818 1907 causa
1828 1897 1836 1911 ,
1856 1881 1885 1908 P.
1900 1882 2036 1910 Vettium
2046 1873 2089 1911 ad*

1131 1915 1160 1944 se
1169 1914 1279 1945 arceffit
1289 1935 1298 1948 ‚
1318 1916 1493 1957 quaestorem
1505 1919 1591 1947 suurn
1602 1938 1610 1951 ‚
1631 1919 1716 1957 cujus
1726 1917 1851 1949 consilio
1862 1929 1990 1951 uteretur
2002 1932 2007 1950 :
2027 1931 2084 1951 ne-

1109 1965 1111 1999 4‘
1130 1966 1188 1996 que
1199 1958 1229 1986 P·
1242 1959 1382 1987 Cervium
1394 1978 1402 1991 ,
1414 1959 1503 1988 talem
1513 1961 1613 1988 virum
1625 1979 1632 1991 ,
1647 1960 1776 2000 legatum
1788 1980 1795 1993 ‚
1809 1962 1870 2000 qui,
1880 1964 1948 2001 quia
1959 1963 2083 2003 legatuS,

1131 1997 1188 2028 isto
1197 2007 1330 2036 praetore,
1343 2001 1372 2028 in
1383 2000 1484 2029 Sicilia
1494 1999 1562 2033 fuit,
1573 2003 1689 2040 primus
1698 2000 1733 2030 ab
1742 2000 1798 2031 isto
1801 2001 1890 2040 judex
1901 2002 2014 2041 rejcc‘hu
2024 2003 2082 2032 eff.-

1130 2039 1178 2070 sed
1190 2039 1226 2068 de
1236 2040 1386 2070 latronum
1397 2061 1405 2074 ‚
1426 2041 1484 2070 hoc
1497 2040 1539 2071 est
1549 2061 1557 2074 ,
1577 2041 1613 2071 de
1628 2044 1918 2073 comitum·suorum
1938 2045 2083 2077 sententia

1129 2079 1312 2111 condemnat
1324 2084 1452 2112 omneis.
1483 2081 1542 2112 Hic
1552 2082 1654 2112 cun<sti
1663 2084 1754 2113 Siculi
1764 2104 1772 2118 ‚
1794 2082 1954 2115 fidelissimi
1967 2105 1974 2119 ‚
1994 2095 2081 2127 atque

1128 2120 1322 2162 antiquisfimi
1333 2123 1404 2152 socii
1416 2144 1424 2156 ‚
1445 2123 1584 2163 plurimis
1594 2123 1690 2154 affeffi
1710 2124 1862 2156 beneficiis
1882 2125 1898 2155 a
1916 2128 2084 2166 majoribus

1129 2163 1236 2194 nostris
1247 2184 1255 2197 ,
1266 2167 1391 2205 graviter
1400 2175 1635 2195 commoventur
1644 2186 1652 2199 ‚
1667 2166 1699 2197 δε
1709 2166 1745 2196 dc
1754 2167 1812 2196 suis
1822 2169 1960 2207 periculis
1973 2188 1980 2201 ‚
1993 2174 2006 2197 7
2017 2168 2081 2199 for-

1109 2207 1111 2244 ζ
1128 2205 1265 2245 tunisque
1279 2206 1424 2235 omnibus
1434 2207 1655 2245 pertimescunt.
1679 2208 1766 2237 Illam
1777 2208 1983 2242 clementiam,
1995 2220 2082 2241 man-

1130 2247 1376 2287 suetudinemque
1387 2247 1492 2277 nostrii
1503 2250 1621 2287 imperii
1631 2251 1663 2278 in
1674 2258 1784 2280 tantam
1796 2250 2000 2281 crudelitatem
2012 2272 2019 2284 ,
2032 2254 2083 2282 in-

1128 2289 1405 2329 humanitatemque
1417 2287 1474 2318 ess'e
1486 2290 1666 2328 convsrfizm?
1680 2291 1874 2322 condemnari
1884 2301 1927 2322 tot
1939 2294 2082 2323 homines

1131 2339 1193 2359 uno
1205 2331 1442 2369 tempore,nullo
1458 2332 1606 2360 crimine?
1625 2330 1828 2362 defenfionem
1846 2333 1967 2364 suorum
1986 2334 2084 2365 furto-

1130 2381 1197 2401 rum
1215 2380 1372 2411 praetorem
1391 2372 1565 2411 improbum
1585 2383 1623 2403 ex
1642 2373 1845 2415 indignissima
1862 2383 1949 2404 morte
1957 2376 2083 2405 innocen·-

1131 2414 1206 2442 rium
1217 2415 1367 2453 quaerere?
1387 2413 1550 2444 Nihiladdi
1565 2415 1628 2453 jam
1639 2414 1774 2449 videtur,
1797 2415 1930 2455 judices,
1949 2417 1984 2447 ad
2003 2419 2080 2447 lianc

1130 2455 1356 2494 improbitatem
1368 2474 1376 2488 ‚
1387 2456 1550 2485 amentiam
1561 2475 1568 2488 ‚
1581 2456 1842 2498 crudelitatemque
1851 2456 1944 2497 posse.
1957 2459 1989 2489 δε
1998 2459 2080 2489 recise

1131 2497 1209 2526 nihil
1218 2496 1343 2525 videtur.
1367 2505 1438 2525 nam
1449 2495 1468 2525 si
1479 2506 1549 2526 cum
1561 2497 1684 2527 illorum
1695 2499 1886 2538 improbitate
1895 2508 1995 2533 certet,
2011 2501 2082 2531 lon-

1131 2539 1168 2579 ge
1186 2538 1324 2569 omneis,
1346 2537 1535 2577 multumque
1554 2538 1707 2577 superabit.
1733 2540 1779 2570 sed
1791 2540 1888 2569 secum
1898 2542 1960 2580 ipse
1969 2551 2079 2572 certat:

1130 2580 1161 2610 id
1172 2583 1231 2621 agit
1242 2599 1250 2611 ‚
1270 2588 1302 2608 ut
1311 2578 1425 2617 semper
1435 2579 1563 2618 superius
1575 2580 1660 2609 suum
1671 2579 1785 2611 facinus
1795 2591 1878 2611 novo
1892 2582 1999 2613 scelere
2011 2585 2085 2614 vin-

1133 2631 1187 2652 cat.
1219 2622 1393 2661 Phalaigum
1412 2621 1643 2660 Centuripinum
1663 2621 1797 2653 dixeram
1816 2632 1977 2665 exceptum
1997 2623 2054 2655 esse
2070 2624 2089 2657 ὲ,

1998 2667 2090 2697 Cleo-

353 2717 640 2730 *pt-*Q*-

178 2761 201 2778 ι.
220 2753 349 2786 Cnjiffmodi
357 2753 432 2787 eyia]
445 2754 497 2778 Pro
507 2754 659 2788 cujufiunque
668 2754 727 2779 modi
738 2773 746 2786 ‚
758 2761 788 2780 ut
798 2753 861 2780 alibi
872 2753 1023 2790 aliquoties.
1033 2763 1089 2781 ma-

138 2786 209 2815 lebat
220 2793 306 2815 tailien
319 2789 349 2814 P.
360 2789 493 2815 Manutius
504 2790 700 2823 cujuscnjufinodi.

175 2832 204 2850 2.
223 2825 279 2849 Cfaem
289 2826 327 2850 illa
338 2826 476 2850 aumm'tate
485 2825 513 2855 ὼ·
522 2827 613 2858 miseria
623 2825 718 2851 viderer
724 2825 874 2859 preditum]
888 2825 1031 2852 Lambinus
1044 2835 1090 2852 ne-

136 2857 191 2884 stio
201 2869 257 2894 quae
267 2860 419 2895 interponit.
445 2860 584 2896 simplicius
595 2861 755 2887 Gulielmius
767 2880 774 2891 ‚
794 2862 839 2896 qui
850 2860 920 2895 quod
931 2862 980 2894 Ωιι]
986 2862 1089 2888 asianus

142 2904 192 2920 noti
203 2895 310 2921 haberet
319 2896 439 2931 copulam
451 2915 459 2927 ,
468 2895 580 2922 divinat:
597 2898 654 2921 Cirm
663 2899 704 2922 illa
714 2899 856 2922 auffloritate
867 2916 874 2927 ,
894 2898 987 2929 miseria
995 2898 1091 2923 videres

137 2930 264 2962 perditum.
284 2939 312 2957 ru
325 2931 430 2966 ‚inquit
440 2952 450 2962 ,
466 2933 560 2958 Verres
573 2951 581 2963 ,
599 2942 658 2958 cuni
668 2932 795 2967 hospitem
807 2940 881 2958 tuum
894 2932 994 2958 videres
1006 2934 1031 2958 ὅ(
1044 2943 1090 2958 au-

141 2964 266 2992 &oritate
277 2967 399 2993 Pi-aetoris
408 2967 471 2997 esses
484 2987 493 3000 ,
513 2967 614 2995 videres
626 2987 634 3000 ,
646 2968 753 3003 inquam
766 2987 774 2999 ,
785 2967 911 3004 hospitem
929 2975 1003 2995 tuum
1015 2969 1091 2995 mise-

138 2999 182 3027 -ria
191 3001 334 3036 pei-ditum.

1134 2764 1193 2781 nain
1205 2755 1282 2781 nostri
1294 2754 1350 2781 saue
1363 2755 1390 2781 8<
1401 2756 1493 2789 Cujac.
1506 2756 1568 2782 item
1579 2758 1662 2793 antiq.
1673 2758 1742 2794 typis
1753 2757 1872 2792 formati,
1883 2763 1908 2785 in
1918 2770 2051 2789 commeatu.

1171 2801 1183 2824 5
1190 2812 1195 2816 .
1209 2793 1530 2826 Scclerarorrmiquesurias.]
1539 2793 1620 2819 Liber
1630 2794 1805 2827 (jujacfielere
1813 2797 1903 2830 quixmj
1911 2798 2000 2827 finiat.
2015 2805 2090 2826 vocat

1127 2828 1388 2861 fiat-iassrelcralofum,
1400 2827 1460 2862 quia
1469 2827 1600 2855 destinata:
1611 2829 1668 2856 sunt
1679 2829 1782 2861 idco‚ut
1791 2827 2049 2865 crucientfitlerator.

1168 2863 1195 2887 6.
1214 2865 1333 2888 Libertate
1343 2872 1413 2896 quam
1426 2872 1467 2887 vos
1477 2865 1527 2893 glyc.
1538 2866 1582 2890 hac
1589 2866 1651 2899 ille]
1664 2866 1765 2899 Ciijam'i
1778 2866 1844 2893 liber
1856 2887 1863 2898 ‚
1875 2870 2005 2894 libertatem
2014 2879 2086 2903 quam

1112 2912 1113 2916 ι
1131 2907 1174 2923 vos
1184 2899 1234 2928 &c-
1244 2900 1306 2923 lianc
1314 2898 1433 2933 mequod
1445 2899 1529 2934 placet
1538 2900 1745 2933 Gulidmiomec
1754 2901 1904 2939 displicebat
1914 2904 1992 2930 etiam
2005 2906 2089 2931 Lam-

1134 2933 1207 2959 bino.
1221 2934 1256 2959 cst
1266 2943 1370 2968 quoquc
1382 2933 1406 2959 in
1421 2934 1475 2959 Pal.
1488 2934 1536 2960 sec.
1545 2938 1674 2962 libertatem
1682 2947 1753 2971 qnam
1762 2938 1812 2968 &⁶-
1822 2941 1866 2965 hac
1875 2948 1928 2966 vos.
1940 2940 2010 2976 quod
2022 2941 2088 2969 milii

1133 2968 1291 3004 potissiniuin
1304 2969 1438 2995 sitissacit.
1456 2972 1530 2996 Aburi·
1538 2971 1595 2997 heic
1604 2972 1640 2998 est
1651 2973 1747 3009 largius
1758 2977 1804 3000 mi.

1169 3013 1195 3038 7.
1219 3006 1368 3038 Fbrmnilquc
1377 3006 1482 3030 ornm‘bm
1495 3009 1686 3043 pertimescunt]
1706 3009 1800 3036 Manet
1811 3010 1972 3038 Gulielmius
1984 3031 1992 3043 ,
2005 3013 2088 3045 firman
2124 3036 2126 3038 ,

180 3044 193 3071 3
201 3057 206 3062 .
225 3038 291 3068 Qod
297 3039 465 3070 obprmiuma
475 3039 607 3072 deseruerat
616 3042 741 3066 exercitum
747 3059 761 3070 ‚‚
770 3040 836 3074 &ej
849 3038 951 3070 Cuiacii
965 3039 1030 3066 liber
1041 3050 1091 3066 non
1132 3042 1212 3073 niJc‘Jnc
1230 3042 1394 3065 commumhm.
1416 3040 1500 3076 licque
1511 3041 1566 3068 fere
1578 3043 1620 3079 loq
1627 3045 1699 3070 uitur
1710 3045 1795 3071 noster
1807 3065 1815 3075 ,
1835 3046 1904 3072 infra
1922 3056 1977 3083 cap.
1987 3048 2032 3079 46.
2044 3056 2087 3083 pr.

143 3070 247 3098 admisit
258 3081 345 3099 vocem
355 3076 472 3099 exercitur
483 3093 491 3105 ‚
509 3074 578 3109 quod
591 3076 675 3108 rejicit
685 3074 792 3111 quidem
802 3075 948 3102 Lambinus
959 3095 968 3107 ,
988 3075 1029 3103 sed
1041 3086 1092 3102 ιιοιι

140 3105 302 3136 Gulielmius
315 3127 322 3140 ‚
333 3116 362 3134 ut
373 3108 585 3145 lubiiitelligatui·
595 3112 692 3143 elsiffi'm.
1111 3096 1115 3128 l

1111 3129 1116 3178 l
1135 3146 1167 3174 de
1177 3156 1305 3183 pecuniis.

174 3147 206 3175 4-
226 3145 281 3170 Cum
291 3151 411 3173 commeatu
419 3147 535 3180 &racafis
543 3147 680 3183 manserit-2]
701 3147 744 3176 Est
758 3147 774 3177 a
796 3146 878 3176 veteri
899 3146 969 3175 libro
980 3147 1095 3177 Hotom.

1134 3084 1249 3101 ceterum
1262 3076 1348 3110 inepte
1361 3075 1400 3102 illi
1411 3077 1454 3112 qui
1467 3077 1522 3103 lieic
1533 3086 1635 3105 tentant
1646 3080 1711 3105 illud
1728 3083 1839 3113 pertensis
1852 3090 1954 3109 mutare
1974 3092 1999 3109 iii
2016 3090 2088 3114 pem-

1135 3115 1189 3136 m‘u.
1208 3110 1424 3150 pertimescebant
1433 3112 1503 3141 enini
1513 3115 1593 3143 Siculi
1605 3116 1688 3151 magis
1698 3115 1731 3144 de
1742 3118 1796 3147 vita
1807 3117 1834 3144 ἔτ
1843 3116 1967 3157 sanguine
1979 3137 1987 3152 ,
2007 3127 2087 3153 quain

1609 3187 1627 3214 S
1645 3185 1663 3214 s
1998 3190 2090 3216 mcum
