2337 3400
145 547 180 581 31

204 153 297 202 990
621 125 1123 173 M.Tut„r..11

206 217 285 245 lebat
300 225 304 242 τ
332 213 365 243 Si
385 210 455 240 reste
467 207 596 248 conr.'nfit
605 218 614 233 ··
636 215 719 236 teneo.
738 205 782 246 fi¹³
791 205 894 234 vitiose·
903 215 914 231 .·
938 208 947 223 ³
962 203 1072 232 minam
1082 201 1159 232 Dio-

201 266 279 298 genes
300 255 397 283 reddet.
421 253 456 281 :ib
469 259 597 281 coenim
611 251 712 279 Stoico
724 247 908 278 drab-&icam
921 246 1071 277 didicerat.
1095 246 1158 274 haec

204 307 302 328 autem
324 303 435 324 merces
450 288 757 322 erardialecticorum.
782 292 795 308 ²
810 289 913 329 sequior
924 290 1013 328 igitur
1023 297 1072 316 eas
1083 287 1156 319 vias,

202 337 373 377 qziistlidici
389 335 425 364 ab
436 334 606 363 Antiocho:
626 341 680 361 nec
691 333 824 372 reperio,
845 328 1156 370 qiiomodojudicem‚

203 380 234 409 S!
246 386 318 406 ruit-r
330 397 338 410 ‚
357 377 428 404 lucer
439 395 446 408 ‚
471 384 575 404 verum
587 373 662 405 esst,
686 373 725 403 ob
735 382 799 402 eam
812 372 925 402 caulam
939 391 948 404 ,
968 370 1051 411 quod
1063 372 1101 400 ita
1112 369 1158 399 di-

204 421 262 449 dici
277 418 292 452 ,'
305 428 395 449 omne,
411 416 584 457 quodipsum
595 415 664 455 cxli?
677 414 872 454 connexumfit
884 433 892 447 ,
906 422 1005 442 verum
1016 411 1063 450 ff
1072 422 1083 438 :
1094 420 1158 441 non

201 461 334 501 judicem
348 480 355 492 ,
374 460 411 488 Si·
425 467 546 487 mentiris
558 478 566 491 ,
587 465 728 486 mentiris:
749 456 856 485 eodem
871 456 966 485 modo
975 453 1034 484 esse
1043 463 1160 484 conne-

206 511 291 532 xum.
315 505 376 531 Aut
388 505 474 541 igitur
487 501 561 533 lioc,
579 499 712 530 &illui-
734 506 782 528 aut
794 497 847 527 nisi
859 498 933 530 boc,
955 506 994 527 ne
1006 495 1082 526 illud
1093 496 1159 536 qui-

206 544 275 573 dem
288 543 428 579 iudicabo
462 541 528 573 Sed,
541 551 572 572 ut
583 542 704 572 omneis
714 540 786 570 istos
794 540 912 569 aculeos
923 558 931 571 3
945 539 978 569 &
988 547 1086 569 totum
1099 546 1160 567 toi·-

207 586 327 615 tuosum
350 594 444 624 genus
461 583 629 623 disputandi
650 591 854 622 rcnnqiiamus
867 601 876 615 ‚
897 579 1157 620 ostendamusque,

204 629 258 668 qui
270 625 378 656 simus:
398 628 456 664 jam
470 645 478 659 ,
502 627 716 665 expiicatatori
730 623 888 654 Carneadis
897 623 1042 653 sententia
1052 623 1159 651 Antio—

204 670 255 700 chi
275 668 326 698 ista
340 677 482 698 corruent
495 667 642 697 universa.
667 668 732 696 Nec
743 665 815 696 veio
825 666 988 706 quidquam
1002 666 1040 694 ita
1050 664 1159 695 dicam,

205 720 237 740 ut
246 710 401 750 quisquam
413 708 526 749 idfingi'
539 709 698 749 suspicetur
712 732 716 737 .
728 708 743 738 a
755 708 945 738 Clitomacho
960 707 1076 737 sumam
1091 707 1161 745 ,qui

205 753 296 792 usque
315 752 349 782 :id
364 752 546 781 senectutem
564 761 626 781 :um
640 749 788 780 Carneade
798 748 856 779 fuit
868 769 877 782 ,
899 750 992 778 horno
1005 748 1036 777 &
1046 756 1162 779 acutus,

205 803 239 823 iit
251 798 357 824 Poenus
368 813 375 826 ,
387 793 419 822 ὃ(
430 793 514 823 valde
525 792 673 823 studiosus
683 811 690 824 ,
703 802 734 821 ac
744 791 882 832 diligens.
907 790 939 820 δε
950 798 1089 831 quattuor
1099 790 1162 827 ejus

205 837 274 865 libri
295 836 362 864 sunt
379 835 416 865 de
436 834 619 865 sustinendis
639 832 862 863 aslenfionibus.
887 833 947 862 haec
957 841 1056 861 autem
1071 851 1080 864 ,
1097 840 1161 870 quae

203 878 264 917 jam
275 876 371 907 dicam
384 896 392 910 ,
417 877 484 908 sunt
494 877 590 907 sumta
602 876 637 906 de
649 877 760 915 primo.
784 876 857 904 Duo
867 871 1026 914 placetefl'e
1040 875 1163 902 Caroea·
1180 882 1182 890 1

203 919 234 948 di
245 928 351 959 genera
362 918 507 949 visorum:
521 922 625 948 inuno
639 919 714 947 lianc
723 915 906 946 divisionem
918 935 926 949 ,
938 915 1019 943 -Ali'a
1031 915 1092 954 Wfi‘
1102 912 1162 950 effi’,

203 971 262 1002 qus
278 962 382 1001 percipi
396 959 513 1000 poffiiit:
537 970 596 988 aaa
618 969 677 1004 9¹⁴1*
696 969 747 986 non
765 957 880 998 poffint:
899 960 931 987 in
949 957 1162 989 altercantem,

203 1006 285 1031 ,Aua
301 1004 364 1042 infit
383 1002 430 1040 effe
438 1001 595 1043 probabilia
607 1021 615 1035 ,
635 1010 695 1029 aria
706 1010 755 1029 non
765 998 933 1041 probabilia.
958 1001 1055 1039 itaque
1071 1018 1079 1031 ‚
1090 1007 1164 1038 ,quae
1180 1009 1184 1026 i

204 1053 305 1074 contra
322 1045 419 1074 sensus
430 1064 438 1077 ‚
458 1052 619 1083 contraque
629 1042 866 1082 perspicuitatem
879 1041 1032 1073 dicantur,
1053 1049 1085 1070 ea
1098 1049 1162 1080 per—

204 1087 299 1116 tinere
311 1086 346 1115 ad
359 1086 538 1126 superiorem
550 1083 731 1114 divisionem
745 1094 750 1112 z
763 1091 867 1114 contra
875 1082 1072 1123 posteriorem
1085 1080 1163 1111 nihil

205 1127 266 1157 dici
283 1135 428 1167 oportere.
453 1136 540 1167 quare
561 1127 741 1166 itaplacere,
766 1126 821 1156 tale
839 1126 939 1156 visum
958 1125 1077 1154 nullum
1093 1121 1161 1155 effe,

203 1170 396 1209 utperccptio
405 1169 652 1209 consequeretur:
674 1165 1097 1207 utauterr‘rprobatio,multa.
1121 1171 1164 1193 et—

205 1220 289 1240 enim
301 1218 396 1240 contra
405 1218 538 1240 naturam
548 1208 642 1247 offensi
652 1209 804 1250 probabile
818 1208 896 1239 nihil
907 1206 986 1238 effer.
1000 1207 1032 1237 &
1045 1210 1057 1233 3
1067 1207 1162 1246 sequi—

205 1261 251 1282 tur
276 1255 379 1282 omnis
401 1255 469 1283 virae
478 1262 510 1282 ea
523 1273 531 1285 ,
550 1261 637 1292 quam
650 1261 700 1285 tu,
722 1251 866 1284 Luculle,
890 1249 1164 1281 commemorabas,

203 1293 325 1324 eversio.
349 1296 447 1336 iraque
468 1295 500 1324 Sc
516 1292 646 1324 sensibus
663 1292 813 1333 probanda
823 1292 917 1322 multa
927 1291 1011 1321 sunt:
1030 1299 1165 1320 teneatur

204 1335 301 1366 modo
313 1336 386 1366 illud
399 1357 407 1369 ,
431 1346 494 1366 non
518 1334 609 1366 inesse
620 1337 650 1365 in
668 1337 712 1365 his
722 1334 887 1375 quidquam
901 1334 958 1363 tale
973 1353 981 1366 ‚
1002 1333 1088 1374 quale
1098 1341 1162 1362 non

204 1380 293 1408 etiam
305 1377 414 1408 falsum
426 1378 504 1408 nihil
514 1377 550 1408 ab
559 1387 596 1408 eo
606 1375 748 1408 differens
758 1375 815 1406 ess'e
825 1374 919 1416 poslit.
945 1373 982 1405 sic
994 1395 1003 1409 ,
1016 1373 1164 1415 quidquid

205 1420 344 1450 acciderit
357 1420 451 1460 specie
460 1419 615 1460 probabile
626 1439 634 1453 ‚
656 1418 676 1449 si
686 1420 764 1448 nihil
776 1419 803 1449 se
816 1416 920 1448 offeret
933 1437 941 1450 ,
961 1417 1043 1458 quod
1052 1415 1086 1446 fit
1096 1425 1164 1456 pro-

208 1461 354 1491 babilitati
374 1462 418 1491 illi
430 1463 612 1492 contrarium
627 1481 636 1494 ‚
663 1469 764 1491 utetur
773 1469 810 1490 eo
821 1460 935 1500 sapiens
949 1470 954 1488 :
971 1469 1004 1489 ac
1015 1457 1052 1488 fic
1060 1458 1165 1488 omnis

204 1503 282 1533 ratio
297 1505 365 1533 vitae
383 1503 606 1544 gubernabitur.
628 1505 742 1532 etenim
762 1502 788 1532 is
806 1511 947 1542 quoque,
967 1503 1020 1541 qui
1043 1500 1058 1530 a
1077 1499 1166 1530 vobis

200 1545 312 1584 fiipiens
324 1544 476 1574 inducitur
487 1564 495 1578 ,
511 1545 604 1574 multa
615 1545 744 1584 sequitui·
753 1543 920 1582 probabilia
929 1562 937 1576 ‚
951 1552 1014 1572 non
1026 1551 1165 1581 compre-

206 1586 298 1615 hensa
309 1605 318 1618 ‚
330 1595 425 1626 neque
435 1594 570 1626 percepta
580 1605 587 1619 ,
601 1595 696 1625 neque
705 1584 783 1616 afferi
789 1585 814 1615 sa
823 1606 831 1618 ,
843 1583 1005 1624 sedfimi'lia
1015 1584 1088 1612 veri:
1098 1592 1163 1623 quae

207 1625 263 1657 nifi
272 1627 397 1667 probet,
410 1637 512 1657 omnis
524 1629 580 1657 vita
591 1627 720 1657 tollatur.
745 1627 826 1664 Quid
837 1628 920 1656 enim
938 1625 1164 1656 ?c0ni'‘cendens

209 1678 317 1699 navem
331 1669 446 1708 sapiens
457 1688 466 1703 ,
484 1679 559 1698 nuni
570 1669 823 1709 comprehensum
835 1669 940 1698 animo
949 1667 1037 1698 habet
1052 1687 1060 1700 .
1080 1675 1166 1707 atque

207 1719 380 1751 perceptum
392 1730 400 1743 ,
420 1711 448 1740 se
471 1720 508 1740 ex
522 1711 665 1740 sententia
674 1712 905 1752 navigaturum?
923 1708 1100 1750 quipotest?
1118 1708 1166 1738 sed

209 1751 230 1781 si
239 1753 300 1791 jani
313 1761 350 1781 ex
361 1752 419 1782 hoc
431 1752 500 1782 loco
508 1751 710 1792 proficiscatur
719 1752 859 1783 Puteolos
872 1750 961 1782 stadia
973 1753 1168 1792 ti·iginta,pro-

209 1792 242 1822 bo
265 1794 382 1833 navigio
395 1813 403 1827 ‚
424 1792 489 1823 bono
507 1794 721 1835 gubernatore,
741 1794 795 1823 hac
806 1794 1036 1833 tranquillitate:
1060 1792 1168 1832 proba-

209 1835 270 1865 bile
289 1836 439 1868 videatur,
460 1836 572 1866 seilluc
586 1844 746 1869 venturum
758 1833 815 1865 ess'e
825 1834 954 1865 salvum.
978 1833 1165 1873 Hujusmodi

207 1878 299 1918 igitur
308 1875 375 1906 vifis
383 1875 505 1907 consilia
512 1879 606 1917 capiet
617 1878 649 1907 &
659 1876 777 1918 agendi,
790 1876 822 1906 &
833 1886 896 1906 non
908 1875 1022 1916 agendi:
1033 1875 1163 1905 facilior—

206 1928 266 1958 que
287 1920 360 1952 erit,
382 1928 415 1948 ut
435 1919 532 1949 albam
547 1917 605 1949 effe
617 1921 719 1948 nivem
733 1918 855 1958 probet,
873 1918 964 1958 quam
976 1926 1035 1947 erat
1046 1920 1165 1947 Anaxa-

206 1969 309 2001 goras:
329 1962 381 2001 qui
400 1961 430 1990 id
451 1971 515 1991 non
535 1960 631 1990 modo
649 1962 686 1990 ita
706 1959 762 1990 effe
781 1961 923 2000 negabat,
945 1959 994 1990 sed
1005 1957 1078 1993 fibi,
1098 1961 1167 2000 quia

208 2003 294 2032 sciret
303 2011 409 2042 aquam
421 2004 536 2044 nigram
550 2000 610 2032 ess’c
621 2022 629 2036 ,
639 2006 656 2028 4
667 2002 745 2032 unde
758 2002 808 2032 illa
819 2010 956 2032 concreta
965 1999 1036 2031 ess'et
1048 2021 1057 2034 ,
1067 2001 1163 2031 albam

207 2043 300 2084 ipsam
326 2042 384 2074 effe
404 2055 442 2074 ne
465 2045 559 2074 videri
578 2043 713 2085 quidem.
737 2044 770 2074 δε
786 2053 983 2084 quaecumque
994 2053 1037 2073 res
1048 2053 1118 2073 eum
1130 2041 1167 2073 fic

208 2088 349 2126 attinget,
370 2095 402 2116 ut
421 2085 453 2116 sit
468 2086 565 2116 visum
576 2085 651 2115 iilud
663 2086 816 2126 probabile
827 2106 835 2120 ,
850 2096 945 2126 neque
957 2085 1016 2115 ulla
1028 2095 1058 2115 re
1068 2087 1165 2125 impe-

207 2128 327 2157 ditum:
348 2128 530 2158 movebitur.
564 2137 628 2158 non
646 2130 730 2158 enim
750 2127 792 2158 est
812 2127 906 2168 e‘fizxo
920 2127 1066 2167 ftulptus,
1089 2130 1166 2156 5aut

209 2167 322 2198 erobore
337 2169 456 2198 dolatus.
481 2170 567 2200 habet
590 2178 716 2210 corpu53
739 2170 829 2200 habet
847 2172 1006 2200 animum:
1026 2178 1168 2199 movetur

209 2219 483 2245 mente-,movetur
494 2211 636 2241 sensibus:
664 2221 694 2242 ut
706 2213 838 2242 eimulta
847 2221 915 2242 vera
926 2211 1090 2242 videantur.
1115 2221 1169 2241 ne-

207 2261 266 2293 que
287 2261 388 2282 tamen
407 2253 511 2283 habere
532 2252 676 2295 insgnem
690 2254 740 2283 illa
752 2273 760 2287 ,
781 2254 974 2294 &propriam
984 2253 1169 2293 percipiendi

208 2303 330 2324 notam:
346 2305 439 2335 eoque
453 2295 612 2334 sapientem
626 2305 688 2325 non
698 2291 844 2329 assentiri,
857 2297 926 2336 quia
935 2294 1022 2335 poffit
1030 2295 1164 2335 ejusdem

208 2336 296 2366 modi
317 2335 453 2366 exsistere
470 2337 577 2366 falsum
601 2337 721 2377 aliquod
744 2358 752 2370 ‚
782 2338 952 2377 cujusmodi
973 2339 1029 2367 hoc
1048 2346 1165 2367 verum.

208 2387 306 2418 neque
319 2388 374 2408 nos
384 2388 487 2408 contra
500 2379 599 2408 sensus
609 2379 693 2408 aliter
703 2379 845 2412 dicimus,
856 2389 888 2408 ac
900 2380 1002 2409 Stoici.
1024 2380 1076 2419 qui
1086 2379 1168 2408 mul-

210 2429 236 2450 ta
253 2420 324 2450 ialsa
340 2418 397 2450 esse
421 2420 526 2450 dicunt
538 2440 546 2453 ,
567 2421 716 2464 longeque
725 2422 809 2450 :iliter
819 2421 846 2450 se
856 2420 980 2453 habere,
1001 2430 1032 2450 ac
1042 2419 1172 2449 sensibus

211 2461 375 2492 videantur.
400 2464 470 2492 Hoc
488 2471 586 2492 autem
613 2463 633 2491 li
653 2465 691 2492 ita
708 2461 759 2495 fit,
781 2471 917 2492 utunum
930 2461 1026 2492 modo
1037 2460 1166 2492 sensibus

209 2503 316 2533 falsum
334 2504 487 2534 videatur:
511 2503 617 2544 praesto
639 2503 700 2537 est,
720 2506 770 2544 qui
794 2513 899 2544 neget,
924 2513 985 2533 rem
999 2503 1090 2532 ullam
1102 2513 1167 2542 per-

209 2548 267 2586 cipi
287 2545 370 2586 posse
385 2544 524 2576 sensibus.
548 2548 606 2580 ita,
626 2546 717 2576 nobis
735 2546 903 2577 tacentibus
924 2555 961 2575 ex
973 2555 1035 2575 uno
1048 2546 1168 2585 Epicuri

249 2660 271 2676 i.
293 2654 388 2677 Minam
396 2654 503 2684 Diogenes
514 2652 617 2685 redden]
642 2652 683 2678 1„st
693 2652 725 2677 ab
736 2650 835 2677 Aldina
847 2652 929 2677 reteri
943 2671 951 2683 ‚
962 2653 988 2677 ὃ(
1003 2650 1169 2683 Victoriana,

211 2686 237 2711 S:
251 2686 333 2713 tribus
345 2688 449 2713 nostris.
469 2688 527 2713 aiiae
538 2687 597 2713 edd.
613 2688 705 2713 reddat.

247 2731 274 2747 2.
296 2724 486 2757 Sequorigi'tirr.]
509 2724 722 2758 Viiigatisbquar.
742 2723 784 2749 sed
796 2723 911 2750 alterum
921 2724 956 2750 est
969 2725 983 2750 :i
996 2722 1118 2750 Visiono
1130 2742 1138 2755 ,
1153 2724 1168 2749 a

218 2757 273 2783 l‘al.
285 2758 333 2783 sec.
348 2759 373 2784 St
387 2762 412 2784 ὅ,
426 2759 542 2785 Υἰὲὶοιῆε
557 2760 715 2796 exemplari.

251 2801 275 2822 a.
296 2798 405 2827 Sequitur
422 2796 492 2820 omnis
511 2799 566 2821 vite
585 2804 612 2820 ea
626 2815 633 2826 ‚
651 2795 717 2829 [152]
739 2796 815 2822 Niliil
838 2796 939 2822 variant
958 2795 1015 2822 mis.
1036 2795 1082 2822 nisi
1097 2794 1168 2831 quod

212 2827 240 2852 S.
255 2828 369 2855 Vitstoris
388 2839 441 2855 ‘wer
451 2840 527 2857 ionem.
553 2832 582 2857 P.
595 2832 729 2858 Manutius
749 2831 832 2858 edidit
844 2851 851 2863 ,
866 2834 975 2866 sequitur
987 2834 1057 2858 enim.
1078 2832 1109 2857 P.
1121 2832 1168 2858 Vi-

212 2861 312 2902 &orius
324 2866 488 2900 interpunxit
499 2877 504 2892 ε
524 2870 629 2899 probatio
638 2870 712 2893 multa
724 2870 816 2898 sennim
826 2878 846 2893 c.
857 2876 911 2893 nm.
921 2869 972 2898 ὼε.
982 2869 1033 2900 effe!
1056 2868 1168 2901 [τομίων

211 2907 292 2937 omniq.
316 2909 371 2942 viioii
392 2901 529 2928 istisne-it.
558 2902 644 2930 forstn
665 2904 847 2939 reponendum
867 2912 924 2930 crat
944 2923 952 2936 ‚
979 2905 1009 2935 &²
1028 2904 1168 2938 sequeretur

211 2943 294 2965 Omni-5,
305 2944 355 2964 &c-

248 2977 276 3001 4.
293 2971 354 2994 Unde
372 2973 412 2995 illa
430 2981 534 2998 concreta
552 2975 630 3009 affin]
652 2977 692 3001 Ita
703 2983 784 3010 nuper
795 2983 864 3002 natae
873 2974 936 3001 edd.
957 2976 1052 3002 vei-iim
1064 2975 1165 3011 priores

210 3013 317 3045 omnes,
328 3015 463 3038 congregem
475 3026 482 3038 ‚
493 3010 597 3042 quod&
611 3012 636 3037 iii
650 3011 743 3037 nostris
754 3012 839 3038 tribus
850 3012 906 3038 mis.
921 3012 1090 3038 Camerarius
1100 3020 1164 3038 coii-

209 3048 270 3074 jicit
279 3044 406 3073 congdma.

251 3086 277 3109 5.
296 3081 317 3102 E
328 3079 402 3102 robore
417 3078 533 3112 domum]
556 3080 715 3108 Membmnae
727 3090 792 3115 tres,
803 3085 865 3109 ebore
875 3084 978 3114 dolatur,
992 3093 1076 3119 neque
1086 3084 1164 3110 aliter

204 3106 275 3175 ⁴Altdi
286 3121 295 3137 i
303 3120 372 3140 etus.
392 3113 463 3149 quod
475 3113 556 3149 ipsum
564 3115 655 3149 junior
665 3118 760 3152 aliquis
771 3119 926 3146 Ci‘iticastci·
939 3139 946 3153 ,
958 3120 1093 3146 mordicus
1105 3127 1163 3147 tue-

207 3157 235 3175 re
253 3157 292 3176 ur.

1193 126 1729 176 CICERON‘xs

1197 207 1309 246 capite,
1332 206 1424 237 :iltcro
1443 204 1540 237 v‹·stro
1553 227 1562 241 ,
1578 215 1731 249 perceptio,
1761 210 1794 242 &
1814 210 2003 253 comprehensio
2026 204 2157 242 tollitur!

1199 248 1290 289 Quid
1300 247 1342 278 est
1353 257 1439 288 caput
1455 250 1576 287 Epicuri
1587 252 1597 278 ?
1608 250 1628 280 S
1631 251 1640 278 ι’
1651 252 1738 280 uuum
1748 252 1868 294 fimfibus
1880 255 1972 294 visum
1978 253 2085 292 fatficm
2097 253 2152 282 est.-

1198 291 1272 319 misi!
1294 291 1395 332 percipi
1413 288 1515 331 potest.
1538 291 1620 332 quod
1635 291 1786 324 vestrum?
1808 295 1881 324 Sunt
1892 295 2070 335 jasfizseiifiu
2080 296 2155 334 vi'fiz.

1199 332 1279 373 Qiid
1291 333 1433 373 sequitur?
1444 341 1475 362 ut
1486 341 1610 365 taceam,
1620 333 1772 365 conclusio
1783 337 1841 375 ipsa
1851 337 1995 377 loquitur,
2011 339 2079 365 mhil
2088 335 2156 375 post?

1194 375 1305 416 persrpi-
1331 376 1406 404 Non
1415 373 1550 404 concedo
1561 393 1569 408 2
1592 376 1690 415 inquit
1710 394 1718 408 2
1731 379 1870 416 Epicuro.
1892 382 1976 408 Certa
1987 381 2075 420 igitur
2084 388 2155 409 cum

1199 416 1253 445 illo
1266 436 1274 448 ‚
1293 417 1346 457 qui
1367 416 1383 446 a
1414 425 1441 445 te
1460 424 1540 446 totus
1561 416 1693 446 diversus
1706 416 1768 447 est:
1790 419 1986 450 nolimecum
2002 441 2010 454 ,
2034 421 2155 461 quihoc

1197 458 1322 498 quidem
1343 458 1439 489 certe,
1460 456 1522 488 falsi
1532 456 1590 487 effe
1601 458 1715 499 aliquid
1728 460 1759 488 in
1771 458 1900 490 sensibus
1911 481 1918 494 ,
1939 462 1992 492 tibi
2005 462 2156 492 ailentior.

1198 502 1376 540 Quanquam
1389 500 1466 529 nihil
1478 500 1554 529 mihi
1564 508 1622 530 tam
1635 502 1748 530 mirum
1757 501 1876 531 videtur
1886 521 1894 535 ,
1918 504 2007 542 quarn
2021 503 2073 534 ista
2085 504 2158 538 dici,

1199 542 1235 571 ab
1247 542 1400 572 Antiocho
1420 541 1543 582 quidem
1564 542 1701 572 maxime
1725 544 1773 573 cui
1784 552 1867 572 erant
1878 563 1886 576 ‚
1908 553 1974 584 quae
1983 547 2082 584 paullo
2091 547 2158 576 ante.

1180 603 1181 606 ,
1201 582 1264 612 dixi
1280 603 1288 616 ,
1301 581 1462 613 notiffima.
1487 585 1554 613 licet
1567 585 1651 613 enim
1665 584 1726 614 haec
1736 586 1836 625 quivis
1847 586 1985 615 arbitratu
1996 586 2048 616 suo
2059 597 2161 627 repre-

1204 625 1330 659 hendat,
1359 624 1443 665 quod
1461 635 1605 666 negemus
1626 635 1689 655 rem
1709 627 1801 655 ullam
1821 629 1932 666 percipi
1952 626 2053 666 poss'e·‚
2081 629 2159 658 certe

1202 664 1216 685 ⁶
1228 666 1322 697 levior
1343 667 1532 706 reprehensio
1554 666 1604 697 est.
1629 666 1710 708 quod
1721 674 1820 697 tamen
1829 668 1960 698 dicimus
1969 668 2026 698 elli:
2036 669 2160 710 quadam

1197 707 1372 749 probabzi‘i'a3
1394 719 1457 739 vion
1477 709 1595 739 viderur
1611 710 1667 739 hoc
1685 710 1751 739 satis
1769 708 1827 739 esse
1849 710 1948 740 vobis.
1971 720 2008 740 ne
2030 712 2072 741 iit.
2111 712 2162 742 iila

1200 752 1278 780 certe
1297 751 1440 781 debemus
1449 749 1579 793 effugere
1592 771 1599 784 ‚
1623 760 1688 792 quae
1698 750 1713 781 ᾗ
1723 761 1750 781 te
1761 753 1807 780 vel
1818 752 1952 782 maxime
1967 762 2069 794 agitata
2081 752 2156 782 sunt.

1179 779 1182 826 i
1203 792 1279 821 nihil
1301 795 1391 833 igitur
1400 795 1519 823 cernis?
1541 793 1642 823 nihil?
1661 793 1745 822 audis
1755 793 1833 823 nihil
1844 794 1898 823 tibi
1909 794 1951 824 est
1962 795 2162 834 perspicuum?

1204 835 1358 874 Explicavi
1369 835 1468 875 paullo
1479 834 1547 865 ante
1557 855 1566 868 ,
1581 835 1774 865 Clitomacho
1783 834 1903 865 ειυὸὶοτε
1915 856 1923 868 ,
1935 845 1995 876 qno
2008 835 2163 866 modoista

1203 877 1365 907 Carneades
1390 877 1511 907 diceret.
1548 878 1648 917 accipe
1665 877 1927 917 quemadmodum
1946 887 1978 907 ea
1993 877 2129 908 dicantur
2146 878 2163 907 a

1180 949 1183 958 s
1204 919 1403 951 Clitomacho,
1417 920 1448 948 in
1460 928 1496 948 eo
1507 918 1584 948 libro
1596 938 1604 951 ‚
1616 928 1706 959 quem
1717 918 1751 948 ad
1762 922 1793 949 C.
1807 920 1960 950 Lucilium
1971 919 2080 959 scripsit
2090 919 2162 959 po'e-

1205 969 1263 992 tam
1277 980 1285 993 ,
1308 960 1380 990 cum
1403 959 1553 1000 scripsisset
1577 961 1681 990 iisdem
1706 961 1742 990 de
1753 961 1841 991 rebus
1852 962 1886 991 ad
1897 963 1933 991 L.
1946 962 2160 994 Censorinum,

1203 1012 1272 1032 eum
1286 1022 1293 1035 ,
1314 1000 1369 1042 qui
1384 1003 1570 1032 consulcum
1593 1004 1638 1031 M.
1654 1003 1783 1032 Manilio
1803 1001 1869 1033 fuit.
1893 1001 2004 1043 scripsit
2014 1006 2103 1042 ignor
2113 1003 2162 1032 his

1201 1042 1263 1074 fere
1282 1044 1389 1074 verbis.
1414 1044 1481 1074 sunt
1491 1046 1575 1073 enim
1586 1045 1663 1073 mihi
1675 1052 1744 1074 nota
1759 1064 1766 1077 ‚
1787 1053 1938 1085 propterea
1958 1043 2039 1085 quod
2057 1054 2160 1074 cirum

1203 1087 1332 1126 ipsarum
1350 1095 1450 1115 rerum
1464 1105 1471 1117 ‚
1494 1085 1531 1115 de
1549 1084 1657 1125 quibus
1673 1088 1789 1124 agimus
1804 1105 1812 1119 ,
1832 1086 2102 1126 pi·imainstitu-.io,
2125 1087 2160 1116 &

1204 1127 1282 1168 quasi
1298 1127 1458 1167 disciplina
1473 1127 1527 1155 illo
1541 1127 1618 1156 libro
1631 1130 1803 1157 continetur
1813 1146 1822 1160 ,
1839 1128 1887 1158 sed
1898 1129 2039 1168 scriptum
2051 1128 2093 1157 eii
2105 1130 2160 1158 ita:

1203 1178 1417 1200 AcAnizmrcrs
1438 1177 1594 1197 PLACERE
1605 1187 1613 1201 ,
1632 1166 1689 1198 effe
1700 1178 1798 1198 rerum
1814 1169 1963 1209 ejusmodi
1977 1168 2163 1200 dissimilitu-

1202 1211 1287 1242 dines
1300 1230 1308 1243 ‚
1321 1220 1353 1240 ut
1362 1210 1426 1239 aliae
1437 1209 1605 1249 probabiles
1617 1209 1774 1240 videantur
1784 1230 1792 1244 ,
1804 1212 1868 1240 aliae
1879 1212 1981 1240 contra
1993 1220 2000 1240 :
2019 1212 2051 1240 id
2062 1221 2162 1242 autem

1206 1263 1270 1284 non
1286 1250 1344 1282 ess'e
1362 1253 1429 1282 satis
1440 1271 1448 1284 ,
1468 1261 1521 1282 cur
1530 1251 1585 1282 alia
1596 1252 1707 1291 percipi
1717 1250 1799 1292 posse
1810 1253 1889 1282 dicas
1901 1272 1909 1285 ,
1928 1252 1983 1282 alia
1995 1262 2058 1282 non
2071 1252 2164 1292 posse:

1202 1304 1356 1337 propterea
1367 1291 1450 1334 qubd
1461 1293 1556 1324 multa
1565 1292 1635 1323 falsa
1643 1293 1809 1333 probabilia
1820 1293 1890 1324 sint:
1902 1294 1980 1324 nihii
1991 1304 2026 1324 au
2032 1303 2090 1324 tem
2101 1293 2165 1324 falfi

1203 1345 1375 1378 perceptum
1386 1356 1396 1369 ‚
1412 1335 1609 1377 &cognitum
1619 1334 1705 1375 poffit
1715 1334 1782 1366 effe.
1808 1338 1908 1377 Itaque
1916 1337 1957 1366 ait
1966 1337 2164 1366 vehementer

1205 1389 1296 1410 errare
1309 1388 1360 1408 eos
1371 1398 1380 1412 ,
1394 1379 1445 1418 qui
1456 1377 1576 1411 dicant,
1589 1377 1624 1408 ab
1636 1378 1796 1408 Academia
1808 1379 1907 1418 sensus
1917 1380 1991 1418 eripi
2005 1397 2013 1412 ,
2033 1377 2164 1419 aquibus

1205 1430 1374 1462 numquam
1386 1419 1503 1450 distum
1514 1418 1547 1449 sit
1559 1439 1567 1452 ‚
1587 1427 1636 1449 aut
1646 1419 1781 1450 colorem
1792 1440 1800 1454 ,
1823 1429 1873 1450 aut
1883 1420 2015 1459 saporem
2027 1439 2035 1454 ,
2057 1429 2106 1450 aut
2116 1420 2167 1450 so-

1209 1473 1283 1494 num
1294 1462 1414 1492 nullum
1425 1460 1495 1491 esse.
1518 1460 1597 1491 illud
1616 1459 1649 1490 sit
1664 1460 1847 1501 disputatum
1859 1481 1868 1495 ‚
1890 1471 1955 1491 non
1965 1460 2058 1491 iness'e
2071 1464 2102 1492 in
2118 1462 2165 1491 his

1203 1505 1355 1545 propriam
1369 1523 1377 1537 ,
1396 1513 1462 1544 quae
1480 1503 1543 1533 nus
1557 1512 1626 1532 uam
1643 1503 1716 1532 alibi
1734 1502 1824 1537 effer,
1842 1503 1949 1534 veri&
1961 1505 2032 1533 certi
2047 1512 2160 1534 notam-

1206 1549 1280 1577 Ouae
1299 1545 1371 1576 cum
1389 1545 1518 1585 exposui
1544 1553 1592 1578 et,
1612 1544 1767 1586 adjungit,
1790 1554 2006 1575 numici-risa
2023 1555 2099 1575 mcx
2119 1545 2164 1576 as—

1205 1576 1306 1619 sffisiis
1321 1585 1462 1617 sustinere
1474 1586 1636 1626 sapientem
1647 1596 1655 1616 ;
1665 1596 1727 1616 uno
1739 1586 1833 1617 modo
1845 1607 1853 1620 ,
1866 1586 1937 1617 cum
1949 1588 2004 1616 hoc
2015 1587 2165 1628 intelliga-

1206 1639 1252 1661 tur
1263 1650 1272 1664 ‚
1292 1630 1424 1659 omnino
1436 1638 1507 1658 eum
1520 1629 1561 1658 rei
1575 1629 1650 1658 nulli
1660 1626 1810 1659 affentiri:
1828 1629 1921 1659 altero
1931 1648 1940 1662 ,
1961 1626 2032 1658 cum
2048 1630 2074 1660 se
2088 1629 2104 1659 ὲ
2118 1639 2163 1658 re-

1205 1670 1382 1712 spondendo
1395 1690 1405 1704 ,
1424 1674 1479 1700 7ut
1490 1679 1540 1701 aut
1551 1670 1694 1710 approbet
1705 1670 1777 1712 quid
1789 1690 1798 1704 ‚
1818 1680 1867 1701 aut
1881 1670 2031 1710 improbet
2047 1691 2055 1704 ‚
2075 1669 2163 1701 susti-

1207 1723 1292 1747 neat,
1313 1721 1346 1743 ut
1364 1722 1462 1753 neque
1480 1720 1567 1753 neget
1585 1712 1697 1753 aliquid
1710 1731 1718 1745 ‚
1737 1722 1835 1753 neque
1846 1713 1911 1752 ajat.
1936 1712 1968 1741 Id
1980 1710 2051 1742 cum
2062 1715 2102 1743 ita
2112 1711 2164 1743 sit:

1205 1756 1330 1786 alterum
1342 1753 1455 1794 placere
1470 1773 1479 1787 ,
1493 1762 1525 1783 ut
1535 1762 1702 1794 numquam
1714 1752 1898 1784 assentiatur:
1912 1753 2038 1784 alterum
2050 1763 2162 1788 tenere,

1205 1805 1238 1826 ut
1251 1796 1375 1836 sequens
1388 1795 1628 1835 probabilitatem
1641 1815 1650 1828 ,
1671 1794 1855 1836 ubicumque
1874 1795 1936 1825 haec
1954 1803 2004 1824 aut
2022 1805 2165 1830 occurrat,

1205 1847 1254 1868 aut
1264 1835 1383 1867 deficiat
1393 1848 1402 1871 3
1415 1846 1464 1867 aut
1473 1837 1562 1866 eriam
1571 1845 1623 1866 aut
1633 1848 1696 1872 non,
1707 1837 1886 1877 respondere
1896 1835 1995 1877 possit:
2014 1833 2028 1856 8
2038 1847 2094 1867 nec
2103 1858 2112 1870 ,
2131 1847 2164 1868 ut

1205 1880 1316 1920 placeat
1325 1899 1334 1912 ‚
1350 1888 1421 1908 eum
1434 1898 1442 1912 ,
1458 1880 1510 1920 qui
1521 1878 1557 1909 de
1568 1888 1619 1908 orn
1627 1879 1715 1909 nibus
1726 1880 1812 1909 rebus
1824 1887 1977 1909 contineat
1988 1879 2017 1910 se
2027 1879 2062 1910 ab
2071 1878 2168 1909 afferi-

1207 1921 1312 1952 tiendo
1321 1941 1329 1954 ‚
1343 1923 1460 1953 moveri
1471 1930 1572 1951 tamen
1587 1921 1637 1955 ,&
1646 1930 1728 1962 agei-e
1738 1920 1852 1962 aliquid
1862 1941 1870 1954 ,
1882 1920 2003 1961 reliquit
2012 1921 2164 1962 ejusmodi

1207 1963 1268 1994 visa
1279 1983 1287 1997 ,
1309 1962 1422 2004 quibus
1432 1962 1468 1993 ad
1477 1961 1631 1993 affienem
1641 1965 1770 1993 excitem
1776 1973 1810 1993 ui·
1823 1974 1828 1992 ε
1848 1964 1921 1992 item
1933 1973 1964 1993 ea
1973 1983 1982 1997 ,
1998 1973 2063 2005 quae
2076 1967 2168 1993 inter-

1208 2006 1301 2046 rogati
1315 2007 1348 2034 in
1362 2013 1517 2045 utramque
1528 2013 1642 2045 partem
1654 2005 1834 2046 respondere
1845 2002 2002 2045 poss'umus
2013 2025 2020 2038 ‚
2042 2004 2168 2045 sequen·

1207 2056 1250 2078 tes
1260 2045 1477 2077 tantummodo
1487 2046 1569 2087 quod
1579 2049 1617 2077 ita
1627 2047 1727 2077 visum
1739 2046 1773 2078 sit
1782 2067 1791 2082 ‚
1812 2047 1885 2078 dum
1899 2046 1957 2088 fine
1968 2046 2073 2086 affinsu
2083 2058 2094 2074 .·
2113 2056 2167 2077 ne-

1207 2099 1265 2130 que
1276 2097 1376 2119 tamen
1387 2090 1492 2119 omnia
1507 2092 1524 2115 9
1536 2088 1685 2129 ejusmodi
1700 2090 1760 2119 visa
1770 2088 1925 2130 approbari
1938 2110 1947 2123 ,
1968 2090 2016 2120 sed
2029 2099 2062 2120 ea
2072 2109 2081 2124 ,
2099 2097 2166 2130 quae

1207 2131 1290 2161 nulla
1302 2141 1330 2160 re
1342 2130 1571 2170 impedirentur.
1596 2133 1668 2161 Haec
1685 2129 1706 2160 fi
1724 2131 1813 2161 vobis
1832 2141 1894 2161 non
1908 2132 2070 2171 probamus
2082 2152 2091 2165 ‚
2111 2129 2168 2160 sint

1208 2172 1279 2203 falsa
1291 2171 1359 2202 sane
1373 2183 1379 2202 t
1399 2172 1549 2204 invidiosa
1558 2172 1636 2203 certe
1648 2182 1712 2202 non
1724 2173 1803 2203 sunt.
1827 2183 1890 2203 non
1903 2176 1987 2203 enim
1999 2174 2098 2203 lucem
2109 2173 2168 2202 cri-

1207 2216 1308 2255 pimus
1321 2225 1326 2244 z
1345 2214 1393 2244 sed
1404 2224 1436 2244 ea
1446 2233 1455 2248 ,
1492 2225 1537 2245 uae
1549 2224 1603 2244 vos
1615 2215 1725 2255 percipi
1738 2235 1745 2249 ,
1760 2215 2048 2255 comprehendique,
2062 2213 2167 2244 eadem

1206 2266 1273 2290 nos,
1288 2255 1307 2286 si
1318 2254 1413 2286 modo
1424 2224 1582 2298 prossabi'lia
1593 2254 1648 2286 fint
1658 2276 1666 2290 ,
1686 2256 1779 2288 videri
1790 2257 1932 2288 dicimus.

1211 2297 1338 2328 indui-Cio
1357 2298 1389 2328 &
1406 2297 1570 2335 constituto
1589 2298 1759 2339 probabili,
1781 2299 1862 2329 &eo
1874 2298 1998 2339 quidem
2014 2297 2167 2338 expedito,

1210 2340 1309 2370 soluto
1320 2360 1328 2374 ‚
1340 2340 1438 2370 libero
1450 2360 1458 2374 ,
1471 2341 1555 2371 nulla
1565 2340 1762 2380 reimplicato
1771 2359 1780 2374 ‚
1793 2340 1876 2370 vides
1887 2338 2025 2379 profecto
2035 2360 2043 2373 ,
2056 2339 2171 2369 Lucul—

1212 2382 1240 2411 le
1253 2402 1261 2414 ‚
1280 2380 1376 2421 jacere
1388 2383 1448 2420 jam
1465 2382 1539 2412 illud
1555 2391 1643 2412 tuum
1656 2382 1869 2421 perspicuitatis
1881 2384 2093 2421 patrocinium.
2117 2381 2170 2412 iis-

1212 2423 1282 2453 dem
1292 2425 1376 2453 enim
1388 2425 1437 2453 hic
1446 2424 1561 2464 sapiens
1571 2443 1579 2456 ,
1595 2423 1630 2453 de
1642 2433 1704 2464 quo
1714 2422 1825 2464 loqtiof
1835 2443 1843 2457 ,
1866 2424 1963 2453 oculis
1974 2443 1982 2456 ,
1997 2424 2105 2464 quibus
2116 2422 2170 2453 iste

1210 2463 1306 2494 vester
1319 2466 1427 2495 caelum
1440 2485 1450 2498 ,
1468 2474 1573 2495 terram
1588 2485 1595 2498 ‚
1618 2475 1699 2495 mare
1711 2466 1894 2495 intuebitur:
1918 2465 2022 2495 iisdem
2037 2464 2167 2495 sensibus

1211 2506 1333 2547 reliqua,
1345 2516 1411 2546 quae
1422 2506 1475 2536 sub
1485 2517 1636 2548 quemque
1647 2507 1764 2538 sensum
1776 2507 1895 2541 cadunt,
1908 2507 2022 2537 sentiet.
2048 2511 2073 2527 ¹¹
2087 2509 2168 2536 Mare

1187 2575 1189 2583 ,
1211 2548 1286 2578 illud
1306 2548 1387 2589 quod
1406 2558 1487 2580 nunc
1506 2550 1641 2580 Favonio
1659 2550 1817 2583 nascente,
1837 2558 2022 2589 purpureum
2040 2549 2168 2580 videtur,

2085 2590 2168 2619 idem

1248 2651 1276 2677 6.
1295 2654 1382 2677 Levior
1396 2653 1534 2684 reprehensio
1543 2652 1603 2686 effi]
1625 2652 1669 2678 1³21
1676 2672 1681 2677 .
1693 2652 1741 2678 sec.
1760 2653 1880 2685 nsponfio5
1902 2652 1946 2688 qui
1958 2651 2038 2678 etiam
2048 2659 2111 2678 mox
2123 2651 2169 2677 lia-

1212 2686 1385 2720 bctpmterea,
1396 2697 1446 2724 pro
1454 2698 1508 2723 quo
1520 2687 1584 2714 editi
1590 2695 1724 2722 propterea.

1247 2739 1274 2765 7.
1295 2735 1325 2756 Ut
1334 2739 1377 2757 am
1386 2733 1495 2765 approbet
1504 2732 1587 2765 quis]
1609 2732 1672 2758 Non
1684 2730 1801 2767 :ignoscit
1812 2730 1868 2757 Pal.
1880 2730 1929 2756 icc.
1939 2735 1965 2754 ut
1980 2735 2023 2754 aut
2034 2748 2042 2761 ‚
2052 2729 2079 2755 δι’
2091 2736 2169 2765 pote-

1211 2773 1271 2793 rant
1281 2766 1365 2794 abesse
1376 2767 1442 2794 salva
1453 2767 1581 2794 ferientia
1594 2777 1602 2798 3
1615 2776 1699 2803 neque
1714 2767 1836 2795 videntur
1847 2765 1972 2793 ωιθιονίε.

1246 2809 1274 2836 8.
1296 2814 1344 2836 Nec
1355 2812 1485 2843 mplaceat
1494 2820 1556 2842 eum,
1565 2811 1633 2844 570]
1655 2810 1732 2836 Nihil
1745 2816 1851 2836 iiiutant
1861 2807 1951 2834 nosti-i.
1965 2805 2060 2832 Paulus
2072 2807 2169 2833 Manu-

1209 2846 1261 2872 tius
1273 2846 1358 2872 edidit
1377 2848 1414 2872 hit
1423 2848 1491 2879 utpl.
1514 2846 1637 2873 Lambin.
1655 2855 1712 2872 nam
1722 2846 1874 2877 exemplata-at
1885 2851 1894 2873 3
1916 2844 1977 2868 cum
1997 2844 2069 2878 prius
2081 2844 2168 2870 tauie‘n

1208 2881 1342 2914 edidisset,
1353 2891 1406 2907 cum
1415 2883 1550 2915 idplacerrt.

1243 2934 1272 2957 o.
1295 2926 1413 2959 Ejusmodi
1434 2926 1487 2959 visa
1506 2924 1659 2959 approbari]
1679 2924 1722 2949 Sic
1732 2922 1799 2949 Pau.
1819 2922 1853 2948 P.
1862 2921 2000 2948 Manutius
2011 2921 2115 2950 admisit
2122 2929 2168 2957 ap-

1203 2958 1298 2994 probae,
1310 2962 1372 2993 fide,
1383 2962 1483 2996 iuquit,
1495 2959 1673 2995 manuscripti.

1246 3014 1287 3031 10.
1307 3008 1345 3030 Sic
1352 3008 1425 3038 igitur
1440 3004 1533 3030 indum
1549 3002 1706 3034 &constitutio
1716 3001 1861 3037 probabili]
1886 3001 1950 3026 Haec
1960 3000 1995 3027 est
2008 2999 2090 3027 letstio
2107 3000 2168 3028 viil.—

1206 3049 1269 3076 gata
1280 3061 1288 3070 .
1307 3049 1364 3075 qua:
1374 3042 1400 3066 δι
1413 3040 1439 3065 iii
1452 3038 1552 3064 Aldine
1565 3037 1659 3062 veteri.
1681 3046 1707 3062 ar
1721 3037 1872 3063 Victoriana
1891 3037 1988 3062 milam
1998 3038 2027 3068 (ἔγ
2045 3038 2169 3070 constituta

1201 3079 1347 3112 probabilia,
1359 3073 1428 3110 quod
1439 3075 1466 3100 ὃ(
1478 3073 1504 3099 in
1516 3081 1630 3108 utroque
1643 3072 1686 3098 Pal
1694 3093 1700 3098 .

1249 3129 1288 3145 ιι,
1319 3123 1392 3146 Mare
1400 3118 1460 3143 illud
1465 3117 1527 3151 quod
1532 3126 1596 3142 mmc
1605 3117 1734 3150 Fan-onies]
1757 3118 1796 3143 Ita
1806 3117 1870 3143 trias
1881 3116 1939 3143 mss‘.
1951 3115 2113 3149 nostrorum,
2124 3124 2171 3143 ne-

1210 3164 1261 3191 que
1271 3155 1342 3181 secus
1353 3153 1516 3181 metor-iana.
1533 3152 1593 3180 olim
1603 3162 1694 3181 omncs
1705 3153 1764 3179 tund
1771 3154 1863 3188 quidem
1872 3162 1944 3179 nunc.

2051 3197 2075 3215 i.
2086 3191 2165 3214 Mane

1979 2259 2008 2276 ¹⁰
2019 2259 2066 2287 Sic
2076 2258 2167 2298 igitur
2188 2260 2227 2293 33

2296 3335 2325 3400 ee:

2319 3024 2321 3033 ‘¹
2320 2949 2333 3004 *F*
2324 2869 2337 2923 2⁴22
2336 2840 2337 2845 „
