2302 3353
507 131 577 180 'DE
610 131 1129 185 CLAR.ORA‘1⁴0R.

166 213 278 247 horum
287 210 424 246 medium
433 210 576 254 quiddam
585 209 707 242 volebat
714 210 796 251 sequi
808 220 815 239 ε
834 209 886 241 sed
897 211 937 241 ita
945 211 1075 247 cadebat,
1088 221 1122 244 ut

164 258 239 289 alter
256 267 294 288 ex
310 257 427 287 alterius
445 253 531 284 laude
548 261 662 293 partem
680 272 689 286 ,
713 260 837 293 uterque
855 260 955 283 autem
974 254 1056 284 suam
1074 264 1121 285 to-

166 306 228 330 tam
247 298 374 329 haberet.
415 298 499 326 Tum
518 297 641 328 Brutus,
665 292 745 325 Cum
764 304 805 324 ex
822 302 870 324 tua
887 295 1023 324 oratione
1040 296 1120 325 mihi

164 340 288 373 videor,
310 339 426 379 inquit,
448 336 524 367 bene
534 334 688 370 Crassum,
708 335 916 381 &Scaevolam
931 335 1115 377 cognovisse,

162 389 227 412 tum
237 380 272 410 de
283 388 320 413 te,
340 380 372 410 δε
383 379 418 409 de
428 382 487 410 Ser.
500 378 633 418 Sulpicio
643 379 786 420 cogitans,
798 376 857 408 este
866 377 1016 419 quandam
1026 378 1115 408 vobis

160 432 232 453 cum
241 422 303 451 illis
312 420 542 451 similitudinem
550 419 667 460 judico.
699 421 842 462 Qonam
854 438 863 453 ,
883 421 1026 466 inquam,
1039 418 1114 450 istuc

159 462 254 494 modo
264 465 275 492 ?
296 464 374 504 Qia
383 463 461 492 mihi
471 462 504 492 &
513 470 545 492 tu
554 461 653 493 vdens
663 481 673 496 ‚
693 462 793 503 inquit
802 480 811 495 ,
832 468 947 491 tanturn
954 471 1030 501 juris
1038 463 1114 492 civi-

157 503 196 535 lis
206 505 278 535 scire
287 503 574 545 voluiss'e‚quantum
583 504 652 534 satis
661 502 731 534 esset
739 504 850 533 oratori
860 512 866 532 :
876 503 910 533 &
918 504 1036 534 Servius
1046 504 1113 534 elo—

155 547 287 586 quentiae
296 554 413 577 tantum
422 543 581 576 afl'umsiffe
600 565 609 579 ,
627 553 660 576 ut
673 545 722 585 jus
732 544 819 576 civile
827 542 914 575 facile
924 543 1012 585 poffit
1021 547 1108 575 tueri:

154 588 309 628 aetatesque
319 587 420 618 vestrae
432 607 441 622 ‚
453 588 620 618 utiliorum
629 607 638 621 ,
650 586 730 617 nihil
739 605 749 621 ,
767 594 890 617 autnon
899 585 961 616 fere
971 585 1106 617 multum

87 628 132 675 ’,μ
155 627 306 661 differunt.
329 631 368 660 Et
377 639 433 670 ego
445 648 453 662 ,
464 631 511 658 De
522 638 572 659 me
583 649 591 663 ,
603 630 728 669 inquam
738 647 746 662 ,
759 628 857 658 dicere
866 627 944 657 nihil
954 626 998 657 est
1005 628 1107 658 neces-

152 670 182 700 se
203 680 209 699 :
229 669 265 700 de
274 672 378 701 Servio
388 679 487 701 autern
497 670 572 700 &tu
582 670 675 710 probe
685 669 761 699 dicis
770 687 780 703 ‚
797 668 832 698 δε
849 678 904 709 ego
914 668 1011 699 dicam
1022 669 1103 709 quod

149 711 258 742 sentio.
281 714 313 742 N
316 721 357 742 on
366 714 451 742 enim
461 711 548 743 facile
557 720 648 752 quem
658 710 791 740 dixerim
809 710 875 750 plus
887 708 977 740 studii
988 729 996 744 ,
1011 710 1104 751 quam

148 753 239 783 illurn
251 773 260 788 ,
283 753 316 784 δί
334 754 370 784 ad
387 753 571 787 dicendum,
592 753 626 782 &
642 751 678 782 ad
695 752 816 782 omneis
834 751 982 782 bonarum
1001 761 1102 783 rerum

147 793 318 835 disciplinas
334 793 506 826 adhibuisse.
528 804 599 824 narn
620 793 653 823 &
669 795 702 823 in
711 793 820 823 iisdem
837 793 1101 827 exercitationibus

148 837 272 867 ineunte
282 845 362 868 aetate
373 857 381 871 ,
400 836 514 867 fuimus
521 847 531 869 5
550 834 692 875 &postea
709 834 768 865 una
777 834 924 865 Rhodum
943 835 997 865 ille
1006 837 1096 867 etiam

147 877 298 917 profestus
307 877 367 912 est.
384 888 444 918 quo
455 877 564 907 melior
572 875 644 907 ess'et
653 896 661 910 ,
674 877 707 907 &
717 875 836 907 doffior
846 887 852 906 :
864 877 897 907 δι
907 896 916 910 ,
929 877 1000 908 inde
1010 886 1042 908 ut
1052 887 1098 908 re-

147 919 205 949 diit
225 940 234 953 ,
251 919 367 950 videtui·
383 920 462 948 mihi
478 920 511 948 in
523 918 643 958 [beanda
657 925 719 947 arte
735 920 852 958 primus
869 917 927 949 effe
948 918 1095 954 maluifl‘e,

146 960 238 1000 quam
248 963 279 990 in
297 962 393 1000 prima
403 959 559 990 secunduS.
583 962 679 1000 Atque
689 960 768 990 haud
776 960 857 994 scio,
876 970 912 990 an
922 969 972 1000 par
979 963 1095 1000 princi-

140 1002 232 1041 pibus
249 1000 306 1031 effe
314 1000 454 1041 potuiffet
465 1021 474 1035 ,
494 1000 541 1031 sed
559 1000 676 1032 fortass'e
694 1001 822 1034 maluit,
843 1001 874 1032 id
893 1002 975 1042 quod
985 1001 1028 1032 est
1043 1002 1096 1033 ad-

146 1051 229 1082 eptus
239 1062 247 1076 ,
260 1042 350 1084 longe
359 1045 502 1073 omnium
513 1062 521 1077 ,
533 1052 597 1073 non
606 1042 741 1082 ejusdem
752 1042 848 1073 modo
858 1045 951 1074 aetatis
961 1063 970 1077 ‚
983 1043 1031 1074 sed
1042 1054 1095 1074 eo-

139 1093 208 1114 rum
217 1085 307 1114 etiam
320 1104 328 1117 ‚
339 1085 389 1124 qui
399 1082 539 1118 fuissent,
557 1085 590 1114 in
597 1085 663 1124 jure
681 1085 768 1114 civili
783 1083 842 1115 esse
860 1086 1007 1125 princeps.
1032 1084 1094 1117 Hic

139 1127 247 1155 Brutus
256 1145 264 1159 ,
286 1127 347 1155 Ain
357 1128 409 1155 tu?
428 1128 537 1167 inquit.
548 1127 678 1156 etiamne
688 1127 874 1166 Qcaevolae
883 1129 1023 1158 Servium
1035 1138 1092 1158 no-

137 1165 231 1196 strum
250 1169 425 1207 anteponis?
446 1168 495 1198 Sic
513 1169 616 1202 enim,
637 1170 760 1208 inquam
779 1187 788 1202 ,
807 1170 915 1202 Brute,
933 1168 1088 1203 existimo,

133 1207 208 1248 juris
224 1209 322 1238 civilis
340 1218 485 1250 magnum
504 1209 592 1241 usum
611 1209 644 1239 &
662 1209 738 1249 apud
756 1211 919 1241 Scaevolam
931 1230 940 1244 ,
961 1211 995 1241 &
1013 1211 1089 1251 apud

135 1250 249 1280 multos
257 1249 344 1280 fuisse
356 1261 361 1279 :
372 1259 464 1280 artem
477 1272 485 1284 ,
498 1253 530 1281 in
540 1252 598 1281 hoc
607 1261 669 1281 uno
681 1262 686 1280 :
705 1251 786 1292 quod
796 1262 964 1293 numquam
976 1251 1090 1283 effecis-

136 1291 178 1321 set
195 1290 284 1331 ipsius
298 1292 373 1332 juris
381 1292 520 1327 scientia,
540 1291 596 1322 nisi
606 1303 671 1322 eam
681 1302 817 1332 praeterea
825 1293 1086 1329 didiciss'etartem,

133 1341 200 1372 quae
219 1333 337 1363 doceret
346 1343 408 1363 rem
428 1335 596 1364 universam
606 1332 734 1364 tribuere
745 1337 778 1364 in
794 1337 900 1374 parteis
912 1354 920 1369 ,
941 1336 1085 1366 latentem

132 1374 281 1413 explicare
297 1373 470 1405 definiendo
481 1395 490 1409 ,
509 1375 665 1406 obscuram
677 1376 832 1415 explanare
850 1377 1085 1417 interpretandm

131 1415 270 1457 ambigua
285 1415 420 1457 primum
437 1417 558 1450 videre,
578 1417 688 1447 deinde
706 1417 888 1459 distinguere
899 1439 909 1452 ‚
931 1418 1085 1459 postremo

133 1456 238 1487 habere
259 1458 382 1498 regulam
392 1478 401 1491 ,
414 1468 471 1499 qua
478 1468 545 1489 vera
555 1459 588 1489 δε
596 1458 884 1499 falsajudicai‘entui‘,
899 1459 931 1491 &
941 1470 1006 1501 quae
1017 1463 1085 1502 qui-

132 1497 187 1528 bus
204 1497 303 1538 pofitis
322 1498 433 1534 efl'ent,
452 1510 576 1542 quaeque
586 1510 651 1530 non
665 1500 759 1531 ess'ent
775 1501 1000 1542 consequentia.
1023 1505 1084 1533 Hic

129 1541 214 1570 enirn
230 1541 329 1571 attulit
337 1542 414 1572 hanc
431 1551 524 1573 artem
534 1544 677 1573 omnium
687 1544 795 1573 artium
805 1553 972 1574 maximam
983 1564 992 1578 ,
1012 1554 1085 1585 qua-

130 1579 152 1611 fi
160 1581 258 1612 lucem
269 1602 278 1616 ‚
297 1583 333 1613 ad
345 1593 377 1614 ea
386 1603 394 1617 ,
414 1594 481 1625 quae
490 1583 616 1615 confuse
634 1584 670 1614 ab
679 1585 744 1615 aliis
753 1593 802 1615 aut
810 1585 1078 1625 respondebantur,

63 1625 114 1672 '42
128 1632 177 1654 aut
193 1624 359 1665 agebantur.
381 1626 580 1657 Dialefficam
598 1627 678 1657 mihi
696 1625 806 1657 videris
825 1627 922 1658 dicere
938 1647 948 1661 ,
968 1629 1077 1669 inquit.

129 1663 224 1695 Redite
238 1685 245 1698 ‚
264 1668 387 1707 inquam
399 1688 408 1701 ,
430 1669 573 1710 intelligis
583 1687 593 1702 ,
614 1668 663 1698 sed
674 1668 812 1709 adjunxit
828 1670 918 1699 etiam
928 1669 961 1699 ὃς
972 1670 1082 1701 littera-

126 1715 196 1736 rum
214 1708 368 1738 scientiam
379 1728 388 1742 ‚
409 1709 442 1739 δε
453 1709 597 1750 loquendi
614 1710 792 1751 elegantiam
804 1730 813 1744 ,
835 1720 900 1751 quae
919 1720 957 1741 ex
968 1711 1081 1751 scriptis

126 1747 191 1787 ejus
201 1767 209 1781 ,
229 1758 357 1789 quorum
369 1749 478 1787 similia
486 1751 570 1781 nulla
577 1752 646 1781 sunt
655 1771 664 1785 ,
680 1751 828 1782 facillime
836 1753 962 1792 perspici
970 1753 1077 1792 potest.

126 1791 264 1830 Cumque
282 1790 415 1822 discendi
441 1793 522 1824 causa
540 1792 658 1823 duobus
684 1792 866 1833 peritissimis
885 1804 1007 1833 operam
1026 1794 1078 1824 de-

123 1829 211 1861 diss'et
219 1851 228 1864 ,
240 1833 275 1861 L.
286 1833 408 1863 Lucilio
418 1834 510 1864 Balbo
520 1853 528 1868 ,
545 1836 577 1864 C.
589 1835 725 1875 Aquillio
736 1835 824 1865 Gallo
837 1845 842 1864 :
863 1836 942 1866 Galli
954 1855 963 1869 ,
974 1836 1078 1866 homi-

121 1873 170 1902 nis
180 1875 258 1903 acuti
268 1893 277 1907 ,
289 1873 322 1903 &
331 1877 482 1906 exercitati
490 1884 642 1916 promtam
652 1895 660 1910 ‚
673 1876 706 1906 &
714 1884 844 1916 paratam
853 1878 887 1906 in
896 1877 1012 1918 agendo
1021 1897 1030 1911 ,
1044 1878 1077 1908 &

122 1914 381 1953 in‘respondendo
398 1916 580 1948 celeritatem
590 1917 750 1948 subtilitate
761 1937 770 1952 ,
794 1917 1008 1960 diligentiaque
1028 1920 1078 1950 su-

121 1958 234 1994 peravit
245 1966 251 1984 :
263 1956 357 1990 Balbi,
369 1956 463 1991 dosii,
475 1958 508 1988 &
517 1958 626 1988 eruditi
634 1959 819 1992 hominis,in
830 1968 952 2000 utraque
961 1970 992 1990 re
1002 1970 1076 1990 con—

121 1994 274 2026 sideratam
293 1997 458 2028 tarditatem
476 2001 566 2033 vicit,
590 2000 803 2039 expediendiS‚
821 2000 1074 2042 conficiendisque

120 2037 210 2067 rebus
222 2049 231 2072 ς
251 2037 288 2068 fic
299 2038 332 2068 &2
346 2039 435 2070 babet
444 2040 526 2080 quod
536 2049 659 2081 uterque
668 2051 774 2072 eorum
785 2041 890 2072 habuit
899 2061 907 2075 ,
928 2042 962 2072 &
970 2046 1074 2082 exple-

120 2079 166 2108 vit
183 2080 265 2119 quod
281 2082 397 2120 utrique
416 2081 520 2111 defuit.
542 2085 659 2122 Itaque,
683 2092 715 2113 ut
725 2081 840 2113 Crassus
857 2084 935 2114 mihi
954 2084 1074 2115 videtur

118 2119 281 2159 sapientius
297 2120 398 2152 fecisse
409 2141 417 2155 ‚
437 2122 528 2163 quam
539 2125 669 2154 Scaevola
686 2134 692 2153 :
714 2124 774 2162 (hic
791 2126 875 2154 enim
893 2126 989 2155 causas
1008 2125 1070 2156 stu-

118 2159 204 2192 diose
224 2163 402 2202 recipiebat,
421 2166 454 2193 in
465 2164 599 2205 quibusa
610 2164 708 2195 Crafl‘o
725 2166 927 2205 superabatur:
946 2170 961 2197 ¹¹
978 2167 1069 2197 illese

117 2203 235 2239 consuli
245 2204 366 2235 nolebat
375 2224 383 2238 ,
395 2215 433 2234 ne
441 2214 499 2245 qua
508 2208 541 2235 in
550 2216 581 2235 re
591 2206 717 2237 inferior
726 2206 797 2237 efl'et
805 2227 813 2241 ,
825 2206 916 2248 quam
926 2209 1068 2249 Scaevola)

117 2241 156 2274 fic
164 2247 282 2275 Servius
291 2244 513 2286 sapientiffime.
536 2246 608 2278 cum
627 2250 709 2279 enim
722 2248 787 2279 duae
803 2249 907 2279 civiles
925 2258 1018 2284 arte8‚
1036 2260 1069 2281 ac

115 2284 247 2317 forenses
255 2286 424 2328 plurimum
436 2288 572 2319 &laudis
582 2290 743 2324 haberent,
765 2291 798 2321 &
806 2292 905 2331 gratiae
916 2301 921 2320 :
931 2290 1066 2331 perfecit,

117 2328 246 2358 ntaltera
253 2328 400 2369 praestaret
416 2330 559 2361 omnibus
581 2341 587 2361 :
607 2341 645 2362 ex
661 2332 749 2363 altera
765 2340 881 2362 tantum
896 2332 1064 2368 assumeret,

117 2377 263 2409 quantum
281 2369 352 2401 effet
362 2391 371 2405 ,
391 2371 424 2401 &
434 2371 468 2402 ad
477 2373 626 2403 tuendum
639 2375 689 2414 jus
705 2374 794 2404 civile
805 2394 813 2408 ,
833 2374 866 2404 δε
876 2374 910 2404 ad
921 2375 1065 2406 obtinen-

116 2412 184 2441 dam
193 2412 378 2443 consularem
387 2413 563 2455 dignitatem
582 2415 658 2446 satis.
681 2419 764 2447 Tum
775 2417 899 2451 Brutus,
920 2419 962 2447 Ita
979 2426 1064 2457 pror-

116 2452 183 2485 sus,
203 2455 319 2495 inquit,
339 2455 372 2485 δε
387 2464 470 2486 antea
477 2456 628 2496 putabam.
651 2457 764 2488 Audivi
782 2459 866 2488 enim
882 2468 976 2499 nuper
991 2469 1062 2489 eum

116 2492 266 2529 studiose,
290 2496 322 2527 δε
338 2495 525 2538 frequenter,
543 2501 641 2533 Sami,
662 2503 732 2530 cum
751 2509 789 2529 ex
806 2510 844 2530 eo
858 2500 906 2540 jus
925 2499 1062 2531 nostrum

114 2535 318 2576 pontificium,
326 2548 382 2580 qua
391 2549 429 2569 ex
437 2548 515 2579 parte
524 2551 593 2570 cum
601 2541 667 2581 jure
676 2541 761 2572 civili
770 2543 837 2582 conj
842 2541 969 2572 un&um
979 2540 1061 2576 esset,

115 2577 224 2608 vellem
234 2581 410 2620 cognoscere
421 2601 430 2614 ‚
449 2582 573 2613 &nunc
583 2592 688 2613 meum
699 2583 850 2622 judicium
862 2603 870 2617 ,
889 2584 988 2614 multo
998 2594 1061 2615 ma-

111 2619 155 2660 gis
164 2619 313 2651 confirmo
327 2621 503 2653 testimonio
512 2643 521 2658 ,
539 2624 573 2654 ὃ(
583 2625 700 2665 judicio
709 2631 788 2656 tuo·:
808 2624 897 2655 fimul
906 2626 981 2656 illud
991 2636 1061 2667 gaus

113 2660 171 2691 deo
181 2680 190 2695 2
209 2660 291 2706 quod
301 2664 334 2694 &
343 2664 488 2705 ,equalitas
496 2665 591 2697 vestra
599 2687 608 2701 ,
630 2667 662 2697 &
670 2677 752 2707 pares
771 2668 923 2697 honorum
943 2668 1058 2708 gnidus,

112 2701 148 2732 &
156 2705 262 2734 artium
271 2724 280 2739 ,
302 2704 527 2748 studiorumque
537 2707 616 2749 quasi
625 2708 757 2740 finitima
765 2711 904 2740 vicinitas
913 2729 922 2743 ,
941 2718 1059 2740 tantum

110 2743 191 2774 abest
211 2748 225 2764 ²
234 2745 269 2776 ab
278 2746 494 2779 obtie6tatione
502 2749 623 2781 invidiae
635 2771 644 2785 ‚
657 2761 722 2792 quae
732 2751 806 2781 solet
815 2751 937 2781 lacerare
945 2751 1059 2791 pleros-

110 2794 166 2826 que
178 2805 186 2819 ,
198 2788 239 2817 uti
250 2797 282 2818 ea
289 2798 354 2819 non
363 2789 457 2820 modo
466 2801 530 2822 non
539 2792 706 2823 exulcerare
713 2792 840 2823 vestram
849 2794 972 2834 gratiam
982 2813 991 2826 ,
1008 2793 1056 2823 sed

109 2827 199 2858 etiam
208 2830 365 2862 conciliare
383 2832 525 2864 videatur.
547 2835 628 2875 quali
637 2837 722 2866 enim
731 2843 759 2866 te
769 2845 835 2878 erga
843 2835 933 2873 illum
944 2835 1056 2876 perspi-

1164 129 1294 183 Lm.
1330 148 1474 188 sivit
1507 135 1779 192 BRu'fus.
2030 160 2122 213 139

1173 208 1232 244 cio,
1243 210 1393 244 taliillum
1403 214 1438 244 in
1455 223 1483 246 te
1490 215 1656 252 voluntate,
1664 217 1844 261 judicioque
1858 220 1998 262 cognovi.
2021 224 2127 265 Itaque

1170 249 1304 299 doleo&
1313 255 1396 286 illius
1406 256 1531 289 consilio
1541 278 1549 293 ‚
1569 259 1660 291 &tua
1669 271 1744 292 voce
1751 262 1900 302 populum
1911 265 2006 294 Rom.
2025 276 2124 297 carere

1167 298 1226 337 tam
1239 293 1290 324 diu
1310 306 1316 324 :
1335 298 1417 337 quod
1428 297 1498 330 cum
1509 310 1562 340 per
1569 302 1598 333 se
1610 302 1776 335 dolendum
1785 303 1829 335 est
1840 325 1848 338 ,
1871 313 1936 335 tum
1947 307 2046 337 multo
2055 318 2121 338 ma-

1163 341 1208 372 gis
1219 334 1434 373 consideranti,
1454 341 1488 372 ad
1499 353 1575 383 quos
1584 343 1637 375 ista
1647 355 1711 376 non
1720 345 1854 377 transsata
1863 345 1919 377 fint
1927 366 1936 381 ,
1957 347 2003 378 sed
2014 350 2118 379 nescio

1161 382 1222 420 <1¹¹9
1240 376 1327 423 paCto
1343 378 1527 414 devenerint.
1554 384 1613 416 Hic
1621 388 1737 418 Atticus
1747 408 1756 422 ‚
1779 390 1946 422 Dim-am,
1964 390 2065 431 inquit
2075 411 2084 423 ‚
2103 390 2120 422 a

1159 422 1309 460 Prmclpm
1320 438 1329 452 ‚
1349 420 1385 450 de
1394 425 1497 462 repub.
1510 433 1543 456 ut
1552 425 1705 459 sileremus
1715 440 1720 458 :
1732 432 1830 471 itaque
1837 429 1990 461 faciamus.
2014 434 2084 462 iiam
2096 431 2118 462 fi

1159 454 1218 486 isto
1228 459 1323 488 modo
1333 462 1476 494 volumus
1486 465 1611 507 singulas
1621 480 1665 499 res
1674 469 1844 505 desiderare,
1855 482 1919 503 non
1929 472 2024 503 modo
2034 483 2118 514 quae-

1157 497 1262 532 rendi,
1281 500 1331 531 sed
1350 511 1389 532 ne
1406 504 1528 546 lugendi
1544 510 1668 550 quidem
1679 510 1774 544 finem
1792 515 1982 554 reperiemus.
2007 516 2111 557 Perga-
2130 519 2174 560 433

1157 548 1227 569 mus
1245 550 1315 582 ergo
1326 562 1335 576 ‚
1356 553 1479 585 inquam
1490 567 1498 581 ‚
1519 550 1552 579 ad
1572 553 1682 593 reliqua
1694 573 1703 588 ,
1726 554 1759 585 δε
1776 555 1949 586 institutum
1969 556 2111 589 ordinem

1152 581 1372 630 persequamur.
1395 589 1511 618 Paratus
1528 592 1617 631 igitur
1625 595 1883 627 veniebatCrassiis
1895 617 1903 630 ‚
1922 597 2112 638 exspeetaba-

1153 629 1202 651 tui·
1211 641 1220 656 ‚
1240 624 1414 657 audiebatur
1434 638 1439 657 :
1457 628 1473 659 ὲ
1482 632 1631 672 principio
1642 634 1739 666 statim
1750 657 1759 670 ,
1779 636 1871 678 (quod
1880 647 1940 669 erat
1949 639 2025 679 apud
2035 650 2108 672 eum

1151 662 1268 711 semper
1285 670 1465 717 accuratum)
1487 672 1708 712 exspectatione
1725 678 1832 719 dignus
1842 680 1998 711 videbatur
2016 692 2021 710 :
2042 692 2108 713 non

1151 707 1245 753 multa
1251 716 1372 747 jactatio
1381 715 1515 751 corporis
1525 733 1533 747 ,
1555 724 1619 745 non
1628 718 1785 749 inclinatio
1794 723 1876 751 vocis
1887 741 1895 755 ,
1915 723 1997 753 nulla
2005 724 2107 754 inam-

1150 745 1263 779 bulatio
1274 768 1284 783 ‚
1302 760 1367 780 non
1376 753 1476 784 crebra
1485 755 1636 796 supplosio
1653 759 1737 797 pedis
1749 763 1927 794 :vehemens
1939 784 1948 796 ‚
1967 764 2000 794 δε
2010 766 2105 796 inter·

1148 787 1224 835 dum
1233 792 1304 821 irata
1312 810 1321 825 ‚
1343 793 1376 823 ὃς
1385 794 1551 835 plenajusti
1560 797 1672 828 doloris
1682 803 1794 831 oratio:
1807 804 1908 834 multa:
1920 805 1952 834 &
1961 816 2031 835 cum
2040 816 2107 848 gra-¹

1146 838 1238 861 Vitate
1254 831 1367 865 facetiae
1384 846 1389 864 ι
1405 837 1545 879 quodque
1562 840 1674 880 difficn'e
1691 841 1751 876 est,
1767 843 1850 874 idem
1869 845 1901 875 ὃς
1917 856 2102 885 perornatuS,

1145 870 1347 920 &perbrevis-
1367 877 1437 918 Jam
1456 880 1487 909 in
1499 881 1665 912 altercando
1683 885 1802 914 invenit
1813 895 1913 925 parem
1931 890 2101 921 neminem:

1142 922 1272 945 veri-atus
1289 916 1331 963 est
1343 919 1375 948 in
1386 923 1474 950 omni
1492 920 1554 953 fere
1573 933 1679 964 genere
1694 927 1844 956 causarum
1855 947 1864 960 ,
1885 929 1998 959 mature
2008 931 2041 960 in
2054 931 2103 961 lo·

1141 964 1213 986 cum
1237 960 1248 984 3
1259 961 1432 1005 principum
1441 971 1594 995 oratorum
1604 968 1697 996 venit.
1715 968 1870 998 Accusavit
1879 970 2097 1007 C.Cai-bonem,

1141 997 1417 1046 eloquentiflimum
1429 1005 1590 1036 hominem
1601 1027 1609 1040 ,
1631 1008 1797 1040 admodum
1812 1010 1998 1041 adolescens:
2013 1013 2096 1044 sum-

1141 1048 1224 1070 mam
1235 1045 1350 1087 ingenii
1360 1053 1423 1074 non
1443 1045 1562 1078 laudem
1574 1048 1670 1079 modo
1681 1071 1689 1084 ,
1708 1051 1757 1081 sed
1767 1053 1857 1082 etiam
1865 1051 2097 1086 admirationem

1139 1079 1183 1110 est
1192 1085 1378 1114 consecutus.
1401 1087 1547 1119 Defendit
1565 1090 1664 1130 postea
1674 1094 1825 1123 Liciniam
1835 1094 1982 1136 virginem
1993 1114 2002 1128 ,
2021 1094 2094 1129 cum

1138 1131 1234 1154 annos
1245 1133 1359 1156 xxvn.
1371 1137 1456 1158 natus
1467 1128 1549 1160 effer.
1572 1142 1605 1161 in
1615 1143 1647 1163 ea
1657 1134 1717 1173 ipsi
1728 1136 1811 1165 causa
1820 1134 1878 1166 fuit
1888 1136 2097 1177 eloquentissi-

1138 1172 1227 1212 mus,
1247 1169 1450 1210 orationisque
1471 1173 1533 1211 ejus
1553 1174 1669 1214 scriptas
1679 1176 1819 1215 quasdam
1836 1179 1942 1217 parteis
1960 1178 2094 1219 reliquit,

1137 1206 1244 1252 Voluit
1258 1208 1430 1241 adolescens
1447 1215 1480 1242 in
1499 1215 1620 1246 colonia
1629 1217 1815 1248 Narbonensi
1834 1220 1925 1249 causae
1941 1222 2094 1260 popularis

1134 1246 1248 1289 aliquid
1258 1252 1400 1293 attingere
1409 1273 1418 1286 ,
1437 1264 1562 1296 eamque
1572 1257 1725 1288 coloniam
1745 1258 1789 1297 (ut
1797 1258 1880 1300 fecit)
1893 1262 1952 1300 ipse
1962 1261 2094 1292 deduce-

1133 1298 1174 1318 re.
1198 1290 1300 1335 Exstat
1314 1294 1348 1323 in
1364 1304 1432 1324 earn
1451 1297 1549 1338 legem
1567 1299 1684 1332 senior,
1706 1303 1798 1338 [utica
1807 1301 1918 1341 dicam)
1938 1303 2029 1343 quem
2038 1304 2092 1335 illa

1133 1339 1200 1378 aetas
1209 1333 1320 1364 terebat
1330 1355 1338 1367 ,
1359 1338 1462 1366 oratio.
1488 1339 1594 1370 Multae
1614 1340 1722 1371 deinde
1740 1343 1850 1377 causae5
1871 1343 1970 1374 sedita
1984 1346 2091 1377 tacitus

1132 1372 1297 1405 tribunatus
1311 1395 1320 1409 ,
1340 1386 1391 1410 ut,
1410 1378 1465 1408 nisi
1484 1383 1517 1410 in
1527 1391 1564 1410 eo
1575 1382 1995 1425 magistratucenavisset'apud
2012 1396 2090 1425 prae-

1130 1423 1240 1461 eonem
1251 1418 1399 1449 Granium
1411 1439 1419 1453 ,
1441 1422 1557 1463 4idque
1577 1425 1667 1454 nobis
1686 1425 1730 1454 bis
1751 1425 1921 1457 narravisset
1938 1429 2089 1462 Lucilius,

1130 1456 1287 1488 tribunum
1296 1460 1393 1499 plebis
1403 1463 1586 1494 nesciremus
1595 1463 1691 1495 fuisse.
1704 1468 1747 1496 Ita
1756 1468 1873 1506 prorsus
1884 1488 1892 1501 ,
1904 1470 2003 1509 inquit
2013 1471 2088 1499 Eiu-

1130 1505 1176 1543 tus
1184 1508 1205 1544 ,;
1224 1499 1273 1546 sed
1283 1510 1322 1531 ne
1333 1501 1368 1532 de
1378 1505 1516 1535 Scaevolae
1526 1506 1652 1546 quidem
1669 1508 1819 1539 tribunatu
1828 1509 1900 1550 quid
1923 1520 1992 1540 uam
2003 1511 2087 1540 audi=

1128 1537 1200 1569 Visse
1211 1540 1317 1571 videor
1327 1563 1336 1577 ,
1357 1544 1391 1574 ὃς
1408 1555 1478 1575 eum
1489 1549 1634 1589 collegam
1646 1548 1733 1579 Craffi
1747 1551 1838 1581 credo
1853 1520 1949 1582 fuisle.
1974 1555 2088 1583 Omni-

1129 1580 1184 1611 bus
1194 1583 1319 1622 quidem
1328 1585 1394 1616 aliis
1404 1607 1412 1620 ‚
1425 1589 1549 1629 inquam
1561 1610 1568 1624 ,
1586 1601 1619 1620 in
1629 1591 1847 1633 magistratibus
1859 1613 1867 1626 ,
1888 1593 1936 1623 sed
1947 1594 2087 1625 tribunus

1126 1632 1207 1653 anno
1217 1623 1369 1670 post-fuit,
1389 1638 1484 1669 eoque
1493 1632 1527 1660 in
1542 1632 1642 1662 rostris
1653 1633 1771 1664 sedente
1783 1633 1864 1665 suasit
1873 1636 2029 1665 Serviliam
2039 1635 2084 1667 le-

1124 1674 1193 1705 gem
1202 1666 1326 1697 Craflus.
1350 1671 1432 1700 Nam
1443 1673 1598 1704 censuram
1607 1672 1667 1704 fine
1675 1677 1805 1706 Scaevola
1812 1674 1902 1717 geffit.
1914 1686 1985 1706 eum
1995 1680 2080 1709 enim

1125 1707 1328 1747 magistratum
1339 1720 1433 1742 nemo
1452 1723 1597 1755 umquam
1606 1718 1806 1747 Scaevolarum
1822 1718 1938 1758 petivit.
1957 1718 2006 1749 sed
2018 1720 2082 1750 haec

1125 1747 1212 1778 Ciaffi
1221 1749 1293 1780 cum
1303 1751 1382 1783 edita
1390 1757 1484 1784 oratio
1494 1755 1538 1786 est
1549 1776 1557 1789 ,
1578 1767 1669 1798 quarn
1679 1767 1708 1788 te
1719 1759 1791 1799 saepe
1802 1757 1903 1801 legiss'e
1912 1760 1993 1790 certo
2005 1761 2079 1795 scio,

1122 1799 1262 1838 quattuor
1281 1792 1313 1823 δε
1324 1795 1442 1835 triginta
1451 1805 1516 1827 tum
1527 1798 1652 1829 habebat
1659 1809 1755 1830 annos
1766 1821 1775 1834 ,
1793 1801 1979 1842 totidemque
1989 1805 2079 1833 annis

1122 1833 1201 1879 mihi
1220 1842 1302 1864 aetate
1318 1835 1481 1874 praestabat.
1505 1841 1562 1869 His
1581 1843 1665 1871 enim
1680 1844 1767 1872 Coss.
1785 1852 1851 1873 eam
1867 1843 1965 1883 legem
1984 1843 2079 1878 suafir,

1121 1874 1230 1913 quibus
1241 1877 1303 1906 nati
1312 1877 1415 1908 sumus
1425 1899 1434 1912 ‚
1447 1878 1591 1921 cumipse
1601 1881 1672 1912 esset
1685 1886 1872 1924 QCaepione
1884 1887 2074 1920 Coss.natu3‚

1121 1915 1316 1962 &C-Laelio,
1336 1921 1468 1950 triennio
1485 1923 1551 1962 ipso
1570 1925 1692 1958 minor,
1708 1926 1799 1965 quum
1809 1928 1971 1956 Antonius.
1992 1928 2075 1968 quod

1117 1956 1343 2005 idcircoposui3
1365 1970 1416 1994 ut,
1437 1962 1557 1994 dicendi
1568 1965 1674 1995 Latine
1692 1968 1790 2006 prima
1808 1968 1964 1997 marm-itas
1974 1969 2005 1998 in
2016 1978 2074 2009 qua

1117 2006 1198 2028 aetate
1207 1998 1373 2034 exstitifler‚
1384 2001 1477 2041 posset
1485 2007 1582 2035 notari
1593 2016 1598 2035 z
1611 2007 1644 2036 &
1654 2008 1866 2048 intelligeretur
1872 2009 1936 2047 jam
1944 2009 1979 2039 ad
1991 2010 2075 2040 sum·-

1116 2048 1205 2069 mum
1221 2040 1306 2086 paene
1327 2041 1384 2072 este
1401 2045 1573 2083 pei·du5tam
1586 2067 1594 2080 ‚
1613 2056 1647 2077 ut
1663 2047 1699 2077 eo
1709 2050 1787 2079 nihil
1805 2049 1900 2080 ferme
1912 2051 2070 2092 quisquam

1115 2079 1222 2127 addere
1231 2081 1328 2121 possct
1336 2103 1344 2117 ,
1366 2084 1421 2115 nisi
1430 2089 1483 2126 qui
1492 2087 1508 2117 a
1517 2089 1707 2129 philosophia
1718 2110 1725 2123 ‚
1745 2090 1761 2120 a
1776 2091 1786 2130 j
1791 2100 1841 2121 ure
1851 2093 1955 2125 civili,
1972 2093 2007 2122 ab
2018 2094 2068 2123 lii-

1116 2120 1204 2152 storia
1220 2122 1321 2154 iuiss'et
1330 2125 1513 2158 instrutfitior.
1536 2133 1600 2160 Erit
1608 2150 1616 2163 7

1114 2162 1156 2193 est
1166 2162 1220 2193 iste
1232 2184 1240 2197 ,
1252 2174 1342 2205 quem
1354 2164 1505 2208 exspeffas
1517 2173 1527 2199 ?
1547 2172 1657 2202 Nescio
1667 2193 1676 2206 ,
1698 2176 1832 2214 inquam.
1856 2174 1913 2205 Sed
1925 2175 1967 2205 est
1977 2178 2069 2208 etiam

1115 2204 1242 2235 Lei-:iffi
1260 2216 1293 2253 in
1303 2209 1457 2240 consulatu
1469 2231 1478 2243 ,
1496 2221 1550 2252 pro
1563 2216 1752 2255 QCaepione
1765 2236 1773 2249 ,
1785 2215 1957 2247 defensione
1963 2217 2070 2256 junaa

1113 2256 1177 2276 non
1189 2247 1286 2294 breVis
1297 2268 1305 2282 ,
1316 2250 1486 2282 utlaudatio
1497 2264 1502 2282 :
1514 2263 1547 2284 ut
1556 2257 1650 2285 oratio
1659 2265 1758 2287 autem
1768 2277 1777 2291 ,
1788 2258 1887 2288 brevis
1899 2279 1906 2291 ,
1918 2258 2069 2299 postrema

1111 2289 1241 2335 censoris
1260 2292 1370 2336 oratio,
1388 2303 1446 2333 qua
1463 2304 1542 2325 anno
1560 2296 1908 2340 duodequinquagesimo
1927 2301 1995 2331 usus
2014 2301 2067 2332 est.

1110 2331 1212 2377 In'his
1220 2332 1367 2378 'omnibus
1378 2334 1455 2365 inest
1462 2337 1585 2377 quidam
1596 2337 1655 2369 fine
1666 2341 1729 2370 ullo
1739 2344 1810 2371 fuco
1819 2343 1952 2372 veritatis
1969 2343 2063 2373 color.

1109 2381 1276 2417 quinetiam
1287 2376 1513 2414 comprehensio
1525 2399 1534 2412 ,
1555 2380 1588 2410 &
1597 2381 1729 2412 ambitus
1746 2383 1798 2412 ille
1807 2383 1969 2413 verborum
1981 2382 2012 2422 (fi
2023 2383 2062 2415 sic

1104 2414 1248 2455 periodum
1264 2417 1403 2455 appellari
1422 2419 1530 2461 placet)
1546 2430 1605 2452 erat
1619 2424 1697 2463 apud
1713 2424 1803 2453 illum
1821 2425 2006 2458 contractus,
2027 2426 2062 2458 δε

1108 2458 1205 2489 brevis
1216 2479 1225 2493 ,
1246 2459 1278 2490 ὃς
1288 2463 1320 2491 in
1341 2463 1477 2493 membra
1487 2464 1621 2504 quaedam
1635 2485 1643 2500 ,
1662 2478 1726 2509 quae
1738 2465 1821 2497 κῶλα
1833 2470 1930 2498 Graeci
1939 2478 2060 2503 vocant,

1107 2499 1296 2540 dispertiebat
1303 2506 1471 2535 orationem
1482 2505 1645 2536 iubentutis.
1670 2512 1738 2538 Hoc
1748 2510 1816 2540 loco
1827 2512 1945 2543 Brutus,
1957 2512 2062 2552 Qan-

1105 2541 1272 2583 doquidem
1283 2552 1314 2574 tu
1325 2544 1396 2575 istos
1408 2555 1536 2577 oratores
1547 2567 1556 2580 ,
1575 2550 1674 2589 inquit
1683 2570 1691 2584 ,
1704 2559 1853 2592 tantopere
1865 2552 1964 2582 laudas
1975 2572 1984 2585 ,
1996 2552 2063 2582 vel-

1106 2584 1168 2614 lem
1177 2585 1290 2625 aliquid
1301 2589 1439 2617 Antonio
1448 2607 1455 2621 ,
1475 2598 1580 2628 praeter
1588 2591 1677 2621 ilium
1688 2592 1724 2622 de
1735 2602 1848 2623 ratione
1858 2592 1978 2623 dicendi
1989 2594 2059 2624 sane

1105 2626 1218 2656 exilem
1229 2627 1378 2662 libellum,
1388 2630 1472 2669 plura
1482 2629 1591 2665 Crass'o,
1604 2632 1734 2663 libuilset
1744 2635 1878 2664 scribere.
1890 2634 1963 2665 cum
1973 2638 2059 2666 enim

1106 2668 1249 2698 omnibus
1269 2679 1449 2701 memoriam
1466 2672 1509 2701 sui
1521 2691 1529 2705 ‚
1548 2680 1613 2702 tum
1623 2676 1713 2705 etiam
1723 2675 1912 2716 disciplinam
1923 2677 2056 2711 dicendi,

1104 2709 1193 2739 nobis
1203 2711 1396 2751 reliquiil'ent.
1420 2715 1502 2743 Nam
1520 2716 1659 2746 scaevolae
1669 2716 1789 2748 dicendi
1803 2718 1979 2759 elegantiam
1991 2719 2058 2749 satis

1104 2753 1189 2781 exiis
1199 2753 1385 2784 orationibus
1397 2774 1405 2787 ,
1425 2765 1494 2795 quas
1512 2755 1650 2797 reliquit,
1670 2758 1816 2790 habemus
1833 2761 1995 2801 cognitam.
2019 2762 2058 2790 Et

1102 2802 1159 2833 ego
1170 2814 1178 2826 ,
1199 2795 1278 2824 Mihi
1289 2795 1413 2835 quidem
1424 2797 1439 2826 a
1449 2799 1576 2836 pueritia
1586 2798 1665 2839 quasi
1677 2799 1812 2841 magistra
1821 2799 1879 2830 fuit
1890 2821 1898 2834 ,
1919 2803 2056 2842 inquam,

1100 2835 1152 2866 illa
1160 2837 1194 2866 in
1209 2835 1308 2878 legem
1319 2839 1469 2878 Caepionis
1486 2842 1580 2871 oratio
1593 2851 1598 2870 ;
1617 2843 1651 2873 in
1661 2852 1718 2885 qua
1727 2844 1759 2879 &
1769 2841 1925 2874 anerei-itas
1935 2851 2058 2873 ornatur

1972 2885 2054 2916 sena·

95 2929 2055 2952 Ἢ

150 2986 175 3005 1.
192 2981 231 3006 Ille
233 2980 259 3014 fi
267 2981 350 3013 confidi
358 2984 473 3018 nolebam]
485 2983 645 3011 Posteriores
656 2983 717 3010 edd.
727 2986 830 3011 volebat.
845 2994 897 3012 non
908 2983 990 3011 reete.
1001 2992 1059 3011 cei·-

111 3018 139 3040 te
148 3023 238 3042 contra
246 3017 418 3052 antiquiores,
429 3020 455 3044 8(
467 3020 594 3056 praecipue
603 3019 797 3047 Victorinum.

148 3058 176 3076 2.
195 3053 245 3079 :Ab
252 3053 414 3080 obn-effatione
428 3056 567 3090 inviditque
577 3075 586 3088 ‚
604 3066 652 3090 quae
663 3057 720 3090 filet
736 3058 843 3083 lacerare
854 3075 862 3088 ,
880 3056 947 3091 fifh]
967 3057 1061 3083 Revo-

111 3085 182 3112 cavit
191 3095 222 3112 ex
234 3086 349 3115 editione
358 3090 441 3116 Rom.
452 3091 548 3117 Rivius
559 3111 568 3124 ‚
586 3101 618 3118 ne

112 3121 206 3192 Cujiifc}
214 3121 260 3149 nisi
269 3123 340 3158 quod
347 3124 508 3156 excluserint
516 3136 573 3163 quae.
589 3101 737 3165 vulgatum,
747 3130 777 3156 ab
785 3130 947 3156 obtreHatione
955 3129 1062 3162 Invidiae,

108 3164 158 3192 qua
184 3167 194 3184 ο
204 3165 235 3186 et.

1137 2986 1310 3019 3.Principum
1319 2986 1462 3021 oratorum]
1469 2986 1616 3013 inclinabat
1625 2985 1786 3013 Gulielmius
1797 2986 1822 3013 in
1834 2985 1987 3022 scripturam
1999 2986 2054 3012 Cu-

1096 3020 1192 3056 jaciani
1206 3021 1474 3054 codicis,principi11m,
1486 3021 1555 3058 quod
1565 3023 1592 3048 δε
1605 3023 1619 3048 :i
1631 3031 1707 3048 mauu
1720 3022 1803 3058 prima
1814 3023 1840 3048 in
1853 3022 1982 3048 l'ulutiuo.
2033 3056 2039 3060 ι

1136 3064 1163 3089 4,
1183 3058 1253 3090 quue
1270 3058 1332 3083 nobis
1350 3059 1520 3092 narra-riqiz]
1541 3058 1597 3085 Pal.
1608 3059 1635 3085 Sc
1648 3058 1740 3091 (tujae.
1755 3057 1849 3084 addun‘
1863 3057 1897 3083 his
1909 3078 1916 3088 ,
1937 3057 2006 3093 qued
2017 3063 2055 3083 :iit

638 3101 670 3119 ue
689 3092 874 3119 contradicunt
886 3093 996 3119 palatin.
1017 3100 1062 3119 aut
1082 3120 1083 3123 ,
1102 3102 1152 3120 non
1166 3093 1267 3119 exstare
1278 3093 1302 3118 'in
1314 3092 1402 3119 codice
1414 3095 1514 3120 vetusto
1525 3094 1622 3121 Rivius
1634 3105 1639 3121 ε
1654 3093 1766 3129 ideoque
1777 3093 1887 3120 exclusit
1896 3093 2051 3133 Lambinus.

1081 3126 1083 3155 Ι
1102 3129 1165 3155 item
1178 3128 1312 3155 Manutius
1330 3129 1428 3165 aliique
1442 3140 1507 3168 quos
1517 3131 1581 3159 item
1591 3129 1742 3166 sequimur5
1763 3129 1860 3166 quia&
1872 3128 1964 3157 eodem
1976 3127 2053 3154 incli-

1081 3160 1085 3201 ἦ
1101 3164 1178 3192 nabat
1189 3164 1347 3193 Gulielmius
1354 3184 1360 3193 .

1929 3207 1951 3227 ι.
1962 3200 2055 3225 omnim

1579 3202 1634 3231 Si.

1637 2133 1788 2172 inquitM.
1802 2135 1928 2167 Brutus,
1949 2135 2067 2174 autjam
2092 2145 2140 2178 44
