2360 3400
743 58 780 105 P
846 74 878 106 A
946 72 981 105 n
1052 73 1084 105 A

418 151 442 180 P
452 149 492 179 ιΛ
500 151 525 179 R
535 148 575 178 «A
581 147 615 179 ‘D
626 149 649 178 0
659 148 726 179 XO
733 149 766 178 N
795 149 828 177 V.

247 191 315 238 0⁹41
336 198 450 239 πίνης
464 202 492 234 οἱ
504 202 621 282 φφῶἵέ,
642 199 809 247 ἐλώῖερφ
822 224 831 240 ,
848 195 968 238 πάντες
980 192 1101 240 Quas—

247 302 362 332 Omneis
369 263 520 344 fizpientCZs‘
527 257 684 338 difixi-och}
696 321 704 336 ‚
718 300 753 334 &-
754 296 858 336 stultos
869 299 971 330 omneis
981 320 990 334 ,
996 300 1098 340 servos.

73 358 75 360 ’
110 370 124 395 5
184 353 212 384 L
222 361 244 382 Α
255 363 274 382 u
285 364 304 383 n
316 363 335 382 E
345 365 364 383 τ
377 364 394 383 u
407 364 428 383 R
449 352 521 383 vero
544 351 593 383 hic
606 354 768 392 imperator
779 371 788 385 ‚
810 360 859 381 aut
869 353 959 381 etiam
971 352 1099 391 appelle-

141 402 194 425 tur
208 414 217 427 ,
238 404 287 424 aut
305 397 362 425 hoc
373 399 501 425 nomine
511 395 622 436 dignus
633 403 763 435 putetur.
786 393 953 434 quomodo
964 412 973 426 ‚
991 402 1041 423 aut
1051 393 1100 422 cui

138 436 264 468 ‚tandem
277 437 601 477 hicli'beroimperabit
611 456 620 470 ‚
641 438 692 477 qui
707 445 769 465 non
781 434 878 475 potest
886 434 1100 475 cupiditatibus

139 478 202 509 suis
213 481 380 518 imperare?
399 478 544 510 Refrenet
552 478 688 518 primum
703 477 846 507 libidines
859 497 868 511 ‚
887 477 1003 517 spernat
1011 477 1098 506 volu-

141 528 236 559 ptates
247 540 255 554 ‚
271 521 458 551 iracundiam
471 530 581 554 teneat,
593 521 725 550 co'e'rceat
735 521 888 549 avaritiam
900 539 909 553 ,
917 527 1026 549 ceteras
1037 520 1101 548 ani-

142 565 189 591 mi
199 562 279 592 labes
292 563 424 602 repellat:
439 573 512 592 rum
523 571 688 592 1NC1P1AT
697 562 763 592 aliis
774 563 920 600 imperare
930 580 938 594 ,
950 560 1023 591 cum
1038 561 1100 600 ipse

137 602 348 645 improbissimis
364 604 503 638 dominis,
524 604 684 638 dedecori,
705 614 737 633 ac
748 602 926 642 turpitudini
938 601 1036 642 parere
1046 602 1100 632 de-

140 643 230 675 fierit.
249 647 323 675 dum
334 646 459 685 quidem
470 648 516 676 his
528 646 648 676 obediet
660 665 668 679 ,
679 656 740 676 non
753 643 848 675 mode>
860 647 1020 684 imperator
1029 664 1038 677 ,
1052 643 1099 674 sed

137 686 215 716 liber
234 686 388 717 habendus
407 687 540 717 omnino
557 697 622 717 non
640 690 705 717 erit.
728 686 865 727 praeclare
885 689 969 716 enim
990 685 1032 716 est
1043 687 1101 716 hoc

137 728 315 767 usurpatum
334 730 349 758 a
364 728 546 759 dofitiffimis
556 750 565 762 ‚
586 739 718 769 quorum
737 728 908 758 aufiffiritate
920 738 982 757 non
994 737 1100 761 uterer,

136 768 161 799 fi
185 771 263 800 mihi
286 770 362 809 apud
382 772 500 812 aliquos
516 772 654 812 agreste-is
675 772 736 801 haec
759 770 891 800 habenda
911 768 983 799 effer
993 771 1100 799 oratio.

133 809 212 841 cum
222 810 294 841 vero
305 812 381 852 apud
393 812 640 852 prudentiss'imos
649 813 764 853 loquar,
775 812 884 852 quibus
896 812 958 841 haec
970 811 1103 842 inaudita

138 862 206 883 non
220 853 288 883 sunt
300 865 304 882 :
316 864 370 884 cur
385 863 441 895 ego
451 852 601 887 fimulem,
614 865 676 888 me,
687 854 706 884 fi
720 855 794 895 quid
805 857 837 883 in
847 855 894 883 his
905 852 1011 883 studiis
1024 863 1097 893 ope-

136 904 179 925 1ae
201 894 353 935 posuerim
366 915 374 928 ‚
399 894 558 935 perdidisse
573 896 582 922 ἓ
606 895 733 926 Didium
743 895 786 926 est
797 895 931 936 igiturab
942 894 1101 926 eruditiffi*

139 946 202 966 mis
219 946 292 966 viris
308 957 317 970 ‚
339 946 408 967 Nisi
420 946 635 971 slaviam-EM,
656 948 812 968 LlssssRuM
829 947 902 968 iesse.
919 947 1100 967 ΝΕΜῙΝΕΜ.

140 977 223 1019 Qid
242 978 286 1009 est
304 982 389 1009 enim
408 978 543 1011 libertas?
557 979 675 1020 potestas
696 979 814 1009 vivendi
837 999 846 1014 ‚
866 987 901 1009 ut
918 979 998 1008 velis.
1023 981 1099 1020 Qis

137 1020 232 1060 igitur
248 1022 346 1054 vivit,
366 1030 399 1051 ut
422 1022 506 1055 vult,
530 1020 585 1052 nisi
608 1024 660 1062 qui
671 1021 748 1052 re&a
761 1022 911 1062 sequitur,
931 1022 1108 1062 quigaudet‘

134 1060 243 1091 officio
254 1082 263 1096 ,
278 1064 326 1092 cui
342 1063 464 1093 vivendi
476 1065 523 1093 via
533 1063 724 1097 confiderem,
735 1072 822 1104 atque
833 1063 950 1103 provisa
960 1063 1002 1093 est
1021 1066 1031 1092 ?
1048 1064 1101 1103 qui

131 1102 244 1144 legibus
254 1104 368 1145 quidem
376 1115 428 1134 non
437 1113 546 1147 propter
553 1113 662 1134 merum
667 1113 748 1146 paret
758 1125 766 1139 ,
781 1105 832 1144 fid
839 1116 883 1134 eas
890 1105 974 1146 sequi
977 1113 1034 1139 rur,
1048 1111 1097 1133 at-

134 1155 192 1186 que
209 1146 297 1180 colit,
318 1148 390 1188 quia
412 1148 443 1176 τά
459 1148 590 1187 salutare
608 1147 736 1177 maxime=
755 1148 803 1186 effe
807 1147 922 1186 judicat
930 1158 942 1174 :
953 1150 1005 1187 qui
1019 1147 1097 1177 nihil

135 1187 230 1221 dicit,
254 1188 415 1219 nihilfacit
425 1209 434 1223 ‚
456 1190 537 1219 nihil
547 1192 658 1230 cogitat
668 1190 799 1230 denique
811 1209 819 1224 ‚
831 1187 886 1219 nisi
897 1189 1027 1220 libenter
1041 1209 1050 1222 ‚
1065 1199 1097 1219 ac

133 1229 247 1259 libere:
259 1231 344 1270 cujus
355 1233 463 1262 omnia
472 1229 595 1262 confina
605 1252 613 1264 ‚
625 1232 730 1272 resque
739 1241 849 1262 omnes
859 1251 868 1265 ‚
880 1241 952 1272 quas
963 1234 1050 1273 gerit,
1061 1231 1097 1261 ab

133 1271 201 1310 ipso
219 1270 468 1311 proficiscuntur,
488 1274 657 1314 eodemque
676 1278 828 1304 teruntur:
851 1283 907 1304 nec
917 1273 960 1303 est
971 1273 1030 1303 ulla
1045 1283 1100 1306 res,

134 1322 203 1353 quae
225 1314 291 1352 plus
304 1314 382 1354 apud
392 1325 464 1344 eum
475 1316 587 1355 polleat
598 1335 607 1349 ‚
631 1316 722 1356 quim
734 1314 823 1356 ipsius
834 1316 973 1346 voluntas
986 1335 995 1350 ‚
1012 1325 1099 1355 atque

131 1354 306 1395 judicium:
327 1358 375 1386 cui
390 1356 515 1397 quidem
527 1359 618 1387 etiam
638 1362 724 1398 (quae
736 1367 801 1387 vim
811 1357 917 1387 habere
928 1359 1096 1388 maximam

133 1396 247 1426 dicitur
257 1398 268 1438 )
279 1400 407 1428 Fortuna
417 1398 479 1437 ipsa
491 1399 589 1428 cedit:
605 1397 678 1428 sicut
690 1399 806 1438 sapiens
815 1400 903 1439 poeta
914 1399 994 1429 dixit
1007 1411 1016 1434 ·‚
1028 1399 1097 1429 Suis

129 1447 168 1475 ca
182 1439 415 1480 cuiquefingirur
423 1439 556 1467 moribus.
579 1440 643 1469 soli
658 1442 747 1479 igitur
759 1442 815 1470 hoc
823 1443 972 1481 contingit
983 1441 1096 1481 sapien-

133 1481 170 1514 ti,
183 1490 215 1510 ut
229 1481 308 1510 nihil
319 1481 540 1513 faciatinvitus‚
555 1481 634 1510 nihil
644 1481 765 1514 dolens,
777 1482 855 1511 nihil
866 1483 997 1512 coactus.
1016 1482 1098 1523 quod

134 1519 186 1551 etsi
195 1523 236 1552 ita
244 1519 301 1551 effe
313 1541 322 1555 ‚
335 1522 472 1562 pluribus
483 1521 584 1552 verbis
591 1520 799 1553 differendum
810 1523 853 1552 est
867 1534 871 1551 z
887 1526 896 1542 ¹
910 1523 987 1553 illud
1000 1533 1101 1553 tamen

133 1562 170 1593 3:
189 1562 280 1594 breve
302 1563 336 1594 δε
355 1562 568 1594 confitendum
578 1562 639 1598 est,
659 1562 714 1594 nisi
723 1565 825 1605 quiita
835 1562 1022 1599 fitaffe&us‚
1042 1563 1099 1593 effe

129 1604 267 1635 liberum
291 1607 460 1636 neminem.
483 1608 498 1625 ²
517 1608 611 1647 Igitur
634 1616 745 1636 omnes
757 1606 892 1645 improbi
904 1625 913 1640 ‚
932 1607 1022 1637 servi.
1047 1615 1102 1636 nec

129 1646 193 1678 hoc
211 1655 272 1677 tarn
285 1657 316 1677 re
325 1647 369 1677 est
382 1667 390 1681 ‚
411 1648 503 1688 quiim
514 1647 598 1678 diaestu
612 1648 808 1688 inopinatum
818 1667 827 1681 ‚
852 1656 940 1688 atque
950 1647 1100 1678 mirabile.

130 1698 200 1718 :non
209 1690 293 1719 enim
305 1690 346 1720 ita
354 1688 471 1723 dicunt,
481 1698 534 1719 eos
543 1687 602 1718 effe
611 1689 723 1722 servos,
734 1698 767 1719 ut
777 1691 939 1729 mancipia,
973 1700 1017 1720 uae
1028 1690 1098 1719 sunt

128 1730 335 1761 dominorum
350 1730 426 1762 facea
436 1740 538 1763 nexu.
561 1731 795 1771 autaliquojure
805 1731 908 1760 civili:
920 1731 947 1760 se
980 1750 989 1764 ‚
1013 1729 1097 1770 [iser—

129 1771 214 1801 vitus
226 1771 270 1806 fit,
282 1771 355 1803 ficut
364 1772 406 1803 est
418 1792 426 1807 2
437 1770 548 1802 obedien
554 1773 598 1802 tia
600 1771 692 1810 ftasti
700 1772 802 1806 animi,
819 1771 854 1805 ἄρ’
863 1770 966 1812 abjec'bi
977 1772 1011 1806 ύ-
1019 1771 1100 1801 arbi-

129 1814 185 1843 trio
197 1815 316 1843 carentis
321 1814 373 1854 suo
385 1834 393 1849 ,
404 1817 473 1855 quis
485 1824 590 1855 neget,
600 1816 721 1845 omneis
734 1815 847 1847 leven,
862 1817 989 1844 omneis
1011 1815 1098 1853 cupi-

91 1869 116 1893 2
125 1855 198 1890 dos,
210 1858 331 1886 omneis
341 1856 473 1898 denique
484 1860 498 1885 ἲ
511 1856 682 1897 improbos,
693 1855 750 1886 effe
763 1856 864 1886 servos
877 1858 948 1886 ?An
959 1856 1010 1886 ille
1020 1856 1098 1886 mihi

125 1898 227 1933 liber,
249 1899 298 1928 cui
310 1899 421 1928 mulier
430 1902 580 1938 imperat?
600 1899 650 1928 cui
661 1898 739 1939 leges
750 1900 902 1938 imponit,
921 1898 1097 1938 praescribit,

124 1939 212 1980 jubet
228 1958 238 1974 ,
256 1949 334 1971 vetat
349 1940 433 1981 quod
451 1940 594 1971 videtur?
621 1942 673 1980 qui
693 1939 772 1970 nihil
790 1941 950 1980 imperanti
976 1950 1095 1980 negare,

126 1985 145 2008 4
161 1982 243 2012 nihil
259 1982 393 2013 recusare
412 1982 521 2013 audet?
541 1982 657 2022 poscit?
679 1981 814 2012 dandum
835 1980 878 2012 est
893 1992 898 2011 z
910 1986 1020 2012 vocat?
1044 1992 1098 2012 ve-

124 2023 301 2054 niendum?
321 2024 404 2064 ejicit
417 2027 428 2054 ?
439 2024 614 2055 abeundum
625 2047 631 2053 .
643 2024 800 2054 minatur?
817 2023 1092 2054 extimescendum.

125 2066 194 2107 Ego
207 2065 280 2096 vero
291 2065 384 2097 istum
399 2076 466 2096 nou
479 2076 571 2096 mono
581 2066 700 2096 servum
717 2085 726 2100 ‚
747 2065 796 2096 sed
809 2063 1024 2106 nequiffimum
1037 2066 1094 2096 ser-

122 2116 213 2141 ·vum,
225 2109 316 2138 etiam
327 2106 347 2138 fi
358 2110 390 2138 in
401 2106 580 2149 ampliffima
589 2106 707 2138 familia
717 2116 804 2137 natus
819 2105 863 2141 sit,
877 2107 1094 2147 appellandum

123 2158 211 2190 puto.
235 2151 250 2176 5
272 2152 369 2190 Atque
383 2152 459 2181 utin
469 2159 577 2192 inagna
588 2148 749 2180 stultorum
760 2148 877 2179 familia
888 2150 954 2179 sunt
965 2150 1017 2179 alii
1031 2150 1095 2180 lau-

123 2193 220 2223 tiores
233 2190 244 2230 (
259 2200 292 2221 ut
303 2191 358 2222 fibi
370 2191 511 2222 videntur
522 2198 531 2232 )
541 2192 618 2221 servi
629 2211 638 2225 ,
658 2191 708 2221 sed
724 2201 824 2221 tamen
837 2191 913 2221 servi
923 2211 933 2224 ‚
948 2192 1094 2222 atrienses

124 2242 160 2263 ac
183 2234 303 2272 topiarii
322 2232 456 2264 stultitia:
476 2234 533 2264 suae
546 2244 551 2262 :
566 2243 643 2274 quos
658 2231 738 2272 figna
747 2252 757 2266 ‚
779 2243 855 2274 quos
868 2233 974 2263 tabulae
987 2253 996 2266 ,
1017 2243 1095 2274 quos

123 2274 269 2306 coelatum
288 2284 447 2316 argentum
458 2296 468 2310 ,
486 2285 563 2317 quos
578 2276 734 2305 Corinthia
745 2285 832 2314 opera
844 2294 852 2308 ,
874 2285 951 2315 quos
964 2274 1096 2306 aediiicia

125 2315 287 2359 magnifica
295 2319 401 2349 nimio
410 2327 498 2359 opere
509 2316 667 2349 dele-stant.
679 2317 837 2357 Infirmus,
850 2318 1009 2360 inquiunt,
1021 2318 1098 2348 civi-
1110 2340 1113 2347 ,

1151 72 1182 105 n
1251 75 1282 104 ο
1353 72 1384 106 x
1455 75 1503 108 A.
1980 60 2100 108 128r

1143 142 1214 172 tatis
1229 141 1372 185 principes.
1396 146 1460 174 Vos
1478 142 1551 175 verb
1575 152 1613 176 ne
1623 142 1839 175 conservorum
1850 141 1973 185 quidem
1985 141 2102 173 vestro-

1142 194 1209 214 rum
1219 187 1371 224 principes
1379 185 1460 217 estis.
1483 186 1540 217 Sed
1550 188 1625 217 utin
1633 185 1760 220 familia,
1771 188 1823 227 qui
1833 184 1959 217 traciam
1968 184 2095 225 isia„qui

1142 235 1259 266 tergunt
1278 246 1286 260 ‚
1307 229 1360 267 qui
1378 237 1496 268 ungunt
1515 248 1524 262 ,
1546 231 1598 270 qui
1620 237 1759 262 verrunt,
1779 229 1831 269 qui
1850 228 2007 268 spargunt,
2032 229 2098 257 non

1141 267 1383 299 honestiffimum
1395 270 1498 300 locum
1511 271 1660 301 servitutis
1670 279 1785 301 tenent:
1803 268 1840 300 fic
1851 272 1880 299 in
1892 271 2011 300 civitate
2023 270 2098 309 ‚qui

1142 309 1170 338 se
1181 308 1300 340 istarum
1314 320 1412 340 rerum
1423 312 1636 351 cupiditatibus
1649 312 1845 344 dediderunt,
1866 309 1956 352 ipsius
1966 312 2098 340 civitatis

1140 350 1242 380 locum
1255 353 1338 391 paene
1351 352 1495 383 infimum
1505 354 1655 384 obtinent.
1678 355 1802 394 Magna,
1815 355 1927 394 inquis,
1943 351 2096 392 bellageffi:

1140 393 1250 432 magnis
1272 394 1394 434 imperiis
1405 415 1413 428 ,
1435 395 1744 438 &provinciispmfha
1768 398 1845 426 Gere
1857 397 1946 435 igitur
1956 397 2096 424 animum

1142 434 1226 464 laude
1244 435 1384 476 dignum.
1408 438 1554 467 Echionis
1573 438 1670 468 tabula
1684 448 1712 467 te
1724 437 1877 477 stupidum
1889 436 2026 468 detinet,
2048 443 2100 465 aut

1141 474 1255 516 signum
1283 477 1405 517 aliquod
1424 479 1580 519 Polycleti.
1610 481 1749 513 Omitto,
1774 478 1853 508 unde
1873 477 2024 508 sustuleris
2037 497 2045 510 ‚
2064 476 2098 507 δε

1140 517 1299 557 quomodo
1318 519 1435 550 habeas.
1458 523 1624 552 intuentem
1645 531 1690 554 te,
1710 521 1908 551 admirantem
1923 540 1932 553 ,
1951 520 2100 550 clamores

1143 559 1303 589 tollentem
1315 559 1386 590 cum
1402 562 1490 591 video
1502 583 1509 596 ,
1522 564 1640 593 servum
1652 573 1678 593 te
1689 562 1746 593 effe
1763 564 1944 602 ineptiarum
1954 563 2099 590 omnium

1136 601 1251 641 judico.
1295 604 1404 643 ane
1422 613 1514 644 zgttur
1529 606 1599 645 fiant
1623 604 1674 640 ista
1685 603 1814 644 festiva?
1847 607 1932 634 Sunt.
1950 612 2021 633 nam
2043 611 2100 632 nos

1141 653 1262 684 quoque
1272 653 1377 674 ocuios
1388 646 1521 676 eruditos
1534 648 1639 677 habem
1646 657 1688 676 us.
1711 646 1726 667 ⁶
1741 647 1789 677 scd
1800 646 1924 676 obsecro
1938 653 1966 674 te
1978 665 1986 678 ,
1999 647 2036 674 ita
2047 653 2103 674 ve·-

1141 684 1227 714 nusta
1237 685 1384 716 habentur
1394 686 1464 720 ista,
1486 693 1500 716 7
1515 698 1580 718 non
1591 699 1622 718 ut
1643 689 1762 719 vincula
1773 692 1908 718 virorum
1921 686 1977 716 sint
1987 706 1996 720 ‚
2010 686 2056 716 sed
2069 695 2101 716 ut

1143 726 1364 758 oblestamenta
1383 738 1558 768 puerorum.
1581 731 1662 768 Quid
1684 732 1766 760 enim
1777 730 1898 760 censes?
1917 727 1979 758 fiL.
1993 730 2100 757 Murri-

1144 771 1225 799 mius
1243 769 1377 809 aliquem
1397 770 1524 801 istorum
1547 772 1662 802 videret
1681 771 2102 802 matellionemCorinthium.

1140 809 1330 850 cupidiffime
1352 811 1528 843 traffintem
1540 835 1549 847 ‚
1569 813 1641 844 cum
1655 815 1716 854 ipse
1726 823 1821 843 totam
1833 814 2015 843 Corinthum
2026 821 2104 841 con-

1141 851 1297 883 temfiss'et:
1312 863 1428 884 urRuM
1443 856 1532 885 illum
1545 858 1644 885 civcrn
1657 856 1858 886 excellentem
1871 875 1878 889 ‚
1891 865 1927 884 an
1939 853 2101 884 atriensem

1139 894 1317 936 diligentem
1330 900 1463 934 putaret?
1483 898 1709 928 ReviviscatM.
1727 898 1834 928 Curius
1847 917 1854 930 ‚
1868 905 2033 926 aureorum
2046 896 2103 928 ali-

1139 939 1206 977 quis
1217 957 1227 970 ,
1246 946 1378 977 quorum
1394 941 1425 968 in
1436 939 1507 969 villa
1519 960 1526 974 ‚
1549 950 1580 970 ac
1591 940 1685 969 domo
1698 940 1774 969 nihil
1790 938 1980 979 splendidum
1994 957 2002 971 ‚
2023 936 2103 967 nihil

1143 988 1282 1008 ornatum
1293 978 1372 1013 fuit,
1387 990 1489 1020 praeter
1498 983 1578 1022 ipsos
1589 994 1597 1015 5
1613 983 1644 1012 &
1655 982 1754 1012 videat
1762 982 1892 1021 aliquem
1905 980 2034 1010 summis
2044 988 2103 1018 po-

1140 1021 1203 1060 puli
1216 1020 1370 1052 beneficiis
1382 1023 1471 1053 usum
1486 1044 1494 1057 ,
1519 1024 1685 1054 barbatulos
1697 1024 1811 1053 mullos
1820 1022 1834 1042 ὅ
1845 1031 2054 1062 exceptantem
2066 1020 2104 1051 de

1139 1063 1250 1102 piscina
1262 1082 1271 1096 ‚
1294 1063 1328 1093 &
1337 1065 1567 1103 pertrastantem
1579 1086 1586 1099 ,
1616 1067 1648 1095 ὃς
1661 1075 1862 1096 muraenarum
1874 1066 1960 1104 copia
1971 1064 2107 1105 glorian-

1139 1113 1200 1135 tem
1218 1115 1342 1135 :nonne
1361 1107 1443 1136 hunc
1465 1108 1627 1138 hominem
1647 1110 1686 1138 ita
1697 1106 1956 1145 servumjudicet‚
1975 1114 2055 1135 utne
2066 1106 2100 1134 in

1137 1146 1254 1178 familia
1274 1147 1398 1187 quidem
1416 1148 1544 1190 dignum
1557 1152 1669 1190 majore
1681 1150 1782 1190 aliquo
1795 1150 1918 1188 negotio
1929 1152 2030 1187 putet?
2049 1150 2101 1175 ΑΝ

1140 1198 1256 1224 eoRuM
1276 1190 1401 1221 servitus
1423 1191 1514 1222 dubia
1536 1191 1596 1225 est,
1618 1194 1669 1232 qui
1690 1191 1851 1231 cupiditate
1862 1190 1974 1230 peculii
1985 1188 2102 1218 nullam

1139 1230 1352 1262 conditionem
1364 1234 1496 1265 recusant
1505 1232 1669 1264 duriffimae
1679 1234 1850 1264 servitutis?
1876 1239 2106 1262 nEREDrTm-is

1140 1273 1202 1313 spes
1220 1273 1293 1314 quid
1310 1276 1478 1315 iniquitatis
1497 1278 1530 1306 in
1542 1276 1699 1306 serviendo
1709 1285 1774 1306 non
1787 1274 1928 1313 suscipit?
1943 1282 2035 1313 quem
2047 1281 2107 1301 nu-

1139 1325 1205 1345 tum
1223 1316 1383 1355 locupletis
1410 1318 1476 1348 orbi
1495 1319 1574 1348 senis
1593 1328 1657 1348 non
1678 1318 1837 1348 observat?
1858 1317 1992 1356 loquitur
2002 1314 2038 1344 ad
2047 1323 2106 1344 vo-

1139 1357 1286 1387 luntatem
1301 1358 1466 1400 :quidquid
1480 1361 1692 1390 denuntiatum
1705 1358 1755 1393 fit,
1775 1359 1846 1388 facit
1861 1357 2031 1388 :affecstarur
2041 1375 2049 1389 ‚
2059 1355 2106 1385 asa

1139 1397 1230 1433 fidet,
1252 1409 1435 1431 muneratur.
1459 1402 1533 1443 quid
1553 1405 1664 1432 horum
1685 1401 1728 1432 est
1749 1401 1836 1431 liberi
1853 1404 1863 1429 ?
1884 1400 1958 1440 quid
1967 1399 2103 1438 denique

1139 1441 1215 1470 servi
1234 1451 1299 1471 non
1322 1443 1448 1472 inertis?
1470 1444 1576 1485 Qid?
1594 1445 1657 1484 jam
1669 1444 1720 1474 illa
1730 1442 1869 1484 cupiditas
1888 1446 1975 1482 (quae
1985 1440 2105 1469 videtur

1138 1480 1197 1513 effe
1210 1482 1384 1524 liberalior)
1407 1486 1525 1519 honoris,
1537 1486 1670 1525 imperii,
1687 1486 1900 1527 provinciarum
1910 1503 1919 1517 ,
1931 1492 2021 1524 quam
2031 1481 2105 1510 dura

1139 1523 1184 1552 ess}
1192 1524 1331 1553 domina!
1349 1526 1440 1566 quam
1453 1529 1632 1566 imperiosa!
1653 1531 1744 1567 quam
1759 1527 1926 1555 vehemens
1942 1527 1948 1553 ¹.
1967 1524 2104 1562 Cethego

1139 1566 1261 1595 homini
1272 1576 1335 1596 non
1345 1567 1552 1606 probatiffimo
1567 1588 1576 1602 ‚
1601 1569 1710 1599 servire
1719 1568 1881 1608 co'e'giteos
1892 1585 1900 1599 ,
1919 1566 1971 1606 qui
1981 1563 2035 1594 fibi
2045 1563 2106 1593 effe

1139 1605 1314 1647 ampliffimi
1325 1609 1504 1640 videbantur
1515 1621 1524 1644 3
1544 1620 1670 1640 munera
1679 1611 1798 1640 mittere
1807 1628 1815 1642 ,
1830 1607 1925 1638 noeiu
1935 1608 2037 1637 venire
2047 1605 2108 1636 do-

1139 1659 1229 1679 murn
1248 1648 1364 1680 adeum
1376 1669 1384 1684 ‚
1406 1654 1542 1691 precari,
1562 1652 1696 1693 denique
1709 1651 1883 1691 supplicare.
1904 1659 1970 1690 quae
1982 1648 2107 1678 servitus

1140 1689 1182 1721 est
1193 1711 1202 1725 2
1223 1689 1242 1720 fi
1253 1691 1316 1720 haec
1327 1692 1448 1723 libertas
1458 1693 1625 1724 existimari
1635 1692 1732 1734 potest
1748 1698 1758 1722 ?
1782 1691 1863 1732 Qid
1875 1693 1885 1719 ?
1902 1691 1974 1721 cum
1984 1689 2107 1729 cupidi·

1139 1740 1234 1762 tatum
1246 1732 1422 1764 dominatus
1430 1734 1551 1766 exceffit
1561 1755 1569 1770 ‚
1591 1736 1624 1766 δε
1639 1737 1713 1765 alius
1724 1733 1766 1764 est
1775 1734 1920 1764 dominus
1930 1740 2054 1762 exortus
2063 1741 2105 1762 ex

1137 1774 1322 1805 conscientia
1339 1784 1531 1814 peccatorum
1554 1796 1565 1811 ‚
1594 1779 1689 1807 timor
1707 1780 1718 1802 ἓ
1737 1776 1828 1817 quam
1850 1774 1893 1805 est
1913 1774 1966 1804 illa
1986 1774 2103 1807 misera,

1136 1814 1230 1855 quam
1248 1815 1321 1845 dura
1340 1817 1486 1848 servitus!
1511 1818 1752 1849 adolescentibus
1762 1817 1865 1858 paullo
1877 1816 2104 1858 loquacioribus

1136 1855 1180 1887 est
1191 1856 1541 1894 serviendummmnes,
1565 1862 1619 1901 qui
1628 1859 1744 1900 aliquid
1754 1860 1827 1890 scire
1837 1858 1979 1889 videntur
1994 1878 2004 1892 ‚
2027 1866 2106 1888 tam-

1136 1908 1226 1940 quam
1248 1898 1370 1930 domini
1383 1920 1392 1934 ‚
1412 1903 1575 1932 timentur.
1607 1905 1623 1928 9
1639 1901 1741 1943 Judex
1759 1899 1833 1931 verb
1851 1908 1998 1941 quantum
2016 1899 2107 1930 habet

1139 1942 1333 1971 dominatum
1347 1944 1358 1969 ?
1375 1952 1437 1983 quo
1449 1944 1561 1974 timore
1571 1945 1727 1974 nocenteis
1737 1941 1830 1973 afficit
1840 1947 1851 1969 ἓ
1869 1951 1907 1973 an
1917 1952 1980 1972 non
1988 1940 2032 1972 est
2044 1951 2106 1970 om·

1138 1982 1181 2011 nis
1198 1990 1289 2011 metm
1301 2002 1310 2016 ,
1323 1984 1473 2022 servitus?
1527 1985 1578 2016 uid
1601 1986 1680 2016 valet
1699 1987 1790 2026 igitur
1806 1985 1857 2015 illa
1865 1981 2104 2025 eloquentiffimi

1136 2026 1193 2055 viri
1205 2044 1214 2058 ,
1233 2026 1267 2054 L.
1281 2024 1371 2056 Craffi
1381 2045 1390 2060 ,
1402 2028 1522 2067 copiosa
1532 2029 1639 2069 magis,
1650 2027 1742 2069 quam
1755 2027 1869 2067 sapiens
1881 2028 1976 2057 oratio
1993 2028 2004 2055 ?
2021 2035 2106 2055 ziu-

1136 2076 1215 2096 Ριτε
1235 2075 1294 2096 nos
1315 2076 1357 2097 nx
1377 2077 1575 2100 sEerrurF..
1595 2080 1661 2110 quae
1674 2068 1779 2100 cstista
1790 2069 1934 2102 servitus,
1947 2077 2008 2099 tam
2017 2068 2101 2098 claro

1136 2109 1257 2138 homini
1268 2128 1277 2142 ‚
1299 2117 1422 2150 tamque
1433 2111 1533 2141 nobili
1550 2114 1560 2140 ?
1579 2113 1690 2142 Omnis
1700 2113 1795 2141 animi
1810 2111 1978 2142 debilitati,
2003 2110 2035 2139 &
2046 2111 2106 2139 hu·

1137 2150 1241 2183 milis,
1263 2150 1296 2180 δε
1319 2150 1405 2181 frasti
1415 2153 1581 2187 timiditas,
1603 2154 1728 2184 servitus
1740 2152 1791 2183 est.
1816 2151 2103 2192 NOLITEfinerenM

1135 2192 1272 2233 cuiquam
1290 2192 1408 2231 fhrvire.
1432 2197 1469 2225 In
1488 2195 1660 2226 libertatem
1681 2195 1829 2225 vindicari
1849 2196 1936 2224 vult?
1956 2194 2102 2224 minime.

1135 2234 1217 2275 Qid
1229 2236 1312 2263 enim
1324 2234 1460 2277 adjungit
1473 2239 1483 2266 ?
1497 2246 1568 2267 Nisi
1582 2236 1662 2267 vobis
1672 2236 1814 2277 mii-versis.
1839 2237 2016 2266 Dominum
2031 2245 2104 2265 mu-

1138 2284 1217 2309 tare,
1244 2286 1311 2306 non
1330 2277 1407 2307 liber
1424 2277 1481 2308 effe
1499 2279 1574 2309 vult.
1600 2277 2101 2320 Qssus&pqfficmus&debemm.

1135 2319 1204 2349 Nos
1215 2317 1287 2349 vero
1299 2337 1308 2352 ,
1329 2316 1476 2361 fiquidcm
1486 2323 1592 2354 animo
1602 2322 1722 2354 excelso
1734 2341 1743 2356 ,
1756 2322 1789 2352 δε
1798 2321 1858 2352 alto
1870 2340 1879 2354 ‚
1893 2320 1926 2352 &
1941 2319 2102 2351 virtutibus

1970 2372 2103 2403 exagge-

164 2471 189 2490 Ι.
207 2463 359 2489 madramen
374 2463 404 2494 ἀ·
420 2464 509 2494 breve,
528 2463 558 2494 (ly
576 2464 728 2498 confitendum
746 2463 808 2497 effi]
829 2463 873 2489 Sic
884 2463 971 2490 Maur.
991 2464 1019 2489 &
1031 2464 1090 2491 Pal.
1127 2465 1178 2498 fim
1191 2483 1199 2496 ,
1213 2464 1257 2497 fid
1265 2473 1292 2491 ut
1300 2467 1468 2491 obleaamema
1481 2466 1634 2500 puerorum]
1650 2464 1736 2500 Jubet
1746 2463 1817 2490 enirn
1830 2471 1859 2490 ut
1878 2462 1972 2489 tabula:
1985 2462 2012 2487 S<
2023 2460 2096 2496 sigua

125 2504 191 2525 tert.
202 2500 230 2524 &
240 2499 297 2525 duze
309 2498 372 2525 edd.
384 2506 451 2526 vett.
461 2499 517 2525 imo
528 2498 638 2535 ipsamet
648 2499 816 2527 Virstoriana.
836 2499 951 2535 Vulgata
963 2519 971 2532 ‚
981 2501 1040 2526 illud
1048 2508 1090 2527 ta-

127 2544 180 2560 men
190 2536 260 2559 brevi
270 2536 437 2568 conficiendum
447 2538 491 2561 35¹.

162 2578 190 2596 2.
208 2573 281 2596 Servi
289 2573 363 2603 igitur
371 2580 448 2596 onmes
465 2570 589 2604 improba]
609 2570 653 2597 Sic
663 2571 731 2597 Pall.
741 2581 816 2598 omn.
834 2571 862 2597 St
874 2571 939 2598 Gul.
952 2571 1091 2605 sccundus,

125 2613 253 2642 praterea
266 2606 352 2633 noster
361 2607 482 2642 geminat
492 2606 648 2633 vocabulum
662 2608 732 2642 servi
742 2627 751 2640 ,
771 2617 823 2634 non
836 2607 888 2634 sine
901 2617 1005 2636 venere.
1024 2612 1095 2636 Ser-»i
1114 2638 1115 2644 ¹

1113 2648 1115 2662 ³
1132 2655 1182 2670 mn
1191 2652 1220 2670 ut
1221 2647 1303 2680 jacula
1311 2649 1420 2672 virorum
1423 2648 1472 2680 fint
1484 2665 1493 2677 ‚
1504 2647 1549 2679 sed
1557 2654 1583 2671 ut
1593 2647 1759 2671 ohlci‘famcma
1778 2653 1900 2670 mesi-orum
1912 2663 1920 2675 ,
1940 2645 1969 2673 ὥς
1988 2647 2031 2674 μὲν
2049 2646 2101 2668 rim«.-

124 2645 203 2676 igilur
211 2652 287 2668 omncs
297 2644 395 2675 improbi
407 2644 486 2676 ferri.

162 2686 189 2714 3.
207 2680 322 2711 Improbos
333 2679 373 2711 effi
389 2679 500 2713 scr-aon]
523 2678 686 2706 Gulielmius
706 2679 748 2706 edi
761 2679 849 2706 voluit
859 2689 893 2707 ex
908 2681 1023 2708 Mauric.
1044 2683 1090 2708 im-

119 2716 215 2747 probos,
225 2714 342 2747 &sei-vos
352 2716 402 2747 effi.
422 2714 451 2745 ὠ·
460 2715 530 2741 enim
542 2725 590 2751 pro
599 2719 671 2741 etiam
681 2715 812 2743 familiare
823 2715 873 2743 effe
885 2717 1022 2745 Ciceroni.

159 2757 188 2783 4..
208 2752 278 2776 Nihil
292 2752 409 2783 recusanti
429 2751 527 2785 auden]
550 2751 665 2778 Vei-bum
680 2753 788 2785 recusuri·
806 2762 858 2779 non
878 2753 1040 2789 conspicitur
1062 2753 1089 2780 in

124 2786 241 2812 Maurie.
261 2786 392 2822 habetque
404 2797 452 2823 pro
462 2787 598 2823 poedagogi
617 2787 769 2822 adjefiiione
789 2788 962 2816 Gulielmius.
984 2790 1011 2815 δε
1024 2791 1088 2816 νει-ὀ

124 2820 152 2847 id
162 2832 270 2858 quoqne
279 2822 398 2850 editione
418 2823 460 2850 sua
473 2824 552 2858 ejecit
562 2823 650 2851 Aldus
661 2825 753 2860 Nepos
767 2844 776 2857 ,
795 2823 838 2851 sed
851 2825 903 2852 fine
913 2825 1045 2862 suffragiis
1055 2825 1092 2853 li-
1112 2823 1114 2826 ⁴

125 2856 235 2886 brorum
250 2859 367 2886 suorum.

165 2903 192 2928 5.
211 2898 290 2930 Atque
298 2902 326 2921 ut
334 2898 361 2922 in
373 2904 459 2929 magna
461 2897 587 2928 stultorum
590 2898 700 2930 familia,
712 2896 782 2930 ἀνα]
803 2897 891 2924 Locus
904 2897 1088 2925 vexatiffimus

122 2929 290 2972 siguisqiiam
302 2931 328 2958 in
341 2932 482 2959 Cicerone.
503 2942 550 2959 nos
571 2934 815 2969 reprael'entavimus
834 2932 980 2961 editionem
992 2934 1090 2960 Vi&0-
1112 2943 1113 2976 ἦ

123 2975 157 2994 rit
171 2985 179 2998 ,
198 2967 321 3001 proximi:
331 2967 499 2995 accedentem
518 2969 550 2995 ad
561 2969 723 3005 exemplaria
742 2969 843 2996 calamo
857 2978 984 3001 exarara5
1005 2971 1048 2996 cui
1059 2971 1090 3001 ὠ·

1115 2520 1117 2531 ι
1133 2500 1266 2527 artificum
1279 2502 1328 2528 lint
1338 2501 1535 2528 oble-stamenta
1545 2502 1632 2528 nostra
1645 2520 1653 2532 ,
1673 2510 1724 2526 non
1738 2509 1800 2526 vero
1814 2499 1916 2526 vincul-r
1930 2517 1938 2529 ,
1959 2506 2016 2533 quae
2026 2505 2100 2523 totos

1134 2545 1181 2562 nos
1192 2544 1301 2564 teneant
1312 2557 1321 2569 ,
1339 2547 1369 2564 ac
1378 2537 1533 2573 poffideant.
1553 2539 1638 2564 Vincla
1652 2544 1739 2564 tamen
1752 2536 1855 2562 hicnon
1867 2535 1967 2572 patitur
1980 2535 2008 2560 δε
2019 2535 2100 2568 ;ο;κ.’“.τ

1134 2573 1240 2608 reponit
1258 2574 1289 2607 Is.
1301 2575 1398 2607 Voffius.
1430 2601 1433 2602 ⁷
2051 2591 2053 2593 .

1171 2617 1199 2643 7.
1219 2613 1281 2644 ‘Ron
1291 2617 1318 2635 ut
1327 2613 1429 2635 vincula
1437 2613 1547 2635 vireium
1558 2629 1566 2641 ‚
1584 2609 1652 2643 (ἐγ-ι]
1674 2608 1831 2644 Legendum
1843 2606 1929 2634 censet
1940 2605 2077 2646 Salmasius
2091 2615 2097 2632 :

1134 2682 1226 2713 ἀνδρῶν
1246 2687 1369 2717 πώγωσι,
1388 2683 1449 2708 &Mic
1468 2684 1594 2718 παιδαρίων
1612 2682 1749 2716 sapam}
1771 2680 1861 2706 Hodie
1872 2681 1965 2714 jocalia
1977 2687 2099 2705 vocavi-bs

1113 2737 1115 2746 i
1134 2715 1328 2753 supelleftilem
1348 2727 1454 2745 omnem
1482 2719 1656 2753 geminarium
1670 2737 1678 2750 ‚
1703 2727 1754 2752 qua
1773 2717 1897 2743 mulieres
1917 2714 2099 2741 obicerantnr.

1132 2754 1224 2781 Latini
1238 2761 1340 2781 veteres
1351 2756 1458 2789 jocnlum
1475 2755 1570 2781 dixere
1580 2754 1607 2780 id
1618 2763 1696 2780 omne
1709 2773 1717 2785 ,
1737 2763 1770 2780 ex
1786 2763 1839 2788 quo
1858 2752 1954 2787 aliquis
1976 2752 2099 2787 volupta-

1133 2797 1187 2816 tem
1199 2798 1314 2826 caperet,
1329 2791 1356 2816 8<
1368 2791 1395 2817 in
1406 2800 1460 2826 quo
1470 2791 1587 2818 maxime
1598 2789 1792 2826 adquiesceret,
1803 2790 1889 2816 Graeci
1900 2792 2020 2823 πώγων.
2029 2786 2097 2815 Vide

1135 2828 1238 2860 Salmas:
1253 2830 1323 2853 Plin.

1171 2862 1197 2889 8.
1217 2866 1386 2896 Exceptantem
1395 2863 1421 2888 de
1428 2862 1545 2897 pifiina]
1556 2862 1621 2889 Non
1631 2872 1710 2899 carpo
1721 2871 1729 2893 ;
1741 2860 1784 2888 scd
1796 2869 1884 2889 tamen
1896 2860 2097 2887 communican-

1133 2897 1167 2925 da
1178 2898 1286 2925 videtur
1296 2898 1402 2935 publico
1415 2900 1543 2935 scriptura
1554 2900 1611 2925 Pal.
1622 2898 1672 2925 sec.
1683 2907 1741 2934 quae
1752 2918 1760 2929 ,
1775 2901 1917 2924 excitantem
1930 2906 1938 2927 5
1959 2904 1988 2923 ut
2003 2897 2097 2924 innuat

1133 2934 1235 2961 multos
1246 2935 1308 2962 istos
1323 2933 1355 2961 ad
1366 2934 1469 2962 domini
1483 2944 1572 2962 vocem
1585 2935 1658 2962 ultio
1669 2933 1794 2962 acceffiss'e
1804 2934 1836 2960 ad
1847 2934 1902 2968 ejus
1916 2942 2033 2960 manum.

1169 2979 1199 3006 9.
1224 2972 1308 3005 Judex
1317 2972 1374 2997 'verb
1392 2980 1511 3005 quantum
1521 2973 1590 2998 habet
1601 2970 1772 3005 dominatum]
1793 2970 1836 2996 Sic
1847 2970 1874 2996 ὃ(
1886 2969 1944 2996 mss'.
1956 2969 2036 2995 nostri
2047 2978 2095 2995 ne-

121 3002 485 3043 acquielcebatGulielmins.
501 3005 588 3032 Aldus
600 3006 692 3046 Nepos
703 3005 812 3042 pedibus
831 3004 886 3032 ibat
904 3006 930 3033 in
948 3005 1089 3039 conjectu·
1110 3022 1112 3039 Α
1131 3007 1376 3041 queinclinandum
1388 3007 1415 3034 in
1426 3007 1549 3034 Lambini
1565 3008 1646 3034 index.
1666 3016 1751 3043 neque
1769 3007 1841 3033 enim
1860 3005 1942 3032 index
1963 3005 2093 3031 timetur:

120 3046 178 3066 mm
189 3039 291 3066 Gitauii
303 3058 312 3071 ‚
323 3049 402 3076 quam
412 3040 537 3076 expreffit
548 3042 574 3068 in
585 3043 669 3069 Notis
680 3041 730 3068 suis
741 3040 874 3069 Suffridus
887 3060 896 3075 ‚
906 3050 966 3079 quae
977 3041 1088 3070 videam·
1110 3042 1112 3071 Ι
1125 3042 1182 3077 jain
1193 3043 1263 3070 enim
1274 3043 1407 3071 accusavit
1425 3042 1500 3070 suum
1510 3052 1585 3070 rcum
1598 3062 1606 3074 ‚
1626 3043 1783 3079 simulatque
1802 3041 1897 3069 indicis
1909 3050 2004 3068 nomen
2020 3049 2096 3066 :iccc-

118 3081 180 3102 ¹tur.
199 3076 258 3110 Ego
268 3075 322 3111 post
334 3083 375 3102 tot
384 3076 481 3103 ariolos
493 3077 618 3112 capillum
630 3088 681 3104 non
693 3077 814 3105 dimitto.

1110 3072 1112 3116 l
1129 3079 1180 3114 pit.
1200 3081 1323 3108 ceterum
1340 3078 1422 3117 digua
1439 3079 1546 3107 videtur
1565 3076 1704 3109 notatione
1722 3079 1852 3116 scriptura
1862 3078 1921 3106 Pal.
1941 3077 2035 3108 tertii,
2053 3086 2094 3110 qm

157 3110 186 3136 6.
203 3112 250 3138 sed
255 3113 341 3148 obsecro
350 3121 374 3139 te
385 3132 394 3147 ‚
406 3115 442 3139 ita
453 3116 553 3148 venusta
561 3115 698 3141 habeantur
706 3116 751 3149 issa
762 3133 771 3149 ,
789 3125 837 3143 non
844 3121 872 3142 ur
879 3116 965 3143 vincla
972 3117 1082 3143 virorum
1108 3122 1111 3135 ⁸
1128 3122 1182 3143 mm
1190 3117 1273 3145 habet.

1431 3151 1622 3183 Zzzzzzz
1716 3156 1720 3159 '
1980 3149 2092 3183 ‘·Q³·

2125 1456 2141 1489 hh?
