2337 3400
248 137 368 186 1032
661 111 1162 161 M.Tut.L11

242 201 397 243 “pua-iiii
410 220 418 231 ,
439 196 596 235 obsistique
616 194 743 224 fortuna:
756 212 763 224 ‚
785 191 865 232 quod
886 190 1016 219 maxime
1026 184 1193 232 res‘effi’nti'n

242 237 370 284 pon-skire
386 241 522 280 stipsi-ritu.
547 238 700 266 varietates
719 242 841 266 autem,
864 231 1044 271 injuriasque
1061 234 1191 259 tortunae

242 276 361 316 facilem
385 288 519 311 vert-rum
540 277 790 317 philosophorum
812 275 963 314 praeceptis
982 271 1119 312 instituta
1135 271 1196 300 vita

242 324 402 364 superabat.
428 321 584 358 Principiis
601 326 700 348 autem
720 316 735 347 a
752 325 853 347 natura
863 315 956 348 datis,
980 311 1192 353 amplitudines

244 364 378 407 quoedim
400 363 553 392 bonorum
574 359 799 391 excitabantur,
817 360 924 397 partim
943 353 1195 396 profec‘taeacon-

244 407 440 445 templatione
460 412 558 432 rerum
583 401 784 431 occultiorum
797 419 805 433 ,
824 398 907 439 quod
925 407 984 428 erat
1002 396 1099 437 infirm
1108 396 1196 424 menti

243 455 402 488 cognitionis
412 455 489 473 amor
500 464 509 476 ,
534 446 542 461 ¹
556 453 593 473 ex
604 452 666 483 quo
676 445 766 472 etiam
776 442 898 472 rationis
911 460 919 473 ‚
934 437 1103 479 explicandi
1118 437 1198 470 „dis-

244 488 419 527 serendique
440 485 586 526 cupiditas
607 484 858 524 consequebatur:
879 481 1020 523 quodque
1029 482 1086 510 hoc
1097 479 1196 510 solum

244 530 355 562 animal
366 538 469 559 natum
481 527 522 557 est
532 527 654 568 pudoris
666 546 674 559 ,
694 536 726 555 ac
737 524 924 556 verecundiae
935 524 1079 564 particeps
1088 541 1097 556 ‚
1108 530 1197 561 appe-

244 572 367 612 tensque
377 568 631 606 coniunctionum
644 569 810 597 hominum
823 587 834 601 ,
853 576 885 597 ac
896 567 1067 597 societatum
1076 583 1085 597 ‚
1097 566 1198 594 anim-

243 613 459 652 advertensque
476 613 508 641 in
518 610 662 640 omnibus
673 610 762 639 rebus
772 629 781 643 ‚
798 618 869 650 quas
879 617 976 649 ageret
985 628 994 641 ,
1015 615 1064 636 aut
1073 606 1194 637 diceret,

245 655 358 697 nequid
379 654 458 684 abeo
471 651 570 686 fieret,
592 661 666 681 Nisi
681 660 845 685 HONESTE,
867 660 906 680 ET
918 658 1048 679 ni-:cortss
1062 657 1068 677 :
1080 649 1126 677 his
1138 649 1198 677 ini-

246 701 306 731 tiis,
317 706 348 727 ut
358 695 425 726 ante
435 695 510 728 dixi,
523 703 674 734 tamquam
688 693 866 725 seminibus,
878 692 894 722 a
905 701 1006 722 natura
1015 690 1090 721 datis
1099 709 1108 722 ,
1120 699 1197 719 tem—

246 740 389 780 perantia,
402 736 557 770 modestia,
568 735 692 775 justitia,
706 736 738 766 &
748 736 850 765 omnis
861 732 997 764 honestas
1008 730 1137 773 perfecte
1147 731 1199 761 ab·

248 782 341 813 soluti
351 779 402 810 est.
427 778 527 808 Habes
536 780 680 818 ,inquam
692 797 700 811 ‚
711 779 796 810 Cato,
809 776 938 806 formam
951 783 1067 808 eorum,
1084 773 1121 803 de
1132 775 1200 813 qui-

249 822 450 862 bus-loquor,
469 819 733 860 philosophorum.
758 828 815 859 qua
833 816 963 858 exposita
973 837 981 850 ‚
1002 818 1074 846 scire
1097 818 1199 855 cupio,

246 874 313 905 qiiae
336 863 419 894 causa
439 861 490 895 fit,
509 871 561 892 cui·
579 862 665 892 Zeno
685 861 720 891 ab
739 862 791 891 hac
811 862 931 900 antiqua
950 857 1140 888 institutione
1149 857 1201 886 de-

247 907 379 937 sciverit:
392 904 536 944 quidnam
549 905 660 933 horum
677 903 712 933 ab
724 912 760 933 eo
772 912 834 932 non
847 900 879 932 sit
890 901 1058 941 probatum.
1078 898 1202 939 quodne

248 957 376 978 omnem
399 954 532 974 naturam
543 945 825 984 conservatricemfici
838 940 968 973 dixerit?
984 952 1020 972 an
1031 940 1114 982 quod
1124 951 1202 970 omne

246 989 360 1019 animal
379 988 472 1029 ipsimi
484 986 538 1027 filn'
560 986 782 1017 commendatum
796 1006 803 1019 ‚
827 994 859 1015 ut
879 985 908 1015 se
927 984 960 1014 &
981 984 1095 1014 salv-um
1108 985 1139 1012 in
1150 983 1202 1012 suo

246 1040 364 1072 genere,
377 1030 592 1069 incolume-que
602 1029 714 1058 vellet?
733 1038 782 1062 an,
793 1027 864 1058 cum
876 1026 1019 1056 omnium
1029 1024 1205 1063 artmmfim's

249 1077 275 1103 is
284 1071 355 1103 ess'et
365 1093 373 1106 ,
386 1071 457 1112 quid
469 1080 570 1100 natura
584 1069 721 1100 maxime
729 1078 872 1110 quaereret
885 1088 893 1102 ,
906 1067 987 1098 idem
999 1067 1085 1098 statui
1097 1067 1203 1097 debere

249 1115 285 1146 de
298 1116 390 1145 totins
399 1122 458 1144 arte
472 1115 561 1143 vitae?
579 1122 616 1142 an
626 1111 720 1152 quod,
730 1111 802 1142 esim
812 1113 917 1142 animo
926 1108 1130 1140 constaremus
1141 1128 1149 1142 ,
1172 1107 1204 1138 δε

247 1166 372 1195 corpore
385 1175 392 1189 ‚
419 1156 451 1185 ὃς
461 1156 523 1187 haec
533 1155 591 1194 ipsa
603 1174 611 1187 ‚
623 1153 656 1184 δε
667 1163 773 1184 eorum
783 1155 908 1184 virtutes
917 1162 968 1191 per
979 1152 1006 1181 se
1016 1149 1073 1180 effe
1083 1150 1205 1180 sumen-

249 1199 299 1229 dis
308 1202 323 1226 -?
343 1207 380 1228 an
392 1196 464 1227 vero
478 1196 633 1237 displicuit
642 1206 674 1226 ea
685 1216 693 1230 ,
705 1206 770 1238 quae
782 1195 889 1226 tributa
898 1193 940 1224 est
947 1193 1038 1222 animi
1047 1191 1205 1220 virtutibus

249 1250 327 1271 tanta
345 1238 528 1279 praestantia?
553 1248 590 1268 an
603 1248 669 1279 quae
679 1238 716 1268 de
727 1237 883 1278 prudentia
894 1256 902 1269 ‚
923 1235 959 1266 de
972 1236 1147 1275 cognitione
1160 1243 1206 1263 re-

249 1291 316 1312 rum
330 1302 337 1315 ,
352 1281 387 1312 de
398 1279 616 1319 conjunc-Trione
627 1283 744 1321 generis
755 1281 880 1309 humani
892 1298 898 1311 ,
911 1287 1037 1318 quaeque
1046 1276 1081 1306 ab
1092 1274 1206 1305 eisdem

250 1325 288 1354 de
299 1325 492 1363 temperantia
502 1341 510 1355 ‚
529 1322 565 1352 de
576 1321 722 1352 modestia
733 1341 741 1354 ‚
761 1321 797 1351 de
807 1319 1014 1361 magnitudine
1029 1319 1125 1348 animi
1139 1337 1147 1350 ,
1171 1317 1207 1347 de

252 1368 340 1396 omni
363 1363 517 1397 honestate
531 1364 693 1394 dicuntur?
711 1362 884 1393 fatebuntur
894 1362 1007 1394 Stoici,
1030 1361 1092 1390 haec
1102 1361 1208 1390 omnia
1227 1393 1228 1399 ἵ

248 1407 330 1438 dicia
349 1405 407 1437 effe
415 1406 564 1447 praeclare.
591 1409 606 1424 ²
616 1415 714 1446 neque
724 1406 808 1435 enim
818 1413 884 1434 eam
895 1403 1011 1434 causam
1026 1402 1147 1432 Zenoni
1157 1400 1206 1442 def
1227 1408 1229 1425 ἰ

251 1449 396 1480 sciscendi
415 1446 512 1478 fuisse.
536 1447 735 1488 aliaquaedam
748 1447 866 1480 dicent,
889 1444 997 1479 creden
1016 1444 1210 1484 magnaanti-
1228 1469 1229 1482 ¹

250 1500 382 1532 quorum
405 1488 462 1520 effe
481 1498 594 1529 peccata
614 1509 622 1522 ,
642 1499 708 1530 quae
730 1489 780 1519 ille
798 1489 860 1517 vert
877 1485 1064 1527 investigandi
1083 1483 1208 1526 cupidm,
1228 1492 1229 1509 i

253 1533 342 1562 nullo
359 1531 452 1561 modo
461 1529 538 1561 ferre
547 1532 666 1570 poterit.
677 1531 751 1571 quid
762 1531 845 1560 enim
856 1527 1031 1569 perversius,
1043 1527 1117 1567 quid
1128 1528 1210 1555 into-

253 1573 418 1606 lerabilius,
427 1572 500 1613 quid
520 1572 636 1602 stultius
648 1592 656 1605 ‚
667 1572 759 1612 quam
770 1571 882 1602 bonam
892 1568 1103 1603 valitudinem,
1118 1567 1209 1608 quam
1228 1589 1230 1604 A

255 1616 398 1645 dolorum
417 1615 559 1644 omnium
578 1615 771 1647 vacuitatem,
790 1611 880 1653 quam
892 1613 1094 1652 integritatem
1105 1609 1207 1640 oculo-

254 1667 335 1689 rum,
348 1656 595 1696 reliquorumque
607 1655 757 1688 sensuum,
767 1662 862 1694 ponere
873 1655 901 1683 in
911 1651 981 1682 bonu
990 1651 1107 1692 potius,
1119 1650 1211 1692 quam

254 1699 369 1731 dicere,
390 1697 612 1727 nihilomnino
629 1697 764 1727 intereas
775 1706 838 1730 res,
854 1689 952 1736 iisque
962 1695 1140 1728 conti-arias,
1163 1695 1211 1722 in-

254 1738 378 1770 terefl'e?
395 1748 428 1768 ea
440 1739 526 1768 enim
535 1739 640 1769 omnia
654 1757 663 1771 ,
672 1747 737 1779 quae
748 1738 795 1768 illi
805 1736 885 1768 bona
893 1738 1027 1767 dicerent
1039 1755 1048 1768 ,
1060 1732 1211 1774 praeposita

253 1780 324 1814 effe,
346 1790 410 1810 non
433 1779 511 1810 bona
522 1788 528 1809 ἰ
547 1781 682 1820 itemque
705 1779 757 1809 illa
767 1798 776 1812 ,
815 1789 858 1809 uae
877 1779 906 1807 in
930 1785 1034 1818 corpore
1044 1777 1210 1816 excellerent,

254 1822 343 1854 stulte
362 1823 500 1862 antiquos
519 1820 628 1851 dixiss'e
646 1831 696 1860 pei·
714 1821 743 1850 se
761 1831 775 1849 e
804 1830 819 1850 e
840 1819 1010 1861 expetentia:
1031 1817 1212 1858 &sumenda

252 1864 354 1906 potius
367 1883 375 1898 ,
386 1864 478 1905 quam
487 1862 662 1903 expetenda.
686 1861 850 1904 eademque
859 1863 897 1891 de
906 1862 994 1891 omni
1004 1860 1063 1890 vita
1075 1878 1083 1893 ,
1102 1869 1169 1900 quae
1180 1859 1212 1889 in
1232 1863 1233 1868 ¹

255 1916 316 1937 una
328 1908 436 1936 virtute
445 1904 615 1936 consisteret
628 1915 636 1937 ·‚
649 1904 732 1934 illam
742 1907 835 1934 vitam
845 1923 854 1938 ‚
877 1913 944 1944 quae
954 1903 1045 1932 etiam
1056 1902 1161 1932 ceteris
1168 1910 1216 1930 re-

253 1948 310 1978 bus
320 1969 328 1980 ‚
343 1958 408 1988 quae
419 1946 510 1978 essent
520 1946 684 1977 secundum
699 1954 833 1976 naturam
844 1966 853 1978 ‚
864 1943 1027 1976 abundaret
1041 1963 1049 1978 ,
1061 1942 1153 1983 magis
1163 1953 1216 1972 ex·
1232 1938 1233 1949 ¹

253 1990 399 2029 petendam
408 2000 459 2019 non
470 1988 518 2027 effi
529 2009 538 2023 ‚
553 1988 603 2029 sed
610 1988 867 2029 magiafiamendam
878 1998 889 2014 .·
908 1995 1039 2027 cumque
1048 1986 1110 2026 ipsa
1121 1987 1215 2015 virttis
1232 1997 1234 2028 i

254 2030 363 2062 efficiat
372 2034 412 2062 ita
421 2031 536 2062 beatam
547 2032 641 2061 vitam
652 2050 661 2065 ,
681 2038 714 2060 ut
724 2030 837 2060 beatior
845 2028 902 2059 efl’e
914 2038 976 2058 non
986 2025 1071 2068 poffit
1083 2046 1092 2061 ,
1111 2036 1213 2057 tamen

259 2074 394 2113 quaedam
406 2071 501 2104 deesse
512 2072 707 2113 sapientibus,
719 2081 797 2105 turn,
809 2072 880 2102 cum
896 2071 964 2101 sunt
973 2067 1132 2100 beatiffimi
1143 2079 1150 2098 ε
1161 2070 1216 2099 ita-

254 2126 314 2156 que
325 2125 376 2145 eos
386 2114 416 2145 id
426 2124 510 2155 agere
520 2134 529 2149 ,
550 2123 583 2145 ut
592 2113 607 2144 ὲ
618 2114 645 2144 se
655 2113 774 2144 dolores
785 2133 793 2147 ,
816 2113 939 2143 morbos
951 2131 959 2146 ,
977 2111 1157 2142 debilitateis
1166 2120 1211 2140 re·
1233 2116 1234 2131 ¹

214 2171 237 2204 9
256 2157 375 2197 pellant.
400 2159 426 2186 O
444 2165 583 2197 magnam
594 2157 659 2185 vim
668 2157 802 2197 ingenii,
823 2155 999 2195 causamque
1007 2152 1136 2193 justam,
1161 2162 1213 2182 cut

257 2208 339 2230 nova
359 2196 507 2228 exsisteret
524 2197 698 2238 disciplina!
714 2200 810 2238 Perge
820 2195 921 2237 porro.
952 2196 1113 2236 sequentur
1130 2197 1214 2225 enim

255 2250 322 2281 quae
339 2248 371 2270 tu
390 2238 580 2270 scientissime
599 2240 778 2278 complexus
788 2249 818 2270 es
829 2259 838 2272 ‚
860 2247 988 2268 ornnem
999 2234 1213 2276 insipientiam,

256 2280 479 2322 &injustitiam
491 2301 499 2315 ‚
522 2282 577 2312 alia
588 2282 661 2311 vitia
673 2280 781 2312 similia
789 2279 848 2311 effe
859 2300 868 2314 ,
889 2280 1157 2320 omm'aquepeccata
1166 2276 1215 2315 effe

251 2325 355 2365 paria,
375 2323 481 2364 eosque
493 2342 502 2356 ‚
525 2325 576 2363 qui
587 2322 905 2363 natura,d0t‘.⁷trinaque
919 2321 1010 2361 longe
1025 2321 1060 2350 ad
1072 2321 1216 2350 virtutem

255 2363 457 2406 procesfifi‘ent
468 2385 477 2399 ,
497 2364 551 2395 nisi
563 2374 628 2394 eam
639 2365 728 2404 plene
737 2365 892 2395 consecuti
902 2361 996 2393 effent
1006 2382 1015 2395 ‚
1026 2361 1146 2392 summe
1157 2358 1214 2390 effe
1234 2371 1235 2386 i

257 2408 382 2438 miseros
394 2426 402 2441 ,
422 2416 518 2447 neque
530 2408 720 2436 intereorum
730 2408 824 2436 vitam
836 2425 845 2438 ,
865 2406 897 2435 &
906 2402 1212 2443 improbiffimorum,

255 2449 415 2491 quidquam
425 2449 533 2479 omnino
545 2447 675 2486 mtereffi:
688 2457 719 2478 ut
729 2448 812 2479 Plato
823 2455 922 2478 tantus
931 2446 984 2476 ille
994 2455 1052 2478 vir,
1065 2443 1086 2474 fi
1099 2444 1215 2484 sapiens

296 2592 305 2609 1
315 2603 320 2609 .
341 2586 381 2609 Ex
391 2592 433 2616 quo
442 2584 512 2607 eiiam
522 2583 620 2608 rationis
632 2601 639 2613 ,
652 2582 788 2615 explicandi
798 2580 966 2615 disserendique
978 2586 1030 2612 cup.
1041 2577 1110 2611 drzu]
1132 2578 1215 2604 Lam-

255 2618 346 2651 binus,
355 2622 426 2644 etiam
434 2619 575 2651 explicandae
585 2620 694 2649 rationis,
704 2619 756 2652 dff
776 2615 911 2654 quomodo
921 2616 1000 2641 etiam
1012 2613 1103 2641 laud-it
1113 2622 1146 2640 ex
1157 2614 1216 2640 Cu-

253 2655 329 2689 jicii,
340 2661 404 2690 puto
415 2654 574 2680 membranis
585 2653 713 2690 Scaliger.
732 2652 775 2680 sed
787 2653 821 2680 sic
834 2651 923 2679 nuilus
935 2651 1126 2678 Palatinorum.

296 2701 323 2717 2.
343 2694 422 2725 Neque
432 2693 490 2716 enim
500 2699 550 2715 eam
561 2690 654 2723 causum
667 2709 674 2722 ‚
693 2690 761 2724 dra]
782 2690 826 2716 Sic
854 2687 940 2714 uideni
961 2687 1040 2714 etiam
1052 2685 1216 2712 Victoriana.

262 2727 352 2752 malim
365 2734 451 2752 tamen
463 2725 535 2752 eradi
546 2728 622 2751 enim:
641 2735 700 2753 nani
716 2734 801 2761 neque
813 2725 837 2751 vi
850 2732 903 2751 itui·
913 2723 993 2750 autin
1006 2722 1106 2749 Aldina
1116 2729 1219 2754 vetere,

258 2770 305 2787 ant
316 2762 370 2788 ullo
381 2762 574 2792 l'alatinorum,
584 2761 629 2796 qni
640 2768 726 2788 tamen
738 2770 841 2793 omnes,
851 2768 952 2794 namque
962 2768 1011 2785 cam
1022 2759 1127 2792 causam.

300 2806 325 2828 3.
344 2801 480 2823 Dect-rueret
492 2817 499 2829 ,
518 2798 569 2822 ciaem
578 2799 721 2831 tritmiphum
729 2799 840 2831 Africano
849 2797 979 2822 decerneret
992 2804 1000 2825 5
1019 2795 1087 2828 Qud
1103 2795 1152 2828 ejus
1160 2796 1219 2820 vir·

264 2839 313 2856 mic
322 2835 482 2866 autselicitare
493 2853 500 2865 ‚
517 2833 612 2868 pcffin]
634 2832 806 2868 Desint-rabam
818 2832 913 2865 ferme
932 2831 965 2857 de
975 2831 1044 2857 bona
1053 2838 1133 2866 opera
1149 2839 1218 2865 pra:-

260 2867 349 2893 ssaiida
359 2869 496 2901 Ciceroni,
505 2867 646 2896 destitutus
659 2869 742 2896 Paiat.
754 2870 851 2905 primo.
872 2867 915 2894 sed
924 2866 991 2893 bene
1001 2865 1072 2902 quod
1083 2866 1217 2902 egregiam

260 2902 328 2929 hanc
338 2903 550 2932 emendationem
562 2904 716 2940 suggesserit
735 2906 855 2941 quartus.
876 2905 967 2939 inepte
980 2932 984 2935 ,
1004 2903 1056 2928 rius
1069 2901 1218 2938 legebatur,

260 2939 354 2973 quidde
370 2939 419 2971 ejus
435 2943 545 2971 virture,
564 2942 615 2971 glyc.
635 2940 738 2977 respicit
756 2940 828 2968 enim
839 2940 947 2967 Tullius
966 2948 981 2965 a
1010 2938 1118 2965 Decreti
1141 2947 1218 2965 voces
1239 2952 1241 2964 i

262 2982 348 3013 qgon
380 2983 412 2999 N.
441 2983 580 3002 va‘rurtz
602 2985 658 3003 iti-:s
689 2978 850 3004 »noser-,RE
886 2983 991 3002 GESTAE
1023 2982 1104 3001 SUNT
1117 2983 1125 3005 3
1154 2982 1217 3000 Diis

261 3016 507 3037 lMMORTAuanS
522 3029 529 3041 ,
549 3011 602 3037 Sec.
622 3013 687 3039 item
712 3020 797 3048 Qon
818 3022 850 3039 N.
871 3019 1064 3039 Fenicirare
1086 3019 1218 3037 RESPUB.

261 3054 347 3077 nasia
360 3053 458 3070 ons-m
472 3054 546 3076 nsi-5
569 3054 606 3072 nr
618 3056 679 3073 mis
694 3055 938 3080 iiviixioitraninus
952 3066 960 3078 ‚
980 3054 1141 3073 HONOREM
1160 3054 1218 3072 im-
1239 3059 1240 3064 =

258 3090 334 3121 ”ER-¹
366 3089 506 3116 JUBEMUS
529 3098 538 3111 ›
556 3090 604 3107 ⁸121·
639 3092 670 3108 N.
699 3083 898 3111 TaiuMi3iium
925 3091 1148 3110 DECERNIMUS.
1177 3091 1218 3108 res

261 3116 401 3144 ⁶²²¹'1ffim2
418 3116 453 3143 0st
466 3135 474 3148 s
492 3115 524 3142 de
535 3125 585 3152 (111²
598 3135 606 3148 2
625 3117 642 3143 s¹
663 3118 702 3144 rel
715 3129 761 3154 pei·
776 3120 906 3146 somnium
927 3118 1036 3146 venisset
1054 3118 1080 3145 in
1101 3124 1218 3145 mentem

258 3151 403 3187 Laiiibiiio,
413 3161 519 3190 parcere
530 3159 653 3189 potuerat
661 3152 748 3182 labori
759 3154 803 3183 stio
815 3174 824 3190 ,
841 3161 990 3192 quototani
1000 3155 1067 3184 lianc
1079 3153 1217 3191 periodum

1230 107 1765 157 Ciceaonis

1237 196 1301 217 non
1318 186 1408 235 fuerit
1419 206 1427 220 ‚
1448 186 1549 216 nihilo
1563 188 1696 224 melius,
1715 191 1804 230 quam
1823 192 1922 234 quivis
1938 190 2187 232 improbiffimus.

1237 238 1291 276 nec
1310 228 1424 276 beatius
1447 230 1568 258 vixerit.
1594 231 1667 276 Haec
1687 232 1826 264 videlicet
1844 234 1887 265 est
1895 234 2042 265 correctio
2052 235 2189 275 philoso-

1234 272 1312 311 pbiae
1331 279 1440 301 veteris
1451 289 1459 303 ,
1482 269 1720 316 βεεωεηᾶεεὶος
1740 278 1944 316 ςυροωοῑῃο
1953 276 2066 306 aditum
2079 276 2191 308 habere

1239 312 1359 341 nullum
1371 310 1466 351 potest
1481 321 1512 341 111
1525 312 1629 342 urbem
1641 332 1650 347 ,
1662 314 1694 343 in
1705 313 1806 351 {orum
1818 335 1826 350 ‚
1836 317 1998 355 inquiam.
2021 319 2090 359 quis
2102 320 2189 349 enim

1236 354 1315 400 ferre·
1328 352 1423 392 poss'et
1442 354 1481 382 ita
1501 351 1677 393 loquentem
1700 357 1770 386 eum
1789 375 1799 390 ,
1820 359 1872 398 qui
1890 358 1918 390 se
1933 359 2086 390 aridiorem
2108 361 2190 393 virae,

1237 405 1363 436 graviter
1374 415 1381 428 ‚
1403 395 1436 424 &
1444 395 1588 433 sapienter
1597 396 1717 435 agenda
1727 417 1737 430 ,
1749 396 1958 437 profiteretur„
1971 402 2083 431 nomina
2093 411 2186 431 rerum

1238 443 1475 466 commutantem:
1488 446 1617 477 cumque
1627 437 1708 468 idem
1719 439 1848 474 sentiret,
1861 440 1942 481 quod
1951 443 2070 476 omnes,
2080 444 2191 483 quibus

1239 480 1325 508 rebus
1343 479 1470 508 eandem
1493 479 1559 508 vim
1578 478 1737 514 tribueret,
1757 480 1812 511 alia
1828 483 1956 512 nomina
1965 483 2189 523 imponentem,

1240 520 1328 550 verba
1349 519 1444 550 modo
1466 529 1633 551 mutantem
1646 540 1655 554 ‚
1675 522 1712 552 de
1730 522 1929 562 opinionibus
1943 525 2023 554 nihil
2033 525 2190 556 detrahen-

1241 572 1301 592 tem
1313 565 1323 591 ?
1337 562 1518 592 patronusne
1531 563 1623 593 causae
1635 582 1642 596 ‚
1655 565 1685 594 in
1696 565 1815 605 epilogo
1824 574 1878 604 pro
1889 574 1939 594 reo
1949 565 2061 600 dicens,
2073 577 2192 609 negaret

1240 603 1297 634 esse
1319 605 1433 634 malum
1452 604 1581 634 exilium
1593 623 1601 637 ‚
1619 605 1859 644 publicationem
1873 605 2050 637 bonorum?
2075 609 2135 640 haec
2146 620 2191 638 re-

1233 646 1357 685 jicienda.
1375 645 1432 675 effe
1443 657 1452 680 3
1470 655 1535 676 non
1546 646 1710 687 fugienda?
1738 657 1793 678 nec
1815 647 2039 680 misericordem
2056 647 2191 688 judicem

1241 686 1297 717 esse
1309 689 1467 727 oportere?
1488 689 1520 717 iri
1531 690 1680 719 concione
1689 698 1789 721 autem
1804 689 1824 720 si
1834 690 2015 730 loqueretur,
2031 688 2052 719 si
2063 691 2193 722 Annibal

1239 729 1274 760 ad
1296 739 1393 769 portas
1415 728 1559 764 venisset,
1580 740 1762 772 murumque
1782 732 1878 769 jaculo
1888 729 2042 771 trajecisset
2051 751 2060 766 ,
2078 742 2197 773 negaret

1242 770 1299 802 esse
1309 773 1341 801 in
1354 772 1441 802 malis
1451 775 1513 811 capi
1526 791 1534 805 ,
1545 774 1648 802 venire
1659 792 1667 807 ,
1680 771 1820 807 interfici,
1832 775 1955 813 patriam
1965 776 2120 804 amittere?
2144 784 2194 808 an,

1242 814 1357 844 senatus
1368 834 1376 847 ,
1398 816 1410 841 3
1431 823 1501 844 curn
1522 815 1711 854 triumphum
1729 814 1873 846 Africano
1890 815 2081 849 decerneret,
2106 825 2196 853 Qoo

1244 865 1316 894 Ejus
1329 865 1480 886 vra-surr.
1491 875 1499 888 ‚
1522 865 1592 886 Aur
1605 865 1834 891 FELICU'ATE;
1855 855 1949 898 poffet
1958 856 2055 887 dicere
2066 878 2074 891 ,
2086 861 2102 883 4
2112 855 2132 886 si
2142 867 2198 888 ne-

1242 908 1299 938 que
1320 906 1415 927 Virtus
1431 899 1462 928 iii
1484 898 1571 927 nullo
1582 917 1589 930 ,
1611 897 1666 928 nisi
1686 901 1719 929 in
1731 899 1859 939 sapiente
1869 919 1877 932 ‚
1898 909 1955 929 nec
1962 898 2089 929 felicitas
2102 902 2114 926 5
2128 899 2198 930 vere

1243 940 1303 969 dici
1323 938 1420 983 potest
1434 942 1444 968 Ρ
1462 948 1529 979 quae
1540 938 1582 969 est
1591 941 1682 980 igitur
1692 939 1744 970 ista
1752 941 1943 981 philosophia
1953 961 1961 975 ‚
1982 951 2046 982 qua:
2058 941 2199 970 communi

1244 992 1317 1011 more
1327 1001 1335 1015 ,
1347 982 1379 1011 in
1392 984 1458 1011 toro
1470 982 1604 1021 loquitur
1617 1001 1625 1015 ,
1637 979 1653 1001 ⁶
1664 983 1695 1012 in
1707 982 1812 1013 libello
1823 1003 1831 1015 ,
1841 983 1919 1021 suo?
1940 983 2101 1022 praesertim
2113 982 2198 1016 cum,

1243 1023 1383 1063 quodilli
1396 1023 1494 1052 verbis
1506 1022 1564 1052 suis
1576 1021 1761 1063 significent,
1781 1029 1794 1052 7
1806 1028 1839 1054 in
1852 1034 1890 1054 eo
1905 1025 2123 1055 nihilnovetui·
2134 1044 2142 1058 ‚
2161 1024 2202 1055 de

1245 1063 1314 1104 ipsis
1330 1064 1418 1094 rebus
1438 1064 1514 1094 nihil
1528 1073 1677 1098 mutetur,
1699 1065 1811 1096 eaedem
1822 1074 1866 1096 res
1876 1075 2016 1096 maneant
2025 1066 2085 1096 alio
2094 1066 2201 1096 modo.

1246 1105 1329 1147 Qid
1347 1108 1431 1136 enim
1454 1104 1576 1135 interest
1585 1124 1594 1138 ‚
1617 1105 1739 1136 divitias
1751 1126 1759 1141 ,
1778 1116 1850 1148 opes
1859 1127 1867 1141 ,
1890 1107 2090 1138 valitudinem
2101 1128 2110 1142 ,
2131 1106 2202 1137 bona

1247 1148 1326 1178 dicas
1341 1167 1350 1181 ,
1361 1157 1438 1178 anne
1446 1146 1584 1188 praepofira
1595 1167 1604 1180 ‚
1614 1146 1687 1178 cum
1699 1148 1749 1178 ille
1762 1168 1771 1182 ‚
1784 1151 1839 1189 qui
1849 1147 1902 1178 ista
1912 1150 1990 1179 bona
1998 1150 2089 1183 dicit,
2102 1150 2203 1180 nihilo

1245 1191 1313 1230 plus
1322 1191 1372 1220 his
1383 1191 1491 1220 tribuat
1502 1209 1511 1222 ,
1526 1189 1616 1229 quam
1632 1198 1661 1219 tu
1676 1210 1685 1223 ,
1696 1192 1749 1230 qui
1761 1190 1863 1221 eadem
1874 1190 1927 1220 illa
1936 1189 2086 1231 praeposita
2097 1193 2203 1222 nomi—

1247 1241 1298 1262 nas
1321 1234 1332 1261 ?
1352 1234 1451 1271 Itaque
1466 1232 1561 1261 homo
1571 1232 1604 1260 in
1613 1234 1721 1271 primis
1731 1234 1881 1273 ingenuus
1891 1252 1901 1266 ,
1923 1231 2062 1272 &gravis
2072 1252 2081 1267 ,
2093 1233 2203 1273 dignus

1248 1273 1298 1303 illa
1318 1273 1521 1304 familiaritate
1540 1274 1688 1313 Scipionis
1700 1295 1708 1307 ,
1733 1274 1765 1304 ἃς
1787 1274 1895 1308 miii,
1910 1276 2070 1307 Panaet'ius,
2084 1273 2154 1304 cum
2168 1274 2206 1305 ad

1248 1315 1508 1355 QTuberonem
1528 1316 1577 1343 De
1585 1314 1672 1344 dolore
1678 1315 1806 1354 patiendo
1818 1315 1954 1347 scriberet
1969 1326 1975 1345 z
1995 1316 2077 1356 quod
2085 1314 2143 1345 efl'e
2157 1325 2206 1347 ca-

1247 1366 1300 1398 ptit
1310 1357 1442 1390 debebat,
1455 1355 1476 1386 si
1485 1356 1602 1396 probari
1613 1356 1888 1397 poffecmumquam
1899 1358 2012 1397 posuit,
2025 1368 2075 1387 nan
2086 1356 2134 1395 effi
2142 1368 2207 1390 ma-

1249 1402 1308 1429 lum
1320 1399 1457 1428 dolorem:
1478 1398 1526 1429 sed
1537 1398 1610 1438 quid
1621 1397 1690 1429 effer
1701 1420 1709 1433 ,
1733 1399 1766 1430 &
1776 1400 1862 1440 quale
1874 1420 1883 1432 ‚
1905 1409 2113 1440 quantumque
2123 1400 2157 1429 in
2166 1408 2205 1429 eo

1250 1439 1356 1472 ineffet
1365 1441 1468 1474 alieni,
1479 1439 1590 1470 deinde
1601 1451 1666 1481 quae
1679 1443 1752 1472 ratio
1762 1439 1834 1471 esset
1841 1441 2027 1481 perferendi:
2043 1442 2131 1481 cujus
2139 1443 2209 1481 qui-

1249 1484 1319 1514 dem
1330 1502 1339 1516 ‚
1360 1484 1505 1523 quoniam
1517 1483 1633 1512 Stoicus
1643 1481 1702 1513 fnit
1713 1503 1720 1516 ,
1739 1483 1888 1513 sententia
1898 1503 1907 1517 ‚
1919 1482 2119 1513 condemnata
2129 1483 2206 1512 mihi

1249 1524 1368 1555 videtur
1386 1522 1442 1554 esse
1453 1518 1467 1542 ⁸
1478 1524 1643 1552 immanitas
1653 1523 1704 1559 ista
1716 1523 1872 1553 verborum.
1896 1524 1952 1555 Sed
1963 1543 1972 1558 ,
1998 1533 2030 1554 ut
2038 1523 2162 1564 propius
2171 1523 2206 1555 ad

1250 1574 1294 1600 ea,
1305 1568 1398 1600 Cato,
1420 1565 1557 1596 accedam
1572 1585 1580 1598 ‚
1601 1575 1666 1605 quae
1681 1568 1696 1597 :i
1706 1575 1734 1596 te
1743 1565 1821 1596 dieta
1831 1565 1898 1596 sunt
1908 1586 1916 1599 ,
1942 1564 2064 1605 preffitis
2073 1575 2206 1606 agamus.

1249 1618 1341 1650 eaque
1351 1627 1360 1641 ‚
1379 1617 1445 1648 quae
1457 1605 1552 1637 modo
1563 1606 1666 1637 dixisti
1678 1627 1687 1642 ,
1705 1617 1780 1638 cum
1792 1608 1830 1637 iis
1838 1607 2032 1638 conferamus
2042 1627 2052 1642 ,
2070 1618 2137 1648 q-uae
2146 1609 2207 1638 tuis

1251 1659 1415 1690 antepono.
1437 1651 1513 1690 Qae
1523 1648 1592 1679 sunt
1602 1650 1693 1690 igitur
1700 1651 1880 1680 communia
1889 1649 1977 1680 vobis
1985 1659 2056 1679 cum
2065 1651 2210 1690 antiquis,

1249 1693 1298 1722 his
1315 1690 1352 1722 fic
1372 1699 1494 1721 utamur
1506 1709 1516 1724 ,
1533 1688 1614 1731 quasi
1625 1690 1768 1722 conceffis
1781 1701 1786 1719 :
1798 1693 1906 1732 quaein
1915 1689 2145 1721 controversiam
2155 1700 2210 1722 ve-

1250 1736 1341 1764 niunt
1355 1752 1363 1766 ‚
1381 1731 1418 1762 de
1437 1732 1475 1761 iis
1489 1751 1498 1765 ,
1517 1730 1661 1772 siplacet,
1684 1731 1869 1762 differamus.
1892 1731 2054 1763 Mihivetb
2066 1752 2076 1767 ,
2094 1733 2208 1773 inquit,

1249 1776 1343 1815 placet
1352 1775 1398 1815 agi
1408 1771 1546 1803 subtilius
1557 1792 1566 1807 ,
1579 1772 1612 1804 δε
1622 1793 1632 1806 ,
1642 1776 1693 1804 uti
1718 1774 1746 1804 se
1758 1772 1863 1804 dixisti
1874 1794 1884 1807 ‚
1894 1772 2025 1814 preffius.
2048 1782 2113 1815 quae
2121 1777 2208 1805 enim

1232 1843 1233 1862 ἦ
1250 1816 1347 1847 adhuc
1355 1813 1518 1855 protulisti,
1527 1814 1683 1855 popularia
1706 1823 1776 1846 unt:
1788 1825 1844 1857 ego
1854 1824 1953 1846 autern
1965 1816 1981 1846 a
1992 1825 2019 1847 te
2029 1817 2212 1859 elegantiora

1252 1855 1395 1888 defidero-
1418 1859 1446 1886 A
1463 1865 1553 1890 mene
1574 1865 1606 1886 tu
1620 1877 1629 1890 ²
1646 1857 1774 1898 inquam
1789 1860 1800 1887 ?
1818 1857 1867 1888 sed
1879 1867 1979 1888 tamen
1992 1860 2105 1894 enitar,
2126 1855 2212 1892 &,s1

1251 1898 1358 1931 minsis
1376 1898 1460 1929 ,mihi
1481 1895 1761 1932 muliaoccurrent‚
1788 1909 1851 1929 non
1863 1898 1976 1941 fugiam
1989 1898 2212 1940 istapopularia.

1251 1942 1308 1973 Sed
1325 1939 1465 1981 primum
1476 1938 1606 1980 positum
1621 1938 1653 1970 fit
1664 1960 1673 1975 ,
1696 1941 1898 1981 nosmetipsos
1909 1941 2139 1973 commendatos
2154 1939 2212 1972 effe

1251 1983 1360 2016 nobis,
1379 1983 1570 2023 primamque
1594 1992 1634 2012 ex
1651 1992 1753 2013 natura
1774 1984 1850 2013 hanc
1866 1984 1973 2014 habere
1981 1984 2214 2024 appetitionem,

1252 2033 1288 2056 ut
1305 2025 1492 2065 conftrvemm
1508 2024 1684 2066 nosmetipsas
1695 2043 1703 2058 ,
1727 2026 1786 2056 hoc
1805 2026 2109 2066 convenit2sequitur
2122 2024 2211 2059 illud,

1253 2077 1287 2099 ut
1295 2066 1569 2098 animadvertamus
1580 2087 1588 2100 ,
1597 2069 1650 2107 qui
1662 2066 1753 2097 simus
1763 2065 1828 2107 ipfi,
1839 2076 1872 2097 ut
1883 2077 1939 2097 nos
1951 2088 1960 2101 ,
1969 2068 2083 2107 qualeis
2095 2075 2213 2107 oportet

1253 2107 1332 2143 effe,
1353 2109 1518 2139 servemus.
1540 2107 1751 2150 sumus,i'gitur
1776 2110 1935 2139 homines:
1952 2119 1991 2139 ex
2014 2110 2120 2140 animo
2134 2117 2212 2148 con-

1254 2151 1365 2182 stamus
1376 2149 1409 2180 &
1418 2159 1542 2190 corpore
1554 2162 1563 2184 ;
1573 2160 1638 2192 quae
1647 2150 1716 2181 sunt
1728 2151 1774 2190 cuj
1781 2150 1985 2185 usdammodi3
1997 2151 2111 2191 nosque
2120 2159 2213 2190 opor-

1253 2202 1296 2224 tet
1309 2214 1318 2227 ,
1340 2201 1374 2223 ut
1393 2194 1491 2233 prima
1507 2193 1650 2232 appetitio
1668 2193 1809 2224 naturalis
1827 2192 1974 2232 postulat,
1994 2194 2058 2222 haec
2075 2191 2213 2232 diligere,

1256 2233 1495 2275 constituereque
1516 2244 1556 2264 ex
1575 2233 1622 2264 his
1641 2233 1735 2266 finem
1755 2235 1844 2265 illum
1866 2235 1981 2265 summi
2000 2234 2074 2264 boni
2095 2253 2104 2267 ‚
2125 2242 2212 2274 atque

1253 2277 1367 2307 ultimi.
1389 2285 1481 2317 quem
1491 2294 1499 2308 ‚
1509 2275 1532 2306 si
1541 2277 1637 2316 prima
1647 2287 1714 2308 vera
1724 2274 1781 2307 fint
1792 2297 1802 2310 ‚
1830 2278 1871 2307 ita
1881 2272 2024 2307 constitui
2034 2272 2148 2306 neceffe
2158 2273 2212 2309 est,

1234 2350 1235 2356 ἵ
1253 2323 1269 2347 9
1280 2324 1399 2349 EARUM
1410 2327 1542 2351 RERuM,
1554 2327 1631 2356 Qua
1640 2328 1721 2349 suN'r
1730 2327 1905 2348 secun-num
1915 2326 2050 2348 NATuRA
2056 2325 2094 2350 M,
2106 2326 2215 2357 quam-

1253 2361 1402 2401 plurima,
1419 2358 1453 2390 86
1462 2363 1690 2401 quammaxima
1699 2360 1830 2400 adipisci.
1853 2361 1946 2389 Hunc
1959 2360 2048 2400 igitur
2059 2357 2153 2388 finern
2164 2358 2214 2388 illi

1254 2410 1416 2432 tenuerunt
1441 2412 1448 2432 2
1465 2401 1609 2442 quodque
1628 2412 1683 2444 ego
1706 2402 1842 2441 pluribus
1864 2401 1962 2431 verbis
1983 2420 1992 2434 ‚
2015 2400 2061 2430 illi
2080 2398 2214 2434 brevius,

1253 2452 1436 2474 szcunnum
1453 2452 1627 2474 NATURAM
1640 2452 1782 2475 vvaRE.
1805 2444 1864 2473 hoc
1874 2444 1921 2473 his
1930 2442 2084 2474 bonorum
2095 2440 2214 2472 videtur

2117 2491 2216 2514 extre·

1256 2577 1363 2614 pessiine
1374 2577 1514 2613 pervertit.
1870 2606 1873 2607 .
2190 2606 2197 2612 ,

1294 2621 1320 2646 4.
1339 2617 1365 2640 Si
1374 2623 1446 2648 neque
1454 2617 1538 2639 virtus
1546 2615 1572 2639 in
1581 2615 1641 2639 nullo
1646 2614 1668 2648 .]
1691 2613 1852 2641 Posteriores
1862 2611 1923 2640 edd.
1934 2612 1961 2639 in
1971 2612 2015 2637 ullo
2025 2629 2034 2643 ,
2044 2608 2087 2637 {ed
2097 2607 2215 2636 nolenti-

1257 2649 1304 2676 bus
1315 2649 1458 2686 prioribus,
1469 2650 1534 2676 item
1546 2650 1614 2676 i‘all.
1626 2649 1760 2677 omnibus.
1854 2654 1858 2655 ⁷

1296 2695 1321 2719 5.
1341 2687 1395 2712 Vere
1413 2686 1461 2712 dici
1474 2686 1574 2720 potem]
1597 2686 1741 2713 Lambinus
1761 2684 1895 2719 interjecit
1906 2685 1959 2719 effer
1967 2694 1974 2708 :
1992 2681 2035 2709 sed
2057 2679 2090 2707 fic
2100 2679 2188 2706 nullus
2200 2682 2216 2707 ὲ

1239 2739 1240 2742 =
1257 2721 1315 2748 niff.
1328 2722 1465 2749 Palatinis.
1476 2722 1546 2748 idem
1557 2722 1643 2749 statim
1655 2731 1759 2758 qnoque
1769 2721 1866 2754 edidit,
1876 2725 1998 2750 maneant,
2007 2718 2053 2744 alio
2062 2716 2123 2742 modo
2130 2715 2217 2742 dican-

1257 2766 1316 2787 tur3
1337 2767 1397 2784 cum
1412 2766 1463 2784 vox
1475 2765 1562 2785 tamen
1573 2757 1669 2785 ultima
1677 2757 1800 2784 omnibus
1813 2756 1906 2784 exulet
1917 2753 2054 2781 Palatinis.

1293 2794 1321 2821 6.
1342 2797 1370 2820 ln
1378 2794 1534 2827 libello,fi10.]
1556 2794 1666 2830 Aptius,
1676 2794 1767 2826 libellis,
1779 2792 1851 2829 quod
1861 2795 1876 2819 ὲ
1884 2789 1989 2825 Cujacii
1999 2787 2090 2816 codice
2101 2792 2216 2815 annota-

1258 2837 1315 2858 tum
1327 2831 1341 2856 ii
1354 2830 1488 2865 Scaligero
1499 2829 1546 2855 illo
1558 2829 1655 2856 nostro.
2018 2826 2022 2829 ’

1295 2875 1322 2901 7.
1343 2869 1371 2891 In
1381 2875 1402 2891 eo
1411 2867 1475 2891 nihil
1482 2866 1607 2900 noverum]
1629 2865 1672 2893 Est
1683 2866 1711 2891 &
1722 2864 1812 2892 hocab
1821 2860 1949 2890 industria
1958 2859 2093 2897 Lambini,
2103 2866 2149 2886 aut
2160 2867 2218 2886 maa

1259 2902 1300 2937 gis
1312 2902 1384 2928 Petri
1397 2901 1474 2928 Fabri
1487 2920 1494 2932 ‚
1513 2901 1676 2928 autumantis·
1688 2897 1921 2928 sici-estituendum
1933 2896 2002 2924 libro
2014 2905 2034 2923 1.
2046 2904 2101 2933 cap.
2111 2904 2144 2922 21
2153 2915 2159 2922 .
2176 2894 2218 2921 se-

1261 2937 1407 2964 mestriuni.
1429 2946 1486 2964 narn
1500 2937 1568 2964 Pall.
1578 2935 1706 2964 accedunt
1717 2935 1829 2970 vulgatae
1842 2953 1849 2965 ‚
1869 2940 1976 2960 movetur
1986 2952 1996 2966 ,
2017 2940 2075 2968 quae
2085 2931 2150 2969 quid
2159 2931 2219 2958 heic

1261 2973 1353 3005 faciat,
1365 2983 1416 3000 non
1426 2972 1516 2999 video.
1536 2971 1649 3007 ideoque
1661 2979 1713 2998 non
1724 2970 1825 2997 r'eniovi
1837 2968 1963 2996 alterum.
2119 2990 2127 3003 .-

1297 3008 1322 3036 8.
1343 3011 1484 3035 Immam'tiu=
1491 3009 1535 3041 ista
1543 3007 1692 3041 verborum]
1714 3005 1888 3033 Lambiniana
1902 3025 1910 3037 ,
1918 3006 2060 3040 immitne'taq
2070 3023 2079 3036 ,
2097 3002 2140 3030 sed
2150 3002 2218 3030 alte·

1260 3054 1319 3073 rum
1331 3044 1384 3072 fuit
1394 3045 1421 3071 in
1433 3043 1494 3070 edd.
1506 3043 1577 3074 aliis,
1591 3042 1668 3068 restat
1689 3051 1721 3068 ue
1731 3041 1757 3068 in
1773 3040 1839 3068 Pali.
1852 3041 1988 3068 universis.
2077 3073 2081 3075 -
2112 3039 2145 3073 32*
2181 3047 2184 3050 ’

1295 3089 1324 3116 9.
1344 3084 1440 3106 Earum
1450 3087 1529 3104 rerum
1537 3087 1586 3112 quae
1596 3051 1685 3112 suunt]¹
1703 3077 1799 3105 Pluma
1809 3077 1893 3104 levius
1904 3077 1940 3105 est
1951 3096 1960 3110 ,
1975 3072 2023 3104 ’ἷὲἀ
2035 3074 2125 3103 tamen'
2142 3059 2219 3101 ei‘i'ic

1260 3125 1366 3152 quoque
1376 3114 1449 3141 suum
1459 3113 1496 3140 est
1506 3113 1609 3151 pondus
1620 3121 1630 3147 ᾗ
1650 3122 1731 3150 quare
1740 3113 1903 3144 monendum
1913 3113 1981 3147 duaci
1992 3132 2002 3147 ‚
2011 3111 2040 3141 iri
2051 3109 2225 3159 Pjtllmmni?

1261 3153 1308 3182 bus
1319 3157 1409 3182 exmrfl
1415 3150 1476 3187 fint·
2067 3168 2076 3183 ,-

2111 3190 2134 3211 1.
2146 3181 2210 3216 Q·-

2231 1532 2274 1557 10
