2337 3400
177 154 271 218 580
560 144 1066 197 M.Tv1,1.11

177 234 373 277 promulgatae
382 227 522 264 essent,&
531 228 566 259 de
576 229 653 264 te‚&
661 228 677 259 ὲ
688 228 795 258 relatas
802 226 993 258 confiterere?
1002 225 1074 257 cum
1082 235 1136 257 au-

181 278 270 317 spicia
284 283 375 315 augur
386 293 394 306 ,
412 269 649 302 interceffionem
664 270 769 300 consul
784 268 964 300 sustuliss‘es?
980 268 1053 300 cum
1062 266 1136 298 effes

181 315 341 348 §oediffime
352 315 473 354 stipatus
482 315 602 343 armatis
614 315 624 341 ?
641 312 713 345 cum
724 313 844 342 omneis
854 313 1040 351 impuritates
1047 309 1136 350 pudi-

183 361 254 388 cain
266 358 361 387 domo
371 355 506 396 quotidie
516 355 673 394 susciperes
683 373 691 386 ‚
704 355 789 386 vino,
801 352 956 394 lustrisque
966 351 1136 383 constans?

185 403 224 430 At
233 409 287 437 ego
296 419 304 432 ‚
316 407 457 438 tanquam
469 398 545 426 milii
555 405 626 426 cum
636 393 784 426 M.Craff0
793 397 950 425 contentio
961 393 1031 425 esset
1040 414 1048 428 ,
1059 404 1136 435 quo—

184 450 254 470 cum
267 440 369 469 multae
380 459 388 472 ‚
409 439 442 469 δε
456 447 571 480 magnae
588 438 709 467 fuerunt
718 457 726 472 ‚
747 446 811 467 non
821 446 890 467 cum
903 446 966 466 uno
975 436 1135 476 gladiatore

183 480 377 522 nequiffimo‚
389 480 425 510 de
434 490 464 510 re
489 502 493 506 .
505 481 631 521 graviter
639 488 778 519 querens,
790 478 826 508 de
836 480 962 509 homine
972 478 1050 507 nihil
1060 478 1135 508 dixi.

142 531 167 562 4
185 526 285 564 Itaque
300 522 394 553 hodie·
402 532 456 562 pro
481 524 557 551 ciam
572 542 581 554 ,
598 530 630 550 ut
645 521 808 560 intelligat,
828 530 975 561 quantum
987 529 1051 549 tum
1062 520 1077 549 a
1088 529 1136 549 me

183 563 366 595 beneficium
377 565 530 603 acceperit.
554 566 593 592 At
605 564 696 593 etiam
712 563 838 596 litteras,
856 572 927 603 quas
943 572 993 593 me
1011 560 1063 592 fibi
1078 563 1137 591 mi-

183 604 246 635 siffe
259 606 368 636 diceret
381 625 390 639 ‚
410 607 561 638 recitavit,
583 606 678 634 homo
696 604 728 634 ὃ(
748 605 940 635 humanitatis
960 613 1065 643 expers
1077 623 1084 637 ‚
1106 603 1138 633 &

183 649 252 678 vitae
263 649 436 677 communis
446 648 573 688 ignarus.
597 649 682 686 Qgis
696 655 786 675 ENiM
801 655 957 685 UMQAM
968 666 975 679 ‚
993 647 1045 686 qui
1056 645 1140 685 paul-

183 689 248 719 lum
269 689 363 719 modo
379 689 531 719 bonorum
545 688 794 718 consuetudinem
811 687 907 718 nofl‘et
918 708 926 720 ‚
946 688 1057 718 litteras
1067 686 1100 716 ad
1112 686 1139 716 se

182 731 218 761 ab
229 734 329 761 arnico
340 729 438 760 miss'as
450 750 458 763 ‚
470 728 636 760 offiensione
647 730 743 771 aliqua
754 728 921 769 interposita
933 750 940 763 ,
958 731 989 759 in
1001 728 1138 759 medium

182 774 324 812 protulit,
338 773 494 812 palamque
503 773 655 801 recitavit?
669 775 678 790 ¹
691 771 763 812 quid
775 770 815 800 est
825 771 905 801 aliud
919 791 927 804 ‚
939 771 1044 800 tollere
1055 771 1071 799 e
1083 772 1142 799 vita

182 816 252 844 vitae
263 815 429 844 societatem
440 834 448 847 ,
460 817 473 832 ²
482 813 571 853 quam
584 813 687 842 tollere
699 815 867 842 amicorum
877 812 1028 852 colloquia
1037 811 1140 841 absen—

180 858 259 886 tium
272 862 282 884 ?
295 860 387 897 quam
401 856 567 893 multajoca
575 855 672 884 solent
682 853 738 884 essT:
752 864 782 883 in
793 853 925 893 epistolis
935 873 943 886 ,
955 863 1019 894 quae
1031 853 1142 892 prolata

181 896 202 926 si
215 895 268 928 lint
281 917 289 931 ‚
310 900 409 937 inepta
418 896 476 927 esse
489 896 663 927 videantur?
682 898 770 936 quum
784 897 877 924 multa
887 896 958 925 seria
968 915 976 928 ,
993 904 1088 935 neque
1100 903 1142 924 ta—

182 948 255 969 men
276 940 338 969 uilo
359 939 453 969 modo
472 937 670 977 divulganda?
694 941 736 968 Sit
755 938 812 966 hoc
830 937 1059 967 inhumanitatis
1073 945 1138 965 tuae:

182 980 340 1011 stultitiam
359 980 571 1010 incredibilem
589 979 700 1008 videte.
731 979 811 1017 Quid
832 978 920 1008 habes
931 998 939 1012 ‚
959 978 1041 1021 quod
1061 978 1139 1008 mihi

179 1024 406 1062 oppon-asmona>
414 1022 522 1060 diserte,
534 1030 566 1050 ut
577 1019 724 1050 Mustellae
735 1019 870 1050 Tamisio
880 1040 887 1053 ‚
904 1021 936 1050 &
949 1022 1060 1051 Tironi
1070 1022 1139 1049 Nu-

181 1063 270 1094 misio
282 1064 409 1094 videris?
433 1065 507 1103 3qui
519 1062 590 1092 cum
605 1063 663 1092 hoc
677 1063 742 1102 ipso
757 1071 890 1102 tempore
904 1062 981 1092 stent
994 1071 1063 1091 cum
1079 1061 1140 1102 gla-

183 1105 243 1136 diis
257 1107 288 1135 in
302 1104 460 1144 conl'pe6tu
473 1104 588 1134 senatus
599 1124 607 1137 ‚
629 1113 682 1144 ego
692 1114 812 1144 quoque
822 1113 849 1133 te
859 1103 1004 1134 disertum
1015 1103 1138 1143 putabo,

183 1145 204 1177 fi
219 1146 383 1177 ostenderis
396 1166 403 1179 ‚
424 1145 582 1186 quomodo
600 1143 636 1175 sis
657 1155 708 1175 eos
725 1148 803 1175 inter
819 1143 935 1175 ficarios
952 1144 1137 1175 defensurus.

182 1189 239 1220 Sed
250 1187 323 1229 quid
335 1197 467 1227 opponas
478 1187 598 1217 tandem
608 1207 616 1220 ‚
630 1185 649 1216 si
660 1197 765 1228 negem
778 1207 785 1220 ‚
799 1197 848 1217 me
859 1197 1003 1227 umquam
1014 1185 1081 1215 istas
1092 1185 1141 1214 lit-

183 1239 256 1260 teras
266 1230 300 1259 ad
312 1238 340 1259 te
352 1227 459 1259 mifisse
470 1231 480 1258 ?
490 1239 550 1269 quo
561 1238 610 1258 me
621 1228 692 1258 teste
702 1230 878 1259 convinces?
887 1238 922 1258 an
932 1227 1141 1268 chirographo?

182 1273 216 1301 in
226 1281 288 1312 quo
299 1271 387 1301 habes
398 1271 552 1301 scientiam
563 1268 838 1311 quaestuosam-Qi
847 1267 947 1309 poffis?
956 1273 973 1295 4
981 1269 1048 1299 sunt
1058 1269 1141 1298 enim

181 1313 297 1343 librarii
307 1322 408 1343 manu.
429 1313 498 1354 jam
508 1313 634 1342 invideo
645 1310 785 1353 magistro
796 1321 858 1344 tuo,
869 1313 921 1351 qui
930 1319 959 1341 te
970 1319 1048 1341 tanta
1058 1319 1138 1339 mer-

180 1354 272 1388 cede,
291 1363 432 1395 quantam
449 1355 511 1394 jam
533 1353 681 1394 proferam
693 1374 702 1388 ‚
722 1352 796 1382 m'hil
807 1353 901 1393 stipere
919 1353 1032 1382 docuit.
1061 1351 1142 1391 Qid

185 1399 268 1427 enim
283 1395 326 1426 est
336 1395 439 1426 min-:is
451 1405 514 1426 non
525 1395 594 1425 dico
611 1397 755 1429 oratoris,
774 1395 821 1425 sed
836 1396 973 1424 hominis
983 1414 993 1428 ,
1010 1393 1101 1435 quarn
1111 1393 1141 1423 id

183 1439 315 1479 objicere
325 1438 490 1468 adversario
499 1457 508 1471 ‚
529 1437 610 1478 quod
621 1437 671 1467 ille
683 1436 703 1467 si
713 1435 794 1466 verbo
804 1437 914 1477 negarit
922 1456 931 1470 ,
943 1435 1063 1477 longius
1073 1445 1144 1475 pro—

181 1480 264 1522 gredi
276 1489 338 1510 non
347 1478 446 1520 poffit,
457 1481 510 1520 qui
519 1480 684 1518 objecerit?
708 1482 747 1509 At
756 1488 812 1520 ego
822 1488 885 1508 non
896 1487 973 1519 nego
985 1489 989 1506 :
1011 1487 1097 1518 teque
1109 1487 1142 1507 in

183 1520 242 1552 isto
259 1522 322 1562 ipso
337 1523 490 1552 convinco
501 1542 510 1554 ‚
530 1531 593 1551 non
607 1521 836 1551 inhumanitatis
850 1519 950 1550 solum
963 1539 971 1553 ,
992 1519 1040 1549 sed
1051 1521 1142 1549 etiam

181 1565 332 1594 amentiae.
356 1563 447 1601 Quod
459 1565 543 1592 enim
559 1562 685 1592 verbum
700 1564 733 1592 iii
748 1561 810 1592 istis
823 1561 929 1591 litteris
943 1560 986 1592 est
999 1570 1063 1591 non
1077 1561 1140 1601 ple-

181 1615 258 1635 num
272 1606 465 1634 humanitatis
474 1624 482 1637 ,
496 1603 591 1633 officii
602 1624 609 1637 ,
622 1603 858 1633 benivolennae?
871 1612 965 1633 omne
975 1612 1074 1633 autem
1084 1604 1141 1632 cri—

185 1656 258 1676 men
269 1655 353 1676 tuum
366 1645 424 1679 est,
445 1644 528 1686 quod
545 1645 582 1675 de
598 1654 626 1675 te
643 1646 676 1674 in
688 1646 735 1674 his
748 1645 853 1675 litteris
866 1654 930 1674 nori
945 1644 1024 1674 male
1036 1643 1139 1674 existi-

183 1698 283 1718 mem:
306 1686 388 1728 quod
399 1687 522 1717 scribam
539 1696 680 1728 tanquam
698 1686 733 1717 ad
745 1689 845 1717 civem
859 1706 867 1720 ,
890 1695 1027 1727 tanquam
1039 1686 1074 1716 ad
1086 1686 1139 1716 bo—

188 1739 264 1760 num
274 1730 375 1759 virum
388 1740 395 1763 3
405 1739 468 1759 non
479 1738 617 1770 tanquam
627 1728 662 1758 ad
673 1729 845 1759 sceler-atum
855 1748 864 1762 ,
876 1728 908 1758 &
918 1729 1075 1758 latronem.
1100 1730 1140 1758 At

186 1781 242 1813 ego
253 1780 315 1801 tuas
329 1771 437 1800 litteras
448 1791 456 1804 ‚
479 1769 528 1800 etsi
544 1772 608 1810 jure
624 1780 757 1810 poteram
773 1770 789 1800 a
810 1779 838 1800 te
855 1768 998 1800 lacessitus
1009 1790 1016 1803 ‚
1037 1778 1138 1799 tamen

184 1823 249 1843 non
259 1815 408 1853 proferam
420 1823 426 1841 :
440 1812 549 1852 quibus
559 1813 635 1851 petis
644 1831 653 1845 ‚
666 1821 698 1842 ut
707 1812 761 1842 tibi
772 1822 823 1852 per
835 1823 882 1842 me
894 1812 980 1841 liceat
988 1810 1138 1851 quendam

184 1854 222 1885 de
233 1853 336 1884 exsilio
346 1854 500 1884 reducere:
515 1853 686 1894 adjurasque
697 1874 705 1886 ‚
718 1853 748 1883 id
760 1863 787 1883 te
799 1874 806 1887 ,
819 1855 919 1883 invito
930 1863 978 1882 me
988 1873 996 1886 ‚
1009 1862 1071 1882 non
1082 1851 1139 1882 ess'e

184 1895 334 1926 faCmrum
348 1906 353 1924 2
372 1895 461 1936 idque
475 1895 490 1925 ὲ
505 1905 554 1924 me
565 1895 705 1935 impetras.
728 1895 801 1936 quid
813 1897 895 1925 enim
908 1904 957 1923 me
968 1897 1140 1934 interpone-

182 1947 248 1968 rem
263 1937 390 1967 audacia:
405 1946 477 1967 tuae:
497 1947 588 1978 quam
606 1946 703 1977 neque
725 1936 883 1966 austeritas
903 1936 990 1975 hujus
1009 1936 1137 1969 ordinis,

182 1989 279 2020 neque
293 1978 477 2009 existimatio
489 1979 593 2018 populi
603 1977 848 2019 Romani‚neque
860 1978 938 2020 leges
948 1978 1016 2007 ullae
1024 1976 1142 2017 postent

182 2023 316 2051 co‘e'rcere
329 2024 339 2050 ?
361 2023 576 2050 Verumtamen
587 2019 660 2060 quid
671 2030 740 2054 erat,
752 2019 833 2061 quod
846 2030 894 2050 me
905 2029 1020 2061 rogares
1031 2039 1039 2052 ,
1051 2017 1071 2048 si
1082 2027 1141 2048 erat

183 2063 209 2093 is
221 2083 229 2095 ,
249 2062 286 2092 de
303 2063 364 2103 quo
382 2063 501 2104 rogabas
512 2082 520 2096 ,
539 2063 657 2092 Caesaris
674 2063 737 2102 lege
751 2061 911 2092 rcdu&us?
932 2060 989 2091 Sed
1000 2060 1141 2091 videlicet

185 2113 286 2134 meam
304 2106 426 2145 gratiam
441 2102 622 2134 voluitess‘e:
640 2105 673 2133 iti
691 2114 752 2144 quo
773 2114 811 2134 ne
830 2102 920 2144 ipsius
937 2102 1061 2144 quidem
1082 2103 1142 2133 ulla

144 2154 164 2185 5
184 2155 299 2186 poterat
309 2144 366 2176 ess'e
378 2166 386 2178 ,
407 2146 546 2187 lcgelata.
590 2145 646 2175 Sed
661 2155 728 2175 cuin
746 2147 843 2179 mihi,
863 2154 957 2185 patres
966 2145 1138 2183 conscripti,

185 2188 219 2218 &
233 2197 286 2227 pro
304 2197 352 2217 me
368 2187 479 2228 aliquid
492 2199 501 2222 3
521 2188 552 2217 δε
563 2188 596 2217 iii
607 2189 826 2217 M.Antoniurn
836 2187 931 2217 multa
940 2186 1064 2216 dicenda
1075 2185 1140 2216 sint:

182 2229 311 2259 alterurn
323 2238 392 2268 peto
404 2230 419 2259 a
428 2229 516 2259 vobis
527 2249 536 2262 ,
548 2238 580 2259 ut
589 2239 644 2269 pro
655 2238 704 2258 me
715 2229 867 2259 dicentem
878 2249 886 2262 ‚
903 2227 1032 2268 benigne
1047 2239 1052 2257 :
1067 2229 1140 2257 alte-

184 2280 253 2301 rum
272 2271 332 2310 ipsc
349 2269 499 2304 efficiam,
521 2280 572 2303 ut,
595 2271 796 2300 contraillum
808 2280 879 2300 cum
889 2270 1007 2302 dicam,
1027 2269 1136 2299 attente

184 2311 319 2342 audiatis.
343 2310 429 2341 simul
439 2312 515 2341 illud
527 2322 599 2341 oro:
616 2310 636 2340 fi
648 2321 747 2341 meam
759 2311 830 2341 curn
841 2314 873 2341 in
885 2314 972 2340 omni
983 2312 1043 2341 vita
1053 2331 1061 2344 ‚
1073 2319 1139 2340 tum

185 2355 217 2383 in
237 2353 368 2383 dicendo
380 2353 621 2383 moderationem
633 2372 641 2386 ,
662 2352 900 2392 modestiamque
910 2351 1061 2392 cognostis
1072 2371 1081 2384 ,
1101 2362 1139 2381 ne

184 2404 236 2425 me
246 2395 338 2425 hodie
351 2415 359 2428 ‚
379 2394 449 2424 cum
460 2394 506 2424 isti
519 2415 527 2428 ,
547 2395 770 2435 utprovocavir,
785 2393 972 2433 respondebo
983 2413 991 2425 ‚
1007 2393 1139 2422 oblitum

185 2434 244 2466 effe
254 2439 364 2477 putetis
375 2438 446 2466 mei.
463 2446 527 2466 non
538 2436 668 2466 tractabo
679 2445 711 2466 ut
720 2436 893 2466 consulem:
907 2444 945 2464 ne
955 2435 1005 2463 ille
1015 2434 1138 2475 quidem

187 2488 236 2508 me
249 2478 487 2508 utconsularem.
511 2476 560 2507 etfi
578 2478 628 2507 ille
643 2477 729 2507 nullo
742 2477 837 2507 modo
851 2476 975 2509 consul,
996 2477 1043 2505 vel
1056 2474 1139 2516 quod

185 2521 225 2550 ita
234 2522 328 2553 vivit,
349 2521 397 2549 vel
415 2519 498 2561 quod
515 2521 554 2549 ita
573 2529 666 2559 remp.
679 2521 771 2560 gerit,
794 2519 841 2548 vel
851 2517 932 2558 quod
944 2519 983 2547 ita
993 2516 1087 2547 faetus
1097 2516 1139 2546 est

185 2561 291 2590 consul
304 2572 309 2590 z
330 2571 384 2602 ego
395 2560 454 2591 sine
465 2561 525 2591 ulla
535 2559 732 2591 controversia
741 2560 915 2590 consularis.
939 2562 980 2589 Ut
993 2560 1083 2600 igitur
1093 2561 1139 2588 in-

187 2602 358 2642 telligeretis
370 2624 378 2636 ,
394 2603 512 2643 qualem
526 2603 587 2642 ipsc
603 2603 630 2632 se
642 2602 798 2632 consulem
812 2600 1014 2641 profiteretur,
1032 2601 1141 2639 objecit

189 2645 267 2673 mihi
277 2645 462 2674 consulatum
475 2653 588 2674 meum.
604 2646 656 2685 qui
666 2645 847 2676 consulatus,
857 2643 950 2673 verbo
960 2652 1057 2675 meus,
1070 2644 1138 2672 P.C.

187 2694 219 2715 re.
229 2704 237 2717 ,
253 2683 412 2722 veslerfuit.
435 2685 506 2726 quid
515 2688 598 2715 enim
609 2685 751 2715 constitui
764 2706 772 2719 ,
787 2685 858 2726 quid
869 2683 938 2725 gessi
951 2704 959 2717 ‚
973 2682 1027 2713 nisi
1038 2693 1075 2713 ex
1086 2685 1142 2713 hu-

184 2727 235 2766 jus
245 2726 359 2756 ordinis
369 2726 494 2757 consilio
503 2747 511 2761 ‚
526 2727 699 2757 auetoritate
708 2747 716 2760 ‚
734 2728 899 2757 sententia?
922 2728 995 2755 Haec
1005 2734 1036 2755 tu
1047 2726 1142 2754 homo

189 2768 304 2807 sapiens
314 2787 322 2802 ,
335 2777 397 2798 non
408 2769 508 2799 solum
521 2769 666 2810 eloquens
676 2788 685 2803 ,
696 2768 773 2810 apud
783 2778 834 2799 cos
845 2788 854 2802 ‚
863 2777 994 2809 quorum
1006 2766 1142 2800 consilio,

232 2898 242 2915 ι
250 2909 255 2914 .
276 2891 343 2923 ,(Ξεςιά
351 2893 386 2915 ef?
394 2892 470 2922 aliud,
480 2892 554 2916 tollere
562 2892 573 2917 ὲ
582 2895 638 2917 vira
649 2911 657 2923 ‚
668 2892 736 2926 ἀνα]
760 2893 802 2918 lta
811 2901 902 2918 omnes
913 2890 969 2917 fere
981 2890 1042 2917 libri
1054 2890 1148 2925 quibus
1166 2898 1168 2903 ’

192 2923 251 2952 usus
262 2926 398 2951 Feri-arius
410 2935 418 2955 3
431 2935 514 2961 neque
525 2926 594 2953 secus
608 2927 674 2954 l‘all.
686 2927 735 2954 sec.
746 2937 776 2954 ac
786 2929 812 2953 S.
824 2926 895 2954 Visst.

229 2969 256 2986 2..
275 2962 353 2993 ,Qmm
363 2964 434 2986 tollere
445 2964 594 2997 amicorum]
616 2963 713 2989 Melius
725 2963 790 2990 istud
803 2983 812 2995 ‚
831 2966 844 2989 ὸ
866 2962 950 2989 tribus
962 2962 1018 2989 mss.
1038 2962 1146 2995 nostris,

194 2998 274 3034 quam
289 2997 594 3031 vulgatumdocictatem?
613 3002 685 3024 tollere
696 3008 743 3025 am.
755 3000 805 3029 &c.
825 2999 998 3025 Gulielmius.

232 3040 257 3067 3.
275 3033 324 3064 Q}
332 3041 382 3057 cum
391 3034 430 3058 hoc
438 3033 615 3068 ipfhtrmpore]
638 3036 758 3061 Muretus
774 3034 873 3060 indicat
893 3035 993 3061 exstare
1004 3034 1029 3060 in
1040 3035 1147 3061 Vatica-

193 3077 228 3095 no
239 3068 298 3094 cod.
316 3068 401 3101 ipfiimo
411 3086 420 3099 ,
439 3067 508 3103 quod
521 3077 622 3095 mutare
634 3070 728 3105 religio
747 3069 799 3096 fuit
809 3070 968 3097 Gulielmio.
989 3069 1052 3105 quid
1063 3071 1145 3101 euim,

194 3103 279 3135 addit,
292 3111 375 3135 vetat,
387 3110 487 3129 veteres
497 3103 591 3130 dixiffc
601 3106 774 3138 ipfiemm,cum
786 3105 865 3132 iidem
878 3106 1072 3141 frequentarint
1081 3107 1146 3140 i'pfil'-

189 3142 285 3175 frum?
304 3140 343 3165 At
353 3138 493 3165 Turnebus
505 3139 551 3165 lib.
563 3149 608 3165 xv.
623 3139 732 3167 Advers.
743 3151 798 3177 cap.
809 3150 837 3167 2.
858 3141 1017 3177 transpositis
1029 3142 1144 3170 elcnieu-

196 3183 230 3203 tis
240 3175 266 3204 le
271 3175 388 3212 uterque
399 3175 521 3209 mutatis,
531 3174 592 3202 inde
602 3175 713 3205 siciebat
716 3196 724 3210 ,
734 3181 775 3212 qui
784 3187 835 3204 cum
843 3179 987 3213 hotpeffimo,
996 3178 1048 3210 else.

1128 144 1677 197 Cicnkonts

1182 227 1380 270 sapientiaque
1396 228 1475 270 gesta
1490 230 1557 262 sunt
1567 251 1577 266 ,
1593 233 1678 264 ausus
1694 240 1725 263 es
1736 231 1922 273 vituperare?
1943 227 2018 271 Qis
2028 234 2131 261 autem

1183 279 1288 300 meum
1305 270 1494 302 COsssUlatum
1506 293 1515 306 ι
1533 283 1637 312 praeter
1650 277 1679 306 P.
1689 274 1830 305 Clodium
1845 293 1853 307 ,
1872 275 1924 314 qui
1944 275 2133 312 vituperaret,

1182 313 1322 342 inventus
1332 311 1397 342 est?
1415 313 1502 352 cujus
1511 315 1634 354 quidem
1643 325 1673 346 te
1681 315 1777 346 fatum
1790 336 1798 349 ‚
1822 315 1903 346 ficuti
1914 317 1946 345 C.
1957 315 2134 346 Curionem,

1182 363 1301 398 manet:
1321 355 1469 394 quoniam
1479 354 1512 385 id
1522 355 1608 386 domi
1619 365 1676 387 tuae
1684 357 1726 387 est
1735 377 1743 390 ,
1765 357 1846 398 quod
1857 356 1914 387 fuit
1925 356 2049 385 illorum
2061 356 2137 384 utri-

1182 405 1239 436 que
1257 396 1352 425 fatale.
1376 398 1450 426 Non
1466 396 1562 437 placet
1579 399 1681 428 Marco
1696 401 1832 429 Antonio
1849 398 2021 429 consulatus
2040 405 2138 425 meus.

1183 441 1222 467 At
1232 438 1511 477 placuitP.Servilio
1522 458 1532 472 ,
1552 447 1583 469 ut
1602 449 1672 469 eum
1686 443 1818 480 primum
1833 441 1994 470 nominem
2005 448 2042 468 ex
2053 438 2138 467 illius

1184 480 1326 518 temporis
1335 479 1540 510 consularibus
1550 499 1563 514 ,
1577 483 1629 521 qui
1643 482 1782 521 proxime
1796 491 1932 512 mortuus
1946 479 1988 511 est
2000 491 2004 508 :
2026 480 2136 520 placuit

1184 523 1346 558 Q-Lutatio
1358 521 1465 551 Catulo
1476 541 1485 555 ‚
1505 523 1592 561 cujus
1605 523 1719 562 semper
1732 526 1763 553 in
1779 524 1832 553 hac
1846 520 2137 563 rep.vivetau5kori-

1184 571 1225 592 tas
1247 573 1252 590 :
1274 563 1384 602 placuit
1403 562 1522 593 duobus
1541 565 1676 594 Lucullis
1691 584 1699 597 ,
1721 566 1764 594 M.
1776 563 1872 595 Crasti)
1884 585 1893 597 ,
1913 561 2136 603 QHortensio.

1185 606 1216 633 C.
1229 606 1370 638 Curioni,
1382 606 1426 634 M.
1438 605 1570 644 Lepido,
1583 607 1615 635 C.
1627 606 1744 638 Pisoni,
1759 609 1771 632 5
1781 608 1824 635 M.
1835 605 2010 638 Glabrioni,
2021 603 2138 635 L.V01-

1183 647 1261 676 catio
1270 666 1278 680 ‚
1288 647 1447 688 C.Figulo,
1459 647 1604 677 D.Silano
1613 666 1622 680 ,
1632 648 1806 676 L.Murenae
1817 667 1824 680 ,
1836 649 1887 687 qui
1898 656 1962 676 turn
1973 655 2137 676 erantcon-

1184 687 1262 718 sules
1273 686 1412 738 designati
1426 698 1431 717 z
1445 689 1554 728 placuit
1563 688 1645 718 idem
1658 709 1666 721 ,
1678 688 1758 729 quod
1769 688 1971 718 consularibus
1982 707 1991 721 ,
2003 690 2138 718 M.Cato-

1186 730 1218 759 ni
1230 739 1235 758 :
1255 732 1387 770 quicum
1399 731 1510 764 multa,
1528 732 1590 760 vita
1600 731 1746 760 excedens
1756 750 1764 763 ‚
1777 730 1923 772 providit:
1942 739 2006 759 tum
2016 728 2098 769 quod
2109 738 2138 759 te

1183 772 1339 801 consulem
1353 781 1416 802 non
1425 772 1512 801 vidit.
1535 772 1672 802 Maxime
1682 771 1754 801 vero
1766 772 1953 801 consulatum
1965 780 2068 800 meum
2079 772 2135 800 Cn.

1185 813 1347 852 Pompejus
1360 813 1512 853 probavit:
1531 816 1583 854 qui
1599 823 1630 843 ut
1644 823 1691 843 me
1705 815 1838 852 primum
1854 812 2000 842 decedens
2011 821 2048 841 ex
2057 814 2141 850 Syria

1186 854 1281 887 vidit,
1293 855 1472 894 complexus
1483 875 1492 888 ,
1511 855 1544 884 δε
1553 856 1699 897 gratulans
1711 875 1719 888 ‚
1739 865 1810 884 meo
1819 852 1967 885 beneficio
1977 855 2098 893 patriam
2110 852 2139 882 se

1183 895 1312 926 visurum
1336 895 1394 926 effe
1414 897 1501 926 dixit.
1530 897 1586 927 Sed
1600 896 1671 937 quid
1685 895 1814 937 singulos
1827 897 2062 927 commemoro?
2079 893 2140 924 fre-

1183 936 1377 977 quentiffimo
1394 939 1506 968 senatui
1527 937 1564 968 sic
1579 939 1708 978 placuit,
1731 948 1764 969 ut
1780 936 1850 968 ess'et
1860 948 1953 967 nemo
1964 958 1972 971 ,
1993 938 2045 977 qui
2060 936 2139 965 mihi

1184 988 1266 1013 non,
1283 989 1314 1009 ut
1322 983 1453 1020 parenti,
1470 982 1572 1021 gratias
1581 989 1693 1021 ageret:
1735 983 1839 1010 uinon
1851 981 1928 1009 mihi
1938 982 2029 1009 vitam
2042 978 2136 1011 suam,

1184 1020 1293 1050 liberos
1307 1041 1315 1054 ‚
1335 1019 1492 1052 ⁶tortunas
1503 1042 1511 1055 ‚
1532 1023 1670 1063 rempub.
1683 1033 1710 1052 re
1727 1032 1800 1052 erret
1815 1030 1972 1061 acceptam.
1995 1019 2050 1051 Sed
2061 1029 2137 1060 quo-
2153 1016 2175 1049 6

1184 1062 1266 1091 niam
1278 1063 1338 1091 illis
1348 1082 1357 1096 ,
1376 1073 1452 1103 quos
1463 1066 1620 1094 nominavi
1633 1084 1641 1096 ‚
1654 1073 1696 1094 [οε
1708 1064 1858 1094 &talibus
1868 1066 1939 1093 viris
1952 1062 2026 1102 resp.
2037 1064 2138 1091 orbata

1184 1101 1243 1132 est:
1258 1108 1273 1130 7
1283 1106 1440 1133 veniamus
1450 1104 1484 1134 ad
1496 1107 1598 1139 vivos,
1611 1107 1662 1146 qui
1673 1106 1734 1135 duo
1744 1105 1761 1135 ὲ
1771 1106 1918 1135 consulari
1929 1113 2056 1133 numero
2066 1103 2139 1132 reli-

1183 1145 1234 1184 qui
1252 1145 1328 1174 sunt.
1352 1146 1495 1179 L.Cotta,
1515 1149 1562 1175 vir
1579 1146 1699 1176 summo
1714 1149 1836 1187 ingenio
1849 1167 1857 1179 ,
1879 1146 2055 1185 summaque
2067 1154 2138 1184 pru-

1184 1186 1283 1216 dentia
1293 1205 1302 1219 ,
1325 1186 1413 1216 rebus
1425 1188 1462 1217 iis
1473 1186 1559 1227 gestis
1571 1207 1579 1220 ‚
1597 1197 1667 1228 quus
1677 1196 1708 1217 tu
1717 1188 1907 1227 reprehendis
1919 1207 1927 1220 ,
1949 1188 2140 1226 supplicatio-

1185 1237 1256 1256 nem
1266 1226 1397 1258 decrevit
1407 1228 1505 1258 verbis
1515 1227 1702 1268 ampliffirnis
1716 1239 1720 1257 :
1733 1239 1819 1269 eique
1830 1229 1874 1258 illi
1886 1227 1948 1268 ipsi,
1959 1237 2033 1267 quos
2043 1225 2138 1257 modo

1185 1270 1354 1303 nominavi.
1363 1270 1545 1303 consulares,
1558 1271 1730 1310 senatusque
1739 1270 1864 1301 cunctus
1874 1268 2004 1299 ass‘ensus
2012 1268 2062 1299 est.
2086 1270 2140 1308 qui

1185 1311 1284 1341 honos
1298 1310 1365 1351 post
1378 1311 1530 1341 conditam
1545 1313 1621 1342 hanc
1639 1312 1744 1342 urbem
1765 1312 1880 1342 habitus
1899 1310 1941 1341 est
1960 1318 2054 1351 togato
2073 1318 2141 1339 ante

1186 1362 1236 1382 me
1247 1354 1377 1382 nemini.
1400 1355 1435 1383 L.
1446 1354 1539 1383 Caesar
1549 1374 1556 1387 ‚
1568 1355 1733 1384 avunculus
1744 1363 1811 1383 tuus
1822 1374 1830 1387 ,
1846 1364 1902 1394 qua
1913 1356 2048 1383 oratione
2059 1372 2068 1385 ‚
2082 1360 2141 1392 qua

1185 1393 1371 1429 constantia,
1388 1404 1445 1435 qua
1459 1398 1599 1436 gravitate
1612 1397 1788 1427 sententiam
1806 1396 1884 1425 dixit
1900 1397 1933 1425 in
1950 1395 2062 1424 sororis
2082 1394 2141 1423 suae

1186 1438 1285 1465 virum
1297 1457 1306 1469 ,
1317 1438 1459 1467 vitricum
1473 1447 1558 1467 tuum
1570 1440 1580 1467 ?
1590 1438 1671 1468 hunc
1681 1447 1712 1467 tu
1723 1437 1791 1467 cum
1803 1437 1955 1467 auctorem
1967 1456 1975 1470 ‚
1989 1436 2021 1472 ὃς,
2031 1445 2141 1475 praece-

1184 1487 1300 1518 prorem
1313 1481 1454 1508 omnium
1464 1478 1659 1509 consiliorum
1672 1499 1681 1513 ‚
1693 1479 1843 1520 totiusque
1853 1482 1921 1509 vitae
1931 1476 2078 1508 debuiss'es
2088 1478 2141 1507 ha-

1186 1520 1253 1550 bere
1263 1539 1272 1553 ‚
1286 1521 1383 1550 vitrici
1395 1529 1421 1550 te
1431 1519 1561 1551 similem
1572 1541 1580 1554 ,
1596 1525 1685 1561 quarn
1696 1522 1835 1551 avuncuii
1845 1519 1902 1550 effe
1916 1518 2061 1549 maluisti.
2081 1519 2142 1548 hu-

1181 1562 1230 1601 jus
1249 1571 1304 1603 ego
1321 1560 1452 1592 consiliis
1468 1562 1576 1591 alienus
1588 1563 1693 1592 consul
1705 1563 1774 1592 usus
1784 1563 1848 1592 sum
1862 1573 1867 1590 z
1886 1572 1918 1592 tu
1928 1563 2036 1591 sororis
2047 1558 2140 1593 filius,

1182 1603 1289 1644 ecquid
1299 1603 1334 1633 ad
1345 1613 1414 1633 eum
1428 1613 1571 1644 umquam
1583 1604 1620 1633 de
1629 1604 1732 1643 repub.
1744 1603 1869 1633 retulisti
1881 1607 1892 1632 ?
1909 1603 1943 1633 ad
1953 1611 2031 1643 quos
2039 1600 2142 1631 refert?

1184 1644 1227 1674 dii
1246 1645 1450 1676 immortales!
1471 1645 1506 1675 ad
1521 1655 1571 1675 eos
1586 1646 1698 1675 scilicet
1708 1665 1716 1679 ‚
1735 1655 1865 1686 quorum
1877 1644 1964 1674 nobis
1974 1646 2064 1673 etiam
2075 1641 2139 1672 dies

1185 1687 1293 1717 natales
1303 1686 1445 1716 audiendi
1456 1687 1532 1716 sunt.
1552 1687 1654 1716 Hodie
1664 1697 1727 1717 non
1738 1686 1891 1717 descendit
1900 1687 2062 1715 Antonius.
2075 1685 2141 1713 cur?

1182 1728 1231 1758 dat
1241 1729 1371 1758 natalitia
1383 1731 1415 1757 in
1426 1729 1530 1758 hortis.
1552 1731 1602 1758 cui
1613 1731 1623 1757 ?
1634 1730 1791 1758 neminem
1801 1727 1982 1758 nominabo.
2007 1733 2139 1766 putatote

1183 1780 1253 1799 eum
1263 1770 1442 1800 Phormioni
1451 1770 1550 1802 alicui,
1564 1779 1630 1800 tum
1640 1772 1773 1799 Gnatoni
1784 1790 1792 1802 ‚
1805 1778 1870 1799 tum
1881 1769 2022 1798 Ballioni.
2049 1767 2141 1797 oioe-

1183 1811 1304 1841 ditarem
1316 1812 1454 1840 hominis
1466 1810 1643 1852 flagitiosam
1657 1814 1662 1840 l
1675 1811 1694 1842 ὀ
1706 1811 1926 1850 impudentiam
1937 1830 1946 1844 ‚
1958 1810 2138 1849 nequitiam,

1182 1852 1346 1883 libidinem
1362 1861 1426 1882 non
1444 1852 1614 1882 ferendam!
1636 1861 1667 1882 tu
1685 1851 1756 1883 curri
1774 1853 1943 1893 principem
1961 1851 2140 1883 senatorem.

1182 1896 1281 1925 civem
1300 1892 1476 1935 fingularem
1489 1914 1497 1928 ‚
1520 1903 1579 1925 tam
1599 1897 1802 1935 propinquum
1822 1895 1927 1924 habeas
1939 1913 1947 1927 ,
1967 1892 2002 1922 ad
2016 1902 2086 1921 eum
2104 1891 2144 1922 de

1185 1936 1287 1976 repub.
1298 1936 1376 1965 nihil
1386 1935 1495 1965 refers:
1512 1936 1548 1966 ad
1566 1946 1617 1966 eos
1634 1935 1723 1966 refers
1734 1956 1742 1969 ,
1762 1935 2025 1978 quidomumsuam
2036 1934 2143 1963 millam

1186 1976 1305 2011 bahem,
1325 1986 1406 2007 tuam
1426 1978 1627 2008 exhauriunt?
1649 1981 1734 2008 Tuus
1744 1978 1884 2007 videlicet
1894 1978 2024 2007 stitutaris
2033 1975 2144 2005 consu-

1185 2020 1276 2053 latus,
1297 2019 1480 2059 perniciosus
1500 2029 1594 2049 meus.
1617 2019 1742 2049 Adeone
1752 2026 1899 2059 pudorem
1916 2029 1987 2049 cum
1998 2018 2143 2058 pudicitia
2161 2023 2178 2055 7

1184 2060 1339 2102 perdidisti
1350 2081 1358 2094 ‚
1371 2070 1403 2090 ut
1412 2062 1511 2091 hocin
1530 2071 1566 2091 eo
1576 2061 1691 2102 templo
1702 2061 1797 2091 dicere
1807 2062 1892 2091 ausus
1900 2059 1935 2090 'fis
1946 2080 1955 2094 ‚
1971 2063 2004 2090 in
2015 2069 2076 2100 quo
2086 2067 2141 2099 ego

1187 2104 1320 2133 senatum
1335 2103 1424 2133 illum
1435 2123 1446 2137 ‚
1462 2105 1512 2144 qui
1526 2103 1681 2143 quondam
1693 2102 1802 2133 florens
1816 2104 1881 2133 orbi
1894 2099 2143 2141 terrarumprxsi-

1185 2145 1273 2174 debat
1283 2164 1291 2178 ,
1311 2145 1503 2175 consulebam
1516 2155 1521 2174 t
1540 2154 1573 2174 tu
1583 2146 1725 2175 homines
1734 2143 1947 2185 perditissimos
1955 2153 2025 2173 cum
2036 2142 2142 2184 gladiis

1184 2185 1390 2217 collocavisti?
1412 2189 1452 2217 At
1468 2188 1559 2216 etiam
1571 2187 1656 2217 ausus
1675 2196 1705 2216 es
1723 2187 1806 2228 (quid
1818 2195 1918 2216 autern
1933 2184 1993 2218 est,
2012 2183 2092 2224 quod
2109 2193 2142 2213 iu

1184 2238 1248 2258 non
1265 2228 1372 2258 audeas
1383 2228 1414 2268 ?)
1437 2229 1557 2259 Clivum
1577 2229 1782 2268 Capitolinum
1801 2228 1916 2260 dicere,
1937 2236 1987 2255 me
2004 2225 2139 2259 consule,

1184 2270 1309 2310 plenum
1321 2270 1474 2300 servorum
1484 2279 1667 2300 armatorum
1678 2267 1771 2299 fuisse.
1795 2269 1837 2299 Ut
1848 2269 1915 2302 illa,
1932 2267 2020 2298 credo
2031 2287 2039 2300 ,
2058 2266 2142 2297 nefa-

1185 2314 1226 2341 ria
1235 2311 1485 2341 senatusconsulta
1496 2309 1601 2341 fierent
1610 2330 1619 2344 ,
1629 2311 1692 2339 vim
1701 2308 1857 2340 afferebam
1868 2310 1991 2339 senatui.
2015 2311 2041 2339 O
2051 2309 2140 2338 mise-

1186 2362 1252 2381 rum
1264 2373 1272 2386 ,
1291 2351 1349 2381 sive
1366 2352 1417 2381 illa
1434 2353 1489 2381 tibi
1506 2361 1577 2381 nota
1594 2361 1658 2381 non
1674 2352 1743 2381 sunt
1757 2351 1846 2390 (nihil
1861 2353 1946 2380 enim
1960 2351 2034 2380 boni
2047 2349 2140 2391 nosti)

1185 2392 1243 2422 five
1253 2394 1320 2423 sunt
1331 2413 1341 2425 ,
1356 2395 1408 2433 qui
1424 2392 1499 2432 apud
1517 2393 1601 2422 taleis
1617 2394 1699 2422 viros
1716 2401 1776 2422 tam
1794 2392 1984 2432 impudenter
1998 2393 2139 2431 loquare!

1188 2436 1265 2476 Qis
1274 2437 1357 2463 enim
1367 2444 1457 2474 eques
1466 2436 1596 2464 Roman.
1606 2437 1672 2475 quis
1681 2454 1690 2468 ,
1701 2444 1805 2474 praeter
1815 2444 1842 2464 te
1852 2454 1859 2468 ‚
1871 2434 2041 2464 adolescens
2050 2433 2143 2463 nobi-

1187 2477 1223 2505 lis
1234 2495 1242 2509 ‚
1261 2478 1312 2516 qui
1334 2476 1424 2505 ullius
1449 2476 1564 2505 ordinis
1576 2497 1584 2508 ‚
1603 2478 1654 2517 qui
1676 2477 1703 2506 se
1722 2479 1823 2506 civem
1842 2474 2026 2506 meminisset
2037 2496 2046 2509 ‚
2065 2474 2138 2505 cum

1187 2518 1302 2547 senatus
1314 2517 1345 2546 in
1358 2518 1415 2547 hoc
1425 2520 1539 2557 templo
1550 2516 1621 2548 esset
1631 2537 1639 2552 ,
1660 2520 1692 2547 in
1703 2519 1791 2548 Clivo
1803 2519 1976 2558 Capitolino
1989 2527 2053 2547 non
2068 2515 2142 2546 fuit?

1187 2560 1256 2599 quis
1267 2569 1380 2588 nomen
1392 2569 1455 2588 non
1467 2559 1748 2600 dedit?quamquam
1759 2569 1814 2589 nee
1825 2559 1921 2589 scribae
1932 2558 2074 2593 sufficere,
2085 2567 2141 2589 nec

1188 2601 1294 2630 tabulae
1304 2603 1430 2630 nomina
1441 2602 1564 2630 illorum
1576 2611 1676 2641 capere
1685 2610 1855 2640 potuerunt.
1872 2603 1992 2631 Etenim
2003 2599 2073 2630 cum
2085 2601 2142 2629 ho-

1189 2643 1288 2672 mines
1300 2642 1403 2672 nefarii
1414 2642 1449 2672 de
1460 2645 1557 2682 patriae
1566 2643 1724 2682 parricidio
1736 2642 1938 2681 confiterentur:
1947 2643 2140 2672 consciorum

1191 2684 1326 2717 indiciis,
1337 2684 1384 2714 sua
1395 2694 1486 2714 manu
1497 2704 1506 2716 ‚
1515 2694 1589 2714 voce
1600 2684 1683 2723 paene
1695 2685 1856 2714 litterarum
1868 2683 1963 2714 coaffl
1973 2704 1981 2716 ‚
1994 2684 2022 2713 se
2034 2683 2140 2713 urbem

1190 2724 1378 2755 inflammare
1388 2745 1396 2758 ,
1411 2727 1504 2756 civeis
1515 2727 1658 2756 trucidare
1668 2745 1676 2759 ,
1688 2725 1797 2756 vastare
1806 2726 1923 2756 Italiam
1934 2744 1942 2758 ‚
1954 2725 2052 2755 delere
2061 2727 2141 2754 rem-

1187 2765 1445 2807 pubconsensiss'e
1459 2778 1464 2796 ;
1484 2769 1550 2807 quis
1566 2766 1657 2800 efl'et,
1675 2770 1728 2808 qui
1745 2768 1780 2797 ad.
1800 2767 1922 2797 salutem
1938 2775 2140 2797 communem

2035 2806 2142 2838 defen-

1225 2898 1253 2923 4.
1275 2896 1337 2917 Sunt
1353 2894 1413 2917 enim
1429 2893 1526 2916 librarii
1543 2890 1641 2924 manw]
1672 2891 1728 2916 Pul.
1739 2900 1779 2926 pr.
1794 2891 1820 2916 8<
1834 2892 1920 2916 Maur.
1940 2891 2005 2917 item
2025 2891 2055 2916 P.
2066 2892 2142 2916 libera

1191 2937 1273 2953 manu.
1285 2927 1414 2953 seesibere.
1429 2925 1498 2952 uude
1508 2926 1665 2954 iiisoicemiir
1678 2935 1765 2952 rei-uui
1779 2926 1828 2952 else
1837 2928 1915 2952 liberti
1924 2936 2007 2952 manu.
2018 2926 2140 2953 Liliensis

1187 2970 1274 2989 tamen
1286 2963 1410 2998 legitsum
1420 2965 1478 2987 enim
1487 2957 1560 2988 liberii
1570 2971 1651 2987 marm.
1663 2963 1772 2988 ouiuiuo
1783 2961 1867 2988 nescio
1878 2962 1940 3002 quid
1952 2962 2027 2988 latet.

1225 3008 1250 3032 5.
1271 2996 1311 3025 M'.
1322 2998 1468 3031 ammona]
1491 2998 1534 3024 Est
1548 2999 1562 3023 ii
1574 2996 1725 3031 conjefitura
1737 2999 1863 3030 Ferrarii,
1876 2997 1917 3024 led
1929 3008 2004 3034 quam
2016 2997 2140 3025 sustentat

1188 3035 1245 3061 Pal.
1255 3033 1304 3060 sec.
1315 3035 1340 3060 in
1356 3043 1408 3068 quo
1418 3035 1545 3059 Ciebrioni.
1565 3032 1673 3067 vulgata
1685 3037 1723 3059 M.
1734 3035 1846 3060 Labeoni.

1224 3071 1250 3096 6.
1270 3072 1400 3101 Fortunas,
1411 3076 1481 3101 remp.
1493 3070 1588 3102 referret
1599 3071 1741 3103 accipiam]
1767 3071 1955 3105 Fragmentum
1968 3067 2139 3101 Coloniense,

1185 3112 1290 3139 accepta.
1310 3104 1381 3140 quod
1392 3103 1502 3130 melius:
1525 3104 1570 3130 nili
1582 3104 1653 3131 forti:
1665 3104 1767 3131 rebium
1778 3106 1824 3137 est,
1835 3112 1961 3137 acci-ptum.

1223 3149 1248 3176 7.
1262 3143 1385 3166 Veniamus
1394 3140 1427 3166 ad
1434 3140 1533 3175 vIvos.]
1546 3140 1588 3168 Est
1601 3142 1616 3168 ὰ
1626 3140 1683 3168 Pal.
1694 3139 1743 3169 sec.
1753 3142 1843 3168 Maur.
1853 3143 1881 3168 8<
1892 3143 1920 3168 δ.
1931 3139 2058 3168 νλὲὶοτίε.
2068 3139 2141 3177 prius

1190 3176 1303 3212 vulgati,
1315 3176 1347 3203 ad
1354 3185 1400 3203 «os.

2045 3221 2056 3239 ι
2063 3231 2068 3237 .
2077 3210 2143 3257 9(οᾹ
