2360 3400
483 131 578 163 DE
658 118 1091 165 D1V1NA‘1*

130 200 260 244 opposita
279 197 343 231 soli
355 217 364 233 ‚
388 195 499 228 nostris
517 197 614 227 oculis
624 198 688 238 ejus
698 197 805 228 lumen
814 197 953 229 obscuret
965 207 1043 239 :quo
1056 198 1090 229 in

130 244 212 287 signo
223 250 347 284 quaeque
357 240 520 271 errantium
532 238 687 270 stellarum
701 259 709 273 ,
720 249 841 281 quoque
850 248 985 280 tempore
994 239 1091 270 futura

130 285 165 316 fit
177 306 187 319 ,
207 286 257 326 qui
270 291 392 314 exortus
401 291 521 323 quoque
531 281 580 312 die
592 280 666 323 figni
675 282 804 322 alicujus
816 301 826 316 ‚
846 291 897 312 aut
908 284 962 322 qui
973 281 1091 312 occasus

129 327 246 358 futurus
265 324 308 355 fit.
332 326 393 354 haec
410 326 462 364 qui
477 332 544 354 ante
554 323 662 355 dicunt
675 344 684 358 ,
702 333 793 364 quam
804 325 954 354 rationem
965 323 1090 364 sequan-

95 379 114 412 7
131 378 194 402 tur,
217 367 312 398 vides.
336 370 346 387 ¹
359 368 422 405 Qui
432 366 602 396 thesaurum
614 367 823 399 inventurum,
835 374 884 396 aut
895 364 1090 396 hereditatem

129 419 288 441 venturam
303 408 420 442 dicunt,
429 407 502 449 quid
514 407 696 448 sequuntur?
710 409 803 438 autin
811 417 870 449 qua
878 416 977 437 rerum
989 414 1092 437 natura

128 451 208 483 inest
220 472 228 485 ,
246 450 275 482 id
289 450 449 481 futurum?
469 453 483 469 ²
494 450 577 490 quod
590 448 610 480 fi
623 450 685 480 haec
695 459 785 490 eaque
795 459 861 490 quae
875 448 943 479 sunt
956 448 1090 489 ejusdem

126 495 266 536 generis,
286 493 396 523 habent
407 493 537 533 aliquam
550 492 639 522 talem
649 490 847 522 necessitatem
858 502 868 525 ·,
886 490 959 531 quid
974 490 1015 521 est
1026 499 1091 520 tan-

128 536 199 567 dem
211 556 220 569 ‚
264 535 324 565 uod
343 535 409 565 casu
429 532 491 564 fieri
501 553 510 567 ‚
535 542 585 564 aut
602 532 679 564 forte
700 532 821 564 fortuna
830 541 972 573 putemus
987 534 998 562 ?
1016 532 1092 561 nihil

127 579 213 608 enim
223 546 261 614 U}
267 586 328 606 tam
337 576 509 606 contrarium
518 576 634 610 rationi,
648 575 683 608 ὠ·
692 573 856 611 constantia,
867 585 955 612 quam
957 574 1091 614 fortuna:

129 629 163 650 ut
174 621 252 650 mihi
263 630 300 649 ne
310 621 342 650 in
354 619 445 649 deum
457 618 581 658 quidem
590 617 694 648 cadere
705 617 840 648 videatur
850 637 859 651 ,
880 625 912 647 ut
924 617 1004 650 sciat,
1015 616 1088 657 quid

127 662 195 693 casu
208 682 216 696 ,
237 662 270 692 &
289 659 416 692 fortuito
436 659 572 691 futurum
593 658 636 690 sit.
669 661 701 690 Si
717 660 802 690 enim
822 659 875 690 scit
887 679 897 692 ‚
916 658 994 689 certe
1013 657 1090 688 illud

128 706 259 734 eveniet.
283 702 326 733 sin
337 704 414 733 certe
425 704 555 735 eveniet,
567 701 649 732 nulla
658 700 780 732 fortuna
790 700 841 731 est.
865 700 907 732 est
916 709 1017 731 autem
1027 699 1091 730 for-

130 754 211 776 tuna.
236 755 337 776 rerum
356 746 447 786 igitur
457 743 648 774 fortuitarum
660 743 744 774 nulla
756 743 799 773 est
809 741 976 783 praesensio.
999 744 1061 772 Aut
1070 740 1090 771 si

128 797 218 829 negas
228 786 287 818 ess'e
296 786 450 817 fortunam
462 805 470 819 ,
495 786 528 815 &
538 787 644 816 omnia
655 804 663 819 ,
677 795 741 826 quae
753 783 831 815 fiunt
842 805 850 819 ‚
861 793 987 825 quaeque
995 783 1093 814 futura

127 830 197 860 sunt
208 850 216 863 ,
233 839 272 860 ex
281 830 370 859 omni
379 828 543 858 aeternitate
556 825 683 857 definita
690 826 766 857 dicis
775 824 975 866 ess'efaralirer
986 836 996 852 :
1007 834 1093 855 muta

128 870 346 902 definitionem
371 870 570 899 divinationis
581 887 591 901 ,
609 878 699 908 quam
721 868 840 898 dicebas
862 866 1092 908 praesensionem

128 911 188 943 ess‘e
200 921 300 942 rerum
311 911 514 941 fortuitarum.
537 910 567 938 Si
577 911 660 938 enim
673 908 1007 949 niln'lfieripotessfflihil
1016 911 1093 939 acci-

128 954 199 984 dere
212 973 221 987 ,
240 952 319 982 nihil
329 953 451 981 evenire
468 970 477 984 ‚
500 948 554 980 nifi
565 950 648 991 quod
658 950 694 980 ab
704 953 792 980 omni
804 953 966 981 aeternitate
975 960 1091 981 certum

126 994 220 1026 fuerit
229 992 286 1024 effe
303 993 441 1024 futurum
457 1001 520 1022 rato
532 1000 669 1032 tempore
681 1003 688 1021 2
706 1002 772 1033 quae
779 992 876 1033 potest
888 992 946 1023 effe
955 992 1094 1023 fortuna?

128 1046 188 1078 qua
207 1036 319 1067 sublata
334 1055 342 1069 ,
363 1036 416 1076 qui
437 1035 524 1064 locus
532 1033 574 1064 est
585 1034 768 1065 divinationi
782 1038 792 1064 ?
813 1045 880 1076 quae
892 1035 908 1066 a
919 1044 946 1065 te
955 1034 1093 1066 fortuita-

125 1088 196 1111 rum
215 1087 316 1108 rerum
337 1076 380 1107 est
390 1075 470 1107 dici-a
479 1075 649 1116 praesensio.
672 1086 856 1117 quamquam
871 1077 991 1108 dicebas
1003 1097 1011 1111 ,
1023 1086 1093 1107 om—
1111 1079 1112 1086 ¹

124 1122 177 1151 nia
189 1140 198 1155 ‚
223 1129 289 1161 quae
315 1117 419 1149 fierent
428 1139 436 1153 ‚
457 1118 597 1148 futurave
616 1117 711 1149 ess’cnt
722 1138 730 1153 ‚
744 1119 811 1158 fato
832 1119 975 1148 contineri.
1001 1119 1092 1150 Anile

124 1162 194 1193 sane
207 1182 216 1196 ‚
241 1162 274 1192 &
298 1162 423 1202 plenum
435 1159 716 1201 superstitionisfati
726 1170 842 1191 nomen
854 1161 965 1201 ipsum.
988 1161 1038 1191 sed
1049 1170 1092 1192 ta-

126 1213 200 1234 men
214 1204 291 1244 apud
301 1205 419 1234 Stoicos
430 1202 467 1232 de
476 1201 533 1233 isto
543 1201 605 1232 fato
616 1203 710 1233 multa
720 1202 859 1233 dicuntur
872 1222 881 1237 ,
893 1203 930 1233 de
939 1212 1001 1244 quo
1011 1202 1092 1233 alias:

90 1253 108 1288 3
128 1256 211 1276 nunc
222 1245 304 1286 quod
317 1243 432 1276 necesse
444 1243 496 1275 est.
518 1247 549 1275 Si
558 1247 664 1275 omnia
677 1243 738 1276 fato
750 1245 840 1286 :quid
853 1246 930 1275 mihi
941 1246 1092 1276 divinatio

123 1288 268 1329 prodest?
287 1287 369 1328 quod
382 1288 465 1317 enim
476 1288 500 1317 is
510 1306 520 1320 ,
541 1288 594 1327 qui
605 1286 740 1320 divinat,
754 1287 888 1327 praedicit
898 1307 906 1321 ,
919 1287 950 1317 id
961 1286 1034 1317 vero
1042 1285 1092 1317 fu-

125 1339 229 1361 turum
241 1328 302 1360 est:
322 1338 355 1360 ut
365 1339 403 1359 ne
412 1328 488 1359 illud
499 1328 623 1369 quidem
635 1329 726 1360 sciam
737 1330 823 1370 quale
837 1327 870 1359 fit
880 1349 888 1363 ‚
908 1328 991 1370 quod
1004 1331 1093 1360 aDe-

127 1372 256 1409 iotarum
267 1391 275 1405 ‚
288 1369 482 1402 necessarium
494 1369 646 1404 nostrum,
658 1381 696 1401 ex
706 1372 814 1401 itinere
821 1371 919 1412 aquila
928 1373 1090 1402 revocavit.

124 1415 179 1455 qui
201 1412 257 1444 nisi
275 1411 457 1446 revertisset,
476 1413 564 1441 ineo
585 1413 726 1443 conclavi
746 1415 774 1442 ei
791 1413 966 1444 cubandum
979 1412 1096 1447 fuisset,

123 1456 206 1497 quod
216 1456 356 1495 proxima
372 1452 463 1484 noSlae
479 1455 613 1488 cori·uit;
637 1456 722 1483 ruina
742 1456 832 1495 igitur
842 1454 994 1494 oppressus
1006 1454 1086 1486 esset.

124 1501 164 1528 At
174 1498 206 1528 id
217 1506 315 1537 neque
327 1494 347 1525 fi
356 1495 451 1525 fatum
462 1494 573 1528 fuerat,
600 1493 748 1535 eflugiss'et
763 1505 836 1526 :nec
846 1516 855 1530 ,
877 1496 896 1525 si
909 1507 975 1526 non
985 1496 1089 1530 fuerat,

123 1541 157 1570 in
168 1548 238 1568 eum
247 1538 347 1568 casum
360 1535 522 1567 incidifl‘et.
547 1536 629 1575 Quid
640 1546 709 1577 ergo
719 1537 765 1576 adj
770 1546 839 1567 uvat
849 1537 999 1568 divinatio
1019 1540 1030 1567 ?
1040 1547 1090 1568 aut

122 1579 196 1621 quid
208 1578 251 1610 est
261 1578 365 1620 ,quod
381 1588 430 1608 me
442 1587 587 1608 moveant
601 1586 652 1608 aut
662 1579 753 1608 sortes
763 1598 773 1612 ‚
786 1587 835 1609 aut
847 1588 914 1609 eXta
925 1599 934 1612 ‚
945 1582 1019 1609 *taut
1031 1580 1090 1610 ulla

121 1620 302 1663 praedi8ti0?
325 1619 344 1651 fi
355 1620 618 1660 enimfatumfuit
628 1640 637 1654 ,
661 1618 774 1650 claffeis
784 1621 887 1661 populi
902 1623 994 1651 Rom.
1006 1621 1089 1650 bello

122 1666 241 1695 Punico
252 1664 353 1703 primo
363 1681 372 1697 ‚
387 1663 510 1692 alteram
521 1661 686 1703 naufragio,
699 1663 822 1692 alteram
832 1664 848 1693 a
858 1665 959 1693 Poenis
970 1662 1094 1702 depres-

124 1706 187 1736 fiim
206 1706 346 1735 interire:
367 1708 459 1734 etiam
472 1702 492 1733 fi
504 1703 662 1745 tripudium
672 1702 1089 1744 sblxstimumpullifeciffent,

123 1749 161 1778 1...
179 1748 276 1789 Junio
288 1767 305 1780 ,.
319 1746 352 1776 &
378 1748 410 1776 Β.
429 1746 542 1776 Clodio
553 1746 730 1776 consulibus
741 1744 843 1776 class'es
856 1755 958 1776 tamen
970 1745 1094 1776 interis-

121 1790 201 1820 sent.
224 1791 277 1820 Sin
290 1808 300 1822 ‚
319 1798 391 1818 cum
409 1788 548 1828 auspiciis
563 1787 805 1827 obtemperatum
815 1786 905 1821 esset,
927 1788 1093 1818 interiturae

122 1829 233 1862 classes
247 1840 312 1861 non
329 1829 453 1860 fuerunt
471 1849 480 1863 ‚
500 1839 564 1859 non
586 1830 767 1860 interierunt
788 1828 860 1859 fato.
880 1829 972 1859 vultis
992 1837 1093 1859 autem

123 1874 232 1904 omnia
250 1871 324 1903 fato,
346 1872 430 1902 nulla
442 1873 532 1913 igitur
541 1869 583 1901 est
593 1871 755 1901 divinatio.
813 1870 844 1900 u*
885 1869 1009 1901 fifatum
1020 1870 1091 1905 fuit,

122 1914 208 1946 bello
217 1916 335 1945 Punico
345 1914 476 1944 secundo
486 1914 653 1943 exercitum
664 1914 769 1953 populi
779 1915 819 1943 R.
835 1923 850 1943 a
881 1913 982 1943 lacum
994 1913 1097 1943 Thra-

128 1955 280 1988 fimenum
299 1957 443 1986 interire:
465 1958 479 1982 5
495 1965 573 1985 num
584 1955 617 1985 id
637 1956 746 1986 mutari
758 1956 858 1995 potuit
868 1974 876 1989 ,
898 1953 917 1984 fi
930 1955 1098 1986 Flaminius

124 1999 231 2029 consul
243 2000 281 2028 iis
292 1996 392 2039 lignis,
403 1997 501 2038 iisque
511 1997 652 2036 auspiciis
662 2016 670 2031 ,
683 1997 794 2037 quibus
806 2006 936 2038 pugnare
945 1996 1094 2037 prohibe-

128 2040 216 2072 batur
227 2059 237 2074 ,
260 2038 401 2080 paruiffet
415 2041 426 2069 ?
444 2039 522 2069 certe
533 2040 640 2078 potuit.
665 2040 826 2079 Autigitur
833 2049 899 2068 non
908 2038 969 2069 fato
979 2040 1094 2069 interiit

128 2083 281 2113 exercitus
294 2082 420 2117 :mutari
437 2082 522 2111 enim
532 2080 591 2111 fata
601 2091 664 2111 non
673 2079 795 2120 pofl'unt
808 2089 884 2115 :aut‚
897 2079 915 2110 si
927 2080 1001 2115 fato;
1010 2079 1092 2122 quod

125 2124 205 2155 certe
216 2123 305 2155 vobis
318 2125 358 2154 ita
371 2122 538 2153 dicendum
549 2121 607 2153 est:
622 2124 712 2153 etiam
725 2121 744 2151 si
753 2120 980 2163 'obtemperasset
996 2132 1030 2153 au
1037 2123 1095 2162 spi-

125 2167 183 2197 ciis
194 2185 211 2200 ,-
225 2165 313 2197 idem
323 2173 506 2196 eventurum
520 2163 632 2194 fuiffet.
656 2165 719 2194 Ubi
730 2163 772 2194 est
784 2167 873 2206 igitur
884 2164 1032 2193 divinatio
1041 2163 1095 2194 ista

126 2209 325 2239 Stoicorum?
348 2217 414 2248 quae
426 2227 434 2241 ,
453 2205 473 2236 fi
483 2205 545 2237 fato
555 2207 661 2236 omnia
672 2205 748 2236 fiunt
761 2226 770 2240 ‚
792 2207 870 2236 nihil
885 2216 942 2236 nos
952 2207 1095 2236 admonere

123 2248 220 2292 potest*
231 2270 240 2284 ‚
266 2257 302 2279 ut
310 2249 447 2279 cautiores
451 2248 550 2290 fimus.
572 2258 696 2288 quoquo
707 2250 790 2278 enim
802 2248 898 2278 modo
908 2258 964 2278 nos
973 2246 1095 2289 gefl‘eri-

127 2301 199 2322 mus
211 2311 220 2325 ,
233 2290 284 2322 fiet
295 2299 394 2322 tamen
405 2290 499 2324 illud,
509 2290 590 2330 quod
601 2290 738 2320 futurum
753 2289 804 2320 est.
829 2288 872 2320 sm
882 2290 1025 2320 autemid
1039 2300 1096 2330 po-

127 2332 185 2364 test
203 2332 284 2364 fleffi
294 2353 303 2368 ,
325 2333 447 2364 nullum
469 2331 512 2362 est
530 2331 637 2361 fatum.
661 2333 702 2362 ita
723 2341 762 2361 ne
784 2332 934 2362 divinatio
952 2332 1092 2373 quidem,

126 2376 274 2415 quoniam
286 2385 324 2406 ea
330 2384 429 2405 rerum
439 2373 607 2404 futurarum
620 2372 672 2404 est.
681 2374 771 2403 Nihil
782 2383 883 2404 autem
893 2372 936 2404 est
947 2384 1003 2415 pro
1013 2382 1095 2405 certo
1112 2389 1114 2397 ι

128 2416 266 2447 futurum
277 2437 291 2451 ,.
305 2417 389 2458 quod
408 2414 506 2455 potest
514 2415 613 2455 aliqua
621 2417 832 2455 procuratione
841 2416 971 2446 accidere
981 2426 1020 2446 ne
1035 2416 1093 2446 fiat.

90 2466 113 2500 9
131 2461 230 2499 Atque
252 2469 308 2498 ego
319 2469 352 2488 ne
361 2458 462 2487 utilem
471 2457 586 2499 quidem
597 2455 720 2486 arbitror
728 2457 776 2495 effi
784 2456 856 2487 nobis
867 2458 1041 2498 futurarum
1053 2468 1094 2487 re—

129 2511 194 2529 rum
207 2500 370 2539 fhientiam.
393 2502 467 2539 Quae
487 2501 571 2529 enim
590 2501 652 2529 vita
662 2498 764 2530 fuisset
778 2502 900 2530 Priamo
912 2520 922 2534 ,
945 2498 1012 2531 fiab
1021 2500 1094 2530 ado-

129 2543 269 2572 lescentia
293 2540 408 2575 scisset,
435 2550 512 2581 quos
529 2550 657 2579 eventus
668 2540 830 2572 senectutis
843 2540 913 2572 ess'et
924 2542 1093 2572 habiturus?

128 2583 280 2614 Abeamus
300 2582 316 2613 a
334 2582 445 2613 fabulis
466 2593 472 2612 :
492 2584 632 2622 propiora
652 2582 818 2613 videamus.
851 2582 1093 2614 Clariffimorum

127 2627 293 2656 hominum
306 2623 413 2655 nostrae
422 2625 549 2655 civitatis
559 2623 746 2664 gravissimos
757 2627 856 2655 exitus
866 2627 896 2655 in
909 2625 1096 2665 Consolatione

128 2666 408 2708 collegimus.Quid
423 2667 526 2708 igitur?
537 2675 570 2696 ut
579 2668 759 2697 omittamus
769 2666 1095 2706 superiores‚Marcone

127 2707 228 2740 Crasso
236 2717 322 2750 putas
333 2709 405 2739 utile
418 2706 507 2739 fuisse
519 2727 529 2743 ‚
541 2707 701 2742 tum2cum
710 2710 856 2739 maximis
867 2709 986 2749 opibus,
997 2708 1094 2741 fortu-

1129 132 1352 164 ioNE
1430 120 1601 167 LIB.
1675 124 1738 170 11.
1969 131 2091 189 1167

1129 197 1233 238 nisque
1244 196 1379 232 florebat,
1390 198 1471 234 scire,
1484 197 1546 235 sibi,
1559 201 1719 233 interfec'to
1728 203 1838 235 Publio
1849 204 1926 239 filio,
1939 208 2088 238 exercitu-

1111 243 1112 284 ]
1126 248 1184 279 que
1196 239 1296 270 deleto
1308 260 1318 274 ,
1331 249 1409 270 trans
1424 242 1604 282 Euphratem
1622 255 1692 275 cum
1704 244 1888 286 ignominia,
1899 248 1932 279 δε
1941 248 2088 280 dedecore

1110 285 1112 326 j
1127 278 1185 310 effe
1205 282 1417 329 pereundum?
1440 286 1489 314 An
1507 287 1562 315 Cn.
1575 288 1759 328 Pompejum
1779 290 1880 320 censes
1890 310 1898 324 ,
1921 286 2015 322 tribus
2027 292 2088 322 suis

1127 323 1331 353 consulatibus
1342 344 1350 357 ‚
1365 324 1461 356 tribus
1473 328 1634 368 triumphis
1645 349 1652 362 ,
1665 332 1866 362 maximarum
1881 342 1982 363 rerum
1992 333 2088 375 gloria

1110 363 1297 410 *laetaturum
1318 364 1405 396 fuiffe
1419 386 1427 400 ,
1449 366 1469 397 fi
1489 367 1586 400 sciffet
1605 370 1636 400 se
1653 372 1685 401 in
1696 371 1860 404 solitudine
1872 377 2086 416 AEgyptiorum

1127 405 1306 436 trucidatum
1318 408 1352 436 iri
1366 427 1373 440 ,
1386 407 1492 440 amiffo
1503 414 1640 442 exercitu
1653 413 1734 453 :post
1745 424 1875 446 mortem
1885 418 1957 447 vero
1967 428 2001 448 ea
2010 427 2086 448 con-

1110 474 1111 489 χ
1127 447 1338 488 secutura‚quae
1351 448 1409 479 sine
1421 451 1560 491 laciymis
1570 463 1633 484 non
1643 454 1800 494 possumus
1809 457 2003 500 dicere?Qid
2014 458 2086 489 vero

1110 519 1111 526 ἵ
1128 489 1276 519 Caesarem
1293 499 1431 537 putamus
1447 498 1457 524 ἒ
1476 492 1496 522 fi
1521 494 1680 527 divinasset
1697 497 1761 529 fore
1780 517 1789 532 ‚
1809 508 1841 529 ut
1862 501 1895 530 in
1911 510 1948 531 eo
1971 501 2084 535 senatu,

1109 531 1111 562 Γ
1130 541 1222 572 quem
1242 541 1355 571 majore
1365 543 1402 562 ex
1412 543 1490 573 parte
1503 537 1563 576 ipse
1573 538 1755 578 cooptasset,
1773 539 1789 560 ⁶
1798 542 1831 571 in
1841 543 1922 572 curia
1933 544 2086 583 Pompeja‚

1109 566 1111 622 Ξ
1129 583 1197 603 ante
1217 571 1304 613 ipsius
1323 577 1459 615 Pompeji
1481 575 1670 611 simulacrum
1690 601 1699 615 ,
1720 590 1764 612 tot
1780 584 2009 614 centurionibus
2027 585 2087 615 suis

1109 637 1110 651 ¹
1130 615 1386 655 inspeciantibus‚
1405 618 1420 647 a
1439 618 1633 651 nobilissimis
1649 624 1785 659 civibus,
1804 627 1911 665 partim
1935 628 2025 657 etiam
2036 626 2100 666 {¹st

1109 658 1110 696 ᾗ
1129 655 1255 687 omnibus
1276 655 1354 686 rebus
1374 661 1474 688 ornatis
1493 680 1501 694 ,
1534 664 1696 694 trucidatus
1713 666 1892 707 itajaceret‚
1915 678 1948 699 ut
1964 667 2000 699 ad
2022 670 2088 708 ejus

1109 702 1111 740 g
1128 708 1236 746 corpus
1254 708 1319 729 non
1336 700 1429 730 modo
1450 704 1617 734 amicorum
1634 726 1642 739 ,
1663 706 1712 736 sed
1732 718 1771 738 ne
1788 710 1944 741 servorum
1962 709 2089 751 quidem

1109 744 1111 775 ζ
1128 744 1287 788 ςψὶςυειηι
1308 742 1480 789 accederetg
1499 754 1561 785 quo
1581 749 1712 778 cruciatu
1733 752 1828 780 animi
1845 754 1937 783 vitam
1952 751 2090 783 acturum

1130 781 1216 812 iuisse
1229 786 1238 811 ?
1257 784 1345 813 Certe
1357 786 1447 824 igitur
1459 787 1607 827 ignoratio
1617 788 1788 822 futurorum
1801 794 1951 825 malorum
1963 814 1972 830 ‚
1985 794 2091 824 utilior

1110 828 1111 861 1
1130 823 1192 858 est,
1215 834 1308 871 quam
1329 825 1461 857 scientia.
1485 831 1565 858 Nam
1578 831 1653 860 illud
1665 832 1789 872 quidem
1801 835 1859 865 dici
1871 856 1880 868 ,
1899 834 2090 876 praesertim&

1109 867 1111 903 ζ
1127 868 1246 900 Stoicis,
1260 867 1347 912 null-o
1358 868 1454 898 modo
1464 870 1562 909 potest
1575 882 1579 900 z
1592 874 1669 902 Nox
1683 883 1770 904 IssET
1780 876 1814 905 ad
1826 886 1905 908 arma
1915 878 2088 918 Pompejus:

1110 923 1112 946 l
1129 918 1193 957 non
1213 907 1354 940 tranfiflet
1372 909 1489 942 Crafl'us
1500 914 1702 953 Euphratem:
1718 926 1781 946 non
1794 918 2092 959 suscepifl'etbellurriv

1110 949 1112 988 ξ
1128 950 1219 981 civile
1236 950 1338 981 Caesar.
1361 962 1425 982 non
1446 955 1535 994 igitur
1554 955 1669 986 fataleis
1686 960 1786 988 exitus
1800 960 1976 991 habuerunt.
1997 962 2091 992 vultis

1127 1002 1226 1023 autem
1238 994 1360 1024 evenire
1371 1004 1476 1026 omma
1485 995 1640 1030 fat0‚nihil
1652 1009 1721 1040 ergo
1732 1001 1794 1030 illis
1804 1001 1959 1041 profuisset
1969 1003 2092 1033 divina*

1110 1047 1112 1078 j
1128 1045 1159 1065 re
1173 1045 1178 1064 z
1196 1044 1284 1076 atque
1305 1036 1395 1066 etiam
1408 1047 1536 1083 omnem
1551 1038 1686 1071 faustum
1697 1044 1765 1073 vitae
1775 1043 1934 1083 superioris
1945 1044 2092 1084 perdidis-

1127 1077 1201 1107 sent.
1223 1076 1295 1117 quid
1307 1079 1390 1108 enim
1401 1078 1496 1119 poflet
1506 1081 1542 1110 iis
1553 1081 1706 1119 eſjesaetum
1721 1105 1729 1118 ‚
1754 1086 1920 1125 exitussuos
1930 1087 2089 1127 cogitanti-

1128 1117 1282 1167 busana,
1304 1121 1429 1162 quoquo
1451 1121 1479 1152 se
1497 1126 1640 1154 verterint
1657 1128 1750 1156 Stoici
1763 1146 1774 1161 ‚
1790 1127 1884 1166 jaceat
1908 1127 2022 1159 necesse
2045 1127 2090 1159 est

1128 1171 1230 1191 omnis
1256 1171 1362 1192 eorum
1388 1163 1512 1194 solertia.
1534 1167 1565 1195 Si
1580 1168 1663 1196 enim
1676 1167 1705 1197 id
1717 1187 1727 1202 7
1749 1169 1831 1209 quod
1842 1179 2024 1201 eventurum
2036 1169 2091 1204 est,

1127 1203 1177 1233 vel
1188 1204 1245 1234 hoc
1256 1204 1351 1235 modo
1362 1224 1372 1238 ,
1385 1205 1435 1235 vel
1446 1206 1502 1236 illo
1513 1207 1609 1247 potest
1618 1211 1741 1240 evenire
1754 1221 1759 1240 2
1778 1209 1900 1243 fortuna
1909 1213 1987 1243 valet
1996 1213 2092 1252 pluri-

1129 1244 1231 1275 mum.
1255 1248 1330 1288 Quae
1348 1256 1448 1277 autern
1474 1247 1598 1280 fortuita
1615 1250 1683 1282 sunt
1694 1272 1702 1285 ,
1723 1261 1801 1283 certa
1813 1252 1871 1283 effe
1882 1264 1946 1284 non
1958 1252 2092 1294 possunt-

1131 1289 1183 1318 Sin
1193 1296 1292 1318 autem
1304 1297 1419 1319 certum
1431 1288 1473 1320 est
1485 1310 1493 1323 ‚
1504 1291 1577 1331 quid
1589 1302 1707 1334 quaque
1717 1293 1753 1324 de
1764 1305 1794 1325 re
1805 1315 1813 1329 ‚
1823 1305 1944 1337 quoque
1955 1304 2092 1335 tempore

1129 1329 1266 1360 futurum
1288 1329 1321 1360 fit
1335 1341 1340 1359 ε
1360 1330 1434 1371 quid
1445 1331 1488 1362 est
1501 1333 1581 1373 quod
1596 1344 1646 1364 me
1655 1335 1799 1375 adjuvent
1808 1338 1977 1378 haruspices
1988 1358 1998 1371 ‚
2018 1336 2091 1368 cum

1128 1381 1174 1401 res
1194 1370 1369 1403 tristiffimas
1386 1375 1525 1413 portendi
1544 1375 1701 1407 dixerint?
1721 1377 1846 1409 Addunt
1860 1380 1896 1410 ad
1907 1389 2091 1414 exnemmn,

1128 1414 1226 1442 omnia
1248 1413 1339 1443 levina
1347 1416 1464 1455 cafhra,
1485 1415 1564 1446 rebm
1572 1417 1682 1448 divinis
1693 1422 1853 1460 procuratis.
1876 1424 1906 1452 Si
1916 1424 2000 1452 enim
2012 1422 2094 1452 nihil

1130 1454 1164 1485 fit
1188 1464 1270 1486 extra
1279 1455 1376 1487 fatum
1388 1477 1397 1491 ,
1420 1463 1434 1486 7
1447 1459 1525 1488 nihil
1537 1459 1629 1491 levari
1639 1471 1670 1491 re
1680 1463 1782 1492 divina
1792 1463 1898 1503 potest.
1922 1466 1992 1494 Hoc
2003 1463 2094 1495 sentit

1131 1499 1305 1531 Homerus,
1325 1497 1398 1528 cum
1414 1509 1592 1540 querentem
1610 1504 1722 1544 Jovem
1734 1504 1870 1538 inducit,
1892 1504 1976 1545 quod
1986 1507 2094 1544 Sarpe-

1128 1538 1242 1568 donem
1265 1538 1364 1569 filium
1386 1540 1402 1570 a
1420 1550 1517 1571 morte
1539 1552 1643 1574 contra
1660 1544 1756 1575 fatum
1776 1548 1890 1585 eripere
1911 1556 1975 1576 non
1985 1545 2092 1586 pofl‘et.

1130 1582 1199 1611 Hoc
1218 1579 1300 1610 idem
1320 1579 1463 1621 significat
1474 1584 1594 1613 Graecus
1605 1586 1657 1615 ille
1668 1587 1700 1615 in
1711 1596 1776 1616 eam
1789 1587 1966 1617 sententiam
1981 1588 2094 1618 ver-sus:

1227 1621 1378 1663 defore
1384 1631 1521 1664 paratum
1532 1623 1577 1661 est,
1589 1626 1620 1655 id
1622 1626 1771 1665 summum
1777 1628 1923 1669 exfiaeperat
1931 1629 2050 1668 Jovem-.

1128 1665 1246 1708 Totum
1262 1665 1396 1694 omnino
1414 1664 1512 1696 fatum
1535 1669 1626 1698 etiam
1644 1670 1797 1701 Atellanio
1818 1671 1904 1701 versu
1923 1673 1990 1709 jure
2014 1671 2095 1701 mihi

1131 1703 1189 1734 esse
1214 1706 1338 1736 irrisum
1361 1707 1492 1738 videtur.
1511 1708 1561 1739 sed
1581 1712 1614 1740 in
1624 1710 1712 1741 rebus
1724 1721 1784 1742 tam
1795 1712 1904 1742 severis
1917 1722 1981 1742 non
1992 1712 2094 1752 estjo-

1128 1746 1217 1776 candi
1237 1748 1332 1777 locus.
1354 1750 1561 1780 Concludatur
1578 1753 1670 1792 igitur
1686 1756 1771 1783 ratio.
1791 1753 1811 1782 fi
1836 1756 1920 1784 enim
1934 1755 2094 1794 provideri·

1129 1788 1207 1818 nihil
1218 1788 1313 1828 potest
1320 1788 1459 1821 futurum
1470 1790 1529 1821 effe
1539 1802 1643 1824 eorum
1656 1814 1665 1827 ‚
1685 1805 1751 1835 quae
1760 1796 1827 1826 casu
1840 1794 1917 1826 fiunt
1927 1815 1936 1830 ‚
1956 1798 2025 1836 quia
2036 1794 2094 1827 esse

1129 1839 1206 1875 certa
1225 1839 1291 1860 non
1310 1830 1432 1877 posshnt
1448 1832 1612 1864 :divinatio
1637 1837 1720 1866 nulla
1730 1835 1782 1867 est.
1805 1839 1858 1868 Sin
1868 1847 1967 1869 autem
1979 1838 2094 1868 idcirco

1130 1870 1251 1918 possunt
1263 1872 1429 1911 provideri,
1440 1876 1509 1914 quia
1517 1884 1594 1906 certa
1603 1876 1681 1911 sunt,
1694 1877 1834 1909 &fatalia
1846 1889 1851 1907 :
1863 1880 1961 1910 rursus
1972 1879 2093 1912 divina-

1130 1921 1174 1943 tio
1191 1912 1335 1944 nullaest.
1359 1924 1426 1945 eam
1436 1918 1519 1946 enim
1535 1925 1566 1947 tu
1577 1917 1767 1950 fortuitarum
1783 1930 1883 1952 rerum
1892 1919 1949 1952 effe
1959 1921 2093 1952 dicebas.

1130 1954 1186 1985 Sed
1210 1955 1274 1985 haec
1284 1953 1375 1986 fuerit
1384 1957 1474 1987 nobis
1486 1966 1625 1999 tanquam
1639 1961 1704 1990 levis
1713 1970 1864 1992 armatura
1873 1965 1971 2004 prima
1981 1965 2095 1994 oratio-

1111 2029 1113 2044 1
1130 1999 1178 2026 nis
1190 1996 1610 2037 excursso:nuncc0mm1nus
1624 2012 1744 2044 agamus
1756 2023 1765 2038 ‚
1783 2007 2048 2046 experiamurque,
2071 2003 2092 2035 fi

1111 2059 1113 2084 ζ
1128 2037 1273 2079 poffimus
1283 2049 1395 2087 cornua
1406 2051 1602 2088 commovere
1612 2044 1822 2086 disputationis
1831 2056 1897 2078 tuae*
1919 2049 1992 2077 Duo
2006 2049 2091 2077 enim

1112 2111 1113 2130 ἢ
1129 2091 1236 2121 genera
1246 2081 1404 2112 divinandi
1415 2082 1472 2113 esse
1481 2084 1613 2119 dicebas,
1628 2097 1724 2118 unum
1735 2087 1930 2120 artificiosum
1945 2110 1952 2123 ,
1963 2090 2092 2119 alterum

1130 2123 1272 2153 naturale.
1300 2122 1498 2156 artificiosum
1516 2127 1649 2159 constare
1668 2131 1775 2169 partim
1785 2140 1822 2160 ex
1833 2130 2009 2170 comestura,
2028 2140 2095 2171 par-'-

1131 2168 1187 2195 tim
1199 2175 1237 2195 ex
1247 2163 1437 2204 observatione
1446 2167 1605 2200 diuturna:
1628 2172 1759 2201 naturale
1771 2191 1779 2205 ,
1798 2173 1880 2213 quod
1889 2176 2010 2203 animus
2020 2175 2094 2203 arri·

1128 2216 1225 2247 peret,
1239 2217 1288 2237 aut
1299 2211 1452 2248 exciperet
1468 2211 1653 2243 extrinsecus
1662 2223 1700 2243 ex
1709 2213 1881 2249 divinitate,
1894 2215 1976 2245 unde
1986 2224 2095 2245 omnes

1128 2251 1249 2278 animos
1260 2249 1392 2285 haustos,
1403 2260 1452 2281 aut
1462 2261 1607 2292 acceptos,
1623 2264 1672 2285 aut
1684 2255 1790 2286 libatos
1800 2257 1988 2287 haberemus·
2012 2260 2093 2287 Arti-

1129 2289 1239 2321 ficiosae
1258 2290 1456 2323 divinationis
1474 2294 1525 2324 illa
1542 2294 1605 2326 fere
1619 2306 1726 2337 genera
1736 2298 1886 2336 ponebas,
1916 2298 2092 2338 extispicum,

1130 2343 1298 2374 eorumque
1308 2353 1317 2367 ,
1327 2337 1425 2375 quiex
1427 2334 1594 2376 fulguribus
1606 2357 1614 2371 ‚
1627 2337 1789 2381 ostentisque
1797 2341 1993 2380 praedicerent
2004 2360 2013 2374 ,
2024 2349 2092 2371 tum

1129 2385 1293 2415 augurum,
1314 2386 1500 2418 eorumque,
1520 2381 1572 2419 qui
1588 2379 1689 2421 signu,
1710 2391 1760 2412 aut
1777 2382 1915 2412 ominibus
1927 2391 2088 2416 uterentur,

1132 2459 1212 2489 Illud
1231 2468 1334 2489 autem
1349 2462 1480 2492 naturale
1494 2483 1502 2496 ‚
1524 2473 1573 2493 aut
1581 2465 1762 2494 concitatione
1774 2467 1926 2497 mentisedi
1938 2485 1947 2500 ,
1968 2466 2000 2496 &
2011 2464 2092 2507 quafi

1131 2500 1220 2531 fundi
1235 2501 1393 2533 videbatur
1403 2523 1413 2536 ‚
1429 2513 1480 2534 aut
1489 2507 1603 2539 animo,
1611 2507 1799 2548 pei-stamnum
1814 2507 1953 2542 senfibus,
1969 2508 2001 2537 δε
2012 2510 2093 2538 curis

1131 2552 1226 2574 vacuo
1235 2562 1243 2576 ,
1263 2544 1426 2583 provideri.
1451 2546 1578 2576 Duxisti
1593 2557 1692 2577 autern
1703 2549 1925 2580 divinationem
1937 2559 2065 2580 omnem
2075 2549 2091 2581 a

1131 2585 1230 2632 tribus
1242 2585 1340 2619 rebus,
1353 2598 1369 2616 a
1380 2586 1451 2621 deo,
1462 2588 1477 2618 ἐι
1487 2587 1559 2623 fato,
1572 2590 1587 2619 a
1601 2599 1711 2620 natura.
1735 2591 1790 2621 Sed
1802 2601 1902 2623 tamen
1912 2601 1982 2622 cum
1993 2593 2092 2632 expli·

1128 2637 1192 2674 care
1201 2627 1279 2656 nihil
1290 2626 1388 2667 postes
1397 2648 1405 2662 ,
1421 2629 1557 2670 pugnasti
1570 2633 1856 2664 commentitiorum
1868 2634 2088 2673 exemplorum

1130 2667 1257 2699 mirifica
1273 2671 1367 2709 copia.
1392 2673 1439 2700 De
1456 2681 1518 2711 quo
1535 2673 1669 2712 primum
1683 2675 1739 2705 hoc
1751 2675 1823 2706 libet
1833 2676 1941 2706 dicere.
1964 2677 2022 2706 hoc
2031 2685 2088 2717 ego

1129 2710 1304 2752 philosophi
1314 2721 1379 2742 non
1388 2712 1526 2748 arbitror,
1539 2713 1651 2751 testibus
1662 2717 1707 2745 uri
1725 2720 1795 2759 3qui
1804 2726 1854 2748 aut
1864 2717 1930 2749 casu
1941 2719 2002 2748 veri
2014 2737 2023 2752 ,
2037 2726 2088 2748 aut

1973 2759 2091 2791 malitia

165 2847 189 2865 1.
209 2841 258 2872 Qi
264 2840 400 2873 thesaurum
417 2839 597 2873 inventurum]
619 2839 797 2874 Subintellige
809 2859 818 2872 ‚
837 2842 939 2874 alicttjm
951 2859 959 2872 ,
978 2840 1022 2866 vel
1042 2844 1089 2867 ali-

126 2883 193 2908 quem
205 2894 214 2907 ‚
233 2876 323 2912 inquit
332 2875 507 2902 Gulielmius.
527 2875 671 2902 Lambinus
684 2876 804 2911 quamvis
825 2875 900 2902 libris
910 2876 1033 2903 omnibus
1044 2886 1087 2904 rc-

127 2909 303 2938 clamantibus
315 2910 442 2947 reposuit,
455 2915 579 2938 inventum
587 2915 632 2938 iri.

165 2953 194 2971 2.
211 2947 305 2980 Qodfi
311 2949 356 2974 hac
364 2957 436 2982 eaque
445 2948 557 2983 quaesunt
567 2948 664 2983 ejusdem
677 2947 794 2981 generis]
816 2948 859 2975 Est
869 2947 901 2974 ab
911 2947 1029 2975 editione
1039 2949 1088 2975 Vi-

127 2980 223 3014 aurii,
232 2982 408 3019 alluduntque
418 2985 445 3010 δε
459 2984 527 3011 Pali.
539 2985 565 3011 &
577 2983 763 3013 Gulielmium.
782 2983 907 3020 vulgatur
916 2985 1020 3021 paffim,
1030 2986 1092 3020 quod

121 3019 148 3053 fi
154 3026 193 3050 ea,
203 3019 313 3053 quesunt
322 3020 429 3053 ciusdem,
438 3021 489 3051 &a

165 3062 192 3089 3.
211 3057 345 3089 Dejomrum
363 3057 514 3089 neceffarium
531 3057 666 3092 nostrum]
689 3058 754 3084 Non
772 3057 852 3084 aliter
871 3057 940 3084 Pau.
959 3064 1086 3094 quatuor,

127 3089 203 3153 ῗὶῐὴ.
214 3091 242 3145 ᾗ.
253 3089 326 3118 νίξὶ.
336 3090 456 3128 editiquc
466 3093 482 3119 a.
493 3091 626 3121 victorio.
646 3094 694 3121 alii
698 3095 847 3128 familiarem
855 3096 965 3127 nostrum.
982 3103 1028 3120 cui·
1038 3094 1086 3122 ob-

142 3134 202 3153 ecro
214 3147 220 3153 .

164 3168 193 3195 4·
209 3165 261 3192 Aut
269 3162 440 3199 uuapraedicvio
450 3165 486 3201 ἓ]
507 3164 564 3196 Pal.
575 3174 617 3202 pr.
637 3166 665 3194 δε
675 3166 831 3197 Pithoeanus
841 3167 920 3196 dimo.
940 3177 992 3196 uon
1003 3166 1084 3195 male.

1132 2852 1190 2869 nam
1203 2844 1276 2869 dicere
1287 2862 1295 2875 ‚
1315 2844 1351 2871 est
1362 2844 1495 2879 Apollinis
1516 2852 1605 2872 vatum
1625 2845 1857 2882 oraculorumque.
1877 2847 1911 2873 {ic
1921 2846 1995 2883 supra
2007 2847 2054 2873 lib.
2067 2856 2088 2874 1.

1133 2888 1189 2914 cap.
1200 2887 1246 2911 40.
1259 2881 1351 2912 fictura
1361 2880 1478 2906 datham.
1491 2882 1518 2907 ὃς
1530 2890 1586 2918 cap.
1605 2881 1725 2917 sequenti
1737 2892 1742 2908 :
1765 2885 1897 2917 conjefficra
1905 2892 1954 2918 qua
1962 2884 2028 2918 effim
2041 2885 2088 2917 sti-

1130 2922 1188 2941 tum
1197 2916 1297 2941 dicebat.
1317 2916 1491 2943 Gulielmius.
1834 2938 1839 2940 >

1168 2959 1194 2984 5.
1213 2955 1277 2977 Num
1286 2952 1507 2987 :drumm-iporiam]
1529 2953 1644 2989 Vulgata
1653 2952 1781 2990 scriptura
1798 2957 1899 2982 mmari.
1918 2955 1962 2982 sed
1972 2955 2087 2983 alterum

1130 2985 1211 3013 haeret
1222 2987 1249 3014 in
1261 2988 1329 3015 l’all.
1340 2988 1366 3015 in
1379 2988 1450 3014 Pith.
1462 2989 1488 3015 in
1500 2988 1566 3016 edit.
1577 2989 1701 3016 Viktorii.

1166 3022 1194 3063 ᾇ.
1213 3026 1242 3048 In
1261 3027 1329 3050 curia
1337 3025 1471 3059 Pompeja]
1493 3025 1591 3054 Leistio
1601 3027 1748 3054 communis
1761 3047 1769 3060 ,
1786 3029 1942 3063 Pompey'ana.
1962 3027 2004 3055 sed
2014 3027 2089 3064 prior

1129 3058 1166 3085 est
1176 3068 1204 3086 in
1215 3059 1338 3086 omnibus
1350 3060 1419 3086 l’all.

1166 3103 1192 3135 χ.
1213 3097 1282 3122 Nihil
1288 3098 1367 3122 levari
1375 3106 1400 3122 re
1408 3098 1598 3133 divinantem]
1619 3100 1661 3127 Ita
1671 3099 1728 3126 Pal.
1740 3110 1766 3126 o.
1778 3099 1807 3125 Sc
1815 3100 1978 3128 Vit‘toriaua.
2001 3098 2088 3126 Aldus

1131 3130 1228 3162 semor,
1238 3134 1302 3158 nihil
1309 3134 1393 3169 levare!
1401 3134 1600 3169 divinatiopotefi‘
1609 3154 1618 3170 ‚
1632 3136 1703 3172 quod
1713 3136 1749 3165 est
1759 3137 1787 3165 in
1799 3137 1948 3166 Pithoeano.
1968 3136 2091 3171 vulgata,

1130 3169 1193 3196 nihil
1198 3169 1278 3196 levari
1285 3169 1315 3197 A:
1323 3178 1351 3196 rs
1358 3169 1532 3206 divinapotefi'.
2073 3205 2077 3208 .

1985 3216 2009 3236 ι,
2020 3209 2088 3237 Εκίηὶ

2114 1384 2158 1410 10

2115 2050 2151 2074 11

1133 2427 1287 2458 omneque
1306 2428 1400 2459 genus
1420 2419 1622 2460 conjeEiurale
1644 2425 1677 2452 in
1687 2424 1745 2453 hoc
1755 2422 1818 2453 fere
1829 2435 1936 2465 genere
1945 2424 2090 2465 ponebas.
2139 2435 2143 2440 ·
