<?xml version="1.0" encoding="UTF-8"?>
<!DOCTYPE html PUBLIC "-//W3C//DTD XHTML 1.0 Transitional//EN"
    "http://www.w3.org/TR/xhtml1/DTD/xhtml1-transitional.dtd">
<html xmlns="http://www.w3.org/1999/xhtml" xml:lang="en" lang="en">
 <head>
  <title>
</title>
<meta http-equiv="Content-Type" content="text/html;charset=utf-8" />
  <meta name='ocr-system' content='tesseract 3.04.00' />
  <meta name='ocr-capabilities' content='ocr_page ocr_carea ocr_par ocr_line ocrx_word'/>
</head>
<body>
  <div class='ocr_page' id='page_1' title='image "./mtuliiciceroniso00cice_0037.png"; bbox 0 0 2250 3358; ppageno 0'>
   <div class='ocr_carea' id='block_1_1' title="bbox 434 112 1059 171">
    <p class='ocr_par' dir='ltr' id='par_1_1' title="bbox 434 112 1059 171">
     <span class='ocr_line' id='line_1_1' title="bbox 434 112 1059 171; baseline 0.003 -2"><span class='ocrx_word' id='word_1_1' title='bbox 434 112 449 117; x_wconf 55' lang='lat'><strong>⁴</strong></span> <span class='ocrx_word' id='word_1_2' title='bbox 677 113 1059 171; x_wconf 53' lang='lat' dir='ltr'>H&gt;1sr</span> 
     </span>
    </p>
   </div>
   <div class='ocr_carea' id='block_1_2' title="bbox 1136 134 1527 174">
    <p class='ocr_par' dir='ltr' id='par_1_2' title="bbox 1136 134 1527 174">
     <span class='ocr_line' id='line_1_2' title="bbox 1136 134 1527 174; baseline -0.003 -1"><span class='ocrx_word' id='word_1_3' title='bbox 1136 134 1527 174; x_wconf 74' lang='lat' dir='ltr'>0R1A.</span> 
     </span>
    </p>
   </div>
   <div class='ocr_carea' id='block_1_3' title="bbox 2043 138 2122 196">
    <p class='ocr_par' dir='ltr' id='par_1_3' title="bbox 2043 138 2122 196">
     <span class='ocr_line' id='line_1_3' title="bbox 2043 138 2122 196; baseline 0 -18"><span class='ocrx_word' id='word_1_4' title='bbox 2043 138 2122 196; x_wconf 62' lang='grc' dir='ltr'>ἒς·</span> 
     </span>
    </p>
   </div>
   <div class='ocr_carea' id='block_1_4' title="bbox 137 204 2110 259">
    <p class='ocr_par' dir='ltr' id='par_1_4' title="bbox 137 204 2110 259">
     <span class='ocr_line' id='line_1_4' title="bbox 137 204 2110 259; baseline -0.001 -13"><span class='ocrx_word' id='word_1_5' title='bbox 137 209 311 259; x_wconf 85' lang='lat' dir='ltr'>semperin</span> <span class='ocrx_word' id='word_1_6' title='bbox 325 218 386 245; x_wconf 86' lang='lat' dir='ltr'>ore</span> <span class='ocrx_word' id='word_1_7' title='bbox 397 204 561 247; x_wconf 88' lang='lat' dir='ltr'>habebat,</span> <span class='ocrx_word' id='word_1_8' title='bbox 575 213 615 242; x_wconf 90' lang='lat' dir='ltr'>ut</span> <span class='ocrx_word' id='word_1_9' title='bbox 626 205 741 242; x_wconf 86' lang='lat' dir='ltr'>scribit</span> <span class='ocrx_word' id='word_1_10' title='bbox 754 206 880 240; x_wconf 86' lang='lat' dir='ltr'>Brutus</span> <span class='ocrx_word' id='word_1_11' title='bbox 895 205 936 240; x_wconf 88' lang='lat' dir='ltr'>ad</span> <span class='ocrx_word' id='word_1_12' title='bbox 948 207 1017 240; x_wconf 85' lang='lat' dir='ltr'>Att.</span> <span class='ocrx_word' id='word_1_13' title='bbox 1031 207 1095 239; x_wconf 84' lang='lat' dir='ltr'>Vi·</span> <span class='ocrx_word' id='word_1_14' title='bbox 1147 205 1207 242; x_wconf 87' lang='lat' dir='ltr'>vit.</span> <span class='ocrx_word' id='word_1_15' title='bbox 1234 206 1337 255; x_wconf 80' lang='lat' dir='ltr'>cujus</span> <span class='ocrx_word' id='word_1_16' title='bbox 1361 205 1488 256; x_wconf 86' lang='lat' dir='ltr'>injuria</span> <span class='ocrx_word' id='word_1_17' title='bbox 1499 207 1664 244; x_wconf 78' lang='lat' dir='ltr'>Ciceroni</span> <span class='ocrx_word' id='word_1_18' title='bbox 1686 217 1802 243; x_wconf 82' lang='lat' dir='ltr'>tamen</span> <span class='ocrx_word' id='word_1_19' title='bbox 1823 207 1950 243; x_wconf 81' lang='lat' dir='ltr'>honori</span> <span class='ocrx_word' id='word_1_20' title='bbox 1973 207 2110 245; x_wconf 79' lang='lat' dir='ltr'>summo</span> 
     </span>
    </p>
   </div>
   <div class='ocr_carea' id='block_1_5' title="bbox 99 253 1097 3185">
    <p class='ocr_par' dir='ltr' id='par_1_5' title="bbox 99 253 1097 3185">
     <span class='ocr_line' id='line_1_5' title="bbox 135 253 1097 306; baseline -0.007 -11"><span class='ocrx_word' id='word_1_21' title='bbox 135 262 179 296; x_wconf 89' lang='lat' dir='ltr'>de</span> <span class='ocrx_word' id='word_1_22' title='bbox 200 258 290 306; x_wconf 84' lang='lat' dir='ltr'>epist.</span> <span class='ocrx_word' id='word_1_23' title='bbox 301 268 333 301; x_wconf 86' lang='lat'>9·</span> <span class='ocrx_word' id='word_1_24' title='bbox 355 256 412 292; x_wconf 91' lang='lat' dir='ltr'>lib.</span> <span class='ocrx_word' id='word_1_25' title='bbox 431 268 458 292; x_wconf 87' lang='lat'>1.</span> <span class='ocrx_word' id='word_1_26' title='bbox 482 257 573 291; x_wconf 85' lang='lat' dir='ltr'>Fam.</span> <span class='ocrx_word' id='word_1_27' title='bbox 595 254 687 303; x_wconf 83' lang='lat' dir='ltr'>epist.</span> <span class='ocrx_word' id='word_1_28' title='bbox 705 257 756 291; x_wconf 85' lang='lat'>16.</span> <span class='ocrx_word' id='word_1_29' title='bbox 780 253 838 289; x_wconf 81' lang='lat' dir='ltr'>lib.</span> <span class='ocrx_word' id='word_1_30' title='bbox 856 266 884 288; x_wconf 88' lang='lat' dir='ltr'>i.</span> <span class='ocrx_word' id='word_1_31' title='bbox 906 256 940 289; x_wconf 72' lang='grc' dir='ltr'>δε</span> <span class='ocrx_word' id='word_1_32' title='bbox 959 253 1052 300; x_wconf 88' lang='lat' dir='ltr'>epist.</span> <span class='ocrx_word' id='word_1_33' title='bbox 1069 266 1097 288; x_wconf 91' lang='lat'>1.</span> 
     </span>
     <span class='ocr_line' id='line_1_6' title="bbox 132 301 1093 349; baseline -0.011 -4"><span class='ocrx_word' id='word_1_34' title='bbox 132 309 190 345; x_wconf 79' lang='lat' dir='ltr'>lib.</span> <span class='ocrx_word' id='word_1_35' title='bbox 209 319 259 344; x_wconf 86' lang='lat'>10.</span> <span class='ocrx_word' id='word_1_36' title='bbox 273 305 314 341; x_wconf 91' lang='lat' dir='ltr'>ad</span> <span class='ocrx_word' id='word_1_37' title='bbox 326 307 394 341; x_wconf 90' lang='lat' dir='ltr'>Att.</span> <span class='ocrx_word' id='word_1_38' title='bbox 409 307 449 340; x_wconf 92' lang='lat' dir='ltr'>In</span> <span class='ocrx_word' id='word_1_39' title='bbox 463 302 641 339; x_wconf 82' lang='lat' dir='ltr'>consulatu</span> <span class='ocrx_word' id='word_1_40' title='bbox 657 305 708 339; x_wconf 91' lang='lat' dir='ltr'>M.</span> <span class='ocrx_word' id='word_1_41' title='bbox 727 302 865 338; x_wconf 90' lang='lat' dir='ltr'>Tullius</span> <span class='ocrx_word' id='word_1_42' title='bbox 877 301 989 349; x_wconf 80' lang='lat' dir='ltr'>legem</span> <span class='ocrx_word' id='word_1_43' title='bbox 1004 314 1093 349; x_wconf 77' lang='lat' dir='ltr'>quo-</span> 
     </span>
     <span class='ocr_line' id='line_1_7' title="bbox 157 348 1092 402; baseline -0.007 -11"><span class='ocrx_word' id='word_1_44' title='bbox 157 368 200 391; x_wconf 92' lang='lat' dir='ltr'>ue</span> <span class='ocrx_word' id='word_1_45' title='bbox 211 354 253 391; x_wconf 89' lang='lat' dir='ltr'>de</span> <span class='ocrx_word' id='word_1_46' title='bbox 266 353 494 402; x_wconf 82' lang='lat' dir='ltr'>legationibus</span> <span class='ocrx_word' id='word_1_47' title='bbox 505 351 620 388; x_wconf 86' lang='lat' dir='ltr'>liberis</span> <span class='ocrx_word' id='word_1_48' title='bbox 632 352 714 388; x_wconf 92' lang='lat' dir='ltr'>tulit</span> <span class='ocrx_word' id='word_1_49' title='bbox 725 375 735 390; x_wconf 94' lang='lat'>,</span> <span class='ocrx_word' id='word_1_50' title='bbox 749 364 794 386; x_wconf 93' lang='lat' dir='ltr'>ne</span> <span class='ocrx_word' id='word_1_51' title='bbox 807 348 892 386; x_wconf 81' lang='lat' dir='ltr'>sicut</span> <span class='ocrx_word' id='word_1_52' title='bbox 905 361 1003 386; x_wconf 84' lang='lat' dir='ltr'>antea</span> <span class='ocrx_word' id='word_1_53' title='bbox 1013 375 1022 391; x_wconf 91' lang='lat'>‚</span> <span class='ocrx_word' id='word_1_54' title='bbox 1037 349 1071 384; x_wconf 91' lang='lat' dir='ltr'>in</span> <span class='ocrx_word' id='word_1_55' title='bbox 1080 370 1092 375; x_wconf 98' lang='lat'>-</span> 
     </span>
     <span class='ocr_line' id='line_1_8' title="bbox 129 370 1094 448; baseline -0.008 -8"><span class='ocrx_word' id='word_1_56' title='bbox 129 370 270 440; x_wconf 48' lang='lat' dir='ltr'>anitum</span> <span class='ocrx_word' id='word_1_57' title='bbox 283 427 292 442; x_wconf 97' lang='lat'>,</span> <span class='ocrx_word' id='word_1_58' title='bbox 312 402 367 438; x_wconf 87' lang='lat' dir='ltr'>sed</span> <span class='ocrx_word' id='word_1_59' title='bbox 379 414 537 438; x_wconf 89' lang='lat' dir='ltr'>annuum</span> <span class='ocrx_word' id='word_1_60' title='bbox 550 412 687 448; x_wconf 80' lang='lat' dir='ltr'>tempus</span> <span class='ocrx_word' id='word_1_61' title='bbox 699 412 820 436; x_wconf 89' lang='lat' dir='ltr'>earum</span> <span class='ocrx_word' id='word_1_62' title='bbox 839 398 920 435; x_wconf 88' lang='lat' dir='ltr'>esset</span> <span class='ocrx_word' id='word_1_63' title='bbox 933 398 989 433; x_wconf 86' lang='lat' dir='ltr'>lib.</span> <span class='ocrx_word' id='word_1_64' title='bbox 1011 410 1037 442; x_wconf 84' lang='lat'>3.</span> <span class='ocrx_word' id='word_1_65' title='bbox 1051 397 1094 432; x_wconf 90' lang='lat' dir='ltr'>de</span> 
     </span>
     <span class='ocr_line' id='line_1_9' title="bbox 127 446 1093 500; baseline -0.007 -12"><span class='ocrx_word' id='word_1_66' title='bbox 127 452 271 500; x_wconf 84' lang='lat' dir='ltr'>legibus.</span> <span class='ocrx_word' id='word_1_67' title='bbox 307 451 473 499; x_wconf 57' lang='lat' dir='ltr'>Qaestor,</span> <span class='ocrx_word' id='word_1_68' title='bbox 489 449 670 485; x_wconf 87' lang='lat' dir='ltr'>Ciceronis</span> <span class='ocrx_word' id='word_1_69' title='bbox 683 475 691 490; x_wconf 91' lang='lat'>‚</span> <span class='ocrx_word' id='word_1_70' title='bbox 717 460 794 484; x_wconf 90' lang='lat' dir='ltr'>cos.</span> <span class='ocrx_word' id='word_1_71' title='bbox 816 448 881 484; x_wconf 89' lang='lat' dir='ltr'>fuit</span> <span class='ocrx_word' id='word_1_72' title='bbox 905 449 948 483; x_wconf 88' lang='lat' dir='ltr'>T.</span> <span class='ocrx_word' id='word_1_73' title='bbox 962 446 1093 482; x_wconf 82' lang='lat' dir='ltr'>Fadius.</span> 
     </span>
     <span class='ocr_line' id='line_1_10' title="bbox 127 496 1091 549; baseline -0.006 -13"><span class='ocrx_word' id='word_1_74' title='bbox 127 500 205 549; x_wconf 86' lang='lat' dir='ltr'>post</span> <span class='ocrx_word' id='word_1_75' title='bbox 216 500 286 537; x_wconf 90' lang='lat' dir='ltr'>red.</span> <span class='ocrx_word' id='word_1_76' title='bbox 311 500 348 535; x_wconf 90' lang='lat' dir='ltr'>in</span> <span class='ocrx_word' id='word_1_77' title='bbox 361 500 488 536; x_wconf 76' lang='lat' dir='ltr'>ienatu·</span> <span class='ocrx_word' id='word_1_78' title='bbox 508 498 653 535; x_wconf 87' lang='lat' dir='ltr'>Antonii</span> <span class='ocrx_word' id='word_1_79' title='bbox 674 497 824 546; x_wconf 87' lang='lat' dir='ltr'>quaestor</span> <span class='ocrx_word' id='word_1_80' title='bbox 843 496 930 537; x_wconf 90' lang='lat' dir='ltr'>fuit,</span> <span class='ocrx_word' id='word_1_81' title='bbox 957 497 991 531; x_wconf 84' lang='lat' dir='ltr'>P.</span> <span class='ocrx_word' id='word_1_82' title='bbox 1006 497 1091 530; x_wconf 88' lang='lat' dir='ltr'>Sex-</span> 
     </span>
     <span class='ocr_line' id='line_1_11' title="bbox 126 544 1089 597; baseline -0.006 -12"><span class='ocrx_word' id='word_1_83' title='bbox 126 550 195 586; x_wconf 79' lang='lat' dir='ltr'>tius</span> <span class='ocrx_word' id='word_1_84' title='bbox 208 573 219 587; x_wconf 93' lang='lat'>,</span> <span class='ocrx_word' id='word_1_85' title='bbox 238 562 301 597; x_wconf 89' lang='lat' dir='ltr'>pro</span> <span class='ocrx_word' id='word_1_86' title='bbox 326 548 456 585; x_wconf 82' lang='lat' dir='ltr'>Sextio,</span> <span class='ocrx_word' id='word_1_87' title='bbox 484 547 619 584; x_wconf 89' lang='lat' dir='ltr'>Eodem</span> <span class='ocrx_word' id='word_1_88' title='bbox 640 560 732 583; x_wconf 88' lang='lat' dir='ltr'>anno</span> <span class='ocrx_word' id='word_1_89' title='bbox 758 546 884 581; x_wconf 89' lang='lat' dir='ltr'>Cicero</span> <span class='ocrx_word' id='word_1_90' title='bbox 908 544 1029 581; x_wconf 86' lang='lat' dir='ltr'>consul</span> <span class='ocrx_word' id='word_1_91' title='bbox 1052 546 1089 579; x_wconf 89' lang='lat' dir='ltr'>L-</span> 
     </span>
     <span class='ocr_line' id='line_1_12' title="bbox 127 592 1088 645; baseline -0.007 -11"><span class='ocrx_word' id='word_1_92' title='bbox 127 598 267 636; x_wconf 92' lang='lat' dir='ltr'>Luculli</span> <span class='ocrx_word' id='word_1_93' title='bbox 287 610 432 633; x_wconf 86' lang='lat' dir='ltr'>currum</span> <span class='ocrx_word' id='word_1_94' title='bbox 450 596 696 645; x_wconf 82' lang='lat' dir='ltr'>triumphalem</span> <span class='ocrx_word' id='word_1_95' title='bbox 717 594 815 643; x_wconf 78' lang='lat' dir='ltr'>paene</span> <span class='ocrx_word' id='word_1_96' title='bbox 837 595 873 629; x_wconf 87' lang='lat' dir='ltr'>in</span> <span class='ocrx_word' id='word_1_97' title='bbox 893 593 1017 629; x_wconf 89' lang='lat' dir='ltr'>urbem</span> <span class='ocrx_word' id='word_1_98' title='bbox 1034 592 1088 627; x_wconf 88' lang='lat' dir='ltr'>in-</span> 
     </span>
     <span class='ocr_line' id='line_1_13' title="bbox 125 642 1089 693; baseline -0.007 -11"><span class='ocrx_word' id='word_1_99' title='bbox 125 646 285 683; x_wconf 87' lang='lat' dir='ltr'>troduxit</span> <span class='ocrx_word' id='word_1_100' title='bbox 297 672 307 687; x_wconf 87' lang='lat'>,</span> <span class='ocrx_word' id='word_1_101' title='bbox 330 646 367 682; x_wconf 89' lang='lat' dir='ltr'>in</span> <span class='ocrx_word' id='word_1_102' title='bbox 387 646 546 682; x_wconf 84' lang='lat' dir='ltr'>Lucullo.</span> <span class='ocrx_word' id='word_1_103' title='bbox 572 645 686 693; x_wconf 90' lang='lat' dir='ltr'>itaque</span> <span class='ocrx_word' id='word_1_104' title='bbox 700 646 857 679; x_wconf 84' lang='lat' dir='ltr'>Murenae</span> <span class='ocrx_word' id='word_1_105' title='bbox 871 642 1089 678; x_wconf 86' lang='lat' dir='ltr'>consulatum</span> 
     </span>
     <span class='ocr_line' id='line_1_14' title="bbox 124 691 1089 744; baseline -0.007 -13"><span class='ocrx_word' id='word_1_106' title='bbox 124 695 256 744; x_wconf 84' lang='lat' dir='ltr'>petenti</span> <span class='ocrx_word' id='word_1_107' title='bbox 270 695 440 731; x_wconf 87' lang='lat' dir='ltr'>exercitus</span> <span class='ocrx_word' id='word_1_108' title='bbox 453 705 548 730; x_wconf 92' lang='lat' dir='ltr'>totus</span> <span class='ocrx_word' id='word_1_109' title='bbox 561 692 699 729; x_wconf 86' lang='lat' dir='ltr'>Luculli</span> <span class='ocrx_word' id='word_1_110' title='bbox 714 718 723 733; x_wconf 96' lang='lat'>‚</span> <span class='ocrx_word' id='word_1_111' title='bbox 740 691 798 740; x_wconf 89' lang='lat' dir='ltr'>qui</span> <span class='ocrx_word' id='word_1_112' title='bbox 814 692 854 727; x_wconf 90' lang='lat' dir='ltr'>ad</span> <span class='ocrx_word' id='word_1_113' title='bbox 867 691 1089 737; x_wconf 88' lang='lat' dir='ltr'>triumphum</span> 
     </span>
     <span class='ocr_line' id='line_1_15' title="bbox 123 740 1084 792; baseline -0.005 -12"><span class='ocrx_word' id='word_1_114' title='bbox 123 756 187 792; x_wconf 86' lang='lat' dir='ltr'>per</span> <span class='ocrx_word' id='word_1_115' title='bbox 207 756 265 780; x_wconf 92' lang='lat' dir='ltr'>eos</span> <span class='ocrx_word' id='word_1_116' title='bbox 284 744 354 780; x_wconf 89' lang='lat' dir='ltr'>dies</span> <span class='ocrx_word' id='word_1_117' title='bbox 379 753 537 779; x_wconf 77' lang='lat' dir='ltr'>venerat,</span> <span class='ocrx_word' id='word_1_118' title='bbox 558 740 680 790; x_wconf 79' lang='lat' dir='ltr'>praesto</span> <span class='ocrx_word' id='word_1_119' title='bbox 702 740 820 778; x_wconf 80' lang='lat' dir='ltr'>affuit,</span> <span class='ocrx_word' id='word_1_120' title='bbox 844 753 907 786; x_wconf 87' lang='lat' dir='ltr'>pro</span> <span class='ocrx_word' id='word_1_121' title='bbox 924 742 1084 775; x_wconf 88' lang='lat' dir='ltr'>Murena.</span> 
     </span>
     <span class='ocr_line' id='line_1_16' title="bbox 123 788 1088 839; baseline -0.007 -10"><span class='ocrx_word' id='word_1_122' title='bbox 123 793 262 829; x_wconf 88' lang='lat' dir='ltr'>Eodem</span> <span class='ocrx_word' id='word_1_123' title='bbox 280 792 420 828; x_wconf 83' lang='lat' dir='ltr'>consule</span> <span class='ocrx_word' id='word_1_124' title='bbox 439 790 608 827; x_wconf 82' lang='lat' dir='ltr'>referente</span> <span class='ocrx_word' id='word_1_125' title='bbox 620 816 629 831; x_wconf 92' lang='lat'>,</span> <span class='ocrx_word' id='word_1_126' title='bbox 653 790 807 839; x_wconf 88' lang='lat' dir='ltr'>primum</span> <span class='ocrx_word' id='word_1_127' title='bbox 819 789 939 824; x_wconf 89' lang='lat' dir='ltr'>decem</span> <span class='ocrx_word' id='word_1_128' title='bbox 950 788 1088 823; x_wconf 89' lang='lat' dir='ltr'>dierum</span> 
     </span>
     <span class='ocr_line' id='line_1_17' title="bbox 121 836 1087 889; baseline -0.006 -12"><span class='ocrx_word' id='word_1_129' title='bbox 121 841 171 877; x_wconf 85' lang='lat' dir='ltr'>est</span> <span class='ocrx_word' id='word_1_130' title='bbox 189 841 385 889; x_wconf 67' lang='lat' dir='ltr'>supplicatio</span> <span class='ocrx_word' id='word_1_131' title='bbox 405 840 540 876; x_wconf 89' lang='lat' dir='ltr'>decreta</span> <span class='ocrx_word' id='word_1_132' title='bbox 554 840 621 875; x_wconf 89' lang='lat' dir='ltr'>Cn.</span> <span class='ocrx_word' id='word_1_133' title='bbox 633 838 799 886; x_wconf 86' lang='lat' dir='ltr'>Pompejo</span> <span class='ocrx_word' id='word_1_134' title='bbox 815 837 1014 874; x_wconf 80' lang='lat' dir='ltr'>Mithridate</span> <span class='ocrx_word' id='word_1_135' title='bbox 1032 836 1087 871; x_wconf 89' lang='lat' dir='ltr'>in-</span> 
     </span>
     <span class='ocr_line' id='line_1_18' title="bbox 125 885 1088 936; baseline -0.006 -10"><span class='ocrx_word' id='word_1_136' title='bbox 125 889 270 927; x_wconf 64' lang='lat' dir='ltr'>terfeeto</span> <span class='ocrx_word' id='word_1_137' title='bbox 281 915 290 929; x_wconf 86' lang='lat'>‚</span> <span class='ocrx_word' id='word_1_138' title='bbox 302 888 534 936; x_wconf 64' lang='lat' dir='ltr'>confetioque</span> <span class='ocrx_word' id='word_1_139' title='bbox 544 887 784 924; x_wconf 72' lang='lat' dir='ltr'>Mithridatico</span> <span class='ocrx_word' id='word_1_140' title='bbox 796 886 888 922; x_wconf 91' lang='lat' dir='ltr'>bello</span> <span class='ocrx_word' id='word_1_141' title='bbox 903 887 936 921; x_wconf 87' lang='lat' dir='ltr'>in</span> <span class='ocrx_word' id='word_1_142' title='bbox 951 896 1036 922; x_wconf 85' lang='lat' dir='ltr'>orat.</span> <span class='ocrx_word' id='word_1_143' title='bbox 1045 885 1088 920; x_wconf 92' lang='lat' dir='ltr'>de</span> 
     </span>
     <span class='ocr_line' id='line_1_19' title="bbox 122 934 1086 986; baseline -0.006 -12"><span class='ocrx_word' id='word_1_144' title='bbox 122 938 313 986; x_wconf 87' lang='lat' dir='ltr'>provinciis</span> <span class='ocrx_word' id='word_1_145' title='bbox 335 939 441 974; x_wconf 89' lang='lat' dir='ltr'>Coss.</span> <span class='ocrx_word' id='word_1_146' title='bbox 464 938 640 973; x_wconf 58' lang='lat' dir='ltr'>Hastenus</span> <span class='ocrx_word' id='word_1_147' title='bbox 664 936 882 972; x_wconf 86' lang='lat' dir='ltr'>consulatum</span> <span class='ocrx_word' id='word_1_148' title='bbox 906 934 1086 971; x_wconf 81' lang='lat' dir='ltr'>Ciceronis</span> 
     </span>
     <span class='ocr_line' id='line_1_20' title="bbox 121 983 1086 1034; baseline -0.004 -13"><span class='ocrx_word' id='word_1_149' title='bbox 121 986 366 1034; x_wconf 83' lang='lat' dir='ltr'>descripsimus.</span> <span class='ocrx_word' id='word_1_150' title='bbox 392 986 435 1021; x_wconf 90' lang='lat' dir='ltr'>de</span> <span class='ocrx_word' id='word_1_151' title='bbox 446 999 518 1034; x_wconf 89' lang='lat' dir='ltr'>quo</span> <span class='ocrx_word' id='word_1_152' title='bbox 534 985 726 1022; x_wconf 72' lang='lat' dir='ltr'>Mei-assus</span> <span class='ocrx_word' id='word_1_153' title='bbox 738 986 784 1022; x_wconf 89' lang='lat' dir='ltr'>ita</span> <span class='ocrx_word' id='word_1_154' title='bbox 795 985 902 1022; x_wconf 88' lang='lat' dir='ltr'>dixit,</span> <span class='ocrx_word' id='word_1_155' title='bbox 917 986 958 1020; x_wconf 90' lang='lat' dir='ltr'>Se</span> <span class='ocrx_word' id='word_1_156' title='bbox 968 1009 978 1025; x_wconf 91' lang='lat'>,</span> <span class='ocrx_word' id='word_1_157' title='bbox 992 983 1086 1031; x_wconf 82' lang='lat' dir='ltr'>quod</span> 
     </span>
     <span class='ocr_line' id='line_1_21' title="bbox 121 1033 1085 1083; baseline -0.004 -12"><span class='ocrx_word' id='word_1_158' title='bbox 121 1035 204 1072; x_wconf 80' lang='lat' dir='ltr'>esset</span> <span class='ocrx_word' id='word_1_159' title='bbox 218 1038 371 1074; x_wconf 68' lang='lat' dir='ltr'>senator,</span> <span class='ocrx_word' id='word_1_160' title='bbox 391 1035 487 1083; x_wconf 78' lang='lat' dir='ltr'>quod</span> <span class='ocrx_word' id='word_1_161' title='bbox 499 1034 584 1070; x_wconf 87' lang='lat' dir='ltr'>civis</span> <span class='ocrx_word' id='word_1_162' title='bbox 596 1058 606 1073; x_wconf 96' lang='lat'>,</span> <span class='ocrx_word' id='word_1_163' title='bbox 626 1034 723 1083; x_wconf 80' lang='lat' dir='ltr'>quod</span> <span class='ocrx_word' id='word_1_164' title='bbox 746 1033 832 1069; x_wconf 77' lang='lat' dir='ltr'>liber</span> <span class='ocrx_word' id='word_1_165' title='bbox 845 1058 855 1072; x_wconf 95' lang='lat'>,</span> <span class='ocrx_word' id='word_1_166' title='bbox 875 1033 972 1082; x_wconf 89' lang='lat' dir='ltr'>quod</span> <span class='ocrx_word' id='word_1_167' title='bbox 986 1033 1085 1068; x_wconf 89' lang='lat' dir='ltr'>vive-</span> 
     </span>
     <span class='ocr_line' id='line_1_22' title="bbox 120 1083 1087 1132; baseline -0.002 -12"><span class='ocrx_word' id='word_1_168' title='bbox 120 1094 174 1120; x_wconf 77' lang='lat' dir='ltr'>ret</span> <span class='ocrx_word' id='word_1_169' title='bbox 184 1106 194 1122; x_wconf 85' lang='lat'><em>‚</em></span> <span class='ocrx_word' id='word_1_170' title='bbox 208 1084 371 1120; x_wconf 82' lang='lat' dir='ltr'>Ciceroni</span> <span class='ocrx_word' id='word_1_171' title='bbox 383 1093 564 1132; x_wconf 87' lang='lat' dir='ltr'>acceptum</span> <span class='ocrx_word' id='word_1_172' title='bbox 575 1083 712 1119; x_wconf 89' lang='lat' dir='ltr'>referre.</span> <span class='ocrx_word' id='word_1_173' title='bbox 736 1083 871 1132; x_wconf 89' lang='lat' dir='ltr'>quoties</span> <span class='ocrx_word' id='word_1_174' title='bbox 883 1083 1087 1130; x_wconf 68' lang='lat' dir='ltr'>conjugem,</span> 
     </span>
     <span class='ocr_line' id='line_1_23' title="bbox 120 1130 1087 1181; baseline -0.004 -13"><span class='ocrx_word' id='word_1_175' title='bbox 120 1133 257 1181; x_wconf 76' lang='lat' dir='ltr'>quoties</span> <span class='ocrx_word' id='word_1_176' title='bbox 268 1133 417 1169; x_wconf 88' lang='lat' dir='ltr'>domum</span> <span class='ocrx_word' id='word_1_177' title='bbox 430 1157 439 1170; x_wconf 87' lang='lat'>,</span> <span class='ocrx_word' id='word_1_178' title='bbox 462 1133 596 1181; x_wconf 88' lang='lat' dir='ltr'>quoties</span> <span class='ocrx_word' id='word_1_179' title='bbox 609 1133 753 1180; x_wconf 82' lang='lat' dir='ltr'>patriam</span> <span class='ocrx_word' id='word_1_180' title='bbox 767 1132 898 1168; x_wconf 89' lang='lat' dir='ltr'>videret</span> <span class='ocrx_word' id='word_1_181' title='bbox 910 1155 919 1169; x_wconf 87' lang='lat'>,</span> <span class='ocrx_word' id='word_1_182' title='bbox 943 1131 1043 1167; x_wconf 88' lang='lat' dir='ltr'>toties</span> <span class='ocrx_word' id='word_1_183' title='bbox 1056 1130 1087 1165; x_wconf 92' lang='lat' dir='ltr'>se</span> 
     </span>
     <span class='ocr_line' id='line_1_24' title="bbox 120 1180 1085 1230; baseline -0.004 -12"><span class='ocrx_word' id='word_1_184' title='bbox 120 1181 328 1218; x_wconf 85' lang='lat' dir='ltr'>beneficium</span> <span class='ocrx_word' id='word_1_185' title='bbox 341 1181 415 1230; x_wconf 87' lang='lat' dir='ltr'>ejus</span> <span class='ocrx_word' id='word_1_186' title='bbox 428 1182 544 1218; x_wconf 89' lang='lat' dir='ltr'>videre</span> <span class='ocrx_word' id='word_1_187' title='bbox 555 1206 564 1220; x_wconf 87' lang='lat'>,</span> <span class='ocrx_word' id='word_1_188' title='bbox 577 1181 672 1229; x_wconf 89' lang='lat' dir='ltr'>epist.</span> <span class='ocrx_word' id='word_1_189' title='bbox 693 1194 703 1217; x_wconf 93' lang='lat'>1</span> <span class='ocrx_word' id='word_1_190' title='bbox 718 1195 742 1218; x_wconf 87' lang='grc' dir='ltr'>ι.</span> <span class='ocrx_word' id='word_1_191' title='bbox 758 1180 814 1217; x_wconf 89' lang='lat' dir='ltr'>lib.</span> <span class='ocrx_word' id='word_1_192' title='bbox 834 1194 860 1216; x_wconf 89' lang='lat'>1·</span> <span class='ocrx_word' id='word_1_193' title='bbox 872 1180 915 1216; x_wconf 86' lang='lat' dir='ltr'>ad</span> <span class='ocrx_word' id='word_1_194' title='bbox 928 1183 997 1216; x_wconf 85' lang='lat' dir='ltr'>Att.</span> <span class='ocrx_word' id='word_1_195' title='bbox 1010 1181 1085 1215; x_wconf 88' lang='lat' dir='ltr'>Ma-</span> 
     </span>
     <span class='ocr_line' id='line_1_25' title="bbox 122 1228 1085 1278; baseline -0.005 -10"><span class='ocrx_word' id='word_1_196' title='bbox 122 1230 218 1268; x_wconf 79' lang='lat' dir='ltr'>xime</span> <span class='ocrx_word' id='word_1_197' title='bbox 239 1231 323 1267; x_wconf 70' lang='lat' dir='ltr'>vero</span> <span class='ocrx_word' id='word_1_198' title='bbox 340 1230 560 1267; x_wconf 73' lang='lat' dir='ltr'>consulatum</span> <span class='ocrx_word' id='word_1_199' title='bbox 575 1231 670 1266; x_wconf 89' lang='lat' dir='ltr'>hunc</span> <span class='ocrx_word' id='word_1_200' title='bbox 684 1231 752 1268; x_wconf 90' lang='lat' dir='ltr'>Cn.</span> <span class='ocrx_word' id='word_1_201' title='bbox 764 1228 948 1278; x_wconf 86' lang='lat' dir='ltr'>Pompejus</span> <span class='ocrx_word' id='word_1_202' title='bbox 961 1228 1085 1276; x_wconf 83' lang='lat' dir='ltr'>proba-</span> 
     </span>
     <span class='ocr_line' id='line_1_26' title="bbox 121 1278 1087 1329; baseline -0.002 -14"><span class='ocrx_word' id='word_1_203' title='bbox 121 1279 173 1315; x_wconf 91' lang='lat' dir='ltr'>vit</span> <span class='ocrx_word' id='word_1_204' title='bbox 186 1305 195 1320; x_wconf 88' lang='lat'>‚</span> <span class='ocrx_word' id='word_1_205' title='bbox 207 1280 269 1329; x_wconf 89' lang='lat' dir='ltr'>qui</span> <span class='ocrx_word' id='word_1_206' title='bbox 282 1305 291 1321; x_wconf 91' lang='lat'><em>‚</em></span> <span class='ocrx_word' id='word_1_207' title='bbox 305 1290 344 1316; x_wconf 93' lang='lat' dir='ltr'>ut</span> <span class='ocrx_word' id='word_1_208' title='bbox 352 1280 562 1316; x_wconf 82' lang='lat' dir='ltr'>Ciceronem</span> <span class='ocrx_word' id='word_1_209' title='bbox 578 1280 733 1328; x_wconf 86' lang='lat' dir='ltr'>primum</span> <span class='ocrx_word' id='word_1_210' title='bbox 748 1279 916 1315; x_wconf 87' lang='lat' dir='ltr'>decedens</span> <span class='ocrx_word' id='word_1_211' title='bbox 928 1290 974 1314; x_wconf 80' lang='lat' dir='ltr'>ex</span> <span class='ocrx_word' id='word_1_212' title='bbox 985 1278 1087 1326; x_wconf 86' lang='lat' dir='ltr'>Syria</span> 
     </span>
     <span class='ocr_line' id='line_1_27' title="bbox 119 1327 1084 1377; baseline -0.003 -13"><span class='ocrx_word' id='word_1_213' title='bbox 119 1328 423 1376; x_wconf 84' lang='lat' dir='ltr'>vidit‚complexus</span> <span class='ocrx_word' id='word_1_214' title='bbox 437 1332 472 1365; x_wconf 92' lang='lat'>&amp;</span> <span class='ocrx_word' id='word_1_215' title='bbox 481 1328 745 1377; x_wconf 81' lang='lat' dir='ltr'>gratulanS‚ejus</span> <span class='ocrx_word' id='word_1_216' title='bbox 756 1327 927 1364; x_wconf 86' lang='lat' dir='ltr'>beneficio</span> <span class='ocrx_word' id='word_1_217' title='bbox 941 1337 1084 1375; x_wconf 88' lang='lat' dir='ltr'>patriam</span> 
     </span>
     <span class='ocr_line' id='line_1_28' title="bbox 121 1375 1085 1427; baseline -0.002 -15"><span class='ocrx_word' id='word_1_218' title='bbox 121 1377 154 1415; x_wconf 73' lang='lat' dir='ltr'>fi:</span> <span class='ocrx_word' id='word_1_219' title='bbox 174 1377 325 1414; x_wconf 86' lang='lat' dir='ltr'>visurum</span> <span class='ocrx_word' id='word_1_220' title='bbox 343 1378 409 1413; x_wconf 80' lang='lat' dir='ltr'>effe</span> <span class='ocrx_word' id='word_1_221' title='bbox 427 1378 517 1414; x_wconf 82' lang='lat' dir='ltr'>dixit</span> <span class='ocrx_word' id='word_1_222' title='bbox 529 1404 537 1418; x_wconf 92' lang='lat'><strong><em>‚</em></strong></span> <span class='ocrx_word' id='word_1_223' title='bbox 558 1378 677 1427; x_wconf 85' lang='lat' dir='ltr'>Philip.</span> <span class='ocrx_word' id='word_1_224' title='bbox 693 1391 722 1413; x_wconf 85' lang='lat'>2.</span> <span class='ocrx_word' id='word_1_225' title='bbox 734 1377 826 1413; x_wconf 82' lang='lat' dir='ltr'>idem</span> <span class='ocrx_word' id='word_1_226' title='bbox 841 1378 897 1413; x_wconf 85' lang='lat' dir='ltr'>vir</span> <span class='ocrx_word' id='word_1_227' title='bbox 909 1375 1085 1412; x_wconf 87' lang='lat' dir='ltr'>abundans</span> 
     </span>
     <span class='ocr_line' id='line_1_29' title="bbox 118 1425 1084 1464; baseline -0.002 -3"><span class='ocrx_word' id='word_1_228' title='bbox 118 1425 251 1462; x_wconf 81' lang='lat' dir='ltr'>bellicis</span> <span class='ocrx_word' id='word_1_229' title='bbox 269 1426 425 1463; x_wconf 83' lang='lat' dir='ltr'>laudibus</span> <span class='ocrx_word' id='word_1_230' title='bbox 446 1427 613 1464; x_wconf 83' lang='lat' dir='ltr'>Ciceroni</span> <span class='ocrx_word' id='word_1_231' title='bbox 636 1427 756 1463; x_wconf 89' lang='lat' dir='ltr'>multis</span> <span class='ocrx_word' id='word_1_232' title='bbox 777 1426 995 1463; x_wconf 81' lang='lat' dir='ltr'>audientibus</span> <span class='ocrx_word' id='word_1_233' title='bbox 1017 1426 1084 1460; x_wconf 90' lang='lat' dir='ltr'>hoc</span> 
     </span>
     <span class='ocr_line' id='line_1_30' title="bbox 120 1475 1083 1522; baseline 0 -13"><span class='ocrx_word' id='word_1_234' title='bbox 120 1475 245 1511; x_wconf 88' lang='lat' dir='ltr'>tribuit</span> <span class='ocrx_word' id='word_1_235' title='bbox 257 1499 267 1513; x_wconf 94' lang='lat'>,</span> <span class='ocrx_word' id='word_1_236' title='bbox 288 1485 327 1511; x_wconf 90' lang='lat' dir='ltr'>ut</span> <span class='ocrx_word' id='word_1_237' title='bbox 339 1475 489 1520; x_wconf 81' lang='lat' dir='ltr'>diceret3</span> <span class='ocrx_word' id='word_1_238' title='bbox 511 1475 635 1512; x_wconf 88' lang='lat' dir='ltr'>frustra</span> <span class='ocrx_word' id='word_1_239' title='bbox 651 1477 682 1512; x_wconf 75' lang='lat' dir='ltr'>ie</span> <span class='ocrx_word' id='word_1_240' title='bbox 701 1476 844 1512; x_wconf 85' lang='lat' dir='ltr'>tertium</span> <span class='ocrx_word' id='word_1_241' title='bbox 864 1475 1083 1522; x_wconf 83' lang='lat' dir='ltr'>triumphum</span> 
     </span>
     <span class='ocr_line' id='line_1_31' title="bbox 119 1521 1086 1572; baseline -0.001 -13"><span class='ocrx_word' id='word_1_242' title='bbox 119 1523 385 1571; x_wconf 84' lang='lat' dir='ltr'>deportaturum</span> <span class='ocrx_word' id='word_1_243' title='bbox 395 1525 572 1564; x_wconf 83' lang='lat' dir='ltr'>fuiffe‚nifi</span> <span class='ocrx_word' id='word_1_244' title='bbox 583 1524 658 1565; x_wconf 80' lang='lat' dir='ltr'>eius</span> <span class='ocrx_word' id='word_1_245' title='bbox 671 1527 706 1560; x_wconf 88' lang='lat' dir='ltr'>in</span> <span class='ocrx_word' id='word_1_246' title='bbox 721 1524 889 1572; x_wconf 85' lang='lat' dir='ltr'>rempubl.</span> <span class='ocrx_word' id='word_1_247' title='bbox 902 1521 1086 1562; x_wconf 84' lang='lat' dir='ltr'>beneficio,</span> 
     </span>
     <span class='ocr_line' id='line_1_32' title="bbox 119 1572 1086 1622; baseline -0.001 -14"><span class='ocrx_word' id='word_1_248' title='bbox 119 1572 182 1609; x_wconf 89' lang='lat' dir='ltr'>ubi</span> <span class='ocrx_word' id='word_1_249' title='bbox 195 1573 424 1622; x_wconf 86' lang='lat' dir='ltr'>triumpharet</span> <span class='ocrx_word' id='word_1_250' title='bbox 434 1600 443 1615; x_wconf 88' lang='lat'>‚</span> <span class='ocrx_word' id='word_1_251' title='bbox 456 1575 538 1611; x_wconf 82' lang='lat' dir='ltr'>effet</span> <span class='ocrx_word' id='word_1_252' title='bbox 551 1575 730 1611; x_wconf 90' lang='lat' dir='ltr'>habiturus</span> <span class='ocrx_word' id='word_1_253' title='bbox 740 1601 749 1615; x_wconf 94' lang='lat'>‚</span> <span class='ocrx_word' id='word_1_254' title='bbox 763 1574 820 1610; x_wconf 88' lang='lat' dir='ltr'>lib.</span> <span class='ocrx_word' id='word_1_255' title='bbox 841 1586 868 1610; x_wconf 89' lang='lat'>1.</span> <span class='ocrx_word' id='word_1_256' title='bbox 882 1573 926 1609; x_wconf 92' lang='lat' dir='ltr'>de</span> <span class='ocrx_word' id='word_1_257' title='bbox 940 1572 1086 1608; x_wconf 86' lang='lat' dir='ltr'>Officiis.</span> 
     </span>
     <span class='ocr_line' id='line_1_33' title="bbox 120 1621 1083 1672; baseline 0 -15"><span class='ocrx_word' id='word_1_258' title='bbox 120 1621 328 1658; x_wconf 89' lang='lat' dir='ltr'>Ciceronem</span> <span class='ocrx_word' id='word_1_259' title='bbox 343 1634 503 1671; x_wconf 78' lang='lat' dir='ltr'>praeterea</span> <span class='ocrx_word' id='word_1_260' title='bbox 513 1624 707 1671; x_wconf 69' lang='lat' dir='ltr'>Qatulus</span> <span class='ocrx_word' id='word_1_261' title='bbox 719 1624 876 1672; x_wconf 84' lang='lat' dir='ltr'>princeps</span> <span class='ocrx_word' id='word_1_262' title='bbox 890 1623 1035 1663; x_wconf 88' lang='lat' dir='ltr'>senatus,</span> <span class='ocrx_word' id='word_1_263' title='bbox 1048 1624 1083 1658; x_wconf 87' lang='lat'>&amp;</span> 
     </span>
     <span class='ocr_line' id='line_1_34' title="bbox 120 1671 1082 1723; baseline 0 -16"><span class='ocrx_word' id='word_1_264' title='bbox 120 1671 243 1709; x_wconf 63' lang='lat' dir='ltr'>audior</span> <span class='ocrx_word' id='word_1_265' title='bbox 255 1671 384 1720; x_wconf 88' lang='lat' dir='ltr'>publici</span> <span class='ocrx_word' id='word_1_266' title='bbox 396 1672 528 1709; x_wconf 84' lang='lat' dir='ltr'>consilii</span> <span class='ocrx_word' id='word_1_267' title='bbox 541 1672 817 1723; x_wconf 72' lang='lat' dir='ltr'>frequentissimo</span> <span class='ocrx_word' id='word_1_268' title='bbox 832 1675 947 1708; x_wconf 76' lang='lat' dir='ltr'>senatu</span> <span class='ocrx_word' id='word_1_269' title='bbox 960 1684 1082 1719; x_wconf 85' lang='lat' dir='ltr'>paren-</span> 
     </span>
     <span class='ocr_line' id='line_1_35' title="bbox 99 1721 1082 1770; baseline 0 -14"><span class='ocrx_word' id='word_1_270' title='bbox 99 1728 192 1768; x_wconf 48' lang='lat' dir='ltr'>stem</span> <span class='ocrx_word' id='word_1_271' title='bbox 213 1721 329 1767; x_wconf 88' lang='lat' dir='ltr'>patriae</span> <span class='ocrx_word' id='word_1_272' title='bbox 342 1721 558 1764; x_wconf 87' lang='lat' dir='ltr'>nominavit,</span> <span class='ocrx_word' id='word_1_273' title='bbox 583 1723 620 1758; x_wconf 87' lang='lat' dir='ltr'>in</span> <span class='ocrx_word' id='word_1_274' title='bbox 635 1722 802 1759; x_wconf 85' lang='lat' dir='ltr'>Pisonem·</span> <span class='ocrx_word' id='word_1_275' title='bbox 832 1724 958 1770; x_wconf 88' lang='lat' dir='ltr'>Neque</span> <span class='ocrx_word' id='word_1_276' title='bbox 969 1721 1082 1756; x_wconf 88' lang='lat' dir='ltr'>solum</span> 
     </span>
     <span class='ocr_line' id='line_1_36' title="bbox 121 1768 1083 1819; baseline -0.001 -14"><span class='ocrx_word' id='word_1_277' title='bbox 121 1768 265 1805; x_wconf 87' lang='lat' dir='ltr'>Catulus</span> <span class='ocrx_word' id='word_1_278' title='bbox 277 1795 287 1811; x_wconf 91' lang='lat'><em>‚</em></span> <span class='ocrx_word' id='word_1_279' title='bbox 313 1783 435 1807; x_wconf 90' lang='lat' dir='ltr'>verum</span> <span class='ocrx_word' id='word_1_280' title='bbox 445 1771 548 1808; x_wconf 86' lang='lat' dir='ltr'>etiarn</span> <span class='ocrx_word' id='word_1_281' title='bbox 561 1771 664 1808; x_wconf 90' lang='lat' dir='ltr'>multi</span> <span class='ocrx_word' id='word_1_282' title='bbox 676 1772 731 1807; x_wconf 92' lang='lat' dir='ltr'>alii</span> <span class='ocrx_word' id='word_1_283' title='bbox 744 1774 828 1819; x_wconf 82' lang='lat' dir='ltr'>iaepe</span> <span class='ocrx_word' id='word_1_284' title='bbox 839 1771 875 1806; x_wconf 90' lang='lat' dir='ltr'>in</span> <span class='ocrx_word' id='word_1_285' title='bbox 888 1772 1004 1806; x_wconf 89' lang='lat' dir='ltr'>senatu</span> <span class='ocrx_word' id='word_1_286' title='bbox 1018 1770 1083 1805; x_wconf 89' lang='lat' dir='ltr'>Ci-</span> 
     </span>
     <span class='ocr_line' id='line_1_37' title="bbox 117 1818 1083 1869; baseline 0.002 -17"><span class='ocrx_word' id='word_1_287' title='bbox 117 1828 282 1854; x_wconf 86' lang='lat' dir='ltr'>ceronem</span> <span class='ocrx_word' id='word_1_288' title='bbox 296 1830 427 1867; x_wconf 89' lang='lat' dir='ltr'>patrem</span> <span class='ocrx_word' id='word_1_289' title='bbox 441 1821 558 1869; x_wconf 81' lang='lat' dir='ltr'>patriae</span> <span class='ocrx_word' id='word_1_290' title='bbox 571 1821 801 1857; x_wconf 87' lang='lat' dir='ltr'>nominarunt</span> <span class='ocrx_word' id='word_1_291' title='bbox 812 1844 823 1859; x_wconf 87' lang='lat'>,</span> <span class='ocrx_word' id='word_1_292' title='bbox 840 1831 879 1856; x_wconf 91' lang='lat' dir='ltr'>ut</span> <span class='ocrx_word' id='word_1_293' title='bbox 897 1819 964 1867; x_wconf 89' lang='lat' dir='ltr'>ipse</span> <span class='ocrx_word' id='word_1_294' title='bbox 982 1818 1083 1855; x_wconf 88' lang='lat' dir='ltr'>testa-</span> 
     </span>
     <span class='ocr_line' id='line_1_38' title="bbox 116 1869 1081 1914; baseline 0.001 -12"><span class='ocrx_word' id='word_1_295' title='bbox 116 1875 176 1902; x_wconf 87' lang='lat' dir='ltr'>tur</span> <span class='ocrx_word' id='word_1_296' title='bbox 197 1879 259 1914; x_wconf 90' lang='lat' dir='ltr'>pro</span> <span class='ocrx_word' id='word_1_297' title='bbox 279 1869 408 1905; x_wconf 83' lang='lat' dir='ltr'>Sextio.</span> <span class='ocrx_word' id='word_1_298' title='bbox 433 1869 470 1905; x_wconf 89' lang='lat' dir='ltr'>in</span> <span class='ocrx_word' id='word_1_299' title='bbox 493 1870 545 1905; x_wconf 87' lang='lat' dir='ltr'>his</span> <span class='ocrx_word' id='word_1_300' title='bbox 565 1870 767 1906; x_wconf 82' lang='lat' dir='ltr'>Plutarchus</span> <span class='ocrx_word' id='word_1_301' title='bbox 791 1880 952 1905; x_wconf 87' lang='lat' dir='ltr'>numerat</span> <span class='ocrx_word' id='word_1_302' title='bbox 973 1869 1081 1904; x_wconf 87' lang='lat' dir='ltr'>Cato-</span> 
     </span>
     <span class='ocr_line' id='line_1_39' title="bbox 117 1915 1080 1966; baseline 0 -13"><span class='ocrx_word' id='word_1_303' title='bbox 117 1926 211 1953; x_wconf 85' lang='lat' dir='ltr'>nem.</span> <span class='ocrx_word' id='word_1_304' title='bbox 235 1915 279 1952; x_wconf 92' lang='lat' dir='ltr'>de</span> <span class='ocrx_word' id='word_1_305' title='bbox 290 1930 361 1965; x_wconf 91' lang='lat' dir='ltr'>quo</span> <span class='ocrx_word' id='word_1_306' title='bbox 376 1919 569 1966; x_wconf 76' lang='lat' dir='ltr'>Appianusz</span> <span class='ocrx_word' id='word_1_307' title='bbox 591 1919 687 1956; x_wconf 86' lang='lat' dir='ltr'>Cum</span> <span class='ocrx_word' id='word_1_308' title='bbox 699 1919 789 1955; x_wconf 92' lang='lat' dir='ltr'>Cato</span> <span class='ocrx_word' id='word_1_309' title='bbox 802 1918 1012 1955; x_wconf 87' lang='lat' dir='ltr'>Ciceronem</span> <span class='ocrx_word' id='word_1_310' title='bbox 1024 1930 1080 1964; x_wconf 82' lang='lat' dir='ltr'>pa-</span> 
     </span>
     <span class='ocr_line' id='line_1_40' title="bbox 117 1965 1080 2015; baseline 0.002 -17"><span class='ocrx_word' id='word_1_311' title='bbox 117 1972 208 1999; x_wconf 75' lang='lat' dir='ltr'>trem</span> <span class='ocrx_word' id='word_1_312' title='bbox 220 1965 335 2009; x_wconf 89' lang='lat' dir='ltr'>patriae</span> <span class='ocrx_word' id='word_1_313' title='bbox 347 1967 537 2012; x_wconf 77' lang='lat' dir='ltr'>appellasset</span> <span class='ocrx_word' id='word_1_314' title='bbox 549 1991 558 2006; x_wconf 90' lang='lat'>,</span> <span class='ocrx_word' id='word_1_315' title='bbox 572 1968 719 2015; x_wconf 85' lang='lat' dir='ltr'>populus</span> <span class='ocrx_word' id='word_1_316' title='bbox 732 1967 951 2003; x_wconf 85' lang='lat' dir='ltr'>acclamavit:</span> <span class='ocrx_word' id='word_1_317' title='bbox 967 1977 1080 2014; x_wconf 89' lang='lat' dir='ltr'>atque,</span> 
     </span>
     <span class='ocr_line' id='line_1_41' title="bbox 116 2011 1080 2063; baseline 0.002 -17"><span class='ocrx_word' id='word_1_318' title='bbox 116 2020 159 2046; x_wconf 83' lang='lat' dir='ltr'>ut</span> <span class='ocrx_word' id='word_1_319' title='bbox 170 2011 373 2063; x_wconf 85' lang='lat' dir='ltr'>quibusdam</span> <span class='ocrx_word' id='word_1_320' title='bbox 385 2014 497 2060; x_wconf 89' lang='lat' dir='ltr'>placet</span> <span class='ocrx_word' id='word_1_321' title='bbox 509 2040 518 2054; x_wconf 95' lang='lat'>‚</span> <span class='ocrx_word' id='word_1_322' title='bbox 530 2016 603 2050; x_wconf 90' lang='lat' dir='ltr'>haec</span> <span class='ocrx_word' id='word_1_323' title='bbox 614 2015 795 2062; x_wconf 77' lang='lat' dir='ltr'>appellatio</span> <span class='ocrx_word' id='word_1_324' title='bbox 809 2015 964 2062; x_wconf 87' lang='lat' dir='ltr'>primum</span> <span class='ocrx_word' id='word_1_325' title='bbox 977 2015 1080 2049; x_wconf 90' lang='lat' dir='ltr'>Cice-</span> 
     </span>
     <span class='ocr_line' id='line_1_42' title="bbox 114 2059 1080 2108; baseline 0.001 -14"><span class='ocrx_word' id='word_1_326' title='bbox 114 2070 195 2094; x_wconf 76' lang='lat' dir='ltr'>roni</span> <span class='ocrx_word' id='word_1_327' title='bbox 213 2059 363 2097; x_wconf 86' lang='lat' dir='ltr'>tributa,</span> <span class='ocrx_word' id='word_1_328' title='bbox 384 2061 465 2098; x_wconf 86' lang='lat' dir='ltr'>inde</span> <span class='ocrx_word' id='word_1_329' title='bbox 484 2063 526 2096; x_wconf 86' lang='lat' dir='ltr'>ad</span> <span class='ocrx_word' id='word_1_330' title='bbox 542 2065 768 2106; x_wconf 86' lang='lat' dir='ltr'>Imperatores</span> <span class='ocrx_word' id='word_1_331' title='bbox 788 2064 957 2108; x_wconf 88' lang='lat' dir='ltr'>pervenit.</span> <span class='ocrx_word' id='word_1_332' title='bbox 985 2062 1080 2097; x_wconf 91' lang='lat' dir='ltr'>Hinc</span> 
     </span>
     <span class='ocr_line' id='line_1_43' title="bbox 112 2106 1078 2156; baseline 0.001 -14"><span class='ocrx_word' id='word_1_333' title='bbox 112 2106 289 2155; x_wconf 83' lang='lat' dir='ltr'>Juvenalis</span> <span class='ocrx_word' id='word_1_334' title='bbox 303 2110 425 2156; x_wconf 87' lang='lat' dir='ltr'>Satyra</span> <span class='ocrx_word' id='word_1_335' title='bbox 440 2112 470 2145; x_wconf 90' lang='lat'>8.</span> <span class='ocrx_word' id='word_1_336' title='bbox 485 2111 602 2144; x_wconf 88' lang='lat' dir='ltr'>Roma</span> <span class='ocrx_word' id='word_1_337' title='bbox 614 2120 804 2156; x_wconf 83' lang='lat' dir='ltr'>parentem,</span> <span class='ocrx_word' id='word_1_338' title='bbox 819 2111 935 2144; x_wconf 86' lang='lat' dir='ltr'>Roma</span> <span class='ocrx_word' id='word_1_339' title='bbox 947 2119 1078 2156; x_wconf 88' lang='lat' dir='ltr'>patrem</span> 
     </span>
     <span class='ocr_line' id='line_1_44' title="bbox 113 2155 1078 2204; baseline 0.002 -13"><span class='ocrx_word' id='word_1_340' title='bbox 113 2155 232 2204; x_wconf 84' lang='lat' dir='ltr'>patriae</span> <span class='ocrx_word' id='word_1_341' title='bbox 255 2157 466 2193; x_wconf 80' lang='lat' dir='ltr'>Ciceronem</span> <span class='ocrx_word' id='word_1_342' title='bbox 493 2157 600 2194; x_wconf 91' lang='lat' dir='ltr'>libera</span> <span class='ocrx_word' id='word_1_343' title='bbox 628 2156 729 2193; x_wconf 83' lang='lat' dir='ltr'>dixit.</span> <span class='ocrx_word' id='word_1_344' title='bbox 764 2158 798 2193; x_wconf 72' lang='grc' dir='ltr'>ὃ(</span> <span class='ocrx_word' id='word_1_345' title='bbox 820 2156 951 2193; x_wconf 85' lang='lat' dir='ltr'>Plinius</span> <span class='ocrx_word' id='word_1_346' title='bbox 975 2155 1032 2192; x_wconf 92' lang='lat' dir='ltr'>lib.</span> <span class='ocrx_word' id='word_1_347' title='bbox 1049 2168 1078 2200; x_wconf 85' lang='lat'>7.</span> 
     </span>
     <span class='ocr_line' id='line_1_45' title="bbox 114 2205 1080 2253; baseline -0.001 -12"><span class='ocrx_word' id='word_1_348' title='bbox 114 2216 186 2252; x_wconf 86' lang='lat' dir='ltr'>cap·</span> <span class='ocrx_word' id='word_1_349' title='bbox 204 2216 257 2241; x_wconf 86' lang='lat'>10-</span> <span class='ocrx_word' id='word_1_350' title='bbox 295 2208 346 2241; x_wconf 94' lang='lat' dir='ltr'>M.</span> <span class='ocrx_word' id='word_1_351' title='bbox 359 2205 519 2242; x_wconf 88' lang='lat' dir='ltr'>Tullium</span> <span class='ocrx_word' id='word_1_352' title='bbox 545 2205 588 2241; x_wconf 89' lang='lat' dir='ltr'>fic</span> <span class='ocrx_word' id='word_1_353' title='bbox 621 2205 745 2242; x_wconf 86' lang='lat' dir='ltr'>affatur</span> <span class='ocrx_word' id='word_1_354' title='bbox 766 2218 774 2241; x_wconf 91' lang='lat'>:</span> <span class='ocrx_word' id='word_1_355' title='bbox 814 2205 915 2241; x_wconf 90' lang='lat' dir='ltr'>Salve</span> <span class='ocrx_word' id='word_1_356' title='bbox 948 2205 1080 2253; x_wconf 85' lang='lat' dir='ltr'>primus</span> 
     </span>
     <span class='ocr_line' id='line_1_46' title="bbox 114 2252 1077 2304; baseline 0.001 -16"><span class='ocrx_word' id='word_1_357' title='bbox 114 2252 280 2290; x_wconf 79' lang='lat' dir='ltr'>omnium</span> <span class='ocrx_word' id='word_1_358' title='bbox 304 2267 423 2302; x_wconf 88' lang='lat' dir='ltr'>parens</span> <span class='ocrx_word' id='word_1_359' title='bbox 444 2255 563 2302; x_wconf 82' lang='lat' dir='ltr'>patriae</span> <span class='ocrx_word' id='word_1_360' title='bbox 585 2254 760 2304; x_wconf 89' lang='lat' dir='ltr'>appellate.</span> <span class='ocrx_word' id='word_1_361' title='bbox 784 2256 837 2290; x_wconf 93' lang='lat' dir='ltr'>De</span> <span class='ocrx_word' id='word_1_362' title='bbox 851 2254 1024 2290; x_wconf 83' lang='lat' dir='ltr'>Cicerone</span> <span class='ocrx_word' id='word_1_363' title='bbox 1038 2256 1077 2290; x_wconf 89' lang='lat' dir='ltr'>L.</span> 
     </span>
     <span class='ocr_line' id='line_1_47' title="bbox 115 2302 1078 2343; baseline 0 -5"><span class='ocrx_word' id='word_1_364' title='bbox 115 2302 249 2342; x_wconf 77' lang='lat' dir='ltr'>Gellius</span> <span class='ocrx_word' id='word_1_365' title='bbox 263 2303 316 2339; x_wconf 90' lang='lat' dir='ltr'>vir</span> <span class='ocrx_word' id='word_1_366' title='bbox 326 2303 527 2340; x_wconf 82' lang='lat' dir='ltr'>clarissimus</span> <span class='ocrx_word' id='word_1_367' title='bbox 538 2304 575 2339; x_wconf 87' lang='lat' dir='ltr'>in</span> <span class='ocrx_word' id='word_1_368' title='bbox 588 2303 761 2340; x_wconf 88' lang='lat' dir='ltr'>concione</span> <span class='ocrx_word' id='word_1_369' title='bbox 773 2303 873 2343; x_wconf 86' lang='lat' dir='ltr'>dixit,</span> <span class='ocrx_word' id='word_1_370' title='bbox 886 2302 911 2338; x_wconf 89' lang='lat' dir='ltr'>fi</span> <span class='ocrx_word' id='word_1_371' title='bbox 922 2303 979 2339; x_wconf 89' lang='lat' dir='ltr'>ille</span> <span class='ocrx_word' id='word_1_372' title='bbox 990 2315 1078 2338; x_wconf 91' lang='lat' dir='ltr'>con-</span> 
     </span>
     <span class='ocr_line' id='line_1_48' title="bbox 114 2350 1078 2402; baseline -0.001 -14"><span class='ocrx_word' id='word_1_373' title='bbox 114 2350 167 2388; x_wconf 78' lang='lat' dir='ltr'>fiul</span> <span class='ocrx_word' id='word_1_374' title='bbox 178 2377 189 2393; x_wconf 95' lang='lat'>‚</span> <span class='ocrx_word' id='word_1_375' title='bbox 200 2364 283 2389; x_wconf 87' lang='lat' dir='ltr'>cum</span> <span class='ocrx_word' id='word_1_376' title='bbox 295 2352 362 2389; x_wconf 86' lang='lat' dir='ltr'>fuit</span> <span class='ocrx_word' id='word_1_377' title='bbox 373 2379 383 2394; x_wconf 90' lang='lat'>,</span> <span class='ocrx_word' id='word_1_378' title='bbox 400 2366 473 2389; x_wconf 88' lang='lat' dir='ltr'>non</span> <span class='ocrx_word' id='word_1_379' title='bbox 485 2352 601 2390; x_wconf 77' lang='lat' dir='ltr'>fuisset</span> <span class='ocrx_word' id='word_1_380' title='bbox 612 2380 622 2395; x_wconf 90' lang='lat'>,</span> <span class='ocrx_word' id='word_1_381' title='bbox 634 2353 805 2402; x_wconf 88' lang='lat' dir='ltr'>rempubl.</span> <span class='ocrx_word' id='word_1_382' title='bbox 818 2351 975 2388; x_wconf 90' lang='lat' dir='ltr'>funditus</span> <span class='ocrx_word' id='word_1_383' title='bbox 986 2352 1078 2388; x_wconf 89' lang='lat' dir='ltr'>inte-</span> 
     </span>
     <span class='ocr_line' id='line_1_49' title="bbox 114 2401 1077 2452; baseline -0.001 -15"><span class='ocrx_word' id='word_1_384' title='bbox 114 2403 262 2437; x_wconf 85' lang='lat' dir='ltr'>rituram</span> <span class='ocrx_word' id='word_1_385' title='bbox 273 2401 371 2438; x_wconf 81' lang='lat' dir='ltr'>fuiffe</span> <span class='ocrx_word' id='word_1_386' title='bbox 383 2428 393 2444; x_wconf 87' lang='lat'>,</span> <span class='ocrx_word' id='word_1_387' title='bbox 403 2402 479 2448; x_wconf 89' lang='lat' dir='ltr'>post</span> <span class='ocrx_word' id='word_1_388' title='bbox 489 2402 562 2439; x_wconf 24' lang='lat' dir='ltr'>red..</span> <span class='ocrx_word' id='word_1_389' title='bbox 571 2402 612 2439; x_wconf 90' lang='lat' dir='ltr'>ad</span> <span class='ocrx_word' id='word_1_390' title='bbox 626 2403 793 2452; x_wconf 88' lang='lat' dir='ltr'>Qirites.</span> <span class='ocrx_word' id='word_1_391' title='bbox 818 2401 916 2437; x_wconf 88' lang='lat' dir='ltr'>Idem</span> <span class='ocrx_word' id='word_1_392' title='bbox 928 2401 1077 2437; x_wconf 86' lang='lat' dir='ltr'>civicam</span> 
     </span>
     <span class='ocr_line' id='line_1_50' title="bbox 114 2450 1077 2500; baseline -0.003 -13"><span class='ocrx_word' id='word_1_393' title='bbox 114 2461 282 2487; x_wconf 84' lang='lat' dir='ltr'>coronam</span> <span class='ocrx_word' id='word_1_394' title='bbox 294 2451 459 2488; x_wconf 91' lang='lat' dir='ltr'>Ciceroni</span> <span class='ocrx_word' id='word_1_395' title='bbox 478 2452 594 2488; x_wconf 85' lang='lat' dir='ltr'>deberi</span> <span class='ocrx_word' id='word_1_396' title='bbox 614 2452 634 2488; x_wconf 76' lang='lat' dir='ltr'>a</span> <span class='ocrx_word' id='word_1_397' title='bbox 654 2452 786 2500; x_wconf 77' lang='lat' dir='ltr'>republ·</span> <span class='ocrx_word' id='word_1_398' title='bbox 799 2450 907 2489; x_wconf 86' lang='lat' dir='ltr'>dixit,</span> <span class='ocrx_word' id='word_1_399' title='bbox 935 2450 971 2486; x_wconf 90' lang='lat' dir='ltr'>in</span> <span class='ocrx_word' id='word_1_400' title='bbox 985 2450 1077 2485; x_wconf 89' lang='lat' dir='ltr'>Piso-</span> 
     </span>
     <span class='ocr_line' id='line_1_51' title="bbox 115 2498 1078 2549; baseline -0.002 -13"><span class='ocrx_word' id='word_1_401' title='bbox 115 2509 209 2539; x_wconf 80' lang='lat' dir='ltr'>nem,</span> <span class='ocrx_word' id='word_1_402' title='bbox 224 2498 305 2536; x_wconf 85' lang='lat' dir='ltr'>vide</span> <span class='ocrx_word' id='word_1_403' title='bbox 316 2500 469 2538; x_wconf 86' lang='lat' dir='ltr'>Gellium</span> <span class='ocrx_word' id='word_1_404' title='bbox 480 2501 537 2539; x_wconf 88' lang='lat' dir='ltr'>lib.</span> <span class='ocrx_word' id='word_1_405' title='bbox 544 2513 575 2543; x_wconf 87' lang='lat'>5.</span> <span class='ocrx_word' id='word_1_406' title='bbox 588 2505 694 2549; x_wconf 84' lang='lat' dir='ltr'>cap.6.</span> <span class='ocrx_word' id='word_1_407' title='bbox 721 2502 816 2536; x_wconf 82' lang='lat' dir='ltr'>Cum</span> <span class='ocrx_word' id='word_1_408' title='bbox 828 2499 992 2537; x_wconf 85' lang='lat' dir='ltr'>extremis</span> <span class='ocrx_word' id='word_1_409' title='bbox 1004 2499 1078 2534; x_wconf 91' lang='lat' dir='ltr'>die·</span> 
     </span>
     <span class='ocr_line' id='line_1_52' title="bbox 117 2546 1076 2599; baseline -0.003 -13"><span class='ocrx_word' id='word_1_410' title='bbox 117 2546 180 2586; x_wconf 78' lang='lat' dir='ltr'>bus</span> <span class='ocrx_word' id='word_1_411' title='bbox 194 2548 279 2585; x_wconf 70' lang='lat' dir='ltr'>anni</span> <span class='ocrx_word' id='word_1_412' title='bbox 299 2548 402 2598; x_wconf 86' lang='lat' dir='ltr'>hujus</span> <span class='ocrx_word' id='word_1_413' title='bbox 417 2550 503 2586; x_wconf 88' lang='lat' dir='ltr'>novi</span> <span class='ocrx_word' id='word_1_414' title='bbox 521 2551 654 2586; x_wconf 89' lang='lat' dir='ltr'>tribuni</span> <span class='ocrx_word' id='word_1_415' title='bbox 674 2550 761 2599; x_wconf 85' lang='lat' dir='ltr'>pleb.</span> <span class='ocrx_word' id='word_1_416' title='bbox 773 2549 854 2598; x_wconf 84' lang='lat' dir='ltr'>quia</span> <span class='ocrx_word' id='word_1_417' title='bbox 867 2548 941 2586; x_wconf 88' lang='lat' dir='ltr'>a.d.</span> <span class='ocrx_word' id='word_1_418' title='bbox 962 2560 1013 2583; x_wconf 72' lang='grc' dir='ltr'>ιν.</span> <span class='ocrx_word' id='word_1_419' title='bbox 1027 2547 1076 2584; x_wconf 92' lang='lat' dir='ltr'>Id.</span> 
     </span>
     <span class='ocr_line' id='line_1_53' title="bbox 114 2596 1078 2647; baseline 0 -15"><span class='ocrx_word' id='word_1_420' title='bbox 114 2597 298 2634; x_wconf 86' lang='lat' dir='ltr'>Decembr.</span> <span class='ocrx_word' id='word_1_421' title='bbox 308 2598 547 2646; x_wconf 87' lang='lat' dir='ltr'>magistratum</span> <span class='ocrx_word' id='word_1_422' title='bbox 559 2599 693 2637; x_wconf 73' lang='lat' dir='ltr'>inibant</span> <span class='ocrx_word' id='word_1_423' title='bbox 715 2601 769 2646; x_wconf 90' lang='lat' dir='ltr'>(ut</span> <span class='ocrx_word' id='word_1_424' title='bbox 780 2598 878 2647; x_wconf 81' lang='lat' dir='ltr'>iupra</span> <span class='ocrx_word' id='word_1_425' title='bbox 889 2596 931 2634; x_wconf 88' lang='lat' dir='ltr'>ad</span> <span class='ocrx_word' id='word_1_426' title='bbox 944 2609 1078 2633; x_wconf 90' lang='lat' dir='ltr'>annum</span> 
     </span>
     <span class='ocr_line' id='line_1_54' title="bbox 115 2646 1077 2695; baseline 0.001 -15"><span class='ocrx_word' id='word_1_427' title='bbox 115 2656 326 2684; x_wconf 80' lang='lat' dir='ltr'>nchxxvi.</span> <span class='ocrx_word' id='word_1_428' title='bbox 338 2647 667 2693; x_wconf 84' lang='lat' dir='ltr'>demonstravimus)</span> <span class='ocrx_word' id='word_1_429' title='bbox 687 2660 739 2684; x_wconf 86' lang='lat' dir='ltr'>res</span> <span class='ocrx_word' id='word_1_430' title='bbox 753 2659 807 2683; x_wconf 87' lang='lat' dir='ltr'>eas</span> <span class='ocrx_word' id='word_1_431' title='bbox 821 2673 831 2687; x_wconf 93' lang='lat'><em>‚</em></span> <span class='ocrx_word' id='word_1_432' title='bbox 851 2660 934 2695; x_wconf 87' lang='lat' dir='ltr'>quas</span> <span class='ocrx_word' id='word_1_433' title='bbox 951 2646 1077 2682; x_wconf 90' lang='lat' dir='ltr'>Cicero</span> 
     </span>
     <span class='ocr_line' id='line_1_55' title="bbox 116 2694 1076 2746; baseline 0.001 -17"><span class='ocrx_word' id='word_1_434' title='bbox 116 2694 237 2730; x_wconf 82' lang='lat' dir='ltr'>consul</span> <span class='ocrx_word' id='word_1_435' title='bbox 257 2695 399 2743; x_wconf 78' lang='lat' dir='ltr'>gesserat</span> <span class='ocrx_word' id='word_1_436' title='bbox 410 2722 420 2737; x_wconf 88' lang='lat'>,</span> <span class='ocrx_word' id='word_1_437' title='bbox 442 2709 569 2734; x_wconf 86' lang='lat' dir='ltr'>vexare</span> <span class='ocrx_word' id='word_1_438' title='bbox 586 2707 754 2746; x_wconf 85' lang='lat' dir='ltr'>cuperent</span> <span class='ocrx_word' id='word_1_439' title='bbox 767 2722 776 2737; x_wconf 92' lang='lat'>,</span> <span class='ocrx_word' id='word_1_440' title='bbox 797 2696 856 2731; x_wconf 86' lang='lat' dir='ltr'>ille</span> <span class='ocrx_word' id='word_1_441' title='bbox 869 2698 902 2730; x_wconf 89' lang='lat' dir='ltr'>P.</span> <span class='ocrx_word' id='word_1_442' title='bbox 916 2695 1076 2732; x_wconf 86' lang='lat' dir='ltr'>Sextium</span> 
     </span>
     <span class='ocr_line' id='line_1_56' title="bbox 116 2742 1077 2794; baseline 0 -15"><span class='ocrx_word' id='word_1_443' title='bbox 116 2742 234 2790; x_wconf 87' lang='lat' dir='ltr'>Capua</span> <span class='ocrx_word' id='word_1_444' title='bbox 255 2744 432 2781; x_wconf 82' lang='lat' dir='ltr'>accersivit</span> <span class='ocrx_word' id='word_1_445' title='bbox 454 2758 535 2784; x_wconf 88' lang='lat' dir='ltr'>cum</span> <span class='ocrx_word' id='word_1_446' title='bbox 554 2758 596 2781; x_wconf 91' lang='lat' dir='ltr'>eo</span> <span class='ocrx_word' id='word_1_447' title='bbox 612 2745 766 2782; x_wconf 90' lang='lat' dir='ltr'>exercitu</span> <span class='ocrx_word' id='word_1_448' title='bbox 779 2770 789 2785; x_wconf 88' lang='lat'>‚</span> <span class='ocrx_word' id='word_1_449' title='bbox 813 2756 921 2794; x_wconf 90' lang='lat' dir='ltr'>quem</span> <span class='ocrx_word' id='word_1_450' title='bbox 932 2754 1010 2780; x_wconf 89' lang='lat' dir='ltr'>tum</span> <span class='ocrx_word' id='word_1_451' title='bbox 1026 2744 1077 2779; x_wconf 83' lang='lat' dir='ltr'>se-</span> 
     </span>
     <span class='ocr_line' id='line_1_57' title="bbox 115 2791 1078 2842; baseline 0 -14"><span class='ocrx_word' id='word_1_452' title='bbox 115 2791 377 2830; x_wconf 81' lang='lat' dir='ltr'>cumhabebat:</span> <span class='ocrx_word' id='word_1_453' title='bbox 398 2795 499 2842; x_wconf 85' lang='lat' dir='ltr'>cujus</span> <span class='ocrx_word' id='word_1_454' title='bbox 521 2794 672 2831; x_wconf 84' lang='lat' dir='ltr'>adventu</span> <span class='ocrx_word' id='word_1_455' title='bbox 693 2794 920 2830; x_wconf 89' lang='lat' dir='ltr'>tribunorum</span> <span class='ocrx_word' id='word_1_456' title='bbox 933 2803 1078 2828; x_wconf 88' lang='lat' dir='ltr'>conatus</span> 
     </span>
     <span class='ocr_line' id='line_1_58' title="bbox 116 2839 1076 2891; baseline 0.001 -16"><span class='ocrx_word' id='word_1_457' title='bbox 116 2839 196 2875; x_wconf 80' lang='lat' dir='ltr'>fiint</span> <span class='ocrx_word' id='word_1_458' title='bbox 217 2841 400 2883; x_wconf 71' lang='lat' dir='ltr'>retardati,</span> <span class='ocrx_word' id='word_1_459' title='bbox 424 2844 551 2884; x_wconf 84' lang='lat' dir='ltr'>Cicero</span> <span class='ocrx_word' id='word_1_460' title='bbox 575 2857 638 2891; x_wconf 90' lang='lat' dir='ltr'>pro</span> <span class='ocrx_word' id='word_1_461' title='bbox 664 2843 794 2880; x_wconf 87' lang='lat' dir='ltr'>Sextio.</span> <span class='ocrx_word' id='word_1_462' title='bbox 821 2845 895 2878; x_wconf 91' lang='lat' dir='ltr'>Hos</span> <span class='ocrx_word' id='word_1_463' title='bbox 917 2842 1076 2878; x_wconf 88' lang='lat' dir='ltr'>tribunos</span> 
     </span>
     <span class='ocr_line' id='line_1_59' title="bbox 115 2888 1077 2933; baseline 0.002 -10"><span class='ocrx_word' id='word_1_464' title='bbox 115 2888 319 2926; x_wconf 87' lang='lat' dir='ltr'>Plutarchus</span> <span class='ocrx_word' id='word_1_465' title='bbox 333 2892 514 2930; x_wconf 73' lang='lat' dir='ltr'>Metellum</span> <span class='ocrx_word' id='word_1_466' title='bbox 528 2916 537 2930; x_wconf 96' lang='lat'>,</span> <span class='ocrx_word' id='word_1_467' title='bbox 561 2895 598 2929; x_wconf 86' lang='lat'>&amp;</span> <span class='ocrx_word' id='word_1_468' title='bbox 609 2891 756 2928; x_wconf 84' lang='lat' dir='ltr'>Bestiam</span> <span class='ocrx_word' id='word_1_469' title='bbox 768 2891 927 2933; x_wconf 83' lang='lat' dir='ltr'>nominat</span> <span class='ocrx_word' id='word_1_470' title='bbox 941 2904 948 2926; x_wconf 92' lang='lat'>:</span> <span class='ocrx_word' id='word_1_471' title='bbox 970 2890 1026 2926; x_wconf 89' lang='lat' dir='ltr'>sed</span> <span class='ocrx_word' id='word_1_472' title='bbox 1039 2892 1077 2925; x_wconf 84' lang='lat' dir='ltr'>L.</span> 
     </span>
     <span class='ocr_line' id='line_1_60' title="bbox 117 2937 1079 2991; baseline 0.003 -20"><span class='ocrx_word' id='word_1_473' title='bbox 117 2937 327 2991; x_wconf 74' lang='lat' dir='ltr'>Calpurnius</span> <span class='ocrx_word' id='word_1_474' title='bbox 336 2940 443 2977; x_wconf 84' lang='lat' dir='ltr'>Bestia</span> <span class='ocrx_word' id='word_1_475' title='bbox 454 2940 633 2978; x_wconf 87' lang='lat' dir='ltr'>tribunatu</span> <span class='ocrx_word' id='word_1_476' title='bbox 642 2940 716 2989; x_wconf 86' lang='lat' dir='ltr'>jam</span> <span class='ocrx_word' id='word_1_477' title='bbox 730 2940 823 2976; x_wconf 85' lang='lat' dir='ltr'>v.1d.</span> <span class='ocrx_word' id='word_1_478' title='bbox 834 2940 972 2977; x_wconf 77' lang='lat' dir='ltr'>abierat,</span> <span class='ocrx_word' id='word_1_479' title='bbox 983 2938 1079 2988; x_wconf 89' lang='lat' dir='ltr'>quod</span> 
     </span>
     <span class='ocr_line' id='line_1_61' title="bbox 118 2987 1079 3026; baseline -0.002 -1"><span class='ocrx_word' id='word_1_480' title='bbox 118 2987 296 3025; x_wconf 76' lang='lat' dir='ltr'>Manutius</span> <span class='ocrx_word' id='word_1_481' title='bbox 329 2990 364 3024; x_wconf 74' lang='grc' dir='ltr'>δε</span> <span class='ocrx_word' id='word_1_482' title='bbox 387 2989 563 3025; x_wconf 86' lang='lat' dir='ltr'>Corradus</span> <span class='ocrx_word' id='word_1_483' title='bbox 595 3003 638 3026; x_wconf 90' lang='lat' dir='ltr'>ex</span> <span class='ocrx_word' id='word_1_484' title='bbox 660 2989 818 3025; x_wconf 90' lang='lat' dir='ltr'>Sallustio</span> <span class='ocrx_word' id='word_1_485' title='bbox 851 2998 1079 3024; x_wconf 89' lang='lat' dir='ltr'>monuerunt.</span> 
     </span>
     <span class='ocr_line' id='line_1_62' title="bbox 120 3033 1078 3087; baseline 0.002 -18"><span class='ocrx_word' id='word_1_486' title='bbox 120 3033 274 3085; x_wconf 74' lang='lat' dir='ltr'>Qntus</span> <span class='ocrx_word' id='word_1_487' title='bbox 283 3047 398 3072; x_wconf 90' lang='lat' dir='ltr'>autem</span> <span class='ocrx_word' id='word_1_488' title='bbox 409 3038 571 3074; x_wconf 87' lang='lat' dir='ltr'>Metellus</span> <span class='ocrx_word' id='word_1_489' title='bbox 582 3041 702 3087; x_wconf 88' lang='lat' dir='ltr'>Nepos</span> <span class='ocrx_word' id='word_1_490' title='bbox 711 3050 825 3074; x_wconf 89' lang='lat' dir='ltr'>novus</span> <span class='ocrx_word' id='word_1_491' title='bbox 834 3038 998 3074; x_wconf 86' lang='lat' dir='ltr'>tribunus</span> <span class='ocrx_word' id='word_1_492' title='bbox 1009 3036 1078 3084; x_wconf 90' lang='lat' dir='ltr'>pri—</span> 
     </span>
     <span class='ocr_line' id='line_1_63' title="bbox 117 3079 1080 3133; baseline 0.004 -16"><span class='ocrx_word' id='word_1_493' title='bbox 117 3079 174 3117; x_wconf 81' lang='lat' dir='ltr'>die</span> <span class='ocrx_word' id='word_1_494' title='bbox 189 3083 495 3133; x_wconf 17' lang='lat' dir='ltr'>Kalend-&#39;januarii</span> <span class='ocrx_word' id='word_1_495' title='bbox 516 3087 726 3125; x_wconf 86' lang='lat' dir='ltr'>Ciceronem</span> <span class='ocrx_word' id='word_1_496' title='bbox 746 3087 925 3128; x_wconf 87' lang='lat' dir='ltr'>consulem</span> <span class='ocrx_word' id='word_1_497' title='bbox 949 3086 1080 3121; x_wconf 86' lang='lat' dir='ltr'>abeun-</span> 
     </span>
     <span class='ocr_line' id='line_1_64' title="bbox 115 3132 1081 3185; baseline 0.002 -16"><span class='ocrx_word' id='word_1_498' title='bbox 115 3137 188 3168; x_wconf 69' lang='lat' dir='ltr'>tem</span> <span class='ocrx_word' id='word_1_499' title='bbox 203 3132 402 3181; x_wconf 83' lang='lat' dir='ltr'>magistratu</span> <span class='ocrx_word' id='word_1_500' title='bbox 411 3134 592 3172; x_wconf 86' lang='lat' dir='ltr'>concionis</span> <span class='ocrx_word' id='word_1_501' title='bbox 609 3135 775 3177; x_wconf 83' lang='lat' dir='ltr'>habendae</span> <span class='ocrx_word' id='word_1_502' title='bbox 786 3135 952 3185; x_wconf 75' lang='lat' dir='ltr'>potestate</span> <span class='ocrx_word' id='word_1_503' title='bbox 964 3134 1081 3184; x_wconf 85' lang='lat' dir='ltr'>priva-</span> 
     </span>
    </p>
   </div>
   <div class='ocr_carea' id='block_1_6' title="bbox 576 3228 601 3275">
    <p class='ocr_par' dir='ltr' id='par_1_6' title="bbox 490 3228 601 3275">
     <span class='ocr_line' id='line_1_65' title="bbox 576 3228 601 3275; baseline 0 -30"><span class='ocrx_word' id='word_1_504' title='bbox 576 3228 601 3275; x_wconf 45' lang='lat' dir='ltr'><strong><em>f</em></strong></span> 
     </span>
    </p>
   </div>
   <div class='ocr_carea' id='block_1_7' title="bbox 1131 254 2111 1122">
    <p class='ocr_par' dir='ltr' id='par_1_7' title="bbox 1131 254 2111 1122">
     <span class='ocr_line' id='line_1_66' title="bbox 1145 254 2111 306; baseline 0.005 -17"><span class='ocrx_word' id='word_1_505' title='bbox 1145 254 1220 290; x_wconf 88' lang='lat' dir='ltr'>fuit.</span> <span class='ocrx_word' id='word_1_506' title='bbox 1251 269 1331 292; x_wconf 84' lang='lat' dir='ltr'>nam</span> <span class='ocrx_word' id='word_1_507' title='bbox 1341 268 1424 292; x_wconf 86' lang='lat' dir='ltr'>cum</span> <span class='ocrx_word' id='word_1_508' title='bbox 1438 256 1496 293; x_wconf 83' lang='lat' dir='ltr'>ille</span> <span class='ocrx_word' id='word_1_509' title='bbox 1508 256 1596 292; x_wconf 85' lang='lat' dir='ltr'>nihil</span> <span class='ocrx_word' id='word_1_510' title='bbox 1608 257 1639 292; x_wconf 86' lang='lat' dir='ltr'>ei</span> <span class='ocrx_word' id='word_1_511' title='bbox 1654 280 1664 295; x_wconf 83' lang='lat'><em>‚</em></span> <span class='ocrx_word' id='word_1_512' title='bbox 1686 255 1749 291; x_wconf 86' lang='lat' dir='ltr'>nis1</span> <span class='ocrx_word' id='word_1_513' title='bbox 1768 263 1807 292; x_wconf 73' lang='lat' dir='ltr'>ut</span> <span class='ocrx_word' id='word_1_514' title='bbox 1819 255 1953 304; x_wconf 84' lang='lat' dir='ltr'>juraret</span> <span class='ocrx_word' id='word_1_515' title='bbox 1964 259 2111 306; x_wconf 56' lang='lat' dir='ltr'>permito</span> 
     </span>
     <span class='ocr_line' id='line_1_67' title="bbox 1143 304 2109 354; baseline 0.008 -19"><span class='ocrx_word' id='word_1_516' title='bbox 1143 312 1251 342; x_wconf 85' lang='lat' dir='ltr'>teret,</span> <span class='ocrx_word' id='word_1_517' title='bbox 1273 318 1398 352; x_wconf 86' lang='lat' dir='ltr'>magna</span> <span class='ocrx_word' id='word_1_518' title='bbox 1419 317 1506 341; x_wconf 90' lang='lat' dir='ltr'>voce</span> <span class='ocrx_word' id='word_1_519' title='bbox 1522 304 1654 354; x_wconf 89' lang='lat' dir='ltr'>juravit</span> <span class='ocrx_word' id='word_1_520' title='bbox 1677 304 1893 341; x_wconf 81' lang='lat' dir='ltr'>verissimum</span> <span class='ocrx_word' id='word_1_521' title='bbox 1914 307 2109 352; x_wconf 84' lang='lat' dir='ltr'>pulcherri—</span> 
     </span>
     <span class='ocr_line' id='line_1_68' title="bbox 1142 353 2109 403; baseline 0.008 -20"><span class='ocrx_word' id='word_1_522' title='bbox 1142 361 1310 399; x_wconf 88' lang='lat' dir='ltr'>mumque</span> <span class='ocrx_word' id='word_1_523' title='bbox 1315 353 1383 401; x_wconf 83' lang='lat' dir='ltr'>jusj</span> <span class='ocrx_word' id='word_1_524' title='bbox 1391 354 1562 390; x_wconf 86' lang='lat' dir='ltr'>urandum</span> <span class='ocrx_word' id='word_1_525' title='bbox 1577 367 1584 389; x_wconf 93' lang='lat'>:</span> <span class='ocrx_word' id='word_1_526' title='bbox 1607 353 1704 403; x_wconf 92' lang='lat' dir='ltr'>quod</span> <span class='ocrx_word' id='word_1_527' title='bbox 1716 355 1865 401; x_wconf 85' lang='lat' dir='ltr'>populus</span> <span class='ocrx_word' id='word_1_528' title='bbox 1883 354 1966 389; x_wconf 86' lang='lat' dir='ltr'>item</span> <span class='ocrx_word' id='word_1_529' title='bbox 1979 367 2109 402; x_wconf 76' lang='lat' dir='ltr'>magna</span> 
     </span>
     <span class='ocr_line' id='line_1_69' title="bbox 1144 401 2106 451; baseline 0.011 -21"><span class='ocrx_word' id='word_1_530' title='bbox 1144 409 1231 450; x_wconf 87' lang='lat' dir='ltr'>voce</span> <span class='ocrx_word' id='word_1_531' title='bbox 1243 401 1352 446; x_wconf 81' lang='lat' dir='ltr'>ipsum</span> <span class='ocrx_word' id='word_1_532' title='bbox 1367 402 1723 451; x_wconf 76' lang='lat' dir='ltr'>vei-ejuraffejuravit</span> <span class='ocrx_word' id='word_1_533' title='bbox 1735 427 1745 441; x_wconf 91' lang='lat'><em>‚</em></span> <span class='ocrx_word' id='word_1_534' title='bbox 1761 402 1855 450; x_wconf 87' lang='lat' dir='ltr'>epist.</span> <span class='ocrx_word' id='word_1_535' title='bbox 1873 416 1901 447; x_wconf 83' lang='lat'>3.</span> <span class='ocrx_word' id='word_1_536' title='bbox 1912 403 1970 438; x_wconf 90' lang='lat' dir='ltr'>lib.</span> <span class='ocrx_word' id='word_1_537' title='bbox 1983 415 2015 445; x_wconf 87' lang='lat'>5.</span> <span class='ocrx_word' id='word_1_538' title='bbox 2042 406 2106 440; x_wconf 77' lang='lat' dir='ltr'>Fa-</span> 
     </span>
     <span class='ocr_line' id='line_1_70' title="bbox 1143 446 2107 500; baseline 0.009 -20"><span class='ocrx_word' id='word_1_539' title='bbox 1143 446 1360 494; x_wconf 85' lang='lat' dir='ltr'>mil-Juravit</span> <span class='ocrx_word' id='word_1_540' title='bbox 1371 462 1485 487; x_wconf 77' lang='lat' dir='ltr'>autem</span> <span class='ocrx_word' id='word_1_541' title='bbox 1502 453 1533 488; x_wconf 76' lang='lat' dir='ltr'>{e</span> <span class='ocrx_word' id='word_1_542' title='bbox 1547 452 1691 500; x_wconf 86' lang='lat' dir='ltr'>patriam</span> <span class='ocrx_word' id='word_1_543' title='bbox 1709 451 1923 487; x_wconf 84' lang='lat' dir='ltr'>conservasse</span> <span class='ocrx_word' id='word_1_544' title='bbox 1934 475 1944 489; x_wconf 86' lang='lat'><em>‚</em></span> <span class='ocrx_word' id='word_1_545' title='bbox 1970 463 2009 487; x_wconf 89' lang='lat' dir='ltr'>ut</span> <span class='ocrx_word' id='word_1_546' title='bbox 2023 453 2107 489; x_wconf 81' lang='lat' dir='ltr'>Plu-</span> 
     </span>
     <span class='ocr_line' id='line_1_71' title="bbox 1140 496 2109 549; baseline 0.009 -20"><span class='ocrx_word' id='word_1_547' title='bbox 1140 496 1277 549; x_wconf 79' lang='lat' dir='ltr'>tarchus</span> <span class='ocrx_word' id='word_1_548' title='bbox 1291 498 1325 532; x_wconf 71' lang='grc' dir='ltr'>δε</span> <span class='ocrx_word' id='word_1_549' title='bbox 1335 498 1404 549; x_wconf 32' lang='lat' dir='ltr'>&#39;Dio</span> <span class='ocrx_word' id='word_1_550' title='bbox 1418 500 1581 536; x_wconf 76' lang='lat' dir='ltr'>scribunt.</span> <span class='ocrx_word' id='word_1_551' title='bbox 1609 503 1644 537; x_wconf 65' lang='grc' dir='ltr'>ὃς</span> <span class='ocrx_word' id='word_1_552' title='bbox 1658 501 1723 549; x_wconf 91' lang='lat' dir='ltr'>ipse</span> <span class='ocrx_word' id='word_1_553' title='bbox 1735 500 1862 536; x_wconf 87' lang='lat' dir='ltr'>Cicero</span> <span class='ocrx_word' id='word_1_554' title='bbox 1882 500 1920 535; x_wconf 88' lang='lat' dir='ltr'>in</span> <span class='ocrx_word' id='word_1_555' title='bbox 1933 501 2109 538; x_wconf 67' lang='lat' dir='ltr'>Pilbnem.</span> 
     </span>
     <span class='ocr_line' id='line_1_72' title="bbox 1143 545 2107 597; baseline 0.006 -19"><span class='ocrx_word' id='word_1_556' title='bbox 1143 546 1232 590; x_wconf 80' lang='lat' dir='ltr'>Ego,</span> <span class='ocrx_word' id='word_1_557' title='bbox 1245 556 1369 593; x_wconf 81' lang='lat' dir='ltr'>inquit,</span> <span class='ocrx_word' id='word_1_558' title='bbox 1384 545 1464 581; x_wconf 76' lang='lat' dir='ltr'>cum</span> <span class='ocrx_word' id='word_1_559' title='bbox 1478 548 1512 582; x_wconf 89' lang='lat' dir='ltr'>in</span> <span class='ocrx_word' id='word_1_560' title='bbox 1525 549 1697 585; x_wconf 87' lang='lat' dir='ltr'>concione</span> <span class='ocrx_word' id='word_1_561' title='bbox 1709 548 1824 586; x_wconf 80' lang='lat' dir='ltr'>abiens</span> <span class='ocrx_word' id='word_1_562' title='bbox 1838 549 2034 597; x_wconf 78' lang='lat' dir='ltr'>magistratu</span> <span class='ocrx_word' id='word_1_563' title='bbox 2050 550 2107 586; x_wconf 77' lang='lat' dir='ltr'>di·-</span> 
     </span>
     <span class='ocr_line' id='line_1_73' title="bbox 1143 593 2106 647; baseline 0.009 -21"><span class='ocrx_word' id='word_1_564' title='bbox 1143 604 1220 627; x_wconf 90' lang='lat' dir='ltr'>cere</span> <span class='ocrx_word' id='word_1_565' title='bbox 1231 618 1240 633; x_wconf 90' lang='lat'>,</span> <span class='ocrx_word' id='word_1_566' title='bbox 1266 593 1285 628; x_wconf 80' lang='lat' dir='ltr'>a</span> <span class='ocrx_word' id='word_1_567' title='bbox 1306 594 1448 647; x_wconf 84' lang='lat' dir='ltr'>tribuno</span> <span class='ocrx_word' id='word_1_568' title='bbox 1461 595 1565 641; x_wconf 86' lang='lat' dir='ltr'>plebis</span> <span class='ocrx_word' id='word_1_569' title='bbox 1580 598 1804 643; x_wconf 85' lang='lat' dir='ltr'>prohiberer,</span> <span class='ocrx_word' id='word_1_570' title='bbox 1826 611 1902 647; x_wconf 83' lang='lat' dir='ltr'>quae</span> <span class='ocrx_word' id='word_1_571' title='bbox 1914 599 2106 635; x_wconf 83' lang='lat' dir='ltr'>constitue-</span> 
     </span>
     <span class='ocr_line' id='line_1_74' title="bbox 1140 644 2105 694; baseline 0.009 -19"><span class='ocrx_word' id='word_1_572' title='bbox 1140 654 1213 676; x_wconf 84' lang='lat' dir='ltr'>ram</span> <span class='ocrx_word' id='word_1_573' title='bbox 1224 668 1234 684; x_wconf 93' lang='lat'><em>‚</em></span> <span class='ocrx_word' id='word_1_574' title='bbox 1244 653 1394 691; x_wconf 89' lang='lat' dir='ltr'>cumque</span> <span class='ocrx_word' id='word_1_575' title='bbox 1407 656 1432 678; x_wconf 85' lang='lat' dir='ltr'>is</span> <span class='ocrx_word' id='word_1_576' title='bbox 1445 644 1532 678; x_wconf 89' lang='lat' dir='ltr'>mihi</span> <span class='ocrx_word' id='word_1_577' title='bbox 1544 647 1803 685; x_wconf 74' lang='lat' dir='ltr'>tantummodo,</span> <span class='ocrx_word' id='word_1_578' title='bbox 1814 647 2015 694; x_wconf 81' lang='lat' dir='ltr'>utjurarem</span> <span class='ocrx_word' id='word_1_579' title='bbox 2028 661 2105 693; x_wconf 61' lang='lat' dir='ltr'>pera</span> 
     </span>
     <span class='ocr_line' id='line_1_75' title="bbox 1139 689 2108 743; baseline 0.007 -18"><span class='ocrx_word' id='word_1_580' title='bbox 1139 689 1314 734; x_wconf 78' lang='lat' dir='ltr'>mitteret3</span> <span class='ocrx_word' id='word_1_581' title='bbox 1337 691 1407 727; x_wconf 82' lang='lat' dir='ltr'>sine</span> <span class='ocrx_word' id='word_1_582' title='bbox 1429 692 1498 727; x_wconf 89' lang='lat' dir='ltr'>ulla</span> <span class='ocrx_word' id='word_1_583' title='bbox 1517 692 1734 730; x_wconf 82' lang='lat' dir='ltr'>dubitatione</span> <span class='ocrx_word' id='word_1_584' title='bbox 1749 694 1868 741; x_wconf 86' lang='lat' dir='ltr'>juravi</span> <span class='ocrx_word' id='word_1_585' title='bbox 1881 713 1892 739; x_wconf 77' lang='lat'>3</span> <span class='ocrx_word' id='word_1_586' title='bbox 1915 696 2108 743; x_wconf 51' lang='lat' dir='ltr'>rempublic-</span> 
     </span>
     <span class='ocr_line' id='line_1_76' title="bbox 1138 741 2107 791; baseline 0.007 -17"><span class='ocrx_word' id='word_1_587' title='bbox 1138 750 1214 774; x_wconf 89' lang='lat' dir='ltr'>cam</span> <span class='ocrx_word' id='word_1_588' title='bbox 1230 751 1332 786; x_wconf 81' lang='lat' dir='ltr'>atque</span> <span class='ocrx_word' id='word_1_589' title='bbox 1352 741 1443 775; x_wconf 89' lang='lat' dir='ltr'>hanc</span> <span class='ocrx_word' id='word_1_590' title='bbox 1461 741 1586 777; x_wconf 87' lang='lat' dir='ltr'>urbem</span> <span class='ocrx_word' id='word_1_591' title='bbox 1606 754 1683 778; x_wconf 87' lang='lat' dir='ltr'>mea</span> <span class='ocrx_word' id='word_1_592' title='bbox 1705 745 1807 779; x_wconf 87' lang='lat' dir='ltr'>unius</span> <span class='ocrx_word' id='word_1_593' title='bbox 1829 757 1935 791; x_wconf 86' lang='lat' dir='ltr'>opera</span> <span class='ocrx_word' id='word_1_594' title='bbox 1956 746 2022 781; x_wconf 78' lang='lat' dir='ltr'>effe</span> <span class='ocrx_word' id='word_1_595' title='bbox 2043 746 2107 783; x_wconf 67' lang='lat' dir='ltr'>{iil-</span> 
     </span>
     <span class='ocr_line' id='line_1_77' title="bbox 1140 789 2105 837; baseline 0.008 -15"><span class='ocrx_word' id='word_1_596' title='bbox 1140 800 1217 823; x_wconf 83' lang='lat' dir='ltr'>vam</span> <span class='ocrx_word' id='word_1_597' title='bbox 1228 812 1238 826; x_wconf 91' lang='lat'>,</span> <span class='ocrx_word' id='word_1_598' title='bbox 1252 789 1338 824; x_wconf 88' lang='lat' dir='ltr'>mihi</span> <span class='ocrx_word' id='word_1_599' title='bbox 1350 789 1500 837; x_wconf 90' lang='lat' dir='ltr'>populus</span> <span class='ocrx_word' id='word_1_600' title='bbox 1512 792 1694 827; x_wconf 83' lang='lat' dir='ltr'>Romanus</span> <span class='ocrx_word' id='word_1_601' title='bbox 1708 792 1884 828; x_wconf 82' lang='lat' dir='ltr'>universus</span> <span class='ocrx_word' id='word_1_602' title='bbox 1897 794 1953 830; x_wconf 83' lang='lat' dir='ltr'>illa</span> <span class='ocrx_word' id='word_1_603' title='bbox 1966 794 2002 830; x_wconf 92' lang='lat' dir='ltr'>in</span> <span class='ocrx_word' id='word_1_604' title='bbox 2014 807 2105 830; x_wconf 81' lang='lat' dir='ltr'>con-</span> 
     </span>
     <span class='ocr_line' id='line_1_78' title="bbox 1137 836 2104 886; baseline 0.008 -15"><span class='ocrx_word' id='word_1_605' title='bbox 1137 836 1240 872; x_wconf 90' lang='lat' dir='ltr'>cione</span> <span class='ocrx_word' id='word_1_606' title='bbox 1253 850 1327 872; x_wconf 91' lang='lat' dir='ltr'>non</span> <span class='ocrx_word' id='word_1_607' title='bbox 1348 839 1451 873; x_wconf 89' lang='lat' dir='ltr'>unius</span> <span class='ocrx_word' id='word_1_608' title='bbox 1471 837 1539 874; x_wconf 86' lang='lat' dir='ltr'>diei</span> <span class='ocrx_word' id='word_1_609' title='bbox 1551 840 1819 886; x_wconf 83' lang='lat' dir='ltr'>gratulationem</span> <span class='ocrx_word' id='word_1_610' title='bbox 1831 866 1840 879; x_wconf 79' lang='lat'>,</span> <span class='ocrx_word' id='word_1_611' title='bbox 1864 841 1918 877; x_wconf 87' lang='lat' dir='ltr'>sed</span> <span class='ocrx_word' id='word_1_612' title='bbox 1930 843 2104 880; x_wconf 81' lang='lat' dir='ltr'>aeternita-</span> 
     </span>
     <span class='ocr_line' id='line_1_79' title="bbox 1138 886 2102 940; baseline 0.009 -20"><span class='ocrx_word' id='word_1_613' title='bbox 1138 896 1210 921; x_wconf 91' lang='lat' dir='ltr'>tem</span> <span class='ocrx_word' id='word_1_614' title='bbox 1231 886 1601 936; x_wconf 86' lang='lat' dir='ltr'>immortalitatemque</span> <span class='ocrx_word' id='word_1_615' title='bbox 1618 888 1781 926; x_wconf 85' lang='lat' dir='ltr'>donavit,</span> <span class='ocrx_word' id='word_1_616' title='bbox 1806 888 1886 923; x_wconf 76' lang='lat' dir='ltr'>cum</span> <span class='ocrx_word' id='word_1_617' title='bbox 1899 891 2102 940; x_wconf 80' lang='lat' dir='ltr'>meumjus-·</span> 
     </span>
     <span class='ocr_line' id='line_1_80' title="bbox 1131 934 2104 985; baseline 0.007 -16"><span class='ocrx_word' id='word_1_618' title='bbox 1131 934 1326 981; x_wconf 89' lang='lat' dir='ltr'>jurandum</span> <span class='ocrx_word' id='word_1_619' title='bbox 1350 935 1416 972; x_wconf 86' lang='lat' dir='ltr'>tale</span> <span class='ocrx_word' id='word_1_620' title='bbox 1437 946 1538 984; x_wconf 86' lang='lat' dir='ltr'>atque</span> <span class='ocrx_word' id='word_1_621' title='bbox 1558 947 1696 973; x_wconf 87' lang='lat' dir='ltr'>tantum</span> <span class='ocrx_word' id='word_1_622' title='bbox 1701 937 1838 985; x_wconf 83' lang='lat' dir='ltr'>juratus</span> <span class='ocrx_word' id='word_1_623' title='bbox 1851 937 1918 985; x_wconf 87' lang='lat' dir='ltr'>ipse</span> <span class='ocrx_word' id='word_1_624' title='bbox 1932 952 2002 975; x_wconf 84' lang='lat' dir='ltr'>una</span> <span class='ocrx_word' id='word_1_625' title='bbox 2016 953 2104 977; x_wconf 82' lang='lat' dir='ltr'>voce</span> 
     </span>
     <span class='ocr_line' id='line_1_81' title="bbox 1136 983 2103 1035; baseline 0.007 -17"><span class='ocrx_word' id='word_1_626' title='bbox 1136 985 1170 1019; x_wconf 68' lang='grc' dir='ltr'>δε</span> <span class='ocrx_word' id='word_1_627' title='bbox 1192 983 1358 1019; x_wconf 88' lang='lat' dir='ltr'>consensu</span> <span class='ocrx_word' id='word_1_628' title='bbox 1380 986 1605 1032; x_wconf 86' lang='lat' dir='ltr'>approbavit,</span> <span class='ocrx_word' id='word_1_629' title='bbox 1633 999 1706 1035; x_wconf 92' lang='lat' dir='ltr'>quo</span> <span class='ocrx_word' id='word_1_630' title='bbox 1729 986 1874 1035; x_wconf 82' lang='lat' dir='ltr'>quidem</span> <span class='ocrx_word' id='word_1_631' title='bbox 1897 998 2053 1035; x_wconf 85' lang='lat' dir='ltr'>tempore</span> <span class='ocrx_word' id='word_1_632' title='bbox 2075 989 2103 1025; x_wconf 80' lang='lat' dir='ltr'>is</span> 
     </span>
     <span class='ocr_line' id='line_1_82' title="bbox 1137 1032 2103 1085; baseline 0.006 -18"><span class='ocrx_word' id='word_1_633' title='bbox 1137 1044 1235 1068; x_wconf 88' lang='lat' dir='ltr'>meus</span> <span class='ocrx_word' id='word_1_634' title='bbox 1248 1032 1397 1069; x_wconf 86' lang='lat' dir='ltr'>domum</span> <span class='ocrx_word' id='word_1_635' title='bbox 1410 1033 1477 1069; x_wconf 85' lang='lat' dir='ltr'>fuit</span> <span class='ocrx_word' id='word_1_636' title='bbox 1497 1034 1516 1069; x_wconf 79' lang='grc' dir='ltr'>ὲ</span> <span class='ocrx_word' id='word_1_637' title='bbox 1532 1036 1610 1070; x_wconf 81' lang='lat' dir='ltr'>soro</span> <span class='ocrx_word' id='word_1_638' title='bbox 1624 1035 1753 1071; x_wconf 86' lang='lat' dir='ltr'>reditus</span> <span class='ocrx_word' id='word_1_639' title='bbox 1764 1061 1773 1076; x_wconf 91' lang='lat'>,</span> <span class='ocrx_word' id='word_1_640' title='bbox 1796 1047 1835 1071; x_wconf 87' lang='lat' dir='ltr'>ut</span> <span class='ocrx_word' id='word_1_641' title='bbox 1848 1048 1952 1071; x_wconf 83' lang='lat' dir='ltr'>nemo</span> <span class='ocrx_word' id='word_1_642' title='bbox 1966 1037 2027 1072; x_wconf 82' lang='lat' dir='ltr'>nisi</span> <span class='ocrx_word' id='word_1_643' title='bbox 2041 1038 2103 1085; x_wconf 82' lang='lat' dir='ltr'>qui</span> 
     </span>
     <span class='ocr_line' id='line_1_83' title="bbox 1136 1082 2103 1122; baseline 0.004 -6"><span class='ocrx_word' id='word_1_644' title='bbox 1136 1093 1277 1117; x_wconf 89' lang='lat' dir='ltr'>mecum</span> <span class='ocrx_word' id='word_1_645' title='bbox 1289 1082 1381 1122; x_wconf 85' lang='lat' dir='ltr'>esset,</span> <span class='ocrx_word' id='word_1_646' title='bbox 1395 1082 1525 1118; x_wconf 88' lang='lat' dir='ltr'>civium</span> <span class='ocrx_word' id='word_1_647' title='bbox 1539 1083 1605 1119; x_wconf 84' lang='lat' dir='ltr'>esse</span> <span class='ocrx_word' id='word_1_648' title='bbox 1618 1084 1653 1120; x_wconf 90' lang='lat' dir='ltr'>in</span> <span class='ocrx_word' id='word_1_649' title='bbox 1668 1097 1818 1120; x_wconf 86' lang='lat' dir='ltr'>numero</span> <span class='ocrx_word' id='word_1_650' title='bbox 1832 1084 2018 1121; x_wconf 82' lang='lat' dir='ltr'>videretur.</span> <span class='ocrx_word' id='word_1_651' title='bbox 2034 1087 2103 1122; x_wconf 69' lang='lat' dir='ltr'>hu-</span> 
     </span>
    </p>
   </div>
   <div class='ocr_carea' id='block_1_8' title="bbox 1127 1128 2103 1184">
    <p class='ocr_par' dir='ltr' id='par_1_8' title="bbox 1127 1128 2103 1184">
     <span class='ocr_line' id='line_1_84' title="bbox 1127 1128 2103 1184; baseline 0.004 -19"><span class='ocrx_word' id='word_1_652' title='bbox 1127 1128 1185 1177; x_wconf 91' lang='lat' dir='ltr'>jus</span> <span class='ocrx_word' id='word_1_653' title='bbox 1199 1130 1401 1179; x_wconf 72' lang='lat' dir='ltr'>frequentiae</span> <span class='ocrx_word' id='word_1_654' title='bbox 1415 1157 1424 1171; x_wconf 94' lang='lat'>,</span> <span class='ocrx_word' id='word_1_655' title='bbox 1435 1144 1516 1184; x_wconf 77' lang='lat' dir='ltr'>⁴qua</span> <span class='ocrx_word' id='word_1_656' title='bbox 1535 1132 1652 1168; x_wconf 89' lang='lat' dir='ltr'>abiens</span> <span class='ocrx_word' id='word_1_657' title='bbox 1671 1133 1852 1169; x_wconf 83' lang='lat' dir='ltr'>consulatu</span> <span class='ocrx_word' id='word_1_658' title='bbox 1873 1134 2024 1171; x_wconf 86' lang='lat' dir='ltr'>domum</span> <span class='ocrx_word' id='word_1_659' title='bbox 2036 1134 2103 1171; x_wconf 60' lang='lat' dir='ltr'>fait</span> 
     </span>
    </p>
   </div>
   <div class='ocr_carea' id='block_1_9' title="bbox 1133 1178 1982 1231">
    <p class='ocr_par' dir='ltr' id='par_1_9' title="bbox 1133 1178 1982 1231">
     <span class='ocr_line' id='line_1_85' title="bbox 1133 1178 1982 1231; baseline 0.006 -16"><span class='ocrx_word' id='word_1_660' title='bbox 1133 1178 1297 1216; x_wconf 62' lang='lat' dir='ltr'>reduetus</span> <span class='ocrx_word' id='word_1_661' title='bbox 1308 1205 1317 1221; x_wconf 89' lang='lat'>‚</span> <span class='ocrx_word' id='word_1_662' title='bbox 1331 1191 1465 1216; x_wconf 83' lang='lat' dir='ltr'>mentio</span> <span class='ocrx_word' id='word_1_663' title='bbox 1474 1179 1574 1217; x_wconf 84' lang='lat' dir='ltr'>estin</span> <span class='ocrx_word' id='word_1_664' title='bbox 1585 1181 1697 1231; x_wconf 87' lang='lat' dir='ltr'>epist.1</span> <span class='ocrx_word' id='word_1_665' title='bbox 1711 1194 1739 1227; x_wconf 83' lang='lat'>3.</span> <span class='ocrx_word' id='word_1_666' title='bbox 1753 1182 1844 1219; x_wconf 72' lang='lat' dir='ltr'>lib-1.</span> <span class='ocrx_word' id='word_1_667' title='bbox 1856 1182 1897 1219; x_wconf 88' lang='lat' dir='ltr'>ad</span> <span class='ocrx_word' id='word_1_668' title='bbox 1909 1186 1982 1220; x_wconf 80' lang='lat' dir='ltr'>Att.</span> 
     </span>
    </p>
   </div>
   <div class='ocr_carea' id='block_1_10' title="bbox 1252 1277 1988 1377">
    <p class='ocr_par' dir='ltr' id='par_1_10' title="bbox 1252 1277 1988 1377">
     <span class='ocr_line' id='line_1_86' title="bbox 1252 1277 1988 1377; baseline 0.003 -61"><span class='ocrx_word' id='word_1_669' title='bbox 1252 1283 1347 1316; x_wconf 83' lang='lat' dir='ltr'>Anno</span> <span class='ocrx_word' id='word_1_670' title='bbox 1363 1277 1450 1316; x_wconf 66' lang='lat' dir='ltr'>urbis</span> <span class='ocrx_word' id='word_1_671' title='bbox 1467 1291 1592 1377; x_wconf 44' lang='lat' dir='ltr'>ncxjpi.</span> <span class='ocrx_word' id='word_1_672' title='bbox 1611 1281 1769 1318; x_wconf 71' lang='lat' dir='ltr'>ciceronis</span> <span class='ocrx_word' id='word_1_673' title='bbox 1781 1293 1870 1319; x_wconf 79' lang='lat' dir='ltr'>va.</span> <span class='ocrx_word' id='word_1_674' title='bbox 1889 1292 1988 1318; x_wconf 83' lang='lat' dir='ltr'>coss.</span> 
     </span>
     <span class='ocr_line' id='line_1_87' title="bbox 1565 1338 1691 1369; baseline 0.024 -3"><span class='ocrx_word' id='word_1_675' title='bbox 1565 1338 1691 1369; x_wconf 83' lang='lat' dir='ltr'>uerunt,</span> 
     </span>
    </p>
   </div>
   <div class='ocr_carea' id='block_1_11' title="bbox 1183 1383 2091 1483">
    <p class='ocr_par' dir='ltr' id='par_1_11' title="bbox 1183 1383 2091 1483">
     <span class='ocr_line' id='line_1_88' title="bbox 1183 1383 2091 1442; baseline 0.007 -12"><span class='ocrx_word' id='word_1_676' title='bbox 1183 1393 1475 1442; x_wconf 79' lang='lat' dir='ltr'>D.JUN1US</span> <span class='ocrx_word' id='word_1_677' title='bbox 1515 1397 1865 1438; x_wconf 63' lang='lat' dir='ltr'>sitLANus,</span> <span class='ocrx_word' id='word_1_678' title='bbox 1903 1383 2091 1436; x_wconf 60' lang='lat' dir='ltr'>1...L12·¹</span> 
     </span>
     <span class='ocr_line' id='line_1_89' title="bbox 1346 1444 1881 1483; baseline 0.006 -3"><span class='ocrx_word' id='word_1_679' title='bbox 1346 1444 1567 1481; x_wconf 72' lang='lat' dir='ltr'>cimus</span> <span class='ocrx_word' id='word_1_680' title='bbox 1604 1447 1881 1483; x_wconf 79' lang='lat' dir='ltr'>MURENA.</span> 
     </span>
    </p>
   </div>
   <div class='ocr_carea' id='block_1_12' title="bbox 1126 1520 2101 3125">
    <p class='ocr_par' dir='ltr' id='par_1_12' title="bbox 1224 1520 2100 1570">
     <span class='ocr_line' id='line_1_90' title="bbox 1224 1520 2100 1570; baseline 0.003 -15"><span class='ocrx_word' id='word_1_681' title='bbox 1224 1521 1250 1555; x_wconf 92' lang='lat' dir='ltr'>B</span> <span class='ocrx_word' id='word_1_682' title='bbox 1275 1520 1326 1556; x_wconf 90' lang='lat' dir='ltr'>his</span> <span class='ocrx_word' id='word_1_683' title='bbox 1348 1520 1560 1557; x_wconf 88' lang='lat' dir='ltr'>Consulibus</span> <span class='ocrx_word' id='word_1_684' title='bbox 1582 1521 1648 1557; x_wconf 88' lang='lat' dir='ltr'>lata</span> <span class='ocrx_word' id='word_1_685' title='bbox 1671 1520 1738 1557; x_wconf 88' lang='lat' dir='ltr'>fuit</span> <span class='ocrx_word' id='word_1_686' title='bbox 1756 1521 1812 1558; x_wconf 87' lang='lat' dir='ltr'>lex</span> <span class='ocrx_word' id='word_1_687' title='bbox 1822 1520 1928 1570; x_wconf 80' lang='lat' dir='ltr'>Junia</span> <span class='ocrx_word' id='word_1_688' title='bbox 1952 1521 2100 1563; x_wconf 86' lang='lat' dir='ltr'>Licinia,</span> 
     </span>
    </p>

    <p class='ocr_par' dir='ltr' id='par_1_13' title="bbox 1126 1570 2101 3125">
     <span class='ocr_line' id='line_1_91' title="bbox 1225 1570 2100 1618; baseline 0.003 -13"><span class='ocrx_word' id='word_1_689' title='bbox 1225 1582 1292 1618; x_wconf 90' lang='lat' dir='ltr'>qua</span> <span class='ocrx_word' id='word_1_690' title='bbox 1305 1593 1314 1607; x_wconf 86' lang='lat'>,</span> <span class='ocrx_word' id='word_1_691' title='bbox 1328 1581 1368 1606; x_wconf 89' lang='lat' dir='ltr'>ut</span> <span class='ocrx_word' id='word_1_692' title='bbox 1380 1571 1470 1618; x_wconf 82' lang='lat' dir='ltr'>leges</span> <span class='ocrx_word' id='word_1_693' title='bbox 1482 1570 1692 1606; x_wconf 86' lang='lat' dir='ltr'>trinundino</span> <span class='ocrx_word' id='word_1_694' title='bbox 1705 1571 1763 1606; x_wconf 79' lang='lat' dir='ltr'>die</span> <span class='ocrx_word' id='word_1_695' title='bbox 1775 1571 2100 1618; x_wconf 85' lang='lat' dir='ltr'>promulgarentur,</span> 
     </span>
     <span class='ocr_line' id='line_1_92' title="bbox 1132 1618 2098 1667; baseline 0.004 -14"><span class='ocrx_word' id='word_1_696' title='bbox 1132 1631 1236 1666; x_wconf 89' lang='lat' dir='ltr'>poena</span> <span class='ocrx_word' id='word_1_697' title='bbox 1246 1618 1378 1667; x_wconf 62' lang='lat' dir='ltr'>adjecffha</span> <span class='ocrx_word' id='word_1_698' title='bbox 1388 1619 1592 1661; x_wconf 87' lang='lat' dir='ltr'>cavebatur,</span> <span class='ocrx_word' id='word_1_699' title='bbox 1604 1620 1678 1656; x_wconf 87' lang='lat' dir='ltr'>Cic.</span> <span class='ocrx_word' id='word_1_700' title='bbox 1692 1619 1847 1667; x_wconf 87' lang='lat' dir='ltr'>Philip.4-</span> <span class='ocrx_word' id='word_1_701' title='bbox 1864 1620 1931 1655; x_wconf 89' lang='lat' dir='ltr'>Ubi</span> <span class='ocrx_word' id='word_1_702' title='bbox 1946 1620 2001 1657; x_wconf 88' lang='lat' dir='ltr'>lex</span> <span class='ocrx_word' id='word_1_703' title='bbox 2015 1622 2098 1657; x_wconf 83' lang='lat' dir='ltr'>Cae-</span> 
     </span>
     <span class='ocr_line' id='line_1_93' title="bbox 1131 1667 2097 1717; baseline 0.001 -14"><span class='ocrx_word' id='word_1_704' title='bbox 1131 1667 1209 1703; x_wconf 88' lang='lat' dir='ltr'>cilia</span> <span class='ocrx_word' id='word_1_705' title='bbox 1221 1670 1255 1704; x_wconf 87' lang='lat'>&amp;</span> <span class='ocrx_word' id='word_1_706' title='bbox 1268 1667 1393 1705; x_wconf 88' lang='lat' dir='ltr'>Didia?</span> <span class='ocrx_word' id='word_1_707' title='bbox 1414 1669 1473 1705; x_wconf 91' lang='lat' dir='ltr'>ubi</span> <span class='ocrx_word' id='word_1_708' title='bbox 1491 1668 1726 1717; x_wconf 78' lang='lat' dir='ltr'>promulgatio</span> <span class='ocrx_word' id='word_1_709' title='bbox 1740 1668 2015 1706; x_wconf 86' lang='lat' dir='ltr'>trinundinum?</span> <span class='ocrx_word' id='word_1_710' title='bbox 2036 1668 2097 1705; x_wconf 88' lang='lat' dir='ltr'>ubi</span> 
     </span>
     <span class='ocr_line' id='line_1_94' title="bbox 1132 1717 2101 1767; baseline 0.001 -15"><span class='ocrx_word' id='word_1_711' title='bbox 1132 1729 1245 1764; x_wconf 86' lang='lat' dir='ltr'>poenae</span> <span class='ocrx_word' id='word_1_712' title='bbox 1268 1717 1397 1753; x_wconf 89' lang='lat' dir='ltr'>recenti</span> <span class='ocrx_word' id='word_1_713' title='bbox 1418 1718 1651 1767; x_wconf 84' lang='lat' dir='ltr'>legeJunia&amp;</span> <span class='ocrx_word' id='word_1_714' title='bbox 1665 1717 1822 1754; x_wconf 86' lang='lat' dir='ltr'>Licinia?</span> <span class='ocrx_word' id='word_1_715' title='bbox 1840 1717 1994 1766; x_wconf 17' lang='lat' dir='ltr'>ejusdem!</span> <span class='ocrx_word' id='word_1_716' title='bbox 2012 1718 2101 1766; x_wconf 86' lang='lat' dir='ltr'>legis</span> 
     </span>
     <span class='ocr_line' id='line_1_95' title="bbox 1131 1765 2098 1815; baseline 0.003 -14"><span class='ocrx_word' id='word_1_717' title='bbox 1131 1765 1294 1802; x_wconf 87' lang='lat' dir='ltr'>meminit</span> <span class='ocrx_word' id='word_1_718' title='bbox 1304 1766 1341 1803; x_wconf 89' lang='lat' dir='ltr'>in</span> <span class='ocrx_word' id='word_1_719' title='bbox 1353 1767 1535 1803; x_wconf 87' lang='lat' dir='ltr'>Vatinium</span> <span class='ocrx_word' id='word_1_720' title='bbox 1549 1792 1558 1807; x_wconf 87' lang='lat'>‚</span> <span class='ocrx_word' id='word_1_721' title='bbox 1572 1770 1606 1803; x_wconf 73' lang='grc' dir='ltr'>δε</span> <span class='ocrx_word' id='word_1_722' title='bbox 1618 1767 1660 1802; x_wconf 91' lang='lat' dir='ltr'>ad</span> <span class='ocrx_word' id='word_1_723' title='bbox 1670 1767 1826 1803; x_wconf 85' lang='lat' dir='ltr'>Atticum</span> <span class='ocrx_word' id='word_1_724' title='bbox 1839 1766 1935 1815; x_wconf 87' lang='lat' dir='ltr'>epist.</span> <span class='ocrx_word' id='word_1_725' title='bbox 1946 1779 1981 1810; x_wconf 80' lang='lat'>9·</span> <span class='ocrx_word' id='word_1_726' title='bbox 1994 1766 2052 1804; x_wconf 91' lang='lat' dir='ltr'>lib.</span> <span class='ocrx_word' id='word_1_727' title='bbox 2063 1779 2098 1804; x_wconf 86' lang='lat' dir='ltr'>z.</span> 
     </span>
     <span class='ocr_line' id='line_1_96' title="bbox 1131 1815 2100 1864; baseline 0 -13"><span class='ocrx_word' id='word_1_728' title='bbox 1131 1817 1165 1851; x_wconf 64' lang='grc' dir='ltr'>ἃ</span> <span class='ocrx_word' id='word_1_729' title='bbox 1176 1815 1271 1864; x_wconf 86' lang='lat' dir='ltr'>epist·</span> <span class='ocrx_word' id='word_1_730' title='bbox 1290 1828 1342 1859; x_wconf 85' lang='lat'>¹5-</span> <span class='ocrx_word' id='word_1_731' title='bbox 1354 1816 1410 1852; x_wconf 88' lang='lat' dir='ltr'>lib.</span> <span class='ocrx_word' id='word_1_732' title='bbox 1422 1830 1453 1860; x_wconf 87' lang='lat'>4.</span> <span class='ocrx_word' id='word_1_733' title='bbox 1473 1816 1580 1852; x_wconf 90' lang='lat' dir='ltr'>Initio</span> <span class='ocrx_word' id='word_1_734' title='bbox 1593 1815 1698 1864; x_wconf 90' lang='lat' dir='ltr'>hujus</span> <span class='ocrx_word' id='word_1_735' title='bbox 1710 1816 1790 1851; x_wconf 90' lang='lat' dir='ltr'>anni</span> <span class='ocrx_word' id='word_1_736' title='bbox 1803 1815 1953 1852; x_wconf 88' lang='lat' dir='ltr'>Catilina</span> <span class='ocrx_word' id='word_1_737' title='bbox 1964 1816 2000 1851; x_wconf 93' lang='lat' dir='ltr'>in</span> <span class='ocrx_word' id='word_1_738' title='bbox 2013 1828 2100 1864; x_wconf 82' lang='lat' dir='ltr'>agro</span> 
     </span>
     <span class='ocr_line' id='line_1_97' title="bbox 1131 1864 2099 1913; baseline 0.002 -14"><span class='ocrx_word' id='word_1_739' title='bbox 1131 1864 1411 1901; x_wconf 80' lang='lat' dir='ltr'>PistorienfiaC.</span> <span class='ocrx_word' id='word_1_740' title='bbox 1425 1865 1583 1901; x_wconf 84' lang='lat' dir='ltr'>Antonio</span> <span class='ocrx_word' id='word_1_741' title='bbox 1607 1865 1815 1913; x_wconf 86' lang='lat' dir='ltr'>proconsule</span> <span class='ocrx_word' id='word_1_742' title='bbox 1835 1877 1918 1901; x_wconf 89' lang='lat' dir='ltr'>cum</span> <span class='ocrx_word' id='word_1_743' title='bbox 1941 1865 2099 1901; x_wconf 86' lang='lat' dir='ltr'>exercitu</span> 
     </span>
     <span class='ocr_line' id='line_1_98' title="bbox 1130 1912 2100 1959; baseline 0.002 -11"><span class='ocrx_word' id='word_1_744' title='bbox 1130 1913 1236 1949; x_wconf 86' lang='lat' dir='ltr'>caesus</span> <span class='ocrx_word' id='word_1_745' title='bbox 1249 1912 1321 1955; x_wconf 88' lang='lat' dir='ltr'>est,</span> <span class='ocrx_word' id='word_1_746' title='bbox 1345 1913 1523 1950; x_wconf 90' lang='lat' dir='ltr'>Sallustius</span> <span class='ocrx_word' id='word_1_747' title='bbox 1537 1938 1546 1952; x_wconf 93' lang='lat'>,</span> <span class='ocrx_word' id='word_1_748' title='bbox 1572 1916 1640 1949; x_wconf 88' lang='lat' dir='ltr'>Dio</span> <span class='ocrx_word' id='word_1_749' title='bbox 1654 1914 1713 1951; x_wconf 89' lang='lat' dir='ltr'>lib.</span> <span class='ocrx_word' id='word_1_750' title='bbox 1734 1926 1785 1959; x_wconf 84' lang='lat'>37.</span> <span class='ocrx_word' id='word_1_751' title='bbox 1809 1914 2004 1950; x_wconf 87' lang='lat' dir='ltr'>Liviuslib·</span> <span class='ocrx_word' id='word_1_752' title='bbox 2022 1925 2100 1958; x_wconf 85' lang='lat'>103.</span> 
     </span>
     <span class='ocr_line' id='line_1_99' title="bbox 1133 1962 2101 2011; baseline 0.001 -15"><span class='ocrx_word' id='word_1_753' title='bbox 1133 1962 1228 1998; x_wconf 89' lang='lat' dir='ltr'>Vicit</span> <span class='ocrx_word' id='word_1_754' title='bbox 1249 1975 1332 1999; x_wconf 90' lang='lat' dir='ltr'>eum</span> <span class='ocrx_word' id='word_1_755' title='bbox 1351 1963 1470 2011; x_wconf 88' lang='lat' dir='ltr'>praelio</span> <span class='ocrx_word' id='word_1_756' title='bbox 1490 1965 1541 1998; x_wconf 93' lang='lat' dir='ltr'>M.</span> <span class='ocrx_word' id='word_1_757' title='bbox 1554 1963 1704 1999; x_wconf 86' lang='lat' dir='ltr'>Petreius</span> <span class='ocrx_word' id='word_1_758' title='bbox 1726 1963 1857 2009; x_wconf 83' lang='lat' dir='ltr'>legatus</span> <span class='ocrx_word' id='word_1_759' title='bbox 1870 1962 2027 1998; x_wconf 85' lang='lat' dir='ltr'>Antonii.</span> <span class='ocrx_word' id='word_1_760' title='bbox 2054 1962 2101 1997; x_wconf 85' lang='lat' dir='ltr'>de</span> 
     </span>
     <span class='ocr_line' id='line_1_100' title="bbox 1129 2011 2100 2058; baseline -0.001 -12"><span class='ocrx_word' id='word_1_761' title='bbox 1129 2023 1201 2058; x_wconf 93' lang='lat' dir='ltr'>quo</span> <span class='ocrx_word' id='word_1_762' title='bbox 1224 2011 1352 2048; x_wconf 87' lang='lat' dir='ltr'>Cicero</span> <span class='ocrx_word' id='word_1_763' title='bbox 1376 2025 1439 2058; x_wconf 89' lang='lat' dir='ltr'>pro</span> <span class='ocrx_word' id='word_1_764' title='bbox 1461 2011 1593 2047; x_wconf 80' lang='lat' dir='ltr'>Sextio.</span> <span class='ocrx_word' id='word_1_765' title='bbox 1621 2012 1726 2046; x_wconf 62' lang='lat' dir='ltr'>Visto</span> <span class='ocrx_word' id='word_1_766' title='bbox 1750 2011 1901 2046; x_wconf 86' lang='lat' dir='ltr'>Catilina</span> <span class='ocrx_word' id='word_1_767' title='bbox 1921 2011 2100 2046; x_wconf 86' lang='lat' dir='ltr'>Antonius</span> 
     </span>
     <span class='ocr_line' id='line_1_101' title="bbox 1131 2057 2100 2106; baseline 0.002 -14"><span class='ocrx_word' id='word_1_768' title='bbox 1131 2058 1298 2095; x_wconf 85' lang='lat' dir='ltr'>laureatos</span> <span class='ocrx_word' id='word_1_769' title='bbox 1309 2059 1410 2095; x_wconf 83' lang='lat' dir='ltr'>fasces</span> <span class='ocrx_word' id='word_1_770' title='bbox 1423 2084 1431 2099; x_wconf 92' lang='lat'>,</span> <span class='ocrx_word' id='word_1_771' title='bbox 1452 2069 1492 2094; x_wconf 91' lang='lat' dir='ltr'>ut</span> <span class='ocrx_word' id='word_1_772' title='bbox 1506 2058 1706 2106; x_wconf 86' lang='lat' dir='ltr'>Obsequens</span> <span class='ocrx_word' id='word_1_773' title='bbox 1718 2057 1834 2094; x_wconf 87' lang='lat' dir='ltr'>scribit</span> <span class='ocrx_word' id='word_1_774' title='bbox 1846 2084 1856 2099; x_wconf 91' lang='lat'>,</span> <span class='ocrx_word' id='word_1_775' title='bbox 1879 2058 1916 2094; x_wconf 94' lang='lat' dir='ltr'>in</span> <span class='ocrx_word' id='word_1_776' title='bbox 1929 2058 2100 2095; x_wconf 89' lang='lat' dir='ltr'>Macedo-</span> 
     </span>
     <span class='ocr_line' id='line_1_102' title="bbox 1129 2106 2100 2153; baseline 0.003 -13"><span class='ocrx_word' id='word_1_777' title='bbox 1129 2107 1223 2140; x_wconf 86' lang='lat' dir='ltr'>niam</span> <span class='ocrx_word' id='word_1_778' title='bbox 1236 2108 1455 2152; x_wconf 86' lang='lat' dir='ltr'>provinciam</span> <span class='ocrx_word' id='word_1_779' title='bbox 1473 2106 1575 2144; x_wconf 88' lang='lat' dir='ltr'>tulit,</span> <span class='ocrx_word' id='word_1_780' title='bbox 1597 2106 1654 2141; x_wconf 91' lang='lat' dir='ltr'>cui</span> <span class='ocrx_word' id='word_1_781' title='bbox 1676 2119 1737 2153; x_wconf 89' lang='lat' dir='ltr'>per</span> <span class='ocrx_word' id='word_1_782' title='bbox 1755 2107 1950 2142; x_wconf 85' lang='lat' dir='ltr'>triennium</span> <span class='ocrx_word' id='word_1_783' title='bbox 1970 2106 2100 2144; x_wconf 85' lang='lat' dir='ltr'>deinde</span> 
     </span>
     <span class='ocr_line' id='line_1_103' title="bbox 1127 2153 2100 2204; baseline 0.004 -16"><span class='ocrx_word' id='word_1_784' title='bbox 1127 2153 1275 2201; x_wconf 86' lang='lat' dir='ltr'>praefuit.</span> <span class='ocrx_word' id='word_1_785' title='bbox 1304 2154 1397 2202; x_wconf 83' lang='lat' dir='ltr'>Qiia</span> <span class='ocrx_word' id='word_1_786' title='bbox 1418 2155 1504 2190; x_wconf 78' lang='lat' dir='ltr'>vero</span> <span class='ocrx_word' id='word_1_787' title='bbox 1525 2155 1702 2190; x_wconf 83' lang='lat' dir='ltr'>Antonius</span> <span class='ocrx_word' id='word_1_788' title='bbox 1724 2155 1760 2189; x_wconf 91' lang='lat' dir='ltr'>in</span> <span class='ocrx_word' id='word_1_789' title='bbox 1783 2155 1928 2191; x_wconf 83' lang='lat' dir='ltr'>fascibus</span> <span class='ocrx_word' id='word_1_790' title='bbox 1950 2155 2100 2204; x_wconf 83' lang='lat' dir='ltr'>insignia</span> 
     </span>
     <span class='ocr_line' id='line_1_104' title="bbox 1128 2203 2100 2253; baseline 0.005 -16"><span class='ocrx_word' id='word_1_791' title='bbox 1128 2203 1252 2238; x_wconf 85' lang='lat' dir='ltr'>laureae</span> <span class='ocrx_word' id='word_1_792' title='bbox 1271 2203 1474 2252; x_wconf 82' lang='lat' dir='ltr'>praeferebat</span> <span class='ocrx_word' id='word_1_793' title='bbox 1486 2229 1495 2243; x_wconf 90' lang='lat'><strong>‚</strong></span> <span class='ocrx_word' id='word_1_794' title='bbox 1522 2203 1709 2251; x_wconf 85' lang='lat' dir='ltr'>imperator</span> <span class='ocrx_word' id='word_1_795' title='bbox 1723 2204 1908 2252; x_wconf 82' lang='lat' dir='ltr'>appellatus</span> <span class='ocrx_word' id='word_1_796' title='bbox 1920 2215 2001 2241; x_wconf 82' lang='lat' dir='ltr'>erat.</span> <span class='ocrx_word' id='word_1_797' title='bbox 2028 2218 2100 2253; x_wconf 84' lang='lat' dir='ltr'>qua.</span> 
     </span>
     <span class='ocr_line' id='line_1_105' title="bbox 1127 2250 2095 2301; baseline 0.003 -15"><span class='ocrx_word' id='word_1_798' title='bbox 1127 2250 1170 2286; x_wconf 90' lang='lat' dir='ltr'>de</span> <span class='ocrx_word' id='word_1_799' title='bbox 1196 2264 1233 2287; x_wconf 92' lang='lat' dir='ltr'>re</span> <span class='ocrx_word' id='word_1_800' title='bbox 1255 2251 1367 2300; x_wconf 85' lang='lat' dir='ltr'>scripfi</span> <span class='ocrx_word' id='word_1_801' title='bbox 1395 2252 1430 2287; x_wconf 88' lang='lat' dir='ltr'>in</span> <span class='ocrx_word' id='word_1_802' title='bbox 1455 2252 1683 2299; x_wconf 77' lang='lat' dir='ltr'>Ligarianam.</span> <span class='ocrx_word' id='word_1_803' title='bbox 1710 2255 1830 2301; x_wconf 79' lang='lat' dir='ltr'>Itaque</span> <span class='ocrx_word' id='word_1_804' title='bbox 1855 2253 1928 2289; x_wconf 91' lang='lat' dir='ltr'>Cic.</span> <span class='ocrx_word' id='word_1_805' title='bbox 1951 2253 2046 2301; x_wconf 89' lang='lat' dir='ltr'>epist.</span> <span class='ocrx_word' id='word_1_806' title='bbox 2060 2265 2095 2296; x_wconf 85' lang='lat'>5,</span> 
     </span>
     <span class='ocr_line' id='line_1_106' title="bbox 1128 2300 2097 2350; baseline 0.003 -15"><span class='ocrx_word' id='word_1_807' title='bbox 1128 2300 1187 2336; x_wconf 88' lang='lat' dir='ltr'>lib·</span> <span class='ocrx_word' id='word_1_808' title='bbox 1201 2313 1233 2342; x_wconf 85' lang='lat'>5.</span> <span class='ocrx_word' id='word_1_809' title='bbox 1257 2301 1375 2337; x_wconf 82' lang='lat' dir='ltr'>Famil.</span> <span class='ocrx_word' id='word_1_810' title='bbox 1385 2314 1453 2347; x_wconf 87' lang='lat' dir='ltr'>qua</span> <span class='ocrx_word' id='word_1_811' title='bbox 1466 2302 1623 2337; x_wconf 87' lang='lat' dir='ltr'>Antonio</span> <span class='ocrx_word' id='word_1_812' title='bbox 1638 2302 1920 2350; x_wconf 89' lang='lat' dir='ltr'>T.Pomponium</span> <span class='ocrx_word' id='word_1_813' title='bbox 1934 2303 2097 2339; x_wconf 83' lang='lat' dir='ltr'>Atticum</span> 
     </span>
     <span class='ocr_line' id='line_1_107' title="bbox 1129 2348 2097 2398; baseline 0.005 -15"><span class='ocrx_word' id='word_1_814' title='bbox 1129 2350 1166 2385; x_wconf 89' lang='lat' dir='ltr'>in</span> <span class='ocrx_word' id='word_1_815' title='bbox 1179 2350 1350 2386; x_wconf 83' lang='lat' dir='ltr'>Graeciam</span> <span class='ocrx_word' id='word_1_816' title='bbox 1368 2348 1647 2398; x_wconf 81' lang='lat' dir='ltr'>proficiscentem</span> <span class='ocrx_word' id='word_1_817' title='bbox 1666 2351 1734 2386; x_wconf 86' lang='lat' dir='ltr'>hoc</span> <span class='ocrx_word' id='word_1_818' title='bbox 1755 2362 1848 2386; x_wconf 82' lang='lat' dir='ltr'>anno</span> <span class='ocrx_word' id='word_1_819' title='bbox 1866 2351 2097 2388; x_wconf 81' lang='lat' dir='ltr'>commenda-</span> 
     </span>
     <span class='ocr_line' id='line_1_108' title="bbox 1130 2398 2097 2448; baseline 0.002 -14"><span class='ocrx_word' id='word_1_820' title='bbox 1130 2398 1202 2438; x_wconf 87' lang='lat' dir='ltr'>vit,</span> <span class='ocrx_word' id='word_1_821' title='bbox 1232 2398 1439 2447; x_wconf 86' lang='lat' dir='ltr'>Imperatori</span> <span class='ocrx_word' id='word_1_822' title='bbox 1462 2399 1641 2437; x_wconf 85' lang='lat' dir='ltr'>adscribit,</span> <span class='ocrx_word' id='word_1_823' title='bbox 1662 2399 1757 2448; x_wconf 89' lang='lat' dir='ltr'>quod</span> <span class='ocrx_word' id='word_1_824' title='bbox 1779 2399 1901 2435; x_wconf 87' lang='lat' dir='ltr'>Paulus</span> <span class='ocrx_word' id='word_1_825' title='bbox 1915 2400 2097 2437; x_wconf 84' lang='lat' dir='ltr'>Manutius</span> 
     </span>
     <span class='ocr_line' id='line_1_109' title="bbox 1128 2446 2095 2497; baseline 0.002 -14"><span class='ocrx_word' id='word_1_826' title='bbox 1128 2446 1200 2483; x_wconf 87' lang='lat' dir='ltr'>fine</span> <span class='ocrx_word' id='word_1_827' title='bbox 1219 2449 1317 2484; x_wconf 74' lang='lat' dir='ltr'>caula</span> <span class='ocrx_word' id='word_1_828' title='bbox 1337 2449 1492 2485; x_wconf 86' lang='lat' dir='ltr'>miratur.</span> <span class='ocrx_word' id='word_1_829' title='bbox 1519 2461 1599 2484; x_wconf 86' lang='lat' dir='ltr'>nam</span> <span class='ocrx_word' id='word_1_830' title='bbox 1614 2450 1647 2483; x_wconf 63' lang='grc' dir='ltr'>ἃ</span> <span class='ocrx_word' id='word_1_831' title='bbox 1659 2449 1727 2483; x_wconf 81' lang='lat' dir='ltr'>Dio</span> <span class='ocrx_word' id='word_1_832' title='bbox 1741 2447 1795 2483; x_wconf 88' lang='lat' dir='ltr'>lib.</span> <span class='ocrx_word' id='word_1_833' title='bbox 1817 2460 1871 2491; x_wconf 70' lang='lat'>37.</span> <span class='ocrx_word' id='word_1_834' title='bbox 1894 2448 2009 2497; x_wconf 77' lang='lat' dir='ltr'>aperte</span> <span class='ocrx_word' id='word_1_835' title='bbox 2022 2460 2095 2485; x_wconf 84' lang='lat' dir='ltr'>tra-</span> 
     </span>
     <span class='ocr_line' id='line_1_110' title="bbox 1126 2496 2096 2546; baseline 0.003 -15"><span class='ocrx_word' id='word_1_836' title='bbox 1126 2496 1199 2537; x_wconf 90' lang='lat' dir='ltr'>dit,</span> <span class='ocrx_word' id='word_1_837' title='bbox 1224 2497 1421 2533; x_wconf 88' lang='lat' dir='ltr'>Antonium</span> <span class='ocrx_word' id='word_1_838' title='bbox 1441 2497 1487 2532; x_wconf 91' lang='lat' dir='ltr'>ob</span> <span class='ocrx_word' id='word_1_839' title='bbox 1511 2497 1696 2533; x_wconf 62' lang='lat' dir='ltr'>victoriani</span> <span class='ocrx_word' id='word_1_840' title='bbox 1716 2497 1759 2531; x_wconf 85' lang='lat' dir='ltr'>de</span> <span class='ocrx_word' id='word_1_841' title='bbox 1771 2496 1942 2538; x_wconf 74' lang='lat' dir='ltr'>Catilina,</span> <span class='ocrx_word' id='word_1_842' title='bbox 1968 2511 2096 2546; x_wconf 87' lang='lat' dir='ltr'>quam-</span> 
     </span>
     <span class='ocr_line' id='line_1_111' title="bbox 1126 2544 2095 2594; baseline 0.002 -13"><span class='ocrx_word' id='word_1_843' title='bbox 1126 2558 1231 2594; x_wconf 89' lang='lat' dir='ltr'>quam</span> <span class='ocrx_word' id='word_1_844' title='bbox 1245 2545 1413 2582; x_wconf 85' lang='lat' dir='ltr'>caesorum</span> <span class='ocrx_word' id='word_1_845' title='bbox 1425 2559 1593 2582; x_wconf 79' lang='lat' dir='ltr'>numerus</span> <span class='ocrx_word' id='word_1_846' title='bbox 1605 2545 1694 2581; x_wconf 72' lang='lat' dir='ltr'>infra</span> <span class='ocrx_word' id='word_1_847' title='bbox 1707 2544 1905 2593; x_wconf 79' lang='lat' dir='ltr'>legitimum</span> <span class='ocrx_word' id='word_1_848' title='bbox 1918 2546 2009 2587; x_wconf 80' lang='lat' dir='ltr'>esset,</span> <span class='ocrx_word' id='word_1_849' title='bbox 2022 2549 2095 2584; x_wconf 88' lang='lat' dir='ltr'>Im-</span> 
     </span>
     <span class='ocr_line' id='line_1_112' title="bbox 1126 2593 2096 2644; baseline 0.001 -14"><span class='ocrx_word' id='word_1_850' title='bbox 1126 2605 1320 2642; x_wconf 84' lang='lat' dir='ltr'>peratorem</span> <span class='ocrx_word' id='word_1_851' title='bbox 1353 2595 1561 2644; x_wconf 80' lang='lat' dir='ltr'>appellatum</span> <span class='ocrx_word' id='word_1_852' title='bbox 1593 2593 1701 2630; x_wconf 81' lang='lat' dir='ltr'>fuiffe.</span> <span class='ocrx_word' id='word_1_853' title='bbox 1742 2594 1905 2630; x_wconf 85' lang='lat' dir='ltr'>Metellus</span> <span class='ocrx_word' id='word_1_854' title='bbox 1931 2596 2096 2631; x_wconf 79' lang='lat' dir='ltr'>tribunus</span> 
     </span>
     <span class='ocr_line' id='line_1_113' title="bbox 1127 2642 2095 2693; baseline 0.001 -14"><span class='ocrx_word' id='word_1_855' title='bbox 1127 2643 1216 2690; x_wconf 88' lang='lat' dir='ltr'>pleb.</span> <span class='ocrx_word' id='word_1_856' title='bbox 1229 2644 1271 2679; x_wconf 88' lang='lat' dir='ltr'>ad</span> <span class='ocrx_word' id='word_1_857' title='bbox 1300 2657 1310 2680; x_wconf 93' lang='lat'>1</span> <span class='ocrx_word' id='word_1_858' title='bbox 1326 2657 1335 2680; x_wconf 88' lang='lat'>1</span> <span class='ocrx_word' id='word_1_859' title='bbox 1349 2656 1377 2680; x_wconf 89' lang='lat'>1.</span> <span class='ocrx_word' id='word_1_860' title='bbox 1391 2657 1463 2679; x_wconf 91' lang='lat' dir='ltr'>non</span> <span class='ocrx_word' id='word_1_861' title='bbox 1472 2645 1611 2693; x_wconf 79' lang='lat' dir='ltr'>Januar.</span> <span class='ocrx_word' id='word_1_862' title='bbox 1625 2654 1665 2678; x_wconf 86' lang='lat' dir='ltr'>nt</span> <span class='ocrx_word' id='word_1_863' title='bbox 1681 2642 1728 2679; x_wconf 85' lang='lat' dir='ltr'>est</span> <span class='ocrx_word' id='word_1_864' title='bbox 1743 2643 1836 2691; x_wconf 85' lang='lat' dir='ltr'>epist.</span> <span class='ocrx_word' id='word_1_865' title='bbox 1852 2656 1881 2681; x_wconf 82' lang='lat'>2.</span> <span class='ocrx_word' id='word_1_866' title='bbox 1897 2643 1953 2681; x_wconf 89' lang='lat' dir='ltr'>lib.</span> <span class='ocrx_word' id='word_1_867' title='bbox 1969 2657 2000 2687; x_wconf 87' lang='lat'>5-</span> <span class='ocrx_word' id='word_1_868' title='bbox 2029 2647 2095 2680; x_wconf 84' lang='lat' dir='ltr'>Fa-</span> 
     </span>
     <span class='ocr_line' id='line_1_114' title="bbox 1128 2692 2094 2741; baseline 0 -13"><span class='ocrx_word' id='word_1_869' title='bbox 1128 2693 1202 2728; x_wconf 90' lang='lat' dir='ltr'>mil.</span> <span class='ocrx_word' id='word_1_870' title='bbox 1212 2705 1296 2729; x_wconf 89' lang='lat' dir='ltr'>cum</span> <span class='ocrx_word' id='word_1_871' title='bbox 1308 2705 1408 2741; x_wconf 84' lang='lat' dir='ltr'>agere</span> <span class='ocrx_word' id='word_1_872' title='bbox 1424 2692 1570 2740; x_wconf 83' lang='lat' dir='ltr'>caepisset</span> <span class='ocrx_word' id='word_1_873' title='bbox 1582 2716 1592 2731; x_wconf 93' lang='lat'>,</span> <span class='ocrx_word' id='word_1_874' title='bbox 1612 2705 1684 2727; x_wconf 90' lang='lat' dir='ltr'>non</span> <span class='ocrx_word' id='word_1_875' title='bbox 1697 2692 1734 2727; x_wconf 92' lang='lat' dir='ltr'>in</span> <span class='ocrx_word' id='word_1_876' title='bbox 1747 2692 1863 2728; x_wconf 70' lang='lat' dir='ltr'>senatu</span> <span class='ocrx_word' id='word_1_877' title='bbox 1876 2717 1885 2732; x_wconf 89' lang='lat'><em>‚</em></span> <span class='ocrx_word' id='word_1_878' title='bbox 1908 2703 1948 2728; x_wconf 91' lang='lat' dir='ltr'>ut</span> <span class='ocrx_word' id='word_1_879' title='bbox 1961 2694 2015 2728; x_wconf 93' lang='lat' dir='ltr'>vir</span> <span class='ocrx_word' id='word_1_880' title='bbox 2025 2693 2094 2728; x_wconf 92' lang='lat' dir='ltr'>do-</span> 
     </span>
     <span class='ocr_line' id='line_1_115' title="bbox 1127 2735 2096 2789; baseline 0 -12"><span class='ocrx_word' id='word_1_881' title='bbox 1127 2742 1203 2777; x_wconf 70' lang='lat' dir='ltr'>t‘Jtus</span> <span class='ocrx_word' id='word_1_882' title='bbox 1224 2744 1427 2782; x_wconf 85' lang='lat' dir='ltr'>annotavit,</span> <span class='ocrx_word' id='word_1_883' title='bbox 1451 2742 1505 2777; x_wconf 87' lang='lat' dir='ltr'>sed</span> <span class='ocrx_word' id='word_1_884' title='bbox 1524 2742 1565 2778; x_wconf 87' lang='lat' dir='ltr'>ad</span> <span class='ocrx_word' id='word_1_885' title='bbox 1582 2741 1763 2789; x_wconf 87' lang='lat' dir='ltr'>populum.</span> <span class='ocrx_word' id='word_1_886' title='bbox 1791 2738 1828 2775; x_wconf 68' lang='grc' dir='ltr'>εἶν</span> <span class='ocrx_word' id='word_1_887' title='bbox 1842 2735 2030 2789; x_wconf 59' lang='grc' dir='ltr'>’τ-ςιῗὸμίλῳ,</span> <span class='ocrx_word' id='word_1_888' title='bbox 2053 2753 2096 2777; x_wconf 82' lang='lat' dir='ltr'>ut:</span> 
     </span>
     <span class='ocr_line' id='line_1_116' title="bbox 1128 2789 2095 2839; baseline 0.001 -14"><span class='ocrx_word' id='word_1_889' title='bbox 1128 2790 1195 2825; x_wconf 91' lang='lat' dir='ltr'>Dio</span> <span class='ocrx_word' id='word_1_890' title='bbox 1216 2790 1496 2839; x_wconf 69' lang='lat' dir='ltr'>loquitur-(fuisse</span> <span class='ocrx_word' id='word_1_891' title='bbox 1517 2802 1633 2827; x_wconf 87' lang='lat' dir='ltr'>autem</span> <span class='ocrx_word' id='word_1_892' title='bbox 1652 2790 1745 2826; x_wconf 85' lang='lat' dir='ltr'>diem</span> <span class='ocrx_word' id='word_1_893' title='bbox 1763 2789 1977 2826; x_wconf 87' lang='lat' dir='ltr'>comitialem</span> <span class='ocrx_word' id='word_1_894' title='bbox 1992 2801 2095 2826; x_wconf 83' lang='lat' dir='ltr'>vetus</span> 
     </span>
     <span class='ocr_line' id='line_1_117' title="bbox 1128 2838 2096 2889; baseline 0.001 -15"><span class='ocrx_word' id='word_1_895' title='bbox 1128 2839 1206 2875; x_wconf 90' lang='lat' dir='ltr'>Kal.</span> <span class='ocrx_word' id='word_1_896' title='bbox 1230 2839 1393 2886; x_wconf 90' lang='lat' dir='ltr'>ostendit)</span> <span class='ocrx_word' id='word_1_897' title='bbox 1414 2839 1518 2875; x_wconf 87' lang='lat' dir='ltr'>tertio</span> <span class='ocrx_word' id='word_1_898' title='bbox 1542 2852 1684 2889; x_wconf 87' lang='lat' dir='ltr'>quoque</span> <span class='ocrx_word' id='word_1_899' title='bbox 1709 2839 1817 2875; x_wconf 86' lang='lat' dir='ltr'>verbo</span> <span class='ocrx_word' id='word_1_900' title='bbox 1838 2839 2006 2874; x_wconf 80' lang='lat' dir='ltr'>orationis</span> <span class='ocrx_word' id='word_1_901' title='bbox 2026 2838 2096 2875; x_wconf 87' lang='lat' dir='ltr'>suae</span> 
     </span>
     <span class='ocr_line' id='line_1_118' title="bbox 1129 2886 2095 2936; baseline 0 -13"><span class='ocrx_word' id='word_1_902' title='bbox 1129 2888 1339 2924; x_wconf 88' lang='lat' dir='ltr'>Ciceronem</span> <span class='ocrx_word' id='word_1_903' title='bbox 1353 2888 1560 2936; x_wconf 85' lang='lat' dir='ltr'>appellabat,</span> <span class='ocrx_word' id='word_1_904' title='bbox 1585 2888 1668 2923; x_wconf 81' lang='lat' dir='ltr'>cum</span> <span class='ocrx_word' id='word_1_905' title='bbox 1682 2888 1845 2924; x_wconf 86' lang='lat' dir='ltr'>clamaret</span> <span class='ocrx_word' id='word_1_906' title='bbox 1858 2912 1868 2927; x_wconf 88' lang='lat'>‚</span> <span class='ocrx_word' id='word_1_907' title='bbox 1890 2900 1964 2923; x_wconf 89' lang='lat' dir='ltr'>non</span> <span class='ocrx_word' id='word_1_908' title='bbox 1976 2886 2095 2923; x_wconf 87' lang='lat' dir='ltr'>licuis-</span> 
     </span>
     <span class='ocr_line' id='line_1_119' title="bbox 1128 2935 2094 2985; baseline -0.002 -12"><span class='ocrx_word' id='word_1_909' title='bbox 1128 2936 1160 2973; x_wconf 81' lang='lat' dir='ltr'>se</span> <span class='ocrx_word' id='word_1_910' title='bbox 1184 2938 1214 2973; x_wconf 90' lang='lat' dir='ltr'>ei</span> <span class='ocrx_word' id='word_1_911' title='bbox 1237 2962 1246 2976; x_wconf 90' lang='lat'>,</span> <span class='ocrx_word' id='word_1_912' title='bbox 1281 2937 1496 2976; x_wconf 90' lang='lat' dir='ltr'>Lentulum,</span> <span class='ocrx_word' id='word_1_913' title='bbox 1520 2938 1741 2984; x_wconf 83' lang='lat' dir='ltr'>Cethegum,</span> <span class='ocrx_word' id='word_1_914' title='bbox 1767 2938 1804 2972; x_wconf 86' lang='lat'>&amp;</span> <span class='ocrx_word' id='word_1_915' title='bbox 1825 2935 1977 2985; x_wconf 90' lang='lat' dir='ltr'>reliquos</span> <span class='ocrx_word' id='word_1_916' title='bbox 1998 2936 2094 2972; x_wconf 89' lang='lat' dir='ltr'>cives</span> 
     </span>
     <span class='ocr_line' id='line_1_120' title="bbox 1127 2984 2094 3034; baseline -0.002 -13"><span class='ocrx_word' id='word_1_917' title='bbox 1127 2986 1259 3022; x_wconf 63' lang='lat' dir='ltr'>indicta</span> <span class='ocrx_word' id='word_1_918' title='bbox 1275 2986 1372 3021; x_wconf 79' lang='lat' dir='ltr'>causa</span> <span class='ocrx_word' id='word_1_919' title='bbox 1389 2998 1521 3022; x_wconf 85' lang='lat' dir='ltr'>necare·</span> <span class='ocrx_word' id='word_1_920' title='bbox 1547 2997 1650 3034; x_wconf 89' lang='lat' dir='ltr'>atque</span> <span class='ocrx_word' id='word_1_921' title='bbox 1667 2987 1735 3021; x_wconf 92' lang='lat' dir='ltr'>hoc</span> <span class='ocrx_word' id='word_1_922' title='bbox 1753 2985 1887 3020; x_wconf 89' lang='lat' dir='ltr'>crimen</span> <span class='ocrx_word' id='word_1_923' title='bbox 1908 2985 2015 3021; x_wconf 90' lang='lat' dir='ltr'>verbo</span> <span class='ocrx_word' id='word_1_924' title='bbox 2029 2984 2094 3020; x_wconf 92' lang='lat' dir='ltr'>Ci-</span> 
     </span>
     <span class='ocr_line' id='line_1_121' title="bbox 1128 3033 2094 3076; baseline -0.001 -7"><span class='ocrx_word' id='word_1_925' title='bbox 1128 3036 1248 3070; x_wconf 89' lang='lat' dir='ltr'>ceroni</span> <span class='ocrx_word' id='word_1_926' title='bbox 1263 3058 1273 3072; x_wconf 83' lang='grc'>,</span> <span class='ocrx_word' id='word_1_927' title='bbox 1296 3047 1332 3070; x_wconf 85' lang='lat' dir='ltr'>re</span> <span class='ocrx_word' id='word_1_928' title='bbox 1353 3035 1485 3076; x_wconf 76' lang='lat' dir='ltr'>senatui</span> <span class='ocrx_word' id='word_1_929' title='bbox 1505 3035 1751 3071; x_wconf 86' lang='lat' dir='ltr'>intendebatur</span> <span class='ocrx_word' id='word_1_930' title='bbox 1768 3059 1777 3075; x_wconf 89' lang='lat'>‚</span> <span class='ocrx_word' id='word_1_931' title='bbox 1803 3034 1944 3070; x_wconf 61' lang='lat' dir='ltr'>auitore</span> <span class='ocrx_word' id='word_1_932' title='bbox 1966 3033 2094 3069; x_wconf 86' lang='lat' dir='ltr'>Dione.</span> 
     </span>
     <span class='ocr_line' id='line_1_122' title="bbox 1130 3082 2094 3125; baseline -0.004 -6"><span class='ocrx_word' id='word_1_933' title='bbox 1130 3085 1256 3119; x_wconf 87' lang='lat' dir='ltr'>Cicero</span> <span class='ocrx_word' id='word_1_934' title='bbox 1270 3083 1415 3120; x_wconf 88' lang='lat' dir='ltr'>Metello</span> <span class='ocrx_word' id='word_1_935' title='bbox 1439 3084 1521 3121; x_wconf 89' lang='lat' dir='ltr'>forti</span> <span class='ocrx_word' id='word_1_936' title='bbox 1541 3083 1661 3120; x_wconf 88' lang='lat' dir='ltr'>animo</span> <span class='ocrx_word' id='word_1_937' title='bbox 1684 3082 1828 3119; x_wconf 88' lang='lat' dir='ltr'>restitit,</span> <span class='ocrx_word' id='word_1_938' title='bbox 1851 3082 2094 3125; x_wconf 79' lang='lat' dir='ltr'>&amp;orationem</span> 
     </span>
    </p>
   </div>
   <div class='ocr_carea' id='block_1_13' title="bbox 1129 3129 2098 3228">
    <p class='ocr_par' dir='ltr' id='par_1_14' title="bbox 1129 3129 2098 3228">
     <span class='ocr_line' id='line_1_123' title="bbox 1129 3129 2098 3228; baseline -0.008 -57"><span class='ocrx_word' id='word_1_939' title='bbox 1129 3132 1347 3171; x_wconf 85' lang='lat' dir='ltr'>Metellinam</span> <span class='ocrx_word' id='word_1_940' title='bbox 1356 3143 1478 3171; x_wconf 85' lang='lat' dir='ltr'>contra</span> <span class='ocrx_word' id='word_1_941' title='bbox 1487 3135 1701 3228; x_wconf 54' lang='lat' dir='ltr'>concionglq</span> <span class='ocrx_word' id='word_1_942' title='bbox 1711 3130 1843 3168; x_wconf 86' lang='lat' dir='ltr'>Metelli</span> <span class='ocrx_word' id='word_1_943' title='bbox 1854 3129 1981 3179; x_wconf 83' lang='lat' dir='ltr'>scripsit</span> <span class='ocrx_word' id='word_1_944' title='bbox 1989 3152 2000 3168; x_wconf 95' lang='lat'>,</span> <span class='ocrx_word' id='word_1_945' title='bbox 2010 3140 2098 3213; x_wconf 36' lang='lat' dir='ltr'>cuffi-</span> 
     </span>
     <span class='ocr_line' id='line_1_124' title="bbox 2037 3188 2050 3211; baseline 0 0"><span class='ocrx_word' id='word_1_946' title='bbox 2037 3188 2050 3211; x_wconf 76' lang='lat' dir='ltr'>i</span> 
     </span>
    </p>
   </div>
  </div>
 </body>
</html>
