2337 3400
164 350 207 381 42

226 151 320 199 504
625 129 1132 181 M.Tui.1.11

219 219 304 249 vinci
322 226 404 257 turpe
423 213 554 256 putavit.
576 213 609 243 &
623 212 773 243 deterreri.
797 213 807 229 ¹
819 210 910 239 etiam
928 207 945 238 ὲ
967 216 1026 247 rep.
1041 204 1177 238 credidit,

222 269 274 292 ut.
294 268 439 300 quomam
459 256 511 286 sibi
533 255 664 286 inillum
683 252 787 293 legibus
807 253 850 281 uti
870 259 935 280 non
955 250 1074 281 liceret,
1096 247 1180 277 illius

222 310 288 330 vim
307 310 402 340 neque
420 302 452 328 in
471 298 524 328 suo
535 317 543 331 ‚
565 306 704 337 nequem
714 294 883 334 reipublic-x
896 291 1030 331 periculo
1040 290 1182 329 pertime-

226 342 326 373 sceret.
350 339 517 382 Qornodo
534 340 626 386 igitur
642 339 699 367 hoc
714 338 747 366 in
763 345 870 376 genere
880 331 1006 373 praesidii
1016 331 1180 371 comparati

226 383 339 413 accusas
353 384 510 415 Sextium,
528 390 598 411 cum
615 379 698 409 idem
715 378 816 408 laudes
834 375 1008 405 Milonem?
1031 382 1097 407 AN,
1118 381 1180 411 Ql

226 434 290 454 §UA
307 423 383 454 reeta
392 422 544 453 defendit:
559 423 611 462 qui
621 421 658 451 ab
667 422 725 450 aris
736 439 744 453 ,
755 418 832 448 focis
843 438 850 451 ‚
862 416 975 447 ferrum
987 436 995 449 ,
1009 414 1184 445 flammam-

224 476 281 505 que
300 465 441 506 depellit:
460 466 513 505 qui
524 461 576 494 sibi
587 464 675 493 licere
687 462 753 491 vult
763 458 828 490 tuto
841 456 897 488 ess'e
909 461 941 488 in
952 457 1019 488 foro
1031 477 1040 491 ,
1059 458 1091 487 in
1104 465 1183 486 tem-

223 508 287 548 plo,
299 510 330 537 in
338 509 419 537 curia
430 508 497 548 :qui
508 508 577 536 vitae
587 502 758 545 praesidium
767 510 917 541 comparat
927 511 933 530 :
943 503 997 541 qui
1006 498 1183 529 vulneribus

225 560 290 589 qua:
300 551 395 580 cei-nit
405 547 542 590 quotidie
553 557 618 577 toto
628 555 752 585 corpore
763 564 772 578 ,
786 552 925 574 movetur
935 563 943 576 ,
957 551 990 571 ut
999 542 1101 581 aliquo
1113 549 1187 580 prae-

227 589 302 621 sidio
321 600 428 631 caput,
450 590 483 620 δε
497 591 649 622 cervices,
671 586 859 627 &jugulum
873 604 882 619 ,
899 594 933 614 ac
953 584 1041 613 latera
1061 590 1184 614 tutetur,

228 634 308 662 hunc
319 632 356 662 de
367 634 398 662 vi
408 631 607 663 accusandum
617 635 722 670 putas?
744 630 820 669 Qis
833 629 918 657 enim
933 623 1064 655 vestn'im
1078 644 1085 656 ‚
1102 623 1185 663 judi-

228 684 295 708 ces,
313 676 446 715 ignorat,
467 675 657 703 immaturam
670 680 770 701 rerum
785 667 901 702 tuliss‘e,
921 676 952 697 ut
961 666 1095 707 quodam
1106 674 1187 694 tem-

228 726 302 756 pore
317 717 456 745 homines
468 736 476 749 ,
495 714 635 745 nondum
649 722 745 753 neque
755 711 901 743 naturali,
922 718 1018 748 neque
1029 707 1189 745 civiiijure

229 758 376 797 descripto
386 778 394 791 ,
415 755 469 787 fusi
478 766 531 797 per
547 765 632 798 agros
643 775 652 789 ,
676 764 708 785 ac
719 750 836 794 dispersi
846 760 1036 793 vagarentur,
1057 757 1191 778 tantum-

231 810 288 840 que
302 800 461 833 haberent,
482 807 629 840 quantum
645 805 738 826 manu
750 815 758 828 ,
776 805 809 824 ac
818 795 932 824 viribus
940 790 1115 832 percaedern
1127 809 1136 823 ‚
1157 798 1189 819 ac

229 842 355 871 vulnera
365 850 414 871 aut
423 843 534 880 eripere
545 860 553 873 ,
564 849 614 869 aut
623 840 749 869 retinere
759 833 921 876 potuiffent
934 836 943 859 ?
959 835 1019 874 Qi
1031 833 1120 872 igitur
1130 833 1192 871 pri-

233 886 276 913 mi
293 892 403 913 virtute
413 902 422 916 ‚
443 882 477 913 Sc
486 879 613 912 consilio
623 879 769 921 praestanti
780 875 959 907 exstiterunt
970 894 978 908 ,
1002 876 1024 904 ii
1036 871 1189 913 perspe&o

231 935 339 967 genere
357 925 498 955 humana:
515 923 677 954 docilitatis
691 941 699 955 ,
723 929 809 960 atque
827 919 945 958 ingenii
963 936 971 950 ‚
1003 913 1190 955 ²diffipatos,

232 977 332 997 unum
344 969 378 997 in
390 967 493 998 locum
507 971 722 1005 congregarunt
737 982 746 994 ,
770 960 878 1000 eosque
897 969 935 989 ex
953 957 1069 988 feritate
1086 958 1138 986 'illa
1154 956 1190 986 ad

231 1008 379 1049 justitiam
399 1028 407 1042 ‚
434 1017 522 1048 atque
541 1004 805 1037 mansuetudinem
820 1000 1058 1032 transduxerunt.
1084 1001 1191 1029 3Tum

234 1060 281 1082 res
291 1071 299 1085 ‚
324 1050 359 1081 ad
368 1058 568 1081 communem
580 1047 741 1077 utilitatem
753 1064 761 1079 ‚
781 1053 852 1085 quas
856 1041 985 1084 publicas
994 1041 1190 1081 appellamus,

234 1101 302 1123 tum
322 1091 534 1122 conventicula
551 1090 716 1119 hominurn
727 1107 735 1121 ‚
749 1096 817 1127 quae
830 1084 930 1126 postea
942 1084 1076 1114 civitates
1089 1083 1193 1112 nomi-

234 1144 312 1165 natae
324 1134 391 1163 sunt
402 1153 410 1166 ‚
426 1142 491 1163 tuna
503 1131 660 1162 domicilia
670 1128 833 1169 conjuncta
842 1147 851 1162 ‚
870 1136 941 1168 quas
951 1124 1037 1155 urbeis
1047 1125 1189 1156 dicimus,

234 1179 362 1206 invento
373 1175 405 1205 ὃς
416 1174 524 1204 divino
534 1192 543 1207 ‚
565 1173 598 1204 δε
609 1173 742 1203 humano
750 1171 816 1211 jure
826 1189 834 1203 ‚
857 1168 1011 1198 mcenibus
1025 1166 1192 1206 saepserunt.

237 1221 336 1258 Atque
354 1219 431 1247 inter
447 1217 522 1246 hanc
539 1216 632 1245 vitam
644 1213 825 1254 perpolitam
836 1211 1021 1241 humanitate
1033 1228 1041 1242 ,
1062 1207 1193 1238 &illam

235 1262 404 1289 immanem
417 1278 425 1292 ,
447 1257 525 1288 nihil
539 1267 599 1287 tam
616 1254 756 1288 interest,
775 1254 866 1295 quam
877 1253 923 1289 iios
935 1271 944 1285 ,
965 1260 1053 1291 atque
1062 1259 1114 1278 vu.
1137 1249 1195 1277 ho-

235 1311 305 1332 rum
316 1310 383 1331 utro
394 1302 437 1330 uti
447 1300 584 1330 nolimus
594 1318 603 1332 ,
625 1298 719 1328 altero
729 1295 772 1326 est
782 1295 940 1326 utendum.
962 1295 1036 1322 Vim
1046 1291 1193 1322 volumus

237 1342 410 1384 exstingui?
430 1352 479 1383 Jus
495 1342 589 1372 valeat
607 1338 720 1371 necesse
729 1337 791 1371 est,
811 1337 841 1367 id
851 1335 894 1366 est
906 1356 914 1368 .
933 1335 1046 1375 judicia
1057 1353 1066 1366 ,
1085 1332 1196 1373 quibus

237 1395 332 1415 omne
346 1385 395 1424 jus
413 1385 595 1415 continetur.
614 1381 734 1424 Judicia
750 1379 928 1419 displicent,
947 1385 997 1407 aut
1012 1376 1097 1406 nulla
1113 1374 1196 1404 sunt?

235 1437 283 1458 vis
301 1427 477 1457 dominetur
497 1423 611 1455 neceffe
630 1422 683 1454 est.
708 1425 782 1452 Haec
799 1420 905 1451 vident
923 1428 1050 1449 omnes:
1072 1416 1197 1446 Milo&

236 1468 333 1502 vidit,
356 1468 490 1501 &fecit.
512 1469 599 1507 utjus
610 1467 812 1505 experiretur,
836 1463 901 1493 vim
912 1460 1083 1501 depelleret.
1106 1459 1198 1488 altero

239 1512 284 1540 uti
293 1511 390 1540 voluit
401 1530 410 1544 ‚
431 1519 463 1540 ut
473 1511 568 1539 virtus
577 1508 730 1538 audaciam
740 1508 890 1536 vinceret:
910 1503 1002 1532 altero
1014 1502 1080 1531 usus
1093 1500 1196 1530 neces-

239 1551 315 1583 sari¹o
329 1551 373 1582 est
382 1572 391 1586 ‚
411 1562 450 1582 ne
460 1554 555 1582 virtus
565 1550 601 1580 ab
611 1549 728 1579 audacia
737 1550 917 1578 vinceretur.
940 1544 1113 1584 Eademque
1123 1542 1199 1572 ratio

240 1593 303 1624 fuit
320 1597 350 1624 P.
361 1595 459 1624 Sextii
477 1613 485 1626 ‚
512 1591 532 1622 si
549 1592 654 1622 minus
673 1592 706 1620 in
725 1587 888 1620 accusando
913 1588 1021 1626 (neque
1043 1587 1127 1614 enim
1146 1592 1202 1624 per

240 1637 362 1666 omneis
375 1634 433 1665 fuit
447 1634 529 1664 idem
539 1631 653 1663 necess'e
664 1630 741 1671 fieri)
751 1640 780 1660 at
788 1637 865 1660 certe
876 1631 909 1658 in
919 1625 1082 1657 necessitate
1092 1624 1201 1656 defen-

244 1677 350 1707 dendae
368 1676 468 1707 salutis
486 1676 545 1705 suae
558 1695 566 1709 ,
588 1672 783 1715 praesidioque
799 1679 902 1702 contra
921 1672 984 1700 vim
998 1689 1007 1703 ,
1029 1669 1197 1699 &manum

241 1718 454 1759 comparando.
478 1720 504 1747 O
513 1717 555 1747 dii
565 1715 752 1746 immortales
766 1717 770 1743 !
789 1722 954 1755 quemnam
964 1711 1122 1742 ostenditis
1132 1711 1199 1740 exi—

243 1770 310 1792 tum
330 1760 420 1790 nobis
432 1762 442 1788 ?
459 1768 550 1800 quarn
563 1759 644 1798 spem
656 1758 730 1797 reip.
741 1756 816 1787 datis
828 1759 838 1785 ?
857 1764 967 1796 quotus
977 1754 1101 1795 quisque
1112 1753 1200 1782 inve-

242 1805 430 1834 nieturtanta
440 1810 549 1831 virtute
564 1802 626 1833 vir,
646 1799 844 1840 quioptimam
852 1806 995 1838 quamque
1003 1796 1118 1834 causam
1126 1796 1198 1833 reip.

246 1843 463 1884 ampleStatur?
481 1844 533 1883 qui
552 1841 641 1871 bonis
661 1842 733 1870 viris
750 1840 915 1869 deserviat?
934 1840 987 1878 qui
997 1836 1123 1867 solidam
1134 1836 1198 1865 lau-

243 1886 312 1918 dem
324 1906 332 1919 ‚
353 1894 514 1926 veramque
530 1884 663 1924 quaerat?
681 1880 752 1912 cum
773 1882 843 1911 sciat
855 1901 865 1914 ,
887 1879 949 1910 duo
966 1879 1017 1908 illa
1030 1879 1102 1918 reip.
1113 1878 1200 1917 paene

242 1927 301 1959 fata
311 1948 320 1961 ‚
344 1926 508 1957 Gabinium
520 1926 553 1956 &
563 1925 703 1957 Pisonem
715 1943 722 1957 ‚
743 1923 869 1953 alterum
883 1922 998 1952 haurire
1011 1920 1149 1961 quotidie
1161 1928 1200 1948 ex

264 1967 451 2003 acatiffimis‚
475 1976 560 2008 atque
571 1963 809 2009 opulentissimis
817 1965 908 2004 Syriae
925 1964 1008 2005 gazis
1024 1970 1200 1991 innumera-

241 1979 304 2041 {ile
313 2010 432 2052 pondus
443 2012 505 2042 auri
517 2013 526 2038 ?
543 2009 658 2040 bellum
668 2007 778 2039 inferre
788 2005 1010 2047 quiescentibus
1020 2024 1029 2038 .
1049 2013 1080 2034 ut
1090 2012 1197 2033 eorum

240 2062 356 2086 veteres
367 2072 376 2087 ‚
396 2052 580 2092 illibatasque
597 2050 737 2084 divitias,
758 2051 790 2079 in
805 2045 1075 2088 profundiffimum
1093 2044 1199 2077 libidi-

244 2105 320 2125 num
332 2094 451 2124 suarum
462 2096 608 2136 gurgitem
618 2091 797 2133 profundat?
814 2090 921 2122 villam
931 2087 1074 2121 aedificare
1084 2089 1117 2117 in
1127 2097 1200 2117 ocu-

245 2137 284 2168 lis
301 2137 444 2166 omnium
464 2145 575 2166 tantam
591 2155 600 2168 ‚
621 2133 772 2175 tugurium
790 2141 822 2162 ut
840 2132 899 2170 jam
919 2132 1054 2161 videatur
1072 2127 1131 2161 effe
1149 2129 1202 2159 illa

246 2179 320 2208 villa
330 2198 338 2212 ‚
361 2173 526 2218 quam'ipse
536 2175 779 2215 tribunusplebis
788 2173 900 2213 pffitam
910 2173 988 2203 olim
998 2174 1031 2202 in
1040 2172 1202 2202 concioni-

246 2219 304 2250 bus
321 2219 507 2259 explicabat,
526 2228 587 2259 quo
605 2215 823 2249 fortissimum,
843 2226 876 2245 ac
888 2215 1045 2245 summum
1057 2215 1158 2244 civem
1169 2214 1202 2242 in

248 2261 399 2292 invidiam
413 2261 510 2290 horno
526 2259 620 2290 castus
630 2279 639 2293 ,
658 2268 692 2289 ac
707 2267 771 2288 non
781 2256 906 2297 cupidus
915 2256 1054 2286 vocaret?
1075 2256 1203 2285 alterurn

249 2302 418 2336 Thracibus
428 2322 437 2335 ,
456 2312 488 2332 ac
506 2301 653 2335 Dardanis
665 2301 799 2340 primum
813 2307 916 2338 pacem
931 2299 1066 2328 maxima
1077 2298 1205 2336 pecunia

250 2342 441 2376 vendidisse?
462 2343 589 2377 deinde,
614 2351 646 2373 sit
664 2342 709 2372 illi
724 2342 883 2382 pecuniam
905 2337 1052 2369 conficere
1072 2336 1202 2378 possent,

249 2386 419 2417 vexandam
440 2386 488 2415 his
504 2385 714 2418 Macedoniam
733 2403 743 2417 ‚
775 2382 809 2412 δε
827 2380 1013 2421 spoliandam
1033 2377 1204 2409 tradidisse?

250 2427 444 2468 eundemque
453 2427 532 2457 bona
541 2426 722 2456 creditorum
734 2444 742 2458 ,
761 2424 877 2454 civium
888 2424 1100 2452 Romanorum
1112 2439 1120 2454 ‚
1131 2429 1202 2449 cum

251 2470 438 2501 debitoribus
449 2470 560 2498 Graecis
575 2465 723 2498 diVisisse?
741 2475 847 2507 cogere
861 2465 1002 2504 pecunias
1021 2465 1170 2493 maximas
1189 2461 1205 2491 a

253 2512 469 2551 Dyrrhachinis
481 2531 489 2543 ‚
503 2510 628 2550 spoliare
638 2506 792 2539 Thess'alos
803 2527 811 2541 ‚
822 2514 932 2537 certam
943 2506 1060 2535 Achaeis
1069 2506 1102 2535 in
1110 2513 1206 2534 annos

252 2553 384 2594 singulos
396 2553 553 2592 pecuniam
569 2548 768 2591 imperavisse:
790 2558 888 2589 neque
903 2556 1004 2578 tamen
1020 2546 1084 2577 ullo
1100 2555 1133 2575 in
1150 2555 1206 2585 pu-

254 2595 336 2624 blico
347 2614 355 2628 ,
373 2603 422 2625 aut
435 2594 575 2634 religioso
585 2594 653 2623 loco
663 2612 671 2626 ,
687 2590 802 2633 signum
814 2611 822 2625 ‚
837 2599 886 2621 aut
894 2589 1024 2623 tabulam
1035 2608 1044 2623 ‚
1059 2597 1108 2620 aut
1117 2598 1207 2617 orna-

256 2645 394 2666 mentum
405 2635 566 2677 rci‘iquiffe?
591 2637 657 2665 Hos
668 2632 704 2664 sic
715 2633 841 2664 illudere
851 2652 859 2666 ‚
872 2631 982 2671 quibus
993 2640 1086 2661 omne
1097 2630 1208 2670 suppli-

254 2688 337 2708 cium
351 2698 358 2710 ‚
381 2687 467 2718 atque
484 2679 587 2707 omnis
596 2678 663 2716 jure
676 2677 795 2716 optimo
809 2683 898 2715 poena
910 2672 1053 2703 debetur?
1073 2681 1138 2703 reos
1151 2670 1208 2702 effe

255 2720 312 2750 hos
328 2719 403 2750 duos
415 2738 424 2754 ‚
442 2729 519 2761 quos
536 2718 664 2751 videtis-³
683 2719 795 2750 omitto
808 2717 873 2758 jam
887 2716 1094 2749 Numerium,
1112 2717 1209 2746 Serra-

296 2849 318 2866 i.
339 2842 650 2874 Etiamcrrepuh.crcdidn,
664 2842 716 2876 un]
739 2840 851 2868 Etistud
870 2850 976 2877 quoque
995 2848 1068 2877 parte
1086 2839 1124 2867 sui
1143 2842 1179 2868 est
1198 2843 1213 2868 ὁ.

255 2876 282 2903 di
292 2893 296 2900 .
305 2877 418 2903 inaiionc
431 2877 563 2905 Lambini.
583 2880 645 2905 cuni
655 2886 732 2905 antea
742 2878 875 2914 legeretur
885 2878 960 2905 nullo
969 2877 1039 2905 bono
1048 2876 1132 2909 sensu,
1143 2880 1214 2902 etiam
1232 2888 1234 2892 ¹

257 2915 316 2945 eripi
328 2916 416 2946 risten,
427 2921 464 2944 ut,
474 2915 524 2944 &c

298 2957 325 2973 ι.
344 2951 463 2982 Dtffifatos
475 2960 547 2975 unum
564 2953 589 2975 in
603 2953 676 2976 locum
687 2969 695 2982 ‚
713 2951 780 2985 dm]
802 2949 974 2991 Sicpletique
993 2949 1061 2990 Pall.
1078 2956 1214 2981 atnonus,
1232 2957 1233 2963 ¹

257 2983 398 3017 disputatus.
409 2985 514 3010 (jeinbl.
525 2987 668 3020 disparatos.
679 2986 748 3022 quod
760 2994 878 3013 meretur
887 2995 1044 3013 examinari.

297 3027 322 3060 3:
341 3021 398 3044 ‘Tum
409 3022 489 3060 re-s'ad
500 3030 634 3047 communem
643 3025 788 3055 utilitatem,·
798 3031 871 3056 quas,
880 3022 946 3056 ὡς]
969 3024 1033 3048 Secu
1039 3022 1057 3048 ti
1069 3020 1155 3048 sumus
1168 3031 1212 3048 ve—

257 3061 381 3082 terrimas
392 3055 522 3082 editiones
535 3076 542 3088 ,
554 3058 617 3083 'item
629 3058 685 3083 l'al.
695 3058 832 3090 offavuni,
844 3068 941 3088 nonum
953 3059 980 3084 &
992 3060 1019 3084 S.
1031 3057 1147 3084 Victoris
1158 3058 1213 3092 ejc-

256 3091 305 3132 ρΞὲο
315 3094 463 3118 coniitiemeis
476 3111 483 3124 ,
493 3093 520 3118 δε
531 3092 630 3118 adscito
640 3094 682 3119 ad.
693 3099 764 3120 certe
777 3094 866 3121 nullus
876 3094 944 3120 Pall.
954 3093 1073 3129 agnoscit
1083 3093 1211 3129 grandem

255 3127 328 3168 iiiam
340 3136 429 3154 vocem
443 3147 451 3160 ,
462 3129 584 3164 quamvis
593 3128 772 3156 destituantur
782 3131 861 3157 ctiam
870 3130 1109 3167 praepositiuncula.
1127 3129 1211 3158 solum

255 3169 350 3193 tectius
360 3163 471 3200 praefei·t
482 3175 489 3194 ;
509 3166 565 3193 Tum
575 3173 612 3192 res
617 3172 713 3200 propter
721 3175 858 3194 communem
865 3168 1006 3201 utilitatem,
1015 3167 1067 3200 (γε.

1196 127 1742 174 Cicanouis

1224 219 1298 240 num
1309 229 1318 243 ,
1331 209 1450 239 AElium
1459 228 1468 243 ‚
1477 208 1652 249 quisquilias
1663 206 1819 239 seditionis
1832 204 1986 238 clodianae
1997 217 2002 236 :
2015 203 2062 237 sed
2075 213 2178 239 tamen

1224 253 1256 282 hi
1266 261 1385 292 quoque
1395 252 1486 281 etiam
1497 260 1578 280 nunc
1590 251 1719 281 volitant
1730 270 1739 285 ,
1758 259 1790 281 ut
1801 249 1909 280 videtis
1921 259 1926 278 :
1948 258 2003 279 nec
2016 267 2025 282 2
2044 248 2118 279 dum
2126 256 2184 279 vos

1225 293 1262 324 de
1273 294 1361 324 vobis
1370 291 1483 333 aliquid
1494 291 1652 325 timebitis,
1666 293 1712 322 illi
1724 301 1869 333 umquam
1879 291 1915 321 de
1927 291 1954 320 se
1963 291 2184 330 pertimescent.

1226 337 1307 365 Nam
1317 334 1390 375 quid
1400 344 1455 376 ego
1465 332 1501 363 de
1512 332 1672 374 aedileipso
1683 334 1806 375 loquar,
1826 335 1877 374 qui
1892 335 1981 363 etiarn
1997 332 2078 363 diem
2093 332 2183 367 dixit,
2205 344 2252 379 44

1226 377 1260 407 δε
1269 377 1415 407 accusavit
1425 375 1461 406 de
1473 376 1504 405 vi
1514 374 1680 407 Milonem?
1691 386 1787 416 neque
1798 377 1846 405 hic
1858 384 1959 406 tamen
1967 374 2028 405 ulla
2036 383 2184 415 umquam

1227 419 1337 458 injuria
1352 417 1515 448 adducetur
1525 436 1534 450 ‚
1553 425 1585 446 ut
1596 426 1667 447 eum
1678 418 1729 447 tali
1740 419 1848 447 virtute
1862 437 1870 451 ,
1890 426 2028 458 tantaque
2045 415 2186 447 firmitate

1228 462 1322 490 animi
1335 460 1363 490 se
1374 462 1407 489 in
1418 458 1634 498 rempublicam
1644 457 1729 488 fuisse
1739 461 1881 499 poeniteat:
1894 469 1899 488 2
1919 458 1969 489 sed
1982 478 1990 492 ‚
2001 460 2052 499 qui
2061 458 2126 488 haec
2135 459 2187 488 vi-

1227 502 1317 535 dent,
1339 501 1537 540 adolescentes.
1557 510 1689 541 quonam
1700 500 1762 530 suas
1776 501 1906 530 menteis
1924 498 2101 530 conferent?
2121 500 2188 534 iile,

1228 545 1281 585 qui
1293 551 1494 573 monumenta
1502 542 1621 582 publica
1632 561 1640 575 ‚
1657 541 1808 583 quiaedeis
1818 542 1908 572 sacras
1917 561 1925 575 ‚
1944 541 2117 582 quidomos
2126 543 2189 571 ini—

1231 588 1382 616 micorum
1395 585 1517 615 suorum
1527 585 1728 624 oppugnavit.
1746 582 1879 616 excidit,
1899 582 2052 616 incendit,
2072 582 2189 623 quisti·

1231 636 1316 668 patus
1331 627 1449 667 semper
1462 624 1588 659 (icariis,
1610 626 1715 665 saeptus
1728 626 1846 655 armatis
1858 644 1866 658 ,
1887 625 2025 654 munitus
2035 624 2190 655 indicibus

1231 669 1308 703 fuit,
1326 678 1457 710 quorum
1477 667 1569 698 hodie
1589 670 1675 707 copia
1692 665 1838 697 redundat
1851 685 1860 700 ‚
1879 667 1932 706 qui
1950 665 1983 695 δε
2001 668 2191 706 peregrinam

1232 721 1359 741 manum
1376 709 1617 740 facinorosorum
1634 710 1798 739 concitavit
1816 727 1825 742 ‚
1852 708 1885 738 ὃς
1903 707 2003 738 servos
2020 708 2055 737 ad
2072 707 2189 739 caedem

1233 753 1360 783 idoneos
1371 754 1463 785 emit,
1486 751 1519 781 &
1533 752 1566 780 in
1584 751 1735 781 tribunatu
1752 759 1898 781 carcerem
1916 757 2015 780 totum
2033 751 2066 780 in
2083 749 2187 781 forum

1234 793 1357 825 effudit:
1376 794 1482 824 volitat
1495 793 1609 823 aediiis:
1630 791 1742 823 accusat
1759 801 1830 822 eum
1843 811 1851 825 ,
1870 792 1924 832 qui
1939 791 2038 831 aliqua
2054 801 2092 821 ex
2108 800 2191 832 parte

1234 837 1298 875 ejus
1307 835 1442 865 furorem
1453 835 1651 865 exsultantem
1661 832 1799 874 repreffit.
1823 835 1889 867 hic,
1911 834 1965 874 qui
1981 833 2009 863 se
2026 832 2068 862 est
2078 842 2190 864 tutatus

1235 877 1272 908 sic
1283 897 1292 910 .
1314 886 1347 907 ut
1355 878 1388 907 in
1397 879 1509 917 privata
1519 887 1548 906 re
1558 876 1617 905 deos
1627 877 1746 917 penareis
1756 876 1822 906 suos
1833 894 1842 909 ,
1862 877 1895 905 in
1905 874 2055 915 republica
2056 876 2126 914 jura
2135 875 2193 904 ω’-

1234 919 1358 949 bunatus
1369 938 1377 952 ,
1396 918 1583 959 auspiciaque
1592 917 1765 948 defenderet
1778 928 1784 946 1
1803 917 1932 947 accusare
1941 926 2011 946 eum
2024 916 2192 951 moderate.

1235 962 1251 992 a
1263 971 1324 1002 quo
1337 961 1399 1002 ipse
1414 959 1526 990 nefarie
1540 959 1687 990 accusatur
1697 979 1705 993 ‚
1723 969 1775 1000 per
1784 959 1897 990 senatus
1909 957 2115 989 au&0ritatem
2127 967 2192 989 non

1234 1002 1277 1033 est
1291 1002 1369 1032 situs.
1393 1004 1552 1032 Nimirum
1565 1002 1623 1031 hoc
1638 1001 1713 1031 illud
1726 1000 1768 1031 est
1778 1021 1786 1035 ,
1806 1000 1888 1041 quod
1898 1000 1933 1030 de
1946 1010 1994 1030 me
2004 999 2193 1040 potiffimum

1235 1053 1267 1074 tu
1280 1046 1311 1074 in
1325 1044 1511 1074 accusatione
1523 1042 1649 1084 quaesisti
1661 1063 1669 1077 ‚
1686 1053 1752 1084 quae
1771 1041 1841 1073 esset
1860 1041 1958 1072 nostra
1975 1042 2054 1072 natio
2070 1043 2196 1083 optima.-

1235 1086 1319 1115 tium.
1342 1084 1381 1115 fic
1400 1087 1485 1115 enim
1504 1084 1618 1115 dixisti.
1641 1087 1722 1115 Rem
1738 1086 1845 1126 quaeris
1858 1084 2027 1124 praeclaram
2039 1084 2194 1124 juventuti

1234 1127 1270 1157 ad
1281 1127 1458 1157 discendum
1471 1146 1479 1159 ‚
1500 1136 1556 1157 nec
1573 1127 1651 1156 mihi
1669 1125 1826 1157 difficilem
1843 1126 1879 1156 ad
1895 1125 2134 1165 perdocendum.
2157 1125 2197 1156 de

1234 1179 1293 1210 qua
1301 1178 1391 1209 pauca
1401 1188 1410 1201 ,
1420 1169 1431 1207 j
1436 1168 1549 1201 udices,
1561 1167 1660 1198 dicam
1672 1178 1677 1196 :
1689 1168 1723 1197 δε
1733 1187 1741 1201 ,
1755 1176 1787 1197 ut
1796 1167 1922 1197 arbitror
1933 1186 1941 1200 ‚
1953 1177 2009 1197 nec
2019 1167 2054 1197 ab
2065 1168 2196 1198 utilitate

1236 1220 1343 1240 eorum
1355 1230 1364 1244 ,
1384 1212 1437 1250 qui
1453 1208 1596 1242 audient,
1617 1218 1674 1239 nec
1690 1209 1726 1239 ab
1744 1207 1848 1238 officio
1867 1207 1970 1238 nostro
1982 1228 1990 1241 ‚
2012 1218 2068 1238 nec
2082 1208 2118 1239 ab
2132 1209 2195 1249 ipsa

1237 1252 1319 1283 causa
1331 1255 1362 1283 P.
1371 1252 1468 1282 Sextii
1480 1250 1651 1281 abhorrebit
1663 1251 1759 1281 oratio
1774 1259 1854 1280 mea.
1878 1252 1950 1280 Duo
1961 1259 2067 1291 genera
2081 1250 2196 1291 semper
2210 1257 2257 1290 45

1238 1297 1271 1324 in
1281 1295 1336 1324 hac
1344 1295 1464 1324 civitate
1474 1292 1596 1323 fuerunt
1604 1302 1710 1323 eorum
1721 1312 1729 1327 ‚
1745 1293 1798 1333 qui
1807 1291 1913 1322 versari
1923 1293 1956 1321 in
1966 1291 2117 1332 republica
2127 1310 2136 1325 ‚
2151 1300 2197 1323 at-

1236 1346 1294 1378 que
1311 1338 1344 1365 in
1360 1345 1392 1366 ea
1407 1335 1434 1365 se
1447 1333 1646 1365 excellentius
1655 1344 1753 1375 gerere
1766 1333 1956 1364 studuerunt:
1975 1333 2085 1374 quibus
2094 1344 2133 1364 ex
2142 1344 2198 1376 ge-

1238 1378 1361 1409 neribus
1371 1378 1455 1408 alteri
1467 1377 1493 1407 se
1501 1376 1667 1419 populareis,
1678 1376 1761 1406 alteri
1771 1376 1925 1415 optimateis
1937 1375 1969 1405 &
1979 1375 2128 1410 haberi,&
2137 1374 2198 1406 effe

1239 1421 1410 1451 voluerunt.
1434 1420 1496 1460 Qii
1505 1429 1548 1452 ea,
1561 1429 1626 1459 qua:
1635 1417 1784 1449 faciebant
1793 1437 1802 1452 ,
1813 1427 1936 1459 quaeque
1945 1417 2085 1448 dicebant
2094 1437 2102 1451 ,
2113 1417 2199 1448 mul-

1239 1462 1364 1492 titudini
1384 1460 1511 1499 jucunda
1529 1460 1587 1491 effe
1607 1459 1751 1490 volebant
1761 1480 1770 1494 ‚
1789 1459 1963 1501 populares:
1982 1461 2035 1500 qui
2045 1468 2146 1490 autem
2156 1461 2199 1491 ita

1240 1503 1268 1534 se
1276 1504 1416 1546 gerebant
1425 1523 1433 1536 ,
1452 1511 1485 1532 ut
1493 1503 1543 1533 sua
1551 1501 1674 1533 consilia
1683 1505 1802 1542 optimo
1809 1504 1918 1541 cuique
1927 1501 2086 1541 probarent
2095 1521 2104 1536 ,
2118 1502 2200 1542 opti-

1241 1555 1334 1576 mates
1349 1545 1542 1575 habebantur.
1570 1546 1672 1584 4Qis
1688 1554 1757 1585 ergo
1775 1543 1829 1574 iste
1845 1544 1979 1582 optimus
1996 1543 2142 1584 quisque?
2160 1542 2200 1575 de

1243 1597 1372 1618 numero
1382 1585 1404 1616 si
1412 1588 1520 1628 quaeris
1531 1606 1540 1621 ,
1559 1586 1806 1616 innumerabiles.
1829 1586 2019 1625 nequeenim
2029 1585 2114 1615 aliter
2121 1583 2197 1615 stare

1240 1628 1405 1670 poffemus.
1426 1629 1650 1668 suntprincipes
1658 1626 1774 1657 consilii
1784 1627 1899 1666 publici
1912 1626 1996 1656 :sunt
2006 1646 2015 1659 ,
2027 1628 2078 1667 qui
2088 1635 2198 1657 eorum

1241 1671 1353 1703 sacram
1370 1672 1547 1712 sequuntur:
1571 1670 1640 1700 sunt
1652 1670 1859 1699 maximorum
1876 1668 2022 1698 ordinum
2041 1669 2198 1703 homines,

1241 1714 1350 1754 quibus
1359 1722 1437 1753 patet
1449 1715 1530 1743 curia
1543 1723 1549 1741 :
1566 1711 1635 1742 sunt
1644 1711 1841 1750 municipales
1853 1730 1862 1744 ,
1882 1709 2041 1750 rusticique
2051 1710 2200 1740 Romani:

1242 1761 1255 1784 5
1264 1757 1331 1786 sunt
1342 1757 1462 1796 negotia
1470 1762 1605 1795 gerentes
1617 1764 1622 1781 :
1633 1753 1702 1782 sunt
1711 1755 1801 1782 etiam
1812 1752 1946 1781 libertini
1956 1753 2125 1790 optimates.
2137 1760 2200 1781 nu-

1244 1807 1345 1828 merus
1354 1817 1362 1830 ‚
1380 1805 1414 1826 ut
1423 1796 1507 1828 dixi,
1523 1795 1574 1834 huj
1579 1804 1612 1824 us
1621 1798 1736 1835 generis
1747 1813 1756 1827 ‚
1775 1794 1831 1823 iate
1841 1813 1852 1826 .
1870 1793 1902 1822 &
1912 1792 1993 1822 varie
2005 1790 2132 1822 diffusus
2144 1790 2200 1823 est:

1242 1838 1292 1870 sed
1305 1847 1398 1880 genus
1412 1837 1586 1867 universum
1601 1836 1644 1874 (ut
1654 1835 1775 1865 tollatur
1785 1835 1877 1876 error)
1888 1835 1972 1864 brevi
1981 1833 2199 1868 circumscribi.

1242 1880 1276 1911 δε
1286 1879 1406 1910 definiri
1415 1877 1521 1919 potest.
1544 1880 1658 1908 Omnes
1668 1885 1860 1908 oenum-ras
1870 1877 1939 1906 sunt
1949 1895 1958 1909 ,
1973 1885 2026 1916 qui
2035 1885 2133 1916 neque
2141 1885 2202 1906 no-

1241 1932 1341 1953 centes
1359 1921 1426 1951 sunt
1437 1940 1446 1953 ‚
1470 1930 1527 1951 nec
1543 1929 1648 1950 natura
1665 1919 1818 1959 improbi⁴
1840 1928 1897 1948 nec
1903 1916 2007 1948 furiosi
2017 1937 2026 1952 ,
2046 1927 2100 1947 nec
2110 1916 2201 1948 malis

1241 1962 1574 2002 domesticisimpediti.
1599 1960 1670 1992 Esto
1680 1963 1770 2002 igitur
1780 1981 1789 1994 ,
1810 1968 1843 1990 ut
1854 1958 1970 1993 infiat,
1988 1958 2090 2001 (quam
2102 1967 2134 1989 tu
2143 1968 2200 1991 na-

1241 2009 1359 2036 tionem
1370 2003 1532 2045 appellasti)
1545 2005 1650 2044 quiqui
1658 2003 1770 2043 integri
1779 2002 1849 2033 sunt
1858 2022 1868 2037 ‚
1889 2002 1923 2032 &
1933 2002 1995 2032 sani
2004 2022 2013 2035 ‚
2032 2001 2065 2031 &
2076 2001 2151 2031 bene
2160 2000 2200 2031 de

1242 2048 1330 2079 rebus
1342 2046 1519 2077 domesticis
1531 2045 1696 2076 constituti.
1720 2045 1831 2074 horum
1848 2046 1903 2085 qui
1919 2044 2089 2077 voluntati,
2110 2052 2200 2073 com-

1243 2089 1342 2120 modis
1354 2109 1362 2123 ‚
1375 2090 1518 2129 opinioni
1527 2089 1559 2118 in
1569 2086 1761 2129 gubernanda
1769 2086 1919 2126 republica
1929 2085 2061 2115 serviunt
2071 2105 2079 2118 ‚
2092 2084 2201 2115 defen-

1241 2133 1320 2163 sores
1330 2133 1522 2171 optimatium
1533 2150 1542 2164 ,
1562 2128 1676 2170 ipsique
1686 2131 1846 2168 optimates
1854 2125 2018 2169 gravissimi
2030 2147 2039 2162 ‚
2062 2127 2096 2157 &
2114 2124 2131 2146 ⁶
2137 2126 2199 2156 cla-

1240 2172 1349 2204 rissimi
1363 2174 1442 2203 cives
1458 2180 1672 2205 numerantur,
1693 2171 1884 2210 &principes
1894 2170 2034 2199 civitatis.
2057 2167 2139 2209 Qid
2153 2166 2197 2199 est

1242 2218 1334 2257 igitur
1342 2212 1527 2255 propositum
1538 2214 1584 2243 his
1594 2209 2061 2254 reipub.gubernatoribu5‚qu0d
2071 2210 2196 2243 intueri,

1243 2258 1276 2288 &
1284 2255 1346 2297 quo
1355 2257 1474 2287 cursum
1488 2256 1576 2286 suurn
1585 2254 1711 2296 dirigere
1720 2253 1846 2283 debeant
1856 2255 1866 2281 ?
1876 2252 1907 2281 id
1918 2252 1999 2292 quod
2011 2250 2053 2281 est
2061 2250 2203 2290 praestan-

1244 2298 1394 2329 tissimum
1405 2317 1414 2332 ,
1437 2299 1633 2336 maximeque
1642 2295 1772 2335 optabile
1781 2293 1926 2323 omnibus
1935 2293 2011 2323 sanis
2022 2313 2030 2326 ,
2053 2293 2086 2322 δε
2100 2292 2202 2328 bonis,

1245 2341 1279 2370 &
1298 2340 1388 2369 beatis
1406 2358 1415 2373 ‚
1449 2341 1528 2368 CUM
1549 2345 1744 2366 DIGNrrATE
1762 2344 1885 2365 OTIUM.
1920 2336 1988 2365 Hoc
2007 2336 2060 2374 qui
2078 2334 2202 2370 volunt,

1245 2390 1355 2411 omnes
1365 2381 1523 2419 optimates
1535 2389 1540 2407 :
1560 2379 1613 2418 qui
1622 2376 1759 2407 efficiunt
1767 2397 1776 2410 ‚
1790 2376 1905 2406 summi
1913 2378 1972 2406 viri
1985 2396 1994 2409 ‚
2005 2377 2037 2406 &
2045 2376 2205 2407 conserva-

1247 2431 1326 2452 tores
1343 2423 1472 2452 civitatis
1489 2428 1638 2460 putantur.
1668 2428 1763 2459 neque
1782 2420 1868 2448 enim
1887 2428 1988 2448 rerum
2006 2417 2205 2459 gerendarum

1247 2463 1390 2504 dignitate
1400 2464 1545 2492 homines
1559 2461 1651 2503 efferri
1664 2462 1704 2490 ita
1715 2462 1875 2490 convenit:
1895 2468 1928 2490 ut
1938 2469 2003 2490 otio
2013 2469 2078 2489 non
2087 2460 2204 2500 prospi-

1247 2508 1343 2536 ciant:
1363 2515 1462 2546 neque
1480 2504 1580 2534 ullum
1595 2503 1759 2542 amplexari
1778 2503 1877 2532 otium
1888 2521 1898 2535 ‚
1917 2501 1999 2542 quod
2014 2502 2168 2532 abhorreat
2183 2501 2201 2533 ὲ

1247 2547 1400 2587 dignitate.
1425 2547 1525 2586 Hujus
1534 2553 1634 2575 autem
1647 2544 1750 2575 otiosae
1762 2543 1916 2591 dignitatis
1931 2546 1992 2574 haec
2004 2542 2202 2575 fundamenta
2218 2541 2266 2585 46

1249 2589 1316 2619 sunt
1325 2607 1334 2622 ‚
1353 2590 1416 2619 haec
1425 2587 1562 2618 membra
1572 2607 1581 2620 ‚
1599 2596 1665 2627 quae
1677 2585 1788 2622 tuenda
1796 2586 1982 2626 principibus
1992 2605 2002 2620 ‚
2020 2585 2053 2616 &
2063 2586 2201 2626 velcapi-

1248 2634 1285 2661 tis
1294 2631 1429 2670 periculo
1439 2628 1628 2660 defendenda
1636 2628 1713 2659 sunt:
1722 2627 2039 2668 religiones‚auspicia,
2047 2626 2206 2667 potestates

1250 2671 1474 2713 magistratuum
1486 2691 1495 2705 ,
1515 2671 1630 2701 senatus
1645 2668 1822 2703 adornas,
1842 2669 1939 2709 legeS,
1959 2678 2028 2699 mos
2039 2670 2204 2709 majorum,

1245 2715 1359 2756 judicia
1368 2735 1377 2750 ,
1387 2712 1559 2756 jurisdiCtio
1569 2731 1578 2748 ‚
1590 2710 1665 2744 fides
1676 2731 1685 2747 ‚
1695 2713 1859 2753 provinciae
1868 2731 1877 2746 ‚
1891 2710 1967 2742 socii
1978 2730 1987 2746 ‚
1999 2712 2118 2752 imperii
2128 2710 2204 2744 laus,

2091 2761 2139 2783 res
2149 2761 2211 2782 mi-

1231 2854 1234 2881 Ι
1286 2848 1315 2874 4.
1335 2842 1393 2875 Qis
1403 2851 1452 2875 ergo
1459 2843 1499 2875 iste
1507 2842 1607 2874 optimm
1615 2841 1711 2873 quisque
1722 2843 1733 2866 ,2
1750 2839 1776 2864 dc
1784 2847 1889 2869 numero,
1898 2837 1965 2871 dvm]
1987 2834 2101 2861 Restitui
2112 2834 2212 2862 leffio-

1252 2887 1313 2904 neni
1323 2885 1487 2914 antiquatam
1501 2896 1509 2909 ,
1529 2877 1571 2903 cui
1581 2875 1683 2902 accedit
1693 2875 1750 2902 Pal.
1761 2883 1845 2901 nonus
1855 2874 1883 2898 8<
1899 2875 1925 2898 S.
1937 2871 2053 2898 ViStoris
2063 2871 2150 2907 postea
2158 2880 2210 2898 ex-

1252 2913 1303 2940 culi
1316 2933 1324 2946 ‚
1343 2915 1400 2947 Qu}
1410 2924 1459 2947 ergo
1476 2916 1573 2946 opritnm
1580 2914 1620 2945 iste
1631 2915 1641 2937 ,ἓ
1659 2913 1711 2945 quis
1722 2915 1732 2937 ,Ρ
1749 2911 1776 2935 de
1792 2918 1897 2935 numero.
1915 2916 1943 2934 at
1952 2907 2097 2934 Lambinus
2108 2906 2188 2934 finxit
2197 2917 2206 2935 ι

1251 2951 1316 2982 Qui
1325 2960 1373 2983 ergo
1389 2952 1426 2983 isti
1442 2952 1585 2983 optimates?
1604 2950 1666 2981 qm'?
1681 2945 1809 2973 insubide.
1830 2944 1934 2980 respicit
1945 2944 2015 2970 enim
2034 2942 2066 2969 ad
2084 2944 2210 2978 proxime

1252 2986 1401 3022 praecedens
1414 3004 1423 3016 ‚
1441 2993 1467 3010 ut
1479 2986 1529 3016 Jisa
1539 2985 1630 3016 confilia
1638 2986 1718 3015 optimo
1727 2982 1989 3017 cuiqueprobaremur3
2008 2987 2138 3015 rogatque
2149 2999 2158 3012 ,
2177 2988 2210 3007 eo

1253 3022 1311 3057 quis
1324 3021 1354 3048 fit
1364 3022 1410 3048 illc
1421 3024 1519 3054 optimus
1528 3021 1633 3054 quisque.

1289 3067 1315 3091 5.
1334 3062 1394 3083 Sunt
1403 3056 1627 3090 negotmgerentcs]
1644 3053 1788 3081 Lambinus
1799 3052 1899 3088 recepit
1908 3054 2001 3085 negotii,
2015 3052 2042 3077 8<
2054 3051 2091 3078 ita
2101 3051 2157 3077 Pal.
2167 3058 2210 3088 pr.

1251 3092 1300 3119 sec.
1313 3101 1400 3129 quart.
1410 3092 1532 3124 octavus,
1542 3093 1570 3118 δι’
1580 3091 1625 3123 fic,
1637 3090 1654 3117 fi
1664 3090 1731 3117 bene
1743 3088 1865 3120 memini,
1878 3088 1980 3114 locutus
1992 3096 2040 3122 pro
2050 3087 2178 3123 Qintio.

1287 3130 1315 3155 6.
1335 3131 1461 3163 Clariffimi
1477 3131 1541 3154 cives
1550 3126 1735 3163 numerantur-J
1755 3125 1844 3163 Vulgo
1863 3127 2016 3153 nominantur
2027 3143 2036 3158 ‚
2055 3122 2099 3150 scd
2117 3129 2212 3151 contra

1253 3174 1346 3195 omnes
1360 3165 1496 3196 Palatinos
1507 3164 1620 3193 nostros·

2108 3192 2214 3229 Ltffqiu
