2295 3400
148 1304 158 1327 ι
170 1303 188 1326 2
205 1304 290 1324 mora
301 1303 370 1323 cuin
385 1292 515 1333 quodam
528 1291 650 1332 strepitu
661 1311 670 1325 ,
690 1291 874 1331 fremituque
888 1297 1044 1329 peragrare.

187 178 287 240 476
581 172 648 221 M.
732 169 1095 218 Tunnit

1174 164 1742 218 th'nuouis·

195 266 226 288 tu
237 254 453 298 Megalcfiaillo
465 253 512 283 dic
523 252 650 293 spe6hre
658 250 817 283 voluisses:
837 250 915 281 haud
925 250 985 280 scio
995 258 1032 278 an
1041 248 1144 278 vivere
1184 247 1311 294 Spartaci
1329 245 1471 293 exemplo
1489 247 1576 279 ludos
1592 249 1686 281 facere
1705 249 1863 285 maluerit,
1883 257 1972 291 quam
1988 249 2048 290 Caii
2060 269 2072 286 5
2088 257 2155 283 ant*

197 296 303 330 nobis,
321 306 407 336 :itque
423 297 470 326 his
486 295 522 325 de
538 295 626 325 rebus
642 296 700 333 jam
714 295 799 335 queri
816 294 926 323 liceret.
948 292 994 321 vis
1003 292 1087 319 enim
1098 290 1147 318 in·
1189 292 1279 329 Appii
1297 307 1306 321 ,
1331 288 1528 334 Claudiorum
1548 293 1559 319 ?
1588 291 1638 320 Illi
1657 302 1728 322 cum
1747 292 1834 322 ludos
1853 292 1983 323 facerent
2002 313 2010 327 ‚
2042 294 2144 324 servos

199 339 394 370 numerabilis
406 339 526 366 incitata
541 346 580 366 ex
598 336 742 366 omnibus
761 337 834 365 vicis
852 331 979 364 colleaa
995 332 1147 362 servorum
1189 330 1226 361 de
1243 338 1330 360 cavea
1349 339 1431 359 exire
1444 330 1605 369 jubebant:
1622 341 1655 363 tu
1674 335 1707 363 in
1722 334 1844 364 alteram
1863 335 1962 365 servos
1976 333 2140 367 immisisti,

199 382 301 411 abhoc
312 379 392 409 aedili
403 379 540 418 religioso
554 397 562 411 ,
570 377 689 418 repente
698 376 878 408 fornicibus,
888 374 1030 415 ostiisque
1039 373 1142 403 omni-

202 422 276 454 bus,
297 421 330 450 in
348 421 464 450 scenam
476 439 484 453 ,
506 418 588 460 figno
605 419 692 452 dato,
712 417 844 448 immissa
860 418 974 457 irrupit.
997 417 1064 445 Tua
1073 424 1150 446 tum,

203 473 252 493 tua
261 483 269 496 ‚
281 464 338 492 Cn.
348 461 477 492 Lentule
487 481 495 495 ‚
507 461 609 491 eadem
620 463 713 490 virtus
723 460 780 490 fuit
790 479 797 493 ‚
813 469 878 500 quae
888 460 920 488 in
930 459 1044 498 privato
1052 465 1152 497 quon—

201 504 271 534 dam
283 513 334 533 tuo
343 513 464 543 proavo.
489 511 517 532 tc
527 522 535 536 ,
555 512 667 532 nomen
681 521 688 535 ,
705 503 867 541 imperium
879 520 887 534 ,
904 508 1010 530 vocem
1022 518 1031 531 ,
1051 498 1154 543 adspef

203 545 286 575 &um
299 565 307 578 ‚
330 547 479 584 impetum
490 553 575 574 tuum
590 543 667 574 stans
682 544 798 574 senatus
810 563 821 576 ,
839 541 1009 582 equitesque
1020 542 1153 570 Romani

203 588 353 618 &omnes
362 587 436 616 boni
448 586 658 626 sequebantur:
681 583 753 615 cum
770 585 822 615 ille
833 584 987 627 seivorum
997 602 1005 615 ,
1027 581 1059 611 &
1070 580 1154 610 ludo-

201 639 269 659 rum
282 628 473 658 multitudini
483 630 632 668 s.P.QR.
643 626 780 657 vinfilmm
793 626 857 665 ipso
867 622 1001 655 consessu
1011 643 1019 657 ,
1040 623 1072 652 δε
1083 632 1156 652 con-

202 669 338 700 strffilum
352 669 541 709 speetaculis,
563 668 840 710 atqueimpeditum
851 666 934 698 turba
946 686 954 698 ‚
974 666 1005 695 δε
1016 663 1157 710 angustiis

202 710 375 742 tmdid'ill‘ct.
408 716 476 745 An,
497 709 516 740 si
535 711 634 741 ludius
655 709 790 740 constitit
807 729 816 743 ,
839 719 889 738 aut
907 708 1018 737 tibicen
1037 714 1155 745 repente

202 755 370 786 conticuit,
390 762 439 783 aut
456 762 528 792 puer
546 753 597 782 ille
615 754 779 792 patrimus,
803 751 834 780 &
846 751 1005 780 matrimus
1018 746 1037 777 si
1052 756 1156 793 terram

204 805 268 825 non
278 796 375 824 tenuit
385 815 393 827 ,
408 794 580 824 aut-tensam
593 814 601 826 ‚
625 797 634 813 ¹
646 794 804 823 autlorum
817 790 936 824 omisit,
951 800 1018 823 aut,
1030 787 1049 818 si
1060 788 1156 834 aedilis

200 836 313 870 verbo,
332 839 403 866 ²aut
420 834 548 875 simpulo
569 836 729 868 aberravit,
752 834 815 864 ludi
837 834 904 863 sunt
920 842 983 862 non
1001 831 1056 861 rite
1074 828 1157 876 sach,

201 888 234 908 ea
258 888 294 907 ue
310 887 400 908 errata
413 881 589 917 expiantur,
612 877 645 906 &
657 885 772 906 mentes
782 876 908 905 deorum
921 872 1155 917 immortalium,

200 920 233 950 lu
257 929 346 950 orum
359 919 570 949 instauratione
583 918 750 958 placantur:
775 915 794 945 si
810 917 872 945 ludi
886 916 921 945 ab
936 915 1036 943 letitia
1047 913 1082 943 ad
1094 922 1158 941 me-

202 970 268 992 tum
280 960 500 993 traductisunt,
520 958 540 989 fi
558 970 621 989 non
638 957 817 990 intermissi,
838 957 886 987 sed
902 957 1048 996 peremti,
1069 963 1157 994 atque

202 1003 310 1034 sublati
322 1003 406 1033 sunt:
428 1001 448 1031 fi
458 1003 571 1032 civitati
583 1001 728 1030 universae
740 1000 845 1029 scelere
856 1000 919 1035 ejus
932 1018 940 1031 ,
960 999 1013 1038 qui
1024 995 1112 1027 ludos
1123 994 1158 1042 acl

201 1044 320 1074 luc‘lum
339 1042 474 1074 conferre
488 1043 603 1076 voluit,
624 1041 799 1071 exstiterunt
820 1044 832 1068 3
845 1040 907 1070 dies
925 1040 971 1069 illi
988 1037 1055 1068 festi
1072 1047 1156 1081 paene

203 1085 315 1117 funesti
328 1097 333 1114 :
348 1085 552 1115 dubitabimus
562 1104 569 1117 ‚
582 1094 658 1124 quos
670 1083 720 1113 ille
729 1083 867 1113 fremitus
876 1083 996 1112 nuntiet
1004 1080 1091 1110 ludos
1102 1077 1159 1108 esse

203 1129 359 1168 pollutos?
382 1130 425 1156 Ac
436 1146 443 1159 ‚
464 1125 484 1155 fi
502 1126 647 1155 volumus
666 1135 698 1155 ea
709 1145 717 1158 ,
736 1134 802 1165 quae
816 1124 853 1154 de
865 1132 986 1164 quoque
1000 1121 1056 1151 deo
1071 1120 1159 1165 nobis

203 1169 308 1200 tradita
318 1169 383 1198 sunt
393 1188 401 1200 ‚
417 1166 562 1197 recordari
573 1187 581 1201 ,
600 1168 674 1197 hanc
684 1169 813 1196 Matrem
825 1174 963 1208 magnam
977 1183 985 1196 ‚
998 1161 1159 1209 cujus-ludi

204 1211 329 1243 violati,
349 1210 458 1249 polluti
474 1230 482 1242 ‚
505 1209 590 1249 paene
609 1208 644 1238 ad
662 1209 774 1239 caedem
787 1228 795 1242 ‚
818 1208 849 1237 δε
868 1206 903 1236 ad
920 1208 1012 1235 tainus
1031 1211 1160 1233 civitatis

206 1249 341 1282 conversi
357 1252 439 1285 sunt,
459 1252 534 1281 hanc
546 1271 556 1283 ,
575 1252 697 1291 inquam
711 1270 718 1283 ‚
737 1251 906 1288 accepimus
917 1267 925 1281 ,
943 1255 1046 1287 agros,
1064 1246 1160 1275 &ne—

1090 1288 1162 1316 Haec

204 1339 295 1377 igitur
307 1335 394 1364 vobis
406 1355 414 1368 ‚
435 1335 497 1364 haec
509 1334 623 1374 populo
633 1335 726 1364 Rom.
738 1333 770 1362 δι
782 1333 927 1362 scelerum
938 1330 1051 1360 indicia
1059 1327 1161 1358 osten·

203 1372 248 1408 dit
259 1398 267 1409 .
289 1377 321 1407 &
331 1377 533 1416 periculorum
545 1374 621 1415 signa
631 1373 778 1415 patefecit.
802 1383 872 1403 nam
889 1371 963 1413 quid
980 1380 1036 1412 ego
1051 1369 1088 1400 de
1101 1370 1162 1400 iliis

204 1419 282 1450 ludis
293 1419 396 1458 loquar
406 1438 414 1452 ‚
429 1428 504 1458 quos
515 1419 546 1447 in
557 1418 667 1448 Palatio
679 1415 772 1446 nostri
784 1416 910 1454 majores
921 1422 987 1443 ante
998 1412 1160 1452 templum,

205 1461 312 1501 inipso
324 1462 426 1489 Matris
438 1469 551 1500 magna:
561 1457 722 1498 conspe&u
732 1478 740 1492 ‚
755 1454 972 1498 Megalensibus
983 1453 1047 1485 fieri
1058 1473 1068 1487 ,
1083 1454 1161 1484 cele-

202 1503 340 1543 brarique
350 1502 534 1532 voluerunt?
551 1503 603 1542 qui
614 1502 681 1531 sunt
691 1509 776 1529 more
788 1519 796 1532 .
812 1496 1013 1537 institutisque
1023 1496 1159 1525 maxime

203 1543 293 1577 casti,
314 1543 477 1574 sollemnes
492 1563 501 1577 ,
525 1541 654 1583 religiosi
673 1553 678 1571 :
706 1541 817 1582 quibus
835 1539 915 1569 ludis
937 1541 1073 1578 primum
1093 1546 1160 1567 ante

205 1586 310 1627 populi
319 1584 487 1615 consessum
498 1585 609 1614 senatui
620 1584 720 1614 locum
733 1582 925 1613 P.Africanus
936 1583 1046 1610 iterum
1055 1578 1160 1610 consul

206 1628 259 1658 ille
269 1628 365 1667 major
375 1626 473 1657 dedit:
495 1635 526 1656 ut
541 1636 592 1655 eos
607 1625 694 1655 ludos
712 1625 775 1654 haec
792 1624 856 1653 lues
873 1624 991 1662 impura
1008 1620 1159 1661 polluerit:

207 1668 269 1710 quo
289 1668 363 1709 siqui
380 1668 455 1698 liber
471 1677 519 1698 aut
536 1666 684 1706 spectandi
698 1687 706 1700 ,
726 1675 776 1696 aut
793 1667 882 1695 etiam
900 1664 1054 1705 religionis
1066 1662 1160 1695 causa,

205 1707 376 1741 accesserat:
398 1719 506 1740 manus
523 1707 729 1738 afferebantur.
752 1706 813 1748 quo
829 1715 961 1736 matrona
978 1704 1061 1734 nulla
1079 1704 1163 1737 adiit,

206 1761 327 1793 propter
336 1752 401 1781 vim
415 1771 423 1785 ,
434 1749 663 1791 consessumque
673 1751 838 1780 servorum.
862 1751 904 1778 lta
915 1747 1001 1792 ludos
1011 1756 1074 1779 005,
1087 1755 1160 1786 quo-

207 1804 275 1825 ·i‘um
287 1794 392 1834 religio
403 1802 482 1823 tanta
494 1792 535 1822 est
544 1813 552 1826 ,
566 1801 598 1822 ut
608 1803 641 1821 ex
651 1792 758 1821 ultimis
765 1792 841 1820 terris
850 1788 976 1820 arcessita
985 1791 1017 1818 in
1028 1789 1080 1818 hac
1091 1788 1162 1817 urbe

206 1836 377 1866 consederit
397 1846 402 1864 1
425 1836 477 1875 qui
490 1835 542 1864 uni
555 1833 617 1863 ludi
629 1844 666 1864 ne
677 1833 769 1864 verbo
777 1832 900 1873 quidem
912 1830 1095 1871 appellantur
1105 1831 1162 1859 La-

206 1880 275 1908 tino
285 1898 294 1911 ,
313 1886 346 1907 ut
361 1877 506 1907 vocabulo
522 1876 585 1916 ipso
600 1875 768 1915 &appetita
777 1875 881 1914 religio
891 1881 1013 1903 externa
1024 1891 1032 1905 ,
1053 1871 1085 1901 ὃς
1096 1873 1161 1900 Ma-

204 1921 259 1950 tris
280 1929 393 1961 magnae
413 1920 542 1948 nornine
558 1918 686 1957 suscepta
703 1916 866 1946 declaretur
881 1926 886 1944 z
904 1916 960 1944 hos
979 1913 1066 1943 ludos
1086 1912 1162 1942 servi

206 1960 343 1991 fecerunt
353 1981 360 1994 ‚
373 1960 447 1990 servi
457 1958 662 1999 speEleaverunt
672 1969 677 1987 z
689 1966 751 1988 tota
761 1958 891 1997 denique
900 1976 908 1989 ,
921 1957 978 1985 hoc
988 1954 1073 1985 aedile
1084 1974 1092 1987 ,
1105 1954 1163 1983 ser·

205 2012 316 2033 vorum
328 2000 483 2043 Megalesia
498 2000 629 2031 fuerunt.
654 2003 709 2030 Pro
722 1999 765 2029 dii
779 1998 966 2028 immortales
980 1999 985 2026 !
1008 1997 1060 2037 qui
1071 1997 1164 2037 magis

208 2043 349 2084 archisi-um
365 2044 444 2085 loqui
461 2042 581 2083 possetis
593 2063 601 2076 ,
624 2041 643 2071 si
661 2040 756 2072 efletis
767 2060 776 2075 ,
799 2040 1052 2079 versareminique
1062 2037 1165 2068 nobis-

206 2097 276 2116 cum
288 2089 297 2114 ἓ
308 2085 396 2115 ludos
405 2083 462 2115 effe
472 2085 605 2125 pollutos
614 2082 792 2125 significatis,
809 2092 841 2112 ac
850 2081 938 2122 plane
949 2081 1058 2111 dicitis.
1082 2079 1163 2120 Qid

208 2129 303 2168 magis
321 2126 521 2157 deformatum
534 2146 542 2161 ,
563 2128 753 2168 inquinatum
766 2145 774 2159 ,
793 2124 963 2165 perversum
976 2143 984 2157 ,
1004 2122 1164 2168 conturba-

208 2178 272 2199 tum
286 2168 449 2208 dicipotest
462 2190 469 2202 ,
485 2167 575 2209 quarn
587 2188 596 2201 ‚
617 2178 709 2198 omne
720 2168 877 2198 servitium
887 2187 895 2200 ,
917 2163 1060 2206 permissu
1070 2165 1165 2205 magi-

208 2210 332 2244 stratus,
353 2210 511 2240 liberatum
524 2230 531 2244 ‚
553 2212 585 2240 in
598 2210 719 2240 alteram
734 2210 851 2239 scenam
866 2205 1037 2238 immissum
1052 2225 1061 2240 ,
1081 2206 1165 2236 alteri

208 2250 398 2294 praepositum
412 2272 421 2285 ‚
442 2261 474 2282 ut
487 2252 560 2282 alter
571 2249 720 2281 consessus
734 2249 868 2290 potestati
882 2251 1036 2280 servorum
1052 2248 1165 2287 objice-

208 2303 309 2326 retur,
331 2293 403 2323 alter
412 2293 564 2323 servorum
583 2301 662 2323 totus
679 2290 770 2321 effer?
794 2293 824 2321 Si
839 2301 969 2321 examen
984 2299 1075 2329 apum
1086 2288 1165 2318 ludis

212 2337 246 2366 in
263 2335 379 2365 scenam
396 2333 520 2364 veniss‘et
531 2354 539 2368 ,
559 2334 726 2373 haruspices
739 2332 896 2362 acciendos
910 2341 947 2361 ex
958 2333 1073 2360 Etruria
1081 2338 1166 2369 puta-

209 2387 327 2408 remus:
344 2376 482 2406 videmus
494 2374 624 2405 universi
635 2374 755 2414 repente
769 2375 910 2403 examina
923 2381 1002 2402 tanta
1012 2371 1166 2400 servorum

210 2416 344 2450 immissa
360 2420 392 2447 in
408 2418 555 2458 populum
566 2419 661 2447 Rom.
674 2417 796 2455 saeptum
807 2435 816 2448 ,
837 2423 923 2455 atque
942 2413 1091 2443 inclusum
1103 2431 1111 2444 ,
1134 2411 1166 2440 &

209 2471 273 2491 non
285 2462 541 2490 commovemur?
565 2462 663 2499 Atque
674 2460 704 2487 in
715 2467 804 2497 apum
814 2454 930 2485 fortaffe
941 2454 1092 2486 examine,
1110 2461 1167 2481 nos

210 2512 250 2532 ex
261 2502 454 2533 Etruscorum
466 2501 579 2540 scriptis
589 2500 754 2539 haruspices
766 2519 775 2532 ‚
796 2506 828 2528 ut
838 2497 982 2537 hfiervirio
994 2502 1165 2526 caveremus,

212 2552 380 2573 monerent.
404 2542 494 2583 Quod
512 2544 602 2583 igitur
620 2551 658 2571 ex
677 2542 778 2581 aliquo
795 2537 968 2576 disffinfiko,
989 2537 1166 2576 diversoque.

211 2585 348 2615 monstro
360 2577 555 2625 significatum
565 2592 738 2614 caveremus
748 2601 757 2615 ,
780 2581 810 2611 id
821 2580 891 2611 cum
905 2579 956 2610 sibi
966 2579 1064 2619 ipsum
1077 2587 1165 2623 mon-

212 2627 304 2656 strum
318 2626 358 2656 est
371 2646 378 2659 ,
399 2627 430 2655 &
444 2625 514 2655 cum
528 2627 560 2655 in
575 2636 610 2655 eo
625 2625 690 2665 ipso
703 2624 868 2664 periculum
883 2621 942 2655 est,
965 2631 1004 2651 ex
1015 2630 1076 2661 quo
1086 2629 1164 2659 peri-

211 2668 313 2698 culum
326 2667 528 2707 portenditur,
549 2677 613 2697 non
626 2666 892 2706 pertimescemus?
914 2662 1087 2693 Istiusmodi
1099 2664 1164 2690 Me-

211 2707 314 2749 galesia
330 2708 402 2739 fecit
418 2717 498 2749 pater
514 2711 602 2738 tuus?
626 2707 794 2738 istiusmodi
813 2715 931 2746 patruus
948 2707 959 2734 ?
989 2707 1017 2734 Is
1032 2704 1107 2733 mihi
1122 2711 1166 2732 ct-

212 2761 273 2782 iam
289 2753 405 2793 generis
427 2751 470 2780 sui
488 2752 681 2782 mentionem
699 2748 788 2783 facit,
807 2758 877 2778 cum
895 2747 1076 2778 Athenionis
1089 2766 1099 2780 ,
1116 2752 1166 2775 aut

1192 381 1228 402 ex
1241 371 1329 401 alteia
1343 371 1452 400 liberos
1462 371 1583 411 ejecisti.
1606 375 1704 415 itaque
1718 377 1770 416 qui
1783 376 1867 406 antea
1880 386 1955 406 voce
1967 378 2115 416 praeconis
2128 374 2160 406 a

1192 413 1292 443 liberis
1314 412 1543 443 semovebantur
1561 433 1571 448 ‚
1598 418 1657 445 tuis
1677 416 1755 446 ludis
1774 427 1838 446 non
1857 428 1931 448 voce
1951 438 1959 452 ‚
1983 419 2032 448 sed
2052 427 2145 448 manu

1193 455 1302 484 liberos
1317 453 1331 484 a
1347 454 1374 483 se
1387 454 1582 495 segregabant.

1193 496 1349 528 veniebat,
1369 495 1519 535 Sibyllino
1532 497 1693 532 sacerdoti,
1715 500 1777 529 haec
1798 500 1872 529 sacra
1890 502 2017 540 majores
2028 500 2148 531 nostros

1193 548 1232 567 ex
1247 536 1350 567 vestris
1360 537 1444 566 libris
1455 534 1620 577 expetisse?
1638 538 1658 568 si
1676 540 1722 569 illi
1739 541 1806 570 sunt
1823 540 1931 574 vestri,
1949 551 2024 582 quos
2039 552 2070 572 tu
2087 545 2148 572 im·-

1195 582 1242 619 pia
1261 587 1363 608 mente
1380 581 1534 618 conquiris
1545 599 1553 613 ,
1569 581 1689 610 violatis
1709 582 1806 611 oculis
1823 582 1916 623 legis,
1937 585 2153 614 contaminatis

1196 620 1337 651 manibus
1346 620 1488 650 attiectas.
1514 623 1577 651 Hac
1587 623 1746 664 igiturvate
1756 623 1895 653 suadente
1904 624 2057 664 quondam
2070 645 2079 658 ,
2097 624 2152 655 de-

1194 661 1265 692 feffa
1275 662 1357 692 Italia
1367 664 1481 692 Punico
1491 661 1590 696 bello,
1609 673 1696 704 atque
1713 664 1750 694 ab
1762 664 1911 695 Annibale
1933 675 2052 700 vexata,
2074 666 2150 697 sacra

1199 703 1251 734 ista
1267 704 1394 743 majores
1408 702 1500 733 nostri
1513 705 1600 735 ascita
1609 715 1646 735 ex
1657 708 1780 747 Phrygia
1789 708 1898 737 Romae
1910 708 2153 738 collocaverunt:

1197 755 1263 786 quae
1282 747 1329 774 vir
1347 747 1373 774 is
1391 746 1521 785 accepit,
1544 748 1619 786 4qui
1638 746 1680 777 est
1700 756 1819 788 optimus
1838 749 1942 788 populi
1958 749 2152 788 Rom-judi-

1198 796 1277 817 catus
1289 806 1297 819 ,
1320 789 1352 816 P.
1364 788 1462 826 Scipio
1480 797 1486 815 :
1515 786 1636 818 faemina
1654 799 1754 819 autem
1767 810 1776 822 ,
1796 799 1862 830 quae
1881 799 2083 820 matronarum
2102 800 2154 820 ca·-

1190 827 1309 867 stiffima
1320 828 1475 872 putabatur
1486 848 1494 861 ,
1515 830 1684 869 QClaudia
1697 841 1702 860 ;
1719 832 1804 869 cujus
1813 833 1938 871 priscam
1950 832 2032 861 illam
2044 833 2153 862 severi-

1196 879 1287 900 tatem
1309 870 1442 900 sacrificii
1471 873 1483 896 5
1502 869 1629 900 mirifice
1651 881 1698 902 tua
1719 873 1802 902 soror
1820 873 2007 903 existimatur
2024 875 2153 904 imitata.

1199 911 1286 941 Nihil
1298 919 1325 940 te
1336 913 1425 951 igitur
1434 921 1531 951 neque
1547 914 1675 951 majores
1694 916 1756 947 tui,
1773 914 1931 954 conjuncti
1942 926 2012 945 cum
2025 916 2071 945 his
2082 915 2153 945 reli-

1197 952 1341 994 gionibus
1350 972 1359 985 ,
1385 962 1480 993 neque
1492 954 1686 985 sacerdotium
1698 956 1792 995 ipsum
1805 976 1813 989 ,
1834 966 1895 997 quo
1904 956 1946 986 est
1956 958 2016 987 haec
2035 966 2095 987 tota
2104 966 2153 986 re-

1196 995 1271 1034 ligio
1281 992 1439 1024 constituta
1448 1014 1456 1027 ‚
1467 1005 1565 1035 neque
1575 997 1684 1026 curulis
1695 997 1830 1031 aedilitas,
1842 1008 1907 1038 quae
1921 998 2057 1028 maxime
2075 1000 2153 1028 hanc

1198 1036 1274 1066 tueri
1294 1035 1477 1075 religionem
1491 1037 1581 1071 solet,
1599 1040 1765 1077 permovit,
1785 1040 1959 1080 quominus
1977 1038 2154 1070 castiffimos

1200 1076 1287 1106 ludos
1297 1079 1385 1106 omni
1395 1076 1507 1118 flagitio
1516 1079 1662 1118 pollueres
1672 1100 1680 1114 ,
1693 1080 1836 1111 dedecore
1847 1082 2008 1112 maculares
2019 1101 2027 1115 ‚
2043 1082 2153 1112 scelere

1200 1117 1346 1158 obligares
1367 1121 1378 1146 ἒ
1399 1121 1454 1148 Sed
1465 1120 1536 1159 quid
1547 1130 1601 1161 ego
1614 1121 1641 1150 id
1652 1121 1806 1161 admiror?
1824 1133 1876 1163 qui
1893 1133 2008 1163 accePta
2025 1123 2153 1163 pecunia

1199 1157 1400 1190 Pessinuntem
1420 1161 1517 1200 ipsum
1531 1181 1538 1194 ‚
1564 1162 1662 1191 sedem
1682 1163 1935 1204 domiciliumque
1954 1166 2058 1194 Matris
2077 1165 2153 1195 deo-

1198 1210 1277 1234 rum,
1293 1200 1430 1234 vastaris,
1448 1201 1480 1231 δε
1491 1204 1641 1244 Brogitaro
1663 1204 1846 1245 Gallograeco
1858 1226 1867 1238 ,
1887 1208 2007 1244 impuro
2018 1207 2153 1240 homini,

1199 1253 1230 1273 ac
1240 1241 1356 1272 nefario
1368 1261 1376 1275 ‚
1395 1244 1482 1282 cujus
1495 1245 1592 1285 legati,
1605 1253 1632 1274 te
1645 1244 1766 1274 tribuno
1776 1266 1784 1279 ‚
1795 1246 1928 1276 dividere
1938 1249 1970 1276 in
1980 1247 2042 1277 aede
2052 1246 2155 1277 Casto-

1202 1286 1241 1314 ris
1255 1284 1309 1312 ruia
1318 1285 1398 1324 operia
1407 1294 1553 1315 nummos
1567 1286 1701 1316 solebant
1711 1307 1721 1320 ,
1740 1284 1758 1307 ⁶>
1767 1296 1863 1318 totum
1873 1289 1960 1318 illum
1973 1290 2074 1319 locum
2087 1309 2096 1323 ,
2107 1288 2155 1319 fa-

1201 1336 1336 1366 numque
1355 1325 1525 1356 vendideris
1540 1330 1554 1356 3*
1573 1328 1755 1359 sacerdotem
1769 1328 1880 1370 abipfis
1895 1332 1949 1360 aris
1960 1351 1968 1364 ,
1988 1332 2155 1371 pulvinari-

1202 1368 1314 1408 busque
1325 1367 1486 1398 detraxeris
1498 1375 1507 1398 ?
1527 1373 1541 1397 7
1551 1370 1724 1404 ominailla,
1736 1381 1801 1412 quae
1811 1371 1938 1402 vetustas
1949 1392 1958 1406 ,
1969 1383 2035 1413 qua:
2049 1373 2154 1406 Persae,

1200 1419 1265 1450 quae
1275 1412 1339 1450 Syri
1350 1429 1358 1443 ,
1377 1419 1442 1450 quae
1451 1419 1532 1451 reges
1542 1421 1651 1441 omnes
1661 1432 1671 1445 ‚
1688 1414 1739 1453 qui
1751 1416 1901 1454 Europam
1912 1433 1921 1448 ‚
1941 1414 2098 1455 Asiamque
2110 1423 2156 1444 te-

1199 1460 1330 1482 nuerunt
1340 1471 1348 1484 ,
1361 1452 1472 1491 semper
1485 1453 1602 1483 summa
1612 1454 1758 1494 religione
1766 1456 1941 1489 coluerunt,
1957 1458 2129 1496 perverteris
2140 1458 2155 1485 ἓ

1199 1502 1265 1535 quae
1275 1492 1404 1533 denique
1414 1492 1508 1523 nostri
1519 1496 1645 1532 majores
1656 1505 1714 1525 tam
1727 1496 1986 1527 sanffl‘duxerunt
1997 1518 2005 1530 ‚
2018 1507 2050 1527 ut
2060 1517 2068 1531 ,
2079 1508 2152 1529 cum

1199 1537 1335 1564 refertam
1348 1534 1465 1568 urbem,
1475 1545 1559 1576 atque
1569 1538 1685 1567 ltaliam
1701 1536 1841 1568 fanorum
1853 1539 2039 1572 haberemus,
2052 1549 2154 1570 tamen

1201 1575 1296 1606 nostri
1305 1577 1496 1615 imperatores
1504 1587 1648 1608 maximis
1658 1599 1666 1611 ,
1680 1579 1713 1608 ὃ(
1721 1579 1973 1619 periculosiffimis
1984 1581 2069 1610 bellis
2080 1582 2153 1611 huic

1200 1619 1261 1648 deae
1271 1625 1339 1646 vora
1350 1618 1477 1657 facerent
1486 1638 1495 1652 ‚
1515 1629 1605 1660 eaque
1615 1622 1648 1649 in
1659 1621 1721 1661 ipso
1730 1620 1898 1652 Pessinunte
1916 1622 1951 1652 ad
1961 1623 2044 1652 illam
2055 1622 2153 1662 ipsam

1200 1661 1366 1699 principem
1385 1669 1463 1689 aram
1478 1681 1486 1693 ,
1505 1661 1537 1690 δε
1555 1671 1588 1690 in
1609 1662 1665 1691 illo
1683 1666 1770 1696 loco,
1791 1663 1923 1704 fanoque
1940 1665 2153 1703 persolverent.

1201 1702 1290 1740 Qod
1312 1700 1383 1730 cum
1405 1704 1565 1732 Deiotarus
1591 1703 1738 1744 religione
1759 1705 1807 1734 sua
1825 1703 1980 1735 castissime
2009 1713 2152 1739 tueretur,

1199 1753 1289 1783 quem
1300 1752 1396 1772 unum
1408 1743 1549 1773 habemus
1559 1746 1591 1773 in
1608 1746 1679 1775 orbe
1698 1755 1842 1776 terrarum
1861 1745 2068 1776 fidelissimurn
2083 1747 2155 1777 huic

1201 1786 1329 1824 imperio
1340 1804 1349 1818 ,
1368 1793 1453 1824 atque
1463 1784 1700 1816 amantissimum
1712 1787 1803 1817 nostri
1813 1790 1966 1818 nominis:
1989 1790 2154 1830 Brogitaro.

1201 1835 1232 1856 ut
1243 1835 1309 1855 ante
1319 1825 1384 1855 dixi
1397 1845 1406 1859 ‚
1425 1826 1578 1857 addiditum
1591 1830 1716 1867 pecunia
1728 1829 1885 1859 tradidisti.
1907 1834 2005 1871 Atque
2015 1831 2094 1861 hunc
2110 1839 2156 1860 ta-

1201 1877 1273 1897 men
1284 1869 1474 1901 Deiotarum,
1490 1868 1566 1909 saepe
1575 1874 1591 1899 a
1600 1870 1701 1900 senatu
1711 1871 1800 1911 regali
1810 1872 1939 1901 nomine
1948 1873 2074 1912 dignum
2086 1873 2153 1902 exi-

1202 1908 1374 1943 stimatum,
1392 1908 1618 1941 clariffimoium
1637 1913 1851 1952 imperatorum
1872 1913 2053 1944 testimoniis
2065 1923 2157 1944 orna-

1201 1960 1267 1981 tum
1280 1969 1288 1984 ,
1310 1959 1341 1980 tu
1351 1952 1440 1980 etiam
1457 1962 1555 1993 regem
1569 1954 1706 1993 appellari
1724 1964 1794 1984 cum
1813 1957 1965 1996 Brogitaro
1978 1956 2078 1995 jubes.
2101 1955 2151 1986 sed

1202 1993 1274 2022 alter
1287 1991 1329 2022 est
1338 2002 1401 2026 rex,
1413 1993 1529 2032 judicto
1539 1995 1666 2028 senatus,
1679 2005 1732 2036 per
1740 2006 1813 2026 nos:
1834 1999 1960 2038 pecunia,
1973 2001 2155 2039 Brogitarus,

1202 2044 1254 2075 per
1265 2043 1292 2064 te
1303 2035 1482 2074 appellatus:
1505 2037 1630 2067 alterum
1640 2038 1751 2077 putabo
1762 2048 1862 2080 regem
1875 2058 1883 2073 ,
1895 2038 1916 2069 fi
1931 2039 2158 2070 habueritunde

1202 2076 1256 2106 tibi
1268 2076 1379 2109 solvat,
1399 2077 1480 2117 quod
1492 2087 1518 2107 ei
1538 2088 1589 2118 per
1599 2075 1792 2120 syngrapfiam
1813 2080 1981 2111 credidisti..
1999 2091 2070 2111 narn
2080 2080 2155 2111 cum

1203 2119 1298 2148 multa
1306 2128 1384 2160 regia
1394 2119 1502 2148 suntin
1514 2121 1656 2151 Deiotaro
1664 2141 1674 2155 ,
1695 2131 1761 2152 tum
1770 2122 1821 2152 illa
1832 2123 1967 2153 maxime
1978 2143 1987 2157 ,
2006 2122 2088 2164 quod
2097 2122 2157 2152 tibi

1202 2170 1367 2190 nummum
1378 2161 1497 2191 nullum
1509 2162 1607 2192 dedit:
1629 2163 1709 2203 quod
1720 2174 1783 2193 eam
1793 2173 1903 2204 partem
1912 2166 1985 2205 legis
1994 2174 2051 2194 tuas
2062 2183 2070 2197 ‚
2088 2172 2156 2204 quae

1200 2202 1380 2244 congruebat
1394 2213 1464 2232 curn
1482 2204 1599 2242 judicio
1616 2205 1749 2239 senatus,
1780 2216 1813 2236 ut
1833 2206 1892 2245 ipse
1908 2216 1961 2235 rex
1979 2204 2067 2238 effer,
2087 2214 2154 2235 non

1203 2244 1369 2284 repudiavit
1381 2255 1386 2273 :
1409 2245 1490 2284 quod
1503 2244 1704 2276 Pessinuntem
1715 2256 1766 2287 per
1781 2247 1873 2276 scelus
1882 2249 1897 2276 a
1908 2256 1935 2276 te
1945 2247 2106 2280 violatum,
2118 2246 2153 2277 &z

1203 2285 1351 2316 sacerdote
1365 2286 1510 2326 sacrisque
1526 2287 1686 2325 spoliatum
1699 2307 1707 2319 ‚
1720 2289 1916 2327 recuperavit,
1938 2289 2011 2318 utin
2028 2287 2154 2328 pristina

1203 2327 1350 2367 religione
1367 2327 1510 2356 servaret:
1533 2328 1615 2366 quod
1636 2331 1829 2358 caeremonias
1847 2329 1886 2365 ab
1904 2332 1992 2360 omni
2010 2329 2155 2360 vetustate

1203 2375 1343 2405 acceptas,
1353 2366 1369 2395 a
1379 2368 1529 2408 Brogitaro
1539 2369 1635 2407 pollui
1648 2379 1711 2398 non
1721 2368 1789 2400 sinit
1799 2390 1808 2403 ,
1828 2371 2000 2412 mavultque
2009 2380 2157 2412 generum-

1204 2408 1221 2437 s
1218 2417 1291 2436 uum
1302 2417 1428 2437 munere
1439 2417 1500 2441 tuo,
1516 2411 1606 2449 quam
1616 2410 1691 2440 illud
1701 2410 1804 2441 sanum
1816 2415 1988 2453 antiquitate
1999 2413 2156 2454 religionis

1205 2459 1309 2479 carere.
1321 2449 1387 2483 Sed,
1399 2458 1432 2479 ut
1442 2450 1475 2480 ad
1485 2452 1548 2480 haec
1557 2452 1744 2491 haruspicum
1755 2453 1891 2493 responsa
1900 2455 2028 2488 redeam,
2039 2465 2078 2485 ex
2086 2456 2156 2496 qui-

1204 2491 1259 2520 bus
1270 2490 1312 2521 est
1323 2493 1455 2531 primum
1475 2492 1510 2522 de
1527 2493 1620 2522 ludis:
1644 2495 1710 2534 quis
1722 2494 1782 2528 est,
1805 2498 1855 2536 qui
1873 2496 1904 2526 id
1924 2506 1988 2527 non
2004 2505 2101 2527 totum
2120 2498 2156 2526 in

1204 2532 1287 2562 istius
1300 2532 1386 2562 ludos
1404 2533 1581 2572 praedium
1594 2555 1605 2567 ,
1625 2535 1657 2565 &
1675 2536 1849 2576 responsum
1864 2536 1922 2568 effe
1937 2537 2082 2568 fateatur?
2105 2541 2156 2569 Se-

1203 2576 1302 2615 quitur
1316 2575 1352 2604 de
1363 2575 1436 2604 locis
1446 2575 1530 2605 sacris
1542 2595 1550 2609 ,
1571 2577 1726 2617 religiosis.
1750 2580 1776 2607 O
1789 2579 2010 2619 impudentiam
2025 2581 2133 2610 miram
2147 2582 2153 2610 l

1204 2617 1239 2646 de
1252 2627 1318 2646 mea
1329 2616 1423 2646 domo
1433 2617 1530 2647 dicere
1543 2618 1631 2648 audes
1645 2622 1655 2648 ?
1679 2622 1842 2650 Committe
1853 2621 1900 2651 vel
1909 2622 2097 2655 consulibus,
2108 2622 2158 2653 vel
2216 2615 2218 2619 ι

1205 2659 1328 2691 senatui,
1342 2659 1389 2687 vel
1399 2660 1528 2699 collegio
1538 2659 1718 2698 pontificum
1728 2670 1819 2692 tuam.
1844 2666 1885 2692 Ac
1896 2673 1961 2693 mea
1969 2663 2095 2704 quidem
2109 2664 2159 2694 his

1206 2700 1298 2730 tribus
1317 2701 1462 2730 omnibus
1478 2701 1601 2741 judiciis
1613 2723 1622 2735 ,
1633 2712 1665 2732 ut
1675 2702 1740 2732 dixi
1750 2712 1835 2734 antea
1844 2724 1852 2738 ,
1872 2704 1994 2735 liberata
2001 2704 2053 2734 est.
2075 2707 2114 2735 At
2124 2706 2158 2735 in

1207 2744 1243 2773 iis
1254 2742 1380 2775 aedibus,
1391 2752 1462 2787 quas
1477 2753 1508 2774 tu
1519 2763 1528 2778 ,
1549 2746 1606 2787 Q
1617 2746 1701 2778 Seio,
1715 2747 1812 2789 equite
1824 2748 1983 2780 Romano,
2002 2747 2068 2776 viro
2079 2747 2161 2785 opti-

2033 2797 2097 2820 mo,
2107 2797 2160 2827 per

251 2883 275 2900 i.
294 2879 357 2902 <Aur
373 2878 446 2901 lorum
455 2876 551 2910 amifin]
573 2875 628 2902 Pal.
640 2884 724 2902 nonus
738 2876 855 2908 ,filorum
865 2876 950 2908 amifit.
972 2874 999 2900 S.
1011 2872 1084 2900 vist.
1096 2875 1122 2907 fi
1133 2875 1166 2899 lo-
1201 2876 1255 2906 stac,
1267 2873 1374 2900 vocibus
1385 2872 1484 2899 divisis.

211 2918 265 2938 rum
275 2913 354 2943 ‘’milh-

249 2954 277 2972 2.
296 2948 458 2979 cAurfimpulo
475 2947 625 2981 eiham-mir]
646 2945 843 2983 Repraesentavi
854 2946 1007 2983 {cripturam
1019 2945 1076 2971 Pal.
1088 2946 1163 2977 noni,

213 2981 348 3017 quomodo
359 2983 402 3008 diii
414 2983 448 3008 cll
460 2982 529 3018 quod
540 2984 687 3012 coniecerat
699 2983 853 3013 Lambinus,
864 2984 892 3008 &
905 2981 1004 3017 Lipsius
1018 2981 1164 3007 lib.i.A11-

213 3025 263 3049 tiq.
276 3017 338 3043 leet.
350 3027 378 3043 ca
400 3039 404 3043 .
417 3027 442 3053 3.
454 3021 480 3043 S.
492 3017 606 3044 Viftoris
617 3019 699 3044 codex
712 3018 931 3052 habebat-ffirnbolo.
943 3017 1164 3054 quemadmodum

210 3053 241 3078 ὃ(
253 3053 363 3079 aliorum
376 3027 436 3079 sibi-i
448 3062 512 3080 vett.
524 3054 592 3089 quod
604 3055 683 3080 ctiam
695 3055 753 3090 quis
763 3054 902 3082 commode
914 3061 1030 3081 tueatur.
1049 3062 1076 3080 at
1086 3053 1167 3088 vulgo

212 3088 326 3124 legitur,
337 3091 473 3123 aut-finum
483 3092 618 3115 abcrra-ait.

250 3133 276 3160 3.
296 3129 351 3152 Dies
370 3127 403 3150 mi
416 3127 468 3158 festi
481 3127 538 3158 peni
550 3125 665 3159 sun-sti]
686 3126 821 3152 Vetiistior
832 3125 917 3152 editio
931 3145 938 3158 ,
953 3127 1064 3159 proftstss
1081 3134 1166 3160 neque

210 3159 281 3187 secus
293 3160 500 3197 l'all.plerique.
521 3171 580 3188 iiam
601 3171 683 3187 nonus
694 3163 800 3195 prufi'ffi5
819 3161 916 3197 dequo
936 3159 1089 3197 cogitabunt
1107 3170 1169 3188 acu-

202 3198 305 3235 ntiores.
325 3196 456 3226 Francisci
467 3197 579 3225 Fabricii
590 3197 671 3231 liber,
685 3206 715 3226 ae
724 3199 752 3227 S.
764 3198 881 3226 Viktoris
891 3199 1036 3234 praesc-runt
1049 3217 1057 3231 ,
1075 3205 1116 3231 pro
1126 3198 1169 3232 fi:-
1210 3196 1258 3228 tia,
1270 3195 1401 3232 iutelligit
1410 3196 1481 3224 euim
1491 3194 1573 3223 l’ortes
1585 3193 1672 3230 cisque
1683 3192 1781 3222 astulia.
1804 3192 1886 3228 vulgo
1898 3199 1955 3220 erat
1964 3195 2051 3219 omm'a.

1242 2917 1269 2942 4.
1288 2912 1337 2943 Qi
1345 2912 1380 2934 eff
1388 2911 1488 2942 optimus
1501 2909 1580 2941 papus!
1594 2910 1658 2932 Rom.
1672 2906 1744 2941 jud]
1767 2906 1810 2931 Sic
1819 2904 1926 2931 Gembl.
1946 2905 1974 2930 δι’
1992 2905 2019 2929 S.
2031 2904 2162 2937 Victoris,

1208 2955 1292 2981 neque
1303 2946 1383 2972 aliter
1393 2952 1457 2980 puto
1468 2944 1536 2971 l'all.
1557 2944 1583 2970 in
1596 2943 1689 2979 quibus
1701 2941 1822 2969 omnibus
1841 2945 1872 2967 P.
1883 2945 1913 2967 R.
1934 2950 1992 2967 iia-m
2003 2940 2088 2974 editi,
2100 2944 2163 2974 opti-

1208 2992 1260 3006 mus
1269 2981 1284 3007 zi
1301 2982 1381 3014 papilla
1388 2985 1454 3006 Rom.

1246 3027 1270 3049 52
1291 3018 1411 3050 &Mirifice
1421 3015 1557 3049 tunsarum]
1580 3015 1623 3041 Sic
1636 3014 1749 3040 collocat
1759 3022 1835 3039 voces
1848 3012 1903 3038 Pal.
1916 3022 1999 3038 nonus
2012 3013 2039 3038 &
2051 3014 2078 3038 S.
2087 3011 2163 3040 Visst.

1208 3054 1252 3088 qui
1265 3053 1343 3079 iidem
1355 3060 1481 3088 practerea
1491 3051 1630 3082 exhibent,
1641 3052 1743 3084 mirifica
1752 3060 1764 3081 ;
1781 3048 1851 3083 quod
1862 3050 1889 3074 &
1900 3048 1927 3074 iii
1941 3050 2034 3074 ceteris
2046 3048 2114 3075 l’all.

1244 3089 1272 3113 6.
1291 3090 1368 3114 Totum
1378 3090 1441 3113 illum
1449 3086 1680 3120 locumfanamquc.]
1704 3086 1857 3119 Repolituiu
1870 3093 1977 3120 cuperet
1987 3083 2162 3116 Gulielmius,

1207 3127 1284 3149 lucum
1295 3124 1383 3160 paullo
1394 3124 1458 3160 post.
1479 3123 1495 3149 si
1507 3124 1578 3149 reete
1589 3122 1644 3152 ibi-3
1666 3123 1692 3147 δε
1704 3121 1760 3146 heic
1769 3120 1840 3147 idem
1853 3120 1961 3146 valeret.
2162 3132 2165 3135 Δ

1245 3168 1272 3193 7.
1292 3163 1376 3185 omina
1385 3162 1436 3189 illa,
1449 3169 1497 3193 qux
1505 3161 1621 3192 vetustas,
1632 3158 1698 3192 ἐγω]
1716 3158 1760 3196 ,lta
1772 3155 1899 3192 rescripfi,
1911 3156 2049 3191 flagitante
2059 3154 2167 3182 senteri-¹

2039 3235 2051 3254 i
2057 3246 2064 3253 .
2081 3222 2166 3260 Telluri]

1625 459 1674 487 Ne
1688 459 1745 488 hoc
1757 459 1879 498 quidem
1894 460 1948 489 tibi
1962 461 1992 489 in
2008 469 2144 489 mentem
2168 465 2208 498 ¹3
