2379 3400
231 127 355 174 1³74
645 101 1146 151 M.Tut.Lii

229 196 350 236 Junone
368 194 375 210 ¹
390 191 523 220 Foitunae
538 184 567 215 in
579 185 696 224 gremio
707 182 813 213 sedens
827 200 836 215 ‚
855 188 1022 210 mammam
1032 184 1186 226 appetens,

229 233 383 265 castiffimc
397 229 527 260 colitura
543 225 696 256 mati-ibus.
721 227 734 243 ²
745 223 913 266 codemque
924 229 1059 260 tempore
1068 239 1090 265 ’.
1102 229 1133 249 in
1144 229 1182 267 eqo

230 277 297 305 loco
310 293 317 306 ‚
339 273 388 301 uhi
405 274 540 301 fortun-,c
554 277 634 297 nunc
654 265 688 295 sit
707 265 783 295 aedes
797 284 805 298 ,
827 269 879 292 mel
900 272 934 291 ex
947 260 1182 308 oleajluxiffedi-

228 324 299 345 cunt
311 324 316 342 :
329 311 549 350 haruspicesque
560 306 666 337 dixiss'e
681 327 688 340 ,
708 307 825 336 summa
837 305 994 334 nobilitate
1005 304 1071 348 illas
1082 304 1184 333 sorteis

227 357 355 386 futur-is,
380 361 545 391 eorumque
563 347 642 388 jussu
662 358 699 378 ex
721 348 772 377 illa
788 348 854 376 olea
871 354 967 376 arcam
990 343 1048 374 esse
1059 343 1180 378 faistam5

232 401 243 425 3
257 405 345 435 eaque
361 393 494 424 conditas
513 392 631 423 formis,
652 399 717 430 quae
737 388 827 418 hodie
841 390 980 418 Fortunae
991 388 1112 416 monitu
1123 387 1182 416 tol—

230 439 340 468 luntur.
363 435 443 476 Qid
467 436 553 474 igitur
576 434 608 461 in
626 433 672 461 his
682 428 844 470 potestcss'e
854 431 942 462 certi,
965 438 1030 469 quae
1042 430 1180 458 Fortuna:

229 481 349 509 monitu
364 497 371 510 ‚
404 486 485 516 pueri
505 484 595 504 manu
619 473 801 506 miscemur,
823 481 908 511 atque
929 471 1100 502 ducuntur?
1118 480 1179 510 quo

229 519 324 551 modo
335 528 432 549 autem
447 516 506 547 istae
519 514 616 555 positae
626 517 658 544 in
668 515 721 544 illo
733 515 823 544 loco?
843 516 910 554 quis
924 512 1095 542 roburillud
1106 510 1183 542 ceci-
1200 549 1201 558 ἵ

229 562 275 592 dit
286 581 294 594 ,
306 561 438 592 dolavit,
453 555 610 596 inscripsit?
623 566 727 586 NIHIL
739 566 793 586 ras-i-
805 575 813 589 ,
826 557 986 596 inquiunt,
1003 563 1092 592 Qon
1104 563 1181 598 nmis

232 611 397 633 iat-‘Ficana
410 610 474 630 Nox
489 608 606 629 Possir.
630 601 756 628 Utinam
779 599 931 637 sapienteis
945 597 1060 627 Stoicos
1070 594 1182 625 eflec'is-

229 645 290 677 set,
315 654 353 674 ιιι·
372 644 474 672 omnia
486 639 889 680 fhperffi'tiofizfhuicir'ndinc,
911 639 943 668 &
957 638 1075 667 miseria
1084 636 1185 667 crede-

228 696 302 716 rent.
327 684 380 715 Sed
396 685 451 713 hoc
461 684 582 723 quidem
592 691 685 722 genus
695 682 893 712 divinationis
902 680 1031 719 vitajam
1041 688 1184 709 commu-

229 730 276 758 nis
286 724 418 766 explosit.
442 725 513 754 Fani
533 724 726 763 pulchritudo
739 743 747 758 ,
767 723 801 753 δε
820 720 968 755 vetustas,
991 724 1185 752 PRAENEsri-

228 778 352 799 NARUM
376 770 464 796 etiam
487 775 568 796 nunc
585 767 692 795 retinet
705 775 853 795 sort-rium
864 773 978 795 nomen
991 783 999 796 ‚
1017 771 1102 802 atque
1112 762 1142 791 id
1155 763 1187 791 in

229 811 343 850 vulgus.
368 811 443 849 Qis
454 809 538 837 enim
553 806 738 848 magistratus
751 827 760 840 ‚
780 816 829 837 aut
841 808 909 847 quis
919 803 1116 835 virillustrior
1127 805 1186 833 uti-

229 861 274 882 tur
288 850 412 880 sortibus
427 852 438 878 ?
456 851 560 879 ceteris
580 849 650 879 vero
662 851 693 879 in
706 849 779 879 locis
793 849 883 879 sortes
893 847 980 888 plane
993 845 1183 876 refrixerunt.

227 892 308 933 quod
318 891 499 921 Carneadem
514 891 719 921 Clitomachus
729 890 935 921 scribitdicere
946 888 1068 918 solitum
1082 907 1090 921 ,
1116 887 1186 917 nus-

227 944 314 974 quain
329 933 356 963 se
369 931 601 963 fortunatiorem
615 953 624 966 ‚
647 933 737 973 quam
752 931 896 962 Praeneste
905 929 1012 961 vidiss'e
1020 928 1184 959 fortunam.

165 983 210 1015 ,52
229 979 304 1016 Ergo
316 977 372 1004 hoc
382 974 578 1004 divinationis
595 983 687 1014 genus
709 976 896 1004 omittamus.
920 972 965 1002 Ad
977 970 1186 1002 Chaldaeorum

227 1016 358 1047 monstra
381 1018 552 1046 veniamus:
570 1016 607 1045 de
616 1015 724 1055 quibus
738 1015 884 1046 Eudoxus
895 1034 903 1048 ‚
916 1014 1047 1045 Platonis
1057 1013 1184 1046 auditor,

227 1061 260 1089 in
279 1058 435 1099 astrologia
447 1077 455 1091 ,
485 1057 600 1096 judicio
618 1056 862 1097 doCtiffimorum
884 1057 1046 1085 hominum
1065 1074 1073 1088 ,
1097 1053 1182 1084 facile

225 1102 363 1141 princeps
375 1119 382 1131 ,
395 1098 432 1129 sic
441 1102 580 1139 opinatur
590 1118 599 1131 ,
621 1099 652 1128 id
663 1098 743 1139 quod
755 1099 894 1138 scriptum
905 1097 1042 1137 reliquit:
1064 1095 1187 1126 Chaldaeu

228 1143 259 1171 in
270 1139 443 1182 praediifl'ione
451 1161 459 1174 ‚
471 1140 506 1173 ὼ
517 1141 546 1169 in
554 1142 696 1170 notatione
704 1140 836 1181 cujusque
846 1141 911 1168 vita
921 1138 1054 1168 exnami'z'
1064 1138 1118 1171 die,
1129 1137 1184 1165 mi—

225 1182 301 1212 nim?
312 1182 359 1220 eſji'e
381 1182 551 1211 credendum.
582 1185 734 1212 Nominat
743 1191 831 1212 etiam
841 1183 988 1211 Panaetius
1000 1199 1007 1212 ,
1020 1181 1159 1220 quirinus
1170 1178 1186 1208 ὲ

223 1226 332 1255 Stoicis
343 1223 561 1265 astrologorum
572 1223 711 1264 praediRa
721 1225 842 1264 rejecit,
856 1222 1037 1253 Archelaum
1051 1240 1059 1254 ,
1072 1220 1104 1251 &
1115 1219 1185 1250 Cas-

224 1265 366 1297 sandrum
378 1285 386 1299 ,
406 1265 543 1296 summos
560 1265 725 1306 astrologos
744 1266 826 1295 illius
842 1266 952 1297 aetatis,
974 1273 1031 1304 qua
1041 1271 1100 1292 erat
1112 1262 1183 1301 ipse,

224 1308 297 1338 ct'im
306 1309 337 1337 in
349 1308 453 1338 ceteris
471 1307 636 1348 astrologiae
647 1307 778 1347 partibus
789 1306 991 1340 excellerent,
1012 1306 1069 1334 hoc
1080 1303 1183 1343 praedi-

224 1348 334 1379 &ionis
343 1358 450 1390 genere
462 1359 525 1379 non
537 1349 615 1380 usos.
638 1349 744 1389 Scylax
755 1345 992 1379 Halicarnasseus
1002 1366 1011 1380 ,
1031 1345 1187 1376 familiaris

224 1393 346 1422 Panaetii
359 1411 367 1423 ,
387 1391 538 1421 excellens
557 1393 587 1421 in
608 1390 779 1431 astrologia,
800 1391 942 1430 idemque
956 1398 989 1418 in
1000 1387 1126 1429 regenda
1135 1387 1184 1417 sua

225 1434 347 1463 civitate
358 1434 506 1473 princeps,
517 1442 616 1463 totum
627 1433 685 1463 hoc
694 1432 891 1463 Chaldaicum
901 1430 1082 1471 praedicendi
1091 1438 1185 1470 genus

223 1473 401 1513 repudiavit.
423 1474 479 1505 Sed
492 1493 501 1508 ,
526 1484 558 1504 ut
568 1476 684 1504 ratione
695 1483 812 1504 utamur
823 1493 832 1507 ,
856 1470 972 1503 omiffis
983 1471 1106 1502 testibus
1118 1490 1126 1504 ,
1147 1468 1185 1500 sic

224 1515 275 1545 isti
284 1515 436 1555 disputant
449 1533 458 1548 ,
479 1517 531 1556 qui
550 1517 612 1545 haec
621 1515 830 1546 Chaldaeorum
843 1514 974 1544 natalitia
983 1511 1123 1553 praedidlra
1132 1511 1183 1542 de-

224 1555 364 1586 fendunt.
387 1556 461 1585 Vim
477 1557 626 1596 quandam
644 1556 701 1586 effe
719 1558 804 1597 ajunt
822 1554 961 1596 signifero
980 1557 1013 1584 in
1022 1554 1114 1587 orbe,
1132 1555 1185 1593 qui

226 1596 332 1627 Graece
341 1597 452 1636 ζωδικκὶε
464 1596 572 1627 dicitur
584 1617 592 1630 ‚
604 1598 704 1631 talem,
717 1607 750 1627 ut
759 1598 822 1637 ejus
831 1597 913 1627 orbis
925 1605 1111 1636 unaquaeque
1122 1603 1186 1634 pars

224 1639 283 1668 alia
291 1639 352 1668 alio
361 1638 454 1668 modo
465 1647 593 1672 moveat,
605 1639 793 1680 immutetque
802 1638 895 1667 κίιιῃι
913 1658 922 1671 ,
933 1636 1055 1678 pei-inde
1066 1645 1097 1666 ut
1105 1646 1186 1677 quae—
1203 1639 1205 1657 l

227 1689 286 1720 que
295 1678 385 1710 steuae
395 1681 427 1709 in
440 1682 478 1710 iis
489 1699 498 1713 ,
520 1678 718 1721 finitimisque
734 1680 863 1720 partibus
876 1678 930 1710 sint
939 1688 1059 1719 quoque
1068 1687 1186 1718 tempo-

218 1731 257 1751 -re
270 1732 274 1749 z
292 1730 416 1761 eamque
425 1723 489 1751 vim
500 1721 580 1751 varie
592 1724 710 1752 moveri
720 1723 757 1752 ab
766 1723 802 1751 iis
816 1721 956 1751 sideribus
968 1740 977 1754 ,
1001 1729 1066 1760 quae
1074 1729 1186 1750 vocan-

228 1764 416 1793 turerrantia.
440 1762 520 1792 Cum
542 1771 641 1793 autem
653 1765 684 1792 in
696 1772 761 1793 eam
772 1763 865 1802 ipsam
875 1772 986 1803 partem
1001 1761 1083 1791 orbis
1095 1771 1185 1791 vene-

226 1807 308 1836 rint,
328 1805 359 1833 in
371 1814 427 1844 qua
437 1803 469 1834 sit
481 1812 564 1834 ortus
574 1805 639 1843 ejus
655 1823 664 1838 ,
685 1806 738 1845 qui
748 1804 892 1834 nascitur:
913 1805 1005 1833 autin
1015 1811 1080 1832 earn
1091 1821 1099 1836 ,
1120 1812 1186 1842 quae

226 1844 426 1884 conjunaum
437 1845 549 1886 aliquid
560 1846 684 1878 habeat,
709 1845 960 1875 autconsentiens
975 1855 981 1873 z
999 1854 1031 1873 ea
1042 1844 1186 1885 triangula

226 1887 295 1920 illi,
316 1886 349 1916 δε
373 1887 509 1927 quadrata
527 1889 701 1917 nominant.
724 1888 847 1917 Etenim
869 1886 1087 1926 cumtempore
1100 1887 1185 1919 anni,

226 1927 496 1969 tempestatumque
508 1948 516 1962 ,
529 1927 584 1958 caeli
594 1928 785 1969 conversiones,
796 1927 1113 1968 commutationesque
1122 1935 1185 1958 tan-

226 1978 264 2000 tae
275 1968 345 2000 fiant
368 1969 479 2001 access'u
493 1969 642 2001 stellarum
654 1990 662 2004 ,
686 1970 719 2000 &
732 1968 841 2001 recessu
856 1990 866 2004 ,
887 1979 1019 2010 cumque
1029 1979 1062 1999 ea
1071 1970 1103 1998 vi
1114 1969 1185 1999 solis

226 2010 411 2046 efficiantur,
432 2022 496 2052 quae
505 2012 647 2042 videmus
661 2023 666 2041 :
686 2021 748 2042 non
758 2010 920 2042 verifimile
933 2010 1034 2041 solum
1045 2030 1054 2045 ,
1078 2011 1128 2041 sed
1140 2020 1186 2041 et-

225 2054 286 2082 iam
307 2063 411 2083 verum
431 2052 488 2083 effe
506 2054 645 2088 censent,
665 2053 807 2094 perinde,
834 2062 995 2094 utcumque
1006 2062 1187 2093 temperatus

229 2093 262 2124 sit
275 2096 322 2125 a'e'r
333 2115 342 2127 ,
363 2097 404 2126 ita
420 2103 514 2136 pueros
525 2096 645 2124 orienteis
653 2095 778 2124 animari
790 2115 798 2129 ,
822 2105 907 2136 atque
916 2095 1040 2125 formari
1056 2115 1066 2129 ‚
1086 2104 1123 2125 ex
1134 2105 1185 2125 eo-

226 2145 285 2176 que
299 2139 434 2177 ingenra,
463 2147 582 2170 mores,
603 2139 758 2171 animum,
779 2147 908 2177 corpus,
931 2136 1084 2167 astionem
1102 2139 1184 2171 vitae,

163 2194 206 2227 43
226 2178 306 2208 casus
315 2179 456 2219 cuiusque
469 2198 477 2211 ‚
497 2179 680 2220 eventusque
692 2178 774 2219 fingi.
798 2180 1040 2209 Odelirationem
1053 2179 1184 2209 incredi·
1204 2187 1205 2191 ¹

229 2219 340 2250 bilem!
357 2230 420 2250 non
431 2223 513 2250 enim
526 2230 628 2250 omnis
647 2231 727 2251 error
739 2241 747 2254 ,
763 2219 894 2257 stultitia
903 2219 946 2250 eff
954 2220 1089 2251 dicenda.
1110 2222 1184 2262 Qi-

226 2261 282 2291 bus
293 2263 381 2291 etiam
394 2264 546 2303 Diogenes
557 2264 676 2293 Stoicus
685 2263 822 2293 concedit
834 2283 842 2296 ,
862 2262 975 2303 aliquid
988 2262 1186 2303 utpraedicere

226 2301 345 2342 poffint,
359 2303 603 2344 duntaxatqualis
612 2305 736 2345 quisque
747 2313 861 2339 natura,
871 2305 902 2334 ὃς
913 2304 946 2334 ad
958 2314 1047 2345 quam
1060 2306 1184 2345 quisque

227 2344 362 2374 maxime
386 2355 441 2374 rem
459 2353 541 2387 aptus
562 2345 680 2376 futurus
701 2345 742 2376 fit.
767 2349 886 2381 Cetera,
905 2356 971 2386 quae
980 2345 1184 2386 profiteantur,

229 2395 315 2426 negat
327 2387 391 2416 ullo
411 2390 505 2417 modo
514 2385 596 2426 poss'e
608 2387 674 2419 sciri
686 2398 691 2416 :
711 2390 824 2417 etenim
830 2397 1008 2429 geminorum
1010 2388 1119 2427 formas
1129 2386 1186 2417 effe

231 2425 353 2457 simiieis
364 2448 371 2460 ‚
389 2430 480 2459 vitam
492 2438 576 2469 atque
586 2428 737 2459 foitunam
749 2429 926 2470 plerumque
936 2429 1091 2468 disparem.
1114 2432 1186 2459 Pro-

228 2469 291 2498 clus
304 2488 312 2502 ,
334 2469 365 2499 &
384 2469 604 2509 EurystheneS,
624 2471 926 2501 Lacedaemoniorum
948 2480 1046 2511 reges,
1071 2472 1184 2512 gemini

228 2509 333 2539 fratres
342 2510 469 2542 fuerunt.
495 2516 533 2542 At
557 2513 589 2541 hi
612 2522 667 2542 nec
679 2513 806 2542 totidem
817 2522 912 2542 annos
923 2514 1064 2542 vixerunt
1078 2524 1081 2527 ·
1105 2522 1185 2542 anno

233 2561 315 2580 enim
329 2554 425 2582 Procli
444 2555 506 2583 vita
526 2554 644 2583 brevior
654 2553 730 2588 fuit,
754 2555 946 2594 multumque
959 2556 984 2583 is
993 2553 1074 2584 fratri
1085 2563 1184 2584 rerum

232 2592 377 2633 gestarum
389 2595 482 2634 gloria
493 2594 635 2634 praestitit.
660 2598 698 2626 At
712 2606 766 2637 ego
777 2596 807 2626 id
819 2596 915 2635 ipsum
928 2615 936 2628 ‚
960 2596 1041 2636 quod
1053 2597 1098 2625 vir
1108 2598 1187 2636 opti-

234 2644 301 2663 rnus
315 2637 465 2676 Diogenes
476 2636 631 2671 Chaldaeis,
644 2636 721 2678 quasi
731 2638 854 2678 quadam
866 2638 1103 2677 pravaricahone,
1113 2647 1186 2669 cono

231 2675 330 2708 cedit,
351 2686 427 2718 nego
446 2676 527 2717 poss'e
547 2679 686 2720 intelligi.
710 2682 832 2710 Etenim
845 2680 916 2709 cum
929 2699 937 2712 ‚
962 2677 1056 2719 utipsi
1069 2680 1186 2713 dicunt,

231 2723 308 2744 ortua
319 2718 489 2761 nasientium
500 2720 567 2748 luna
577 2720 731 2750 moderetur
744 2741 752 2755 ‚
773 2731 862 2761 eaque
874 2721 1114 2751 animadvertant
1126 2741 1134 2755 ,
1156 2721 1188 2751 &

234 2765 337 2802 notent
349 2759 435 2789 lidera
455 2762 584 2791 natalitia
597 2762 729 2792 Chald-aei
744 2783 751 2796 ,
776 2772 972 2804 quaecumque
991 2764 1070 2794 luna:
1092 2762 1192 2801 inmitti

224 2797 406 2829 ‘vide-intur:
436 2803 597 2832 oculorum
614 2804 793 2844 fallactffimo
807 2805 890 2844 sensu
906 2805 1040 2845 judicant
1057 2814 1108 2839 ea,
1125 2814 1190 2845 qua:

234 2847 348 2869 1³t10ne
360 2860 368 2874 ›
391 2851 476 2882 atque
495 2846 599 2874 animo
619 2846 720 2876 videre
739 2846 896 2877 debebant.
920 2846 1007 2878 docet
1018 2849 1103 2878 enim
1115 2849 1191 2878 ratio

1219 103 1766 150 CicERONIS

1218 182 1513 214 mathematicorum,
1525 189 1616 220 quam
1625 178 1689 210 istis
1699 189 1800 213 nomm
1812 180 1870 214 ess'e
1881 181 2038 224 oportebat
2049 202 2057 218 ‚
2068 190 2177 226 quanta

1203 222 1205 259 l
1219 223 1388 253 humilitate
1399 223 1469 252 luna
1478 221 1598 256 feratur,
1607 230 1714 252 terram
1724 224 1808 262 paene
1817 227 1995 267 contingens
2006 247 2015 261 ,
2029 235 2176 267 quantum

1203 275 1204 296 i
1218 264 1289 295 absit
1312 264 1328 294 a
1351 265 1491 304 proxima
1511 263 1652 294 Mercurii
1669 262 1754 294 stella
1763 283 1772 297 ,
1794 267 1894 297 multo
1916 277 2016 298 autem
2027 267 2147 310 longius
2157 268 2176 299 ὲ

1219 307 1344 337 Veneris
1354 326 1362 340 ,
1380 305 1490 336 deinde
1502 305 1563 335 alio
1573 305 1732 336 intervallo
1742 304 1830 337 distet
1839 308 1855 338 a
1866 309 1927 339 sole
1939 329 1947 344 ,
1961 311 2046 350 cujus
2056 310 2175 340 lumine

1201 346 1520 387 ¹collus'crariputatur.
1543 347 1671 387 Reliqua
1691 345 1764 377 verb
1787 349 1840 378 tria
1850 350 2021 386 intervalla,
2043 350 2176 385 infinita,

1219 391 1251 422 ὃς
1265 390 1412 419 immensa
1424 408 1432 422 ‚
1453 388 1469 419 a
1480 388 1542 419 sole
1552 388 1588 418 ad
1603 389 1707 418 Martis
1719 408 1727 422 ,
1745 388 1817 419 inde
1830 389 1865 420 ad
1873 392 1960 432 Jovis
1970 393 2023 426 ‚ab
2034 403 2070 423 eo
2079 393 2113 424 ad
2124 396 2176 424 Sa-

1218 433 1298 462 turni
1309 431 1423 462 stellam
1435 450 1444 464 ,
1466 429 1536 460 inde
1545 429 1580 460 ad
1589 430 1698 460 caelum
1708 430 1805 470 ipsum
1818 450 1826 464 ,
1837 433 1918 472 quod
1927 443 2096 465 eittremum
2109 454 2118 468 ‚
2132 444 2176 465 at-

1217 484 1274 514 que
1285 474 1431 504 ultimum
1451 472 1558 502 mundi
1573 470 1627 502 est.
1650 474 1724 510 Quae
1733 472 1829 512 potest
1839 475 1930 514 igitur
1939 477 2066 516 contagio
2075 486 2114 507 ex
2125 478 2176 506 in-

1220 516 1306 545 finito
1316 514 1400 555 paene
1413 514 1572 544 intervallo
1582 515 1729 553 pertinere
1737 514 1772 544 ad
1782 514 1894 549 lunam,
1905 517 1951 546 vel
1962 518 2062 556 potius
2072 518 2107 548 ad
2118 527 2176 548 ter-

1219 600 1341 629 omneis
1364 599 1507 628 omnium
1527 606 1629 629 ortus,
1646 599 1831 638 quicumque
1851 601 2010 639 gignantur
2033 601 2064 634 in
2086 603 2176 631 omni

1202 664 1204 682 s
1220 650 1294 671 terra
1306 660 1314 675 ,
1325 650 1390 681 quae
1405 640 1552 669 incolatur
1564 658 1572 672 ,
1585 638 1688 678 eosdem
1697 637 1745 676 effl’
1756 659 1763 672 ⁷
1774 640 1938 681 cademque
1948 641 2094 672 omnibus
2103 661 2112 676 ,
2124 645 2178 683 qui

1219 682 1328 713 eodem
1343 681 1415 712 statu
1425 682 1491 711 caeli
1505 700 1514 714 ,
1537 681 1569 710 &
1580 680 1731 711 stellarum
1742 683 1803 711 nati
1815 681 1882 712 sunt
1896 702 1905 716 ,
1923 683 2053 713 accidere
2063 682 2179 715 necefle

1220 723 1295 754 ess'e:
1315 733 1419 754 nonne
1429 721 1579 763 ejusmodi
1590 723 1655 752 sunt
1667 741 1676 755 ²
1690 731 1723 752 ut
1733 732 1771 752 ne
1781 724 1845 754 caeli
1854 724 1976 764 quidem
1988 733 2121 755 naturam
2131 727 2180 756 in-

1204 775 1358 805 ,terpretes
1374 764 1447 795 istos
1465 764 1528 795 caeli
1541 784 1549 798 ,
1571 761 1655 794 noss'e
1674 770 1828 804 appareat?
1846 766 1916 796 curn
1927 769 2011 796 enim
2023 766 2068 796 illi
2079 766 2178 801 orbes,

1203 828 1205 839 .
1220 811 1271 849 qui
1280 808 1386 838 caelum
1398 806 1476 847 quasi
1487 806 1624 836 medium
1635 805 1795 840 dividunt,
1815 807 1848 838 &
1860 807 2032 847 adspefifflm
2042 807 2179 839 nostrum

1220 848 1389 881 definiunt,
1403 851 1457 889 qui
1467 848 1482 878 {1
1493 850 1602 878 Graecis
1612 848 1723 882 ἐρίζοντες
1735 851 1942 883 nominantur,
1954 850 1969 880 a
1980 850 2068 880 nobis
2075 849 2180 888 finien-

1220 900 1259 921 tes
1278 889 1438 921 rectiffime
1458 892 1611 920 nominari
1628 889 1749 930 possunt
1775 911 1783 924 ,
1818 893 1988 922 varietatem
2009 894 2177 922 maximam

1222 933 1364 967 habeant,
1377 933 1528 973 aliiquein
1538 932 1605 962 aliis
1616 932 1690 962 locis
1702 931 1775 965 sint,
1797 931 1910 962 necesse
1922 932 1964 963 est
1978 953 1987 966 ,
2007 943 2109 966 ortus,
2124 943 2179 963 oc·

1203 986 1204 998 i
1220 975 1361 1015 casusque
1369 972 1496 1004 siderum
1516 983 1579 1003 non
1599 972 1663 1003 fieri
1681 973 1789 1003 eodem
1810 983 1945 1014 tempore
1958 974 2034 1014 apud
2042 976 2176 1004 omneis.

1219 1015 1310 1057 Qod
1329 1013 1349 1045 si
1373 1025 1479 1046 eorum
1500 1017 1531 1045 vi
1550 1016 1657 1045 caelum
1678 1014 1773 1045 modo
1793 1017 1852 1046 hoc
1862 1037 1870 1049 ,
1890 1015 1984 1046 modo
2006 1017 2060 1046 illo
2082 1016 2178 1046 modo

1219 1066 1409 1097 temperatur:
1435 1055 1488 1097 qui
1510 1055 1605 1095 potest
1625 1056 1727 1086 eadem
1748 1059 1793 1086 vis
1813 1056 1870 1087 effe
1880 1059 2064 1088 nascentium
2078 1078 2087 1092 ,
2105 1057 2177 1088 cum

1219 1100 1284 1129 caeli
1297 1107 1375 1128 tanta
1384 1096 1417 1128 fit
1426 1096 1619 1137 diffimilitudo
1630 1106 1641 1128 ?
1653 1099 1683 1127 in
1695 1099 1742 1127 his
1751 1098 1825 1128 locis
1837 1118 1845 1131 ,
1856 1109 1922 1139 quae
1931 1109 1986 1130 nos
1997 1100 2175 1133 incolimus,

1218 1140 1285 1180 post
1295 1139 1457 1170 solstitium
1466 1139 1611 1169 Canicula
1629 1141 1781 1174 exoritur,
1800 1139 1833 1170 δε
1851 1140 1975 1180 quidem
1991 1141 2179 1181 aliquotdie-

1221 1184 1275 1212 bus
1287 1193 1292 1211 z
1304 1182 1379 1221 apud
1391 1180 1591 1222 Troglodytas
1601 1200 1610 1214 ,
1626 1190 1657 1210 ut
1667 1181 1802 1212 scribitur
1812 1201 1820 1215 ,
1831 1191 1899 1212 ante
1909 1181 2069 1212 solstitium
2084 1194 2088 1210 z
2101 1193 2143 1216 ut,
2153 1181 2176 1212 fi

1216 1225 1279 1264 jam
1293 1223 1494 1254 concedamus
1506 1222 1619 1263 aliquid
1628 1225 1692 1252 vim
1702 1222 1852 1253 caeiestem
1862 1223 1897 1253 ad
1906 1233 1958 1253 eos
1969 1243 1978 1256 ,
1998 1225 2048 1264 qui
2062 1226 2091 1254 in
2103 1233 2179 1254 terra

1218 1274 1401 1306 gignuntur,
1422 1266 1588 1304 pertinere,
1608 1263 1820 1295 confitendum
1831 1263 1864 1295 sit
1876 1266 1936 1294 illis
1948 1285 1957 1299 ,
1977 1275 2048 1299 eos,
2063 1267 2114 1306 qui
2125 1275 2179 1296 na-

1217 1308 1336 1338 scuntur
1346 1306 1454 1336 eodem
1466 1315 1603 1345 tempore
1613 1326 1621 1339 ,
1633 1304 1715 1346 posse
1728 1309 1760 1336 in
1771 1305 1939 1337 diffimileis
1948 1307 2080 1337 incidere
2091 1316 2179 1337 natu-

1219 1359 1262 1379 ras
1272 1357 1390 1389 propter
1407 1349 1473 1379 caeli
1492 1346 1778 1378 diffimilitudinem.
1801 1349 1892 1390 Qod
1902 1351 2034 1379 minime
2044 1349 2104 1378 illis
2113 1350 2178 1388 pla-

1219 1400 1275 1422 cet.
1300 1391 1408 1421 volunt
1415 1392 1499 1420 enim
1512 1390 1575 1422 illi,
1602 1392 1723 1420 omneis
1733 1390 1841 1420 eodem
1853 1400 1987 1431 tempore
1997 1399 2080 1421 ortos
2091 1410 2100 1424 ,
2124 1390 2178 1431 qui

1218 1432 1329 1473 ubique
1341 1430 1396 1462 fint
1413 1434 1492 1465 nati,
1517 1431 1610 1461 eadem
1627 1432 1870 1473 conditionenas'ci.
1893 1432 1949 1463 Sed
1959 1443 2025 1472 quae
2038 1440 2116 1462 tanta
2125 1433 2178 1462 de-

1220 1476 1333 1504 mentia
1343 1473 1386 1504 est
1396 1494 1405 1507 ,
1425 1483 1456 1503 ut
1474 1475 1618 1503 maximis
1629 1474 1762 1504 motibus
1772 1493 1781 1507 ‚
1805 1474 2086 1514 mutationibusque
2097 1474 2174 1508 caeli,

1220 1516 1298 1546 nihil
1307 1514 1418 1545 intersit
1428 1534 1436 1548 ,
1461 1517 1514 1554 qui
1525 1523 1631 1544 ventus
1643 1534 1652 1548 ,
1669 1517 1720 1555 qui
1731 1515 1848 1549 imber,
1863 1525 1929 1555 quae
1939 1506 2097 1555 tempeffas
2108 1515 2178 1545 ubi-

1218 1567 1276 1598 que
1286 1555 1342 1586 fit?
1363 1565 1489 1596 quarum
1507 1564 1608 1585 rerum
1628 1557 1660 1585 in
1671 1558 1822 1595 proximis
1833 1557 1909 1587 locis
1930 1565 2016 1587 tantae
2026 1555 2179 1587 diffimili-

1219 1599 1338 1628 tudines
1348 1598 1423 1637 saepe
1436 1597 1514 1630 sunt,
1526 1605 1558 1626 ut
1567 1597 1623 1627 alia
1632 1598 1775 1631 Tusculi,
1787 1598 1843 1629 alia
1852 1600 1961 1628 Romae
1973 1601 2093 1629 eveniat
2103 1600 2177 1638 saepe

1220 1638 1377 1681 tempestas.
1403 1638 1492 1679 Qud
1506 1657 1514 1671 ,
1533 1640 1585 1678 qui
1595 1641 1754 1680 navigant,
1773 1639 1910 1670 maxime
1922 1639 2177 1673 animadvertunt,

1219 1681 1289 1712 cum
1311 1691 1345 1711 in
1366 1679 1522 1709 flectendis
1541 1682 1760 1719 promontoriis
1781 1701 1790 1714 ,
1817 1689 1976 1711 ventorum
1995 1683 2178 1711 mutationes

1223 1724 1371 1752 maximas
1389 1722 1463 1760 saepe
1474 1720 1609 1750 sentiant.
1634 1723 1707 1751 Haec
1726 1723 1815 1762 igitur
1825 1721 1897 1753 cum
1908 1721 2015 1752 fittum
2027 1722 2178 1756 serenitas,

1220 1773 1285 1795 tum
1304 1762 1485 1803 perturbatio
1503 1761 1586 1791 caeli:
1609 1761 1691 1792 estne
1710 1763 1850 1794 sanorum
1871 1764 2034 1794 hominum
2046 1784 2055 1798 ,
2074 1763 2177 1795 hocad.

1220 1805 1409 1835 nascentium
1420 1812 1501 1833 ortus
1509 1805 1656 1843 pertinere
1667 1814 1730 1835 non
1738 1804 1844 1835 diceret
1855 1805 1937 1846 quod
1947 1815 2011 1835 non
2020 1805 2099 1836 certe
2109 1814 2179 1846 per-

1219 1849 1310 1877 tinet:
1333 1845 1410 1875 illud
1430 1845 1530 1875 nescio
1549 1844 1621 1885 quid
1632 1856 1721 1876 tenue
1733 1867 1742 1880 ,
1764 1847 1847 1888 quod
1857 1848 1959 1878 sentiri
1970 1847 2059 1877 nullo
2069 1847 2177 1883 modo,

1219 1887 1348 1930 intelligi
1366 1897 1466 1918 autem
1486 1889 1539 1917 vix
1547 1887 1662 1927 potest,
1682 1898 1748 1929 quae
1758 1889 1774 1919 a
1785 1890 1855 1919 luna
1869 1909 1879 1922 ‚
1901 1889 2064 1930 ceterisque
2077 1888 2181 1920 fideri-

1219 1930 1274 1960 bus
1285 1930 1355 1960 coeli
1377 1937 1554 1969 temperatio
1572 1927 1621 1960 fiat
1633 1950 1642 1963 ‚
1662 1930 1758 1960 dicere
1768 1931 1802 1961 ad
1811 1940 1975 1971 puerorum
1989 1939 2071 1961 ortus
2083 1932 2180 1972 perti-

1220 1981 1290 2002 nere
1301 1975 1312 2001 ἓ
1323 1971 1405 2013 Qid
1418 1974 1428 2000 ?
1445 1969 1528 2011 quod
1542 1980 1606 2001 non
1618 1972 1807 2013 intelligunt,
1821 1972 1962 2012 seminum
1971 1972 2034 2002 vim
2043 1993 2052 2008 ,
2066 1983 2130 2013 quae
2141 1971 2178 2003 ad

1217 2013 1405 2055 gignendum
1421 2033 1429 2046 ‚
1450 2014 1726 2054 procreandumque
1735 2015 1903 2054 plurimum
1914 2015 2025 2048 valeat,
2042 2014 2180 2045 funditus

1220 2056 1286 2086 tolli
1299 2075 1307 2089 ,
1322 2055 1486 2085 mediocris
1496 2063 1604 2084 erroris
1619 2054 1661 2085 est
1673 2059 1683 2085 ?
1703 2058 1771 2095 quis
1782 2058 1865 2086 enim
1878 2066 1944 2086 non
1954 2056 2054 2090 videt,
2074 2056 2107 2087 δε
2116 2055 2181 2086 for-

1221 2107 1283 2128 mas
1295 2117 1304 2130 ,
1328 2097 1361 2127 &
1382 2105 1480 2126 mores
1491 2115 1500 2129 ,
1521 2096 1554 2126 δε
1564 2096 1719 2138 plerosque
1729 2096 1815 2128 status
1828 2118 1838 2131 ,
1860 2108 1892 2128 ac
1903 2107 2004 2128 motus
2014 2096 2153 2138 effingere
2163 2096 2180 2128 a

1219 2138 1391 2180 parentibus
1401 2137 1511 2168 liberos
1522 2140 1533 2167 ?
1553 2139 1634 2179 quod
1653 2149 1716 2169 non
1725 2143 1910 2180 contingeret
1921 2160 1929 2173 ,
1949 2139 1970 2169 si
1980 2141 2038 2169 hoc
2048 2149 2112 2169 non
2122 2139 2180 2173 vis,

1221 2181 1255 2211 δε
1265 2190 1366 2211 natura
1376 2182 1568 2222 gignentium
1580 2179 1710 2212 efficeret
1719 2201 1727 2214 ,
1750 2181 1798 2212 sed
1809 2183 1983 2221 temperatio
1994 2182 2073 2212 lunae
2083 2201 2091 2216 ,
2101 2181 2183 2212 caeli-

1221 2233 1278 2264 que
1289 2222 1466 2252 moderatio.
1490 2221 1571 2260 Qiid
1583 2225 1594 2251 ?
1611 2222 1695 2263 quod
1712 2232 1776 2253 uno
1786 2223 1936 2254 &eodem
1949 2220 2182 2264 temporispunsto

1223 2265 1287 2294 nati
1296 2284 1305 2298 ,
1318 2262 1487 2294 diffimileis
1497 2264 1529 2294 &
1539 2273 1656 2294 naturas
1667 2284 1676 2298 ,
1697 2264 1730 2295 &
1739 2266 1813 2295 vitas
1825 2285 1834 2299 ,
1859 2265 1891 2295 ὅ(
1900 2266 1982 2295 casus
1990 2266 2118 2297 habent:
2130 2272 2183 2303 pa-

1222 2316 1329 2336 rumne
1341 2306 1507 2340 declarant,
1519 2306 1598 2336 nihil
1608 2306 1642 2336 ad
1654 2306 1798 2347 agendam
1808 2309 1900 2337 vitam
1912 2305 2051 2336 nascendi
2061 2313 2182 2345 tempus

1220 2350 1389 2388 pertinere?
1410 2345 1464 2377 nisi
1484 2346 1563 2377 forte
1585 2356 1725 2388 putamus
1744 2349 1901 2378 neminem
1922 2346 2031 2377 eodem
2046 2355 2182 2386 tempore

1220 2390 1286 2429 ipso
1305 2389 1339 2419 &
1357 2397 1538 2428 conceptum
1552 2409 1561 2422 ,
1587 2391 1620 2418 &
1641 2398 1765 2423 natum,
1792 2398 1854 2429 quo
1874 2387 2061 2418 Africanum.
2093 2390 2181 2418 Num

1220 2433 1287 2471 quis
1306 2432 1394 2471 igitur
1412 2430 1479 2459 talis
1496 2429 1574 2460 fuit?
1605 2430 1708 2470 Qiid?
1734 2431 1851 2460 illudne
1871 2429 1997 2460 dubium
2022 2429 2082 2463 est,
2107 2431 2182 2471 quin

1221 2470 1396 2504 mulmcfim
1408 2473 1447 2501 ita
1457 2473 1516 2501 nati
1528 2469 1666 2504 effent,ut
1674 2472 1810 2512 quaedam
1821 2481 1923 2502 contra
1934 2480 2069 2502 naturam
2080 2471 2184 2512 depra—

1221 2523 1285 2544 vata
1302 2513 1445 2550 haberent
1455 2532 1463 2546 ,
1487 2511 1731 2547 restituerentur,
1750 2514 1782 2544 &
1794 2522 2010 2555 corrigerentur
2020 2513 2056 2543 ab
2068 2522 2182 2547 natura,

1221 2565 1291 2586 cum
1304 2555 1332 2585 se
1344 2555 1402 2594 ipsa
1412 2552 1573 2584 revocasset
1590 2575 1599 2588 ,
1613 2564 1661 2586 aut
1672 2564 1732 2584 arte
1743 2575 1751 2589 ,
1761 2564 1811 2586 aut
1821 2556 1980 2585 medicina?
1994 2564 2043 2585 aut
2053 2563 2184 2596 quorum

1223 2598 1335 2638 linguae
1356 2595 1603 2630 sic-inhaererent,
1623 2606 1656 2627 ut
1666 2597 1749 2638 loqui
1761 2607 1824 2627 non
1835 2595 1971 2637 pulsent,
1992 2607 2034 2627 eae
2047 2596 2184 2636 scalpello

1224 2638 1342 2669 resestae
1352 2639 1557 2669 liberarentur?
1572 2639 1662 2669 Multi
1672 2642 1764 2670 etiam
1777 2647 1886 2670 naturae
1896 2640 2007 2670 vitium
2022 2637 2184 2668 meditatio-

1226 2691 1257 2709 ne
1270 2701 1278 2713 ,
1293 2690 1380 2721 atque
1389 2681 1602 2710 exercitatione
1614 2679 1806 2715 sustulerunt,
1817 2689 1849 2711 ut
1858 2679 2100 2711 Demosthenem
2113 2678 2184 2709 scri-

1228 2723 1270 2752 bit
1289 2724 1464 2755 Phalereus,
1483 2720 1555 2751 cum
1573 2731 1654 2752 ario
1675 2721 1772 2754 dicere
1792 2725 1928 2763 nequiret
1940 2742 1949 2756 ,
1973 2721 2183 2752 exercitatione

1230 2763 1328 2794 fecisse
1339 2784 1347 2798 ,
1359 2773 1391 2794 ut
1400 2761 1568 2804 planiffime
1579 2763 1698 2794 diceret.
1722 2763 1804 2805 quod
1814 2762 1833 2793 fi
1843 2766 1904 2795 hacc
1914 2763 1989 2794 astro
1998 2765 2182 2803 ingenerata.

1232 2806 1378 2836 &tradita
1395 2804 1506 2839 essent,
1528 2805 1609 2836 nulla
1629 2815 1673 2836 res
1691 2816 1724 2836 ea
1735 2815 1847 2836 mutare
1857 2803 1961 2846 pofl'et.
1985 2803 2087 2842 Quid?
2106 2802 2184 2842 diffi-

1230 2848 1362 2878 mtlitudo
1371 2848 1492 2877 locorum
1500 2857 1604 2879 nonne
1612 2847 1779 2878 diffimileis
1789 2848 1952 2877 hominum
1961 2847 2185 2917 procreassiokpe?

2105 2897 2119 2917 a
2142 2896 2180 2918 et.

1205 2871 1210 2894 l

275 2954 285 2972 1
294 2966 299 2971 .
319 2949 421 2973 Γυνιιιηι
430 2952 454 2973 in
460 2953 638 2985 grtmiosedens‚
648 2964 773 2982 mammam
783 2964 903 2990 appetens,
914 2957 982 2992 chun]
1001 2958 1044 2984 Ita
1055 2958 1121 2984 Pnll.
1134 2957 1186 2984 duo

228 2982 370 3008 'meliore-s.
386 2992 443 3009 nain
456 2992 517 3010 tert.
529 2988 555 3011 8<
566 2997 651 3022 quart.
663 2992 846 3027 interponunt,
863 3003 989 3020 mammam
999 2994 1057 3020 noris
1067 3002 1188 3027 apperens.
1208 3006 1209 3020 ι

237 3019 265 3043 5.
276 3017 392 3044 νἰξῐο.·ἰ5
405 3038 413 3050 ,
431 3021 504 3045 nodis.
524 3030 556 3047 cx

224 3058 227 3060 '
241 3052 302 3080 mise
314 3063 394 3088 quani
409 3056 503 3081 verius.

275 3097 302 3129 ²?
323 3090 448 3122 Eodemque
457 3097 553 3131 'tempore
561 3095 588 3131 in
598 3103 619 3118 eo
629 3096 681 3126 loto,
693 3098 733 3122 uhi
744 3101 848 3126 Fabi-tum
857 3102 955 3134 nmicfit
966 3102 1023 3127 ades
1035 3121 1043 3133 ,
1058 3103 1110 3128 mel.
1120 3101 1189 3136 eye]

238 3124 281 3157 Li}
294 3125 477 3154 amembraiiis
498 3128 525 3154 S.
536 3127 651 3156 vietoris
665 3149 673 3163 ‚
692 3132 718 3158 &
731 3134 798 3161 l'all.
809 3144 934 3170 quatuor.
953 3137 1050 3174 quippe
1071 3137 1192 3174 vulgata,

569 3032 621 3057 quo
632 3026 693 3052 facit
705 3028 867 3055 Gulielmius
877 3031 940 3062 opis.
959 3030 1119 3066 ingeniosius
1132 3030 1189 3056 foi·-

1231 2958 1313 2984 Eodem
1332 2965 1427 2990 tempore
1436 2959 1472 2984 mo
1480 2958 1575 2983 locoubi
1591 2965 1654 2982 ment
1662 2958 1766 2981 struma
1774 2955 1825 2988 fita
1834 2953 1890 2979 ιλιι
1899 2956 1933 2980 eff
1943 2972 1951 2985 ,
1971 2955 2023 2978 mel.
2041 2953 2093 2982 &a
2112 2953 2186 2989 prio·

1208 3024 1209 3031 ἵ
1231 3003 1286 3020 rem
1298 3002 1398 3030 pai-teni
1418 2994 1493 3027 hujus
1512 2991 1704 3018 emendationis
1722 2988 1828 3016 admilit
1847 2990 1926 3016 etiam
1938 2987 2024 3029 editio
2044 2990 2118 3029 Pet-ri
2138 2989 2188 3016 Vi-

1209 3053 1212 3068 x
1232 3030 1311 3056 &orii
1325 3049 1333 3063 ,
1354 3039 1405 3057 non
1417 3029 1495 3056 etiam
1506 3027 1689 3064 posteriorem,
1700 3034 1758 3062 quae
1769 3033 1856 3053 tamen
1868 3035 1928 3052 meo
1938 3024 2037 3058 iudicio
2046 3025 2107 3052 latis
2117 3032 2188 3051 certa

1210 3069 1213 3118 l
1234 3066 1295 3137 est}
1316 3105 1401 3138 anue
1411 3097 1632 3134 conditarsomia]
1651 3097 1777 3135 Quinque
1788 3097 1869 3126 iidem
1880 3096 1983 3127 codices
1994 3116 2003 3131 ,
2016 3106 2093 3133 eoque,
2104 3095 2189 3123 nihilo

1232 3146 1272 3173 pe)
1278 3146 1317 3165 us.
2048 3177 2071 3197 ι·
2082 3168 2192 3197 AM·-

1219 567 1280 587 ram
1295 559 1305 585 ?
1332 556 1414 597 Qiid
1429 557 1438 582 ?
1457 554 1528 585 cum
1548 556 1653 585 dicunt
1670 555 1702 586 id
1718 574 1726 588 ‚
1745 556 1827 595 quod
1842 558 1880 586 iis
1890 557 1988 588 dicere
2000 558 2172 593 neceffeest,
2193 566 2241 597 44

2196 1444 2240 1478 45
