2360 3400
497 135 648 186 27113
676 152 832 187 etin.

193 218 316 260 abjeais
333 217 476 250 oneribus
489 236 499 252 ‚
524 217 671 258 expeditis
683 221 774 250 armis
786 239 796 253 ,
817 227 850 250 ut
859 220 1007 250 membris
1015 230 1146 261 pugnare

192 261 311 301 poffint.
333 260 415 302 Qid
433 261 606 291 exercitatio
629 260 808 302 legionum?
829 265 839 281 ¹
851 261 946 302 quid?
963 262 1016 292 ille
1035 262 1148 295 cursus,

191 302 368 336 concursus,
388 302 503 333 clamor
512 321 520 335 ‚
536 304 639 342 quanti
652 302 760 333 laboris
770 301 813 333 est
823 306 835 332 ἓ
847 313 886 333 ex
898 304 955 334 hoc
965 303 1017 333 ille
1027 305 1150 333 animus

192 343 226 373 in
234 344 349 384 proeliis
368 352 482 383 paratus
499 343 534 374 ad
546 343 684 374 vulnera:
707 344 826 375 ²adduc
842 346 903 384 pari
913 346 1018 375 animo
1028 346 1150 375 inexer-

190 386 315 416 citatum
336 386 485 415 militem:
508 385 616 416 mulier
625 385 786 416 videbitur.
809 388 882 417 cur?
901 393 1017 416 tantum
1028 384 1150 416 interest

191 427 270 457 inter
290 436 429 461 novum,
452 426 485 457 &
503 435 635 457 veterem
658 429 824 458 exercitum
836 447 845 460 ‚
864 436 1011 468 quantum
1033 429 1148 467 experti

193 464 309 498 sumus.
332 478 398 499 aetas
415 472 550 498 tironum
564 488 572 502 ‚
591 469 769 510 plerumque
787 470 917 499 melior:
934 469 1061 507 sedferre
1071 467 1150 498 labo-

191 519 250 538 rem
260 530 268 544 ‚
281 517 447 539 contemnere
457 510 562 539 vulnus
573 530 581 543 ,
597 510 758 550 consuetudo
768 510 853 540 docet.
875 511 950 551 quin
959 513 1049 540 etiarn
1063 509 1149 540 vide-

193 561 264 581 mus
286 561 324 581 ex
343 555 405 582 acie
423 550 520 582 efferri
539 552 614 592 saepe
624 551 911 593 saucios&quidem
926 552 1032 582 rudem
1043 552 1146 586 illum,

195 593 469 624 &inexercitatum
479 613 489 627 ,
509 596 648 634 quamvis
658 594 718 624 levi
733 593 796 624 iou
807 613 816 626 ‚
827 593 959 633 ploratus
969 592 1150 634 turpiffimos

194 634 290 664 edere.
313 644 341 666 at
357 634 430 666 vero
449 635 501 665 ille
518 637 695 665 exercitatus
705 655 714 669 ,
736 636 769 665 &
779 643 864 665 vetus
879 654 888 668 ‚
898 634 939 665 ob
948 644 1074 676 eamque
1085 645 1150 666 rem

193 674 301 707 fortior
310 696 319 709 ‚
342 677 496 708 medicum
507 675 601 706 modo
609 679 764 717 requirens
774 697 783 710 ‚
798 677 814 707 a
827 686 890 717 quo
899 676 1057 718 obligetur,
1073 708 1075 710 ,

296 718 480 752 30Patr0cle‚
500 718 622 759 (inquit)
640 718 678 747 ad
693 728 743 748 vos
760 717 908 748 adveniens
923 718 1090 752 auxilium,
1117 718 1154 751 ἰν

325 760 428 797 vestras
447 769 546 788 manus
563 767 636 801 peto,
1075 759 1133 801 (nu
1143 770 1154 788 .-

287 797 459 843 Priusquam
467 809 558 842 oppeto
569 801 676 830 malem
681 800 780 842 pestem
789 820 798 835 ‚
819 800 984 830 mandatam
993 800 1081 837 hostili
1092 812 1152 830 ma·

290 846 392 885 Neque
404 843 517 883 [angius
536 843 589 871 ullo
603 850 674 883 potu
690 842 733 872 ef}
751 841 834 884 pasto
853 842 990 884 profluens
1008 841 1152 883 consistere,

286 885 320 915 Si
347 885 405 925 qua
427 883 569 924 sapientia
595 884 687 922 magis
711 883 802 919 vestra
820 885 945 912 devitari
960 894 1031 913 mors
1047 883 1152 926 pote-5¹2.

286 928 423 967 Namque
444 924 595 965 eAEsctapii
618 924 767 954 liberorum
776 925 874 964 saucii
895 926 1002 966 opplent
1016 927 1152 966 porticus:

288 969 355 996 Non
368 965 452 1008 potest
467 965 570 994 accedi.

141 1014 154 1039 1
164 1015 182 1048 7
195 1012 214 1037 4
223 1011 306 1040 Certe
324 1008 482 1048 Euripylus
494 1009 540 1037 hic
553 1007 678 1047 quidem
689 1006 742 1038 est.
765 1009 927 1039 hominem
941 1009 1149 1040 exercitatum!

197 1054 211 1079 5
221 1051 270 1081 ubi
281 1058 397 1080 tantum
411 1048 509 1079 iaetus
518 1050 731 1081 continuatur?
748 1051 819 1080 vide
831 1070 841 1084 ‚
864 1052 954 1091 quam
966 1061 1030 1081 non
1041 1051 1153 1081 flebili-

195 1101 240 1123 ter
249 1091 444 1132 respondeat:
463 1092 613 1122 rationem
632 1092 724 1122 etiam
744 1090 863 1127 afferat,
883 1103 936 1124 cur
948 1102 1036 1134 aequo
1047 1095 1152 1124 animo

194 1132 250 1165 fibi
262 1133 424 1164 ferendum
435 1131 477 1163 fit.

441 1174 541 1216 -—-qui
561 1174 647 1204 alteri
668 1174 791 1204 exitium
810 1183 906 1216 parat,

288 1221 367 1249 Eum
380 1217 451 1257 ftire
468 1224 573 1258 oportet
588 1215 645 1258 fibi
658 1224 793 1258 paratam
805 1216 922 1258 pestem,
951 1224 986 1247 ut
1002 1218 1153 1260 participet

344 1269 429 1288 arem.

195 1300 512 1335 AbducetPatroclus,
531 1299 640 1335 credo,
662 1309 695 1330 ut
712 1300 842 1331 collocet
860 1302 893 1330 in
901 1301 995 1331 cubili
1007 1320 1016 1334 ‚
1041 1303 1150 1332 utvuI-

194 1353 252 1374 nus
263 1343 374 1383 obliget
383 1362 392 1375 ‚
413 1340 434 1371 fi
449 1342 572 1382 quidem
582 1343 679 1372 homo
688 1341 769 1373 effet.
792 1341 806 1362 ⁶
817 1342 867 1373 sed
876 1343 956 1373 nihil
967 1343 1153 1374 vidiminus.

195 1386 301 1426 quaerit
311 1385 394 1414 em'm
404 1403 414 1416 ‚
432 1383 505 1423 quid
513 1383 612 1413 actum
625 1382 668 1413 fit.

291 1425 447 1466 Eloquere:
464 1434 504 1452 res
524 1422 683 1464 ,Argivfem
699 1423 796 1464 proelio
814 1432 849 1453 ut
860 1425 890 1465 fi·
903 1425 1037 1465 fiestinet.

196 1469 271 1498 Non
289 1465 386 1506 potest
400 1463 485 1496 effari
501 1474 617 1496 tantum
638 1465 727 1496 dictis
739 1484 748 1499 ‚
768 1475 914 1506 quantum
929 1467 1015 1498 lackis
1025 1468 1153 1509 suppetit

193 1508 316 1540 laboris.

289 1548 410 1589 Qiesce
426 1547 517 1588 igitur
527 1567 537 1582 ‚
559 1547 595 1581 ό·
611 1547 716 1578 vulnus
731 1548 830 1588 alliga.

192 1591 316 1623 ⁷Etiam
335 1588 527 1629 fiEuripylus
540 1588 636 1629 posset
646 1609 655 1624 ‚
679 1600 744 1620 nou
753 1588 848 1629 pofl'et
858 1589 998 1632 AEsopus-

435 1630 532 1660 ---ubi
543 1631 667 1671 fortuna
685 1630 807 1661 Hestoris

285 1672 419 1710 Nostram
437 1683 530 1702 acrem
548 1673 638 1702 aciem
655 1674 866 1703 inclinatam.·--

192 1715 331 1748 &cetera
349 1715 479 1755 explicat
496 1716 530 1744 in
549 1715 664 1745 dolore.
698 1724 712 1744 s
723 1725 735 1744 1
749 1725 769 1745 c
796 1725 839 1745 Es
850 1727 871 1746 τ
896 1717 981 1746 enim
999 1718 1152 1758 intempe-

191 1766 260 1788 rans
271 1757 409 1787 militaris
416 1758 450 1787 in
470 1755 542 1786 forti
561 1758 628 1786 viro
646 1756 749 1798 gloria.
772 1767 841 1796 ergo
852 1759 914 1788 haec
924 1766 1079 1788 veteranus
1090 1761 1149 1789 mi-

193 1799 238 1829 les
254 1797 349 1829 facere
366 1799 474 1838 poterit
492 1807 500 1827 :
531 1796 638 1828 doetus
655 1800 721 1831 vir,
740 1798 914 1839 sapiensque
934 1809 997 1829 non
1019 1801 1150 1840 poterit?

195 1840 252 1871 Ille
270 1839 343 1871 vero
361 1840 472 1869 melius
485 1859 495 1873 ,
512 1848 545 1870 ac
555 1848 620 1869 non
639 1839 741 1879 paullo
757 1839 894 1880 quidem.
912 1840 961 1870 sed
979 1841 1016 1870 de
1026 1842 1154 1872 consue-

191 1881 298 1912 tudine
316 1881 411 1913 adhuc
425 1882 649 1911 exercitationis
662 1881 771 1921 loquor
791 1891 798 1911 :
825 1881 965 1912 nondum
985 1882 1153 1919 degratione

194 1923 390 1963 &sapientia
413 1920 552 1953 Aniculae
561 1922 778 1962 saepeinediam
789 1923 936 1958 biduum,
957 1933 1007 1954 aut
1016 1924 1151 1955 triduum

191 1963 303 1996 ferunt.
325 1964 438 1995 subduc
448 1964 552 1994 cibum
567 1973 664 1995 unum
677 1963 759 1994 diem
775 1965 909 1995 athletae:
924 1966 1034 2007 Jovem
1047 1967 1153 2006 Olym-

190 2009 277 2047 pium
288 2026 297 2040 ‚
310 2016 381 2037 eum
392 2006 491 2046 ipsum
504 2025 512 2040 ,
524 2007 574 2036 cui
583 2006 611 2037 se
621 2005 789 2040 exercebit,
798 2007 973 2046 implorabit
984 2006 1075 2038 :ferre
1085 2018 1150 2038 non

191 2047 275 2089 posse
283 2048 433 2078 clamabit.
457 2050 479 2077 C
478 2047 662 2086 onfuetudinis
671 2057 775 2088 magna
784 2049 829 2077 vis
838 2047 891 2077 eff.
911 2048 1091 2088 pernoctant
1099 2060 1149 2080 ve-

192 2098 314 2122 natores
332 2092 364 2120 in
379 2091 468 2120 nive:
487 2091 520 2119 in
532 2089 690 2119 montibus
700 2089 784 2119 urise
801 2092 962 2130 patiuntur.
985 2091 1056 2121 inde
1065 2093 1151 2133 pugi-

192 2131 235 2162 les
246 2131 374 2162 cestibus
382 2129 499 2161 contuli
511 2151 520 2165 ,
532 2141 570 2161 ne
580 2131 910 2172 ingemiscuntquidem
923 2151 932 2166 ,
943 2132 992 2162 sed
1002 2134 1074 2174 quid
1083 2135 1149 2168 hos,

191 2173 302 2214 quibus
316 2173 527 2213 Olympiorum
537 2171 684 2205 victoria,
707 2173 875 2203 consulatus
890 2174 941 2203 ille
953 2178 1092 2215 antiquus
1103 2178 1150 2206 vi-

190 2215 278 2246 detui·
288 2217 299 2244 ?
308 2215 483 2256 gladiatores
494 2234 502 2248 ‚
517 2223 567 2244 aut
576 2213 682 2254 perditi
692 2214 835 2245 homines
845 2235 853 2248 ‚
869 2224 918 2246 aut
932 2215 1042 2246 barbari
1054 2236 1063 2250 ‚
1078 2226 1150 2257 quas

189 2256 289 2298 plagas
303 2255 476 2297 perferunt?
491 2265 553 2298 quo
571 2255 666 2287 modo
676 2255 741 2290 illi,
756 2258 810 2298 qui
831 2257 917 2299 bene,
928 2256 1147 2294 institutisunt,

231 2403 241 2420 ι
249 2414 255 2421 .
273 2397 339 2428 Qid
348 2401 359 2423 ,²
375 2399 413 2424 ille
421 2398 514 2432 cursat,
523 2398 649 2431 concursus
659 2417 668 2430 ,
677 2398 789 2434 clamor.]
810 2401 852 2426 Ita
863 2401 884 2426 V
886 2399 998 2427 iam-ius
1010 2420 1020 2433 ‚
1039 2400 1149 2428 Lambi—

192 2439 241 2456 nus
254 2449 263 2462 ,
283 2433 368 2459 Varie.
384 2434 501 2469 quinque
512 2434 580 2461 Pall.
598 2434 672 2461 Pith.
683 2434 781 2470 vulgo:
802 2436 862 2470 quid
876 2437 912 2462 ille
930 2437 1032 2470 cursus,
1051 2440 1148 2470 clamor,

192 2469 280 2500 quanti
291 2469 374 2494 laboris
389 2472 424 2494 es!
433 2473 443 2495 ?

228 2510 255 2527 2.
274 2504 373 2530 addduc
387 2507 444 2538 pari
453 2507 529 2531 am'mo
537 2507 717 2532 inexercitatum
734 2507 856 2541 militem]

190 2536 238 2564 tic.
250 2536 292 2563 sed
304 2538 329 2566 iu
342 2541 458 2576 quinque
470 2541 538 2567 Pali.
549 2540 662 2568 Victorii
674 2542 739 2568 edit.
751 2543 836 2568 adhuc.

229 2581 255 2608 3.
276 2579 293 2599 0
303 2578 435 2610 Pati-octa]
448 2576 612 2604 Adhaefimus
623 2578 799 2605 Turnebianis
811 2578 904 2605 libav.
920 2579 1031 2607 Advers.
1044 2581 1148 2617 cap.18.

189 2609 272 2644 vulgo
286 2629 293 2641 ,
304 2614 436 2638 Patroc.‘es.
449 2612 516 2639 Pall.
527 2622 567 2648 pr.
580 2620 643 2640 tert.
657 2621 746 2650 quart.
757 2615 844 2651 quint.
856 2614 934 2643 Fabr.
945 2617 1015 2644 Pith.
1027 2622 1044 2644 ο
1053 2620 1146 2644 Patro-

187 2646 245 2671 cles.
257 2646 325 2672 l’all.
336 2646 386 2674 sec.
399 2648 505 2675 Uli-ich.
517 2651 645 2675 Patricole.

225 2688 254 2714 4.
275 2684 342 2708 Certe
352 2686 480 2718 Euripylm
490 2686 526 2710 hic
535 2686 626 2719 quidem
635 2687 680 2717 eff,
689 2687 801 2712 hominem
809 2687 990 2723 exercitatum]
1011 2689 1078 2715 Pan.
1091 2696 1144 2716 tres

184 2718 341 2752 posteriores
352 2720 429 2746 codd.
441 2723 577 2746 exercitum.
588 2721 812 2756 quemadmodum
824 2723 911 2750 vaiic.
921 2724 948 2750 8<
960 2724 1118 2752 Ulrichianu
1137 2745 1144 2751 .

222 2761 248 2786 5.
269 2755 311 2779 Ubi
319 2762 414 2781 tantum
423 2758 501 2781 limus
511 2759 689 2792 confirmatum]
711 2758 788 2784 Nihil
804 2759 938 2794 potuimus
947 2759 1092 2787 decernere
1111 2735 1144 2788 Je

183 2786 242 2815 hoc.
266 2790 352 2817 Aldus
365 2792 438 2818 Avus
452 2811 459 2823 ‚
477 2792 611 2819 laetorius
625 2812 633 2825 ,
646 2794 700 2820 Pal.
712 2801 776 2820 tert.
787 2802 880 2820 tamum
889 2798 967 2822 luam
981 2799 1141 2824 continuatus.

183 2822 241 2851 Pal.
250 2826 330 2861 prinu.
342 2829 384 2853 uhi
392 2835 487 2853 tamum
497 2830 585 2854 lullum
595 2833 738 2856 continuam.
758 2838 881 2866 quartus,
894 2833 980 2867 quint.
991 2834 1078 2858 lunum
1089 2842 1143 2858 con-

181 2861 272 2887 tinuar.
291 2863 388 2890 Lainb.
406 2873 465 2891 cum
477 2864 526 2890 suis
537 2864 653 2892 asseclis:
676 2866 728 2899 quis
737 2873 769 2892 rot
778 2869 855 2892 verba
873 2875 941 2893 tanto
959 2871 984 2894 in
993 2869 1057 2894 IeaHu
1067 2872 1141 2894 conti-

182 2902 244 2920 nuat
253 2900 264 2922 ‚²
281 2899 342 2925 Vat.
351 2901 466 2926 hominem
473 2903 610 2934 exercitum,
621 2903 662 2928 uhi
670 2909 755 2928 tamus
764 2905 842 2928 lucrm
852 2906 1013 2930 continuante.
1029 2905 1053 2931 U
1060 2904 1136 2932 lricli.

180 2930 270 2957 Ianm
278 2937 451 2962 continuamus.

216 2966 246 2992 6.
263 2968 308 2994 sed
314 2972 436 2998 nibilvidi
445 2972 552 3007 minus]
573 2973 639 3000 Pan.
651 2973 767 3010 quinque
779 2983 839 3001 cum.
849 2975 912 3002 Fab.
923 2976 1038 3002 vidimm.

178 3036 187 3042 -
215 3008 244 3035 7.
266 3005 366 3039 Etiamst
373 3009 589 3042 Euripyluspoffit‚
600 3019 644 3035 mn
651 3010 717 3043 pfft
727 3011 868 3045 2AEfopus]
893 3012 981 3048 Qum
993 3011 1135 3039 lectionem

177 3045 205 3064 tn
226 3039 394 3068 Menimianis
413 3044 441 3068 Sc
455 3044 600 3072 Huraltino
619 3046 722 3072 invenit
741 3046 886 3073 Lambinus
900 3067 907 3077 .
927 3047 1011 3074 exstat
1029 3057 1134 3085 quoque

176 3071 204 3100 iu
217 3073 288 3114 Visst..
298 3074 342 3102 ed.
359 3077 388 3103 &
398 3086 512 3118 quatuor
530 3081 599 3108 Pan.
618 3091 678 3109 nam
691 3083 785 3109 tertius
805 3083 882 3118 plani.-
895 3084 1011 3110 'rurnebi
1023 3085 1058 3111 est
1071 3104 1078 3115 ,
1098 3086 1134 3111 ita

173 3107 291 3177 &jutis
302 3110 415 3140 Adveri.
425 3114 471 3141 lib.
481 3121 509 3148 4.
528 3124 586 3152 cap.
599 3117 642 3145 18.
661 3120 751 3153 etiamst
758 3121 886 3154 Eurypilus
897 3129 941 3146 non
955 3121 1024 3154 pqffit
1035 3139 1043 3152 ‚
1063 3122 1133 3154 poffit
1148 3133 1150 3167 5

233 3153 299 3178 opus.

206 3179 236 3210 8-
253 3183 346 3214 stratis
355 3185 452 3220 sab‘t‘um
462 3185 492 3214 iia
501 3186 611 3223 unfit]
629 3188 674 3218 Sic
684 3189 828 3219 Lambinus
841 3210 848 3225 ‚
868 3199 901 3219 cx
913 3190 1043 3221 sententia
1056 3193 1129 3220 Tur-
1145 3169 1149 3211 i

879 2508 920 2536 Ita
930 2507 1010 2544 vulgo
1020 2509 1048 2535 ὃς
1058 2509 1085 2536 in
1096 2510 1149 2537 Va—

900 140 1274 204 <22922231'10
1303 154 1337 185 N
1365 154 1461 188 viu
1542 145 1635 192 1.1
1665 160 1707 192 n.
1763 149 1837 196 11.

2026 166 2143 211 1071

1188 218 1318 258 accipere
1326 218 1444 260 plagam
1456 221 1590 258 malunt,
1610 226 1700 265 quam
1713 220 1936 268 turpiter'vitare
1947 229 1958 259 ?
1971 227 2061 271 quam
2072 229 2147 272 saepe

1188 268 1303 299 apparet
1326 262 1403 290 nihil
1413 272 1464 292 eos
1475 265 1565 294 malle
1577 285 1585 300 ,
1601 269 1691 307 quam
1702 269 1749 298 vel
1758 270 1886 300 domino
1898 269 2059 302 satisfacere
2068 292 2077 307 ,
2098 273 2148 304 vel

1188 301 1322 340 populo?
1340 305 1467 335 mittunt
1481 307 1572 337 etiam
1592 309 1768 340 vulneribus
1786 311 1921 342 confecti
1938 312 1974 343 ad
1985 313 2145 350 dominos,

1185 351 1236 381 qui
1246 346 1476 385 quaerant‚'quid
1487 348 1582 378 velint
1594 361 1602 383 5
1614 345 1628 369 8
1640 348 1661 379 si
1671 351 1852 384 arefactum
1866 355 1903 384 iis
1913 364 1977 385 non
1991 353 2034 388 sit,
2046 355 2074 386 se
2083 356 2148 387 vel-

1190 384 1218 412 le
1235 384 1423 416 decumbere.
1454 391 1520 428 quis
1538 391 1698 422 mediocris
1715 394 1860 434 gladiator
1879 397 2047 436 ingemuit?
2077 395 2146 439 quis

1189 425 1308 471 vultum
1331 431 1458 458 mutavit
1475 439 1617 471 umquam
1632 433 1642 459 ?
1662 439 1728 474 quis
1738 445 1801 466 non
1814 436 1909 467 modo
1919 436 2016 472 stetit,
2037 440 2146 470 verum

1189 474 1279 513 etiam
1290 466 1431 513 decubui:
1441 477 1583 510 turpiter?
1603 478 1668 514 quis
1678 475 1749 506 cum
1759 476 1943 509 decubuisset
1952 498 1960 512 ‚
1973 477 2087 510 feri-um
2099 491 2146 519 re-

1189 516 1286 554 cipere
1295 507 1401 547 justus,
1412 514 1427 537 9
1436 513 1550 543 collum
1560 520 1730 548 contraxit?
1749 527 1864 550 tantum
1876 523 2047 552 exercitatio
2055 541 2064 557 ‚
2079 531 2147 552 mc-

1190 548 1296 579 ditatio
1308 569 1316 583 ,
1336 552 1522 583 consuetudo
1535 557 1621 586 valet.
1646 568 1715 600 ergo
1726 560 1784 590 hoc
1792 563 1901 602 poterit

1213 632 1218 637 ¹
1282 590 1392 620 Samma
1404 612 1412 626 ‚
1423 593 1537 632 spurcus
1547 598 1623 627 homo
1633 618 1641 632 ‚
1662 602 1785 631 vitaida
1797 603 1896 643 dignu’
1905 602 2015 644 locoque
2030 615 2041 631 .-

1190 641 1238 661 vir
1248 641 1333 678 natus
1345 634 1383 663 ad
1390 635 1516 675 gloriam
1529 657 1538 670 ‚
1551 639 1640 670 ullam
1651 652 1764 682 partem
1775 646 1871 675 animi
1881 653 1941 675 tam
1954 646 2081 676 mollem
2093 646 2148 678 han

1192 673 1275 703 bebit
1285 692 1293 707 ,
1305 684 1395 714 quam
1405 686 1466 706 non
1479 679 1674 713 meditatione
1684 703 1692 716 ‚
1710 684 1741 713 &
1750 686 1864 716 ratione
1875 686 2046 718 corroboret
2057 691 2069 717 ἓ
2079 698 2150 718 cru·

1189 714 1254 744 dele
1273 715 1469 756 gladiatorum
1488 720 1685 759 spect-deuiam
1699 744 1707 758 ‚
1726 725 1973 759 &inhumanum
1982 730 2149 763 nonnullis

1190 756 1287 787 videri
1299 758 1373 788 solet
1386 769 1392 787 :
1410 761 1439 778 ¹0
1451 760 1483 790 &
1495 762 1571 792 haud
1585 763 1644 794 scio
1653 768 1738 796 auita
1749 767 1790 801 sit,
1805 778 1837 799 ut
1849 779 1928 800 nunc
1939 768 1981 801 fit.
1994 768 2065 800 cum
2076 770 2151 801 verb

1193 798 1290 828 sontes
1298 798 1378 829 ferro
1391 799 1616 842 depugnabant,
1642 808 1761 838 auribus
1774 808 1891 841 fortasse
1902 812 2005 843 multae
2015 831 2024 845 .
2049 813 2148 843 oculis

1191 840 1314 880 quidem
1326 841 1408 872 nulla
1418 852 1550 882 poterat,
1563 844 1618 875 effe
1628 846 1737 879 fortior
1746 859 1845 881 contra
1855 852 2003 887 dolorem,
2017 853 2050 883 &
2062 863 2148 884 mor-

1194 891 1253 912 tem
1264 882 1430 923 disciplina.
1444 886 1491 914 De
1503 890 1727 924 exercitatione,
1738 891 1770 921 &
1780 894 2007 929 consuetudine,
2020 895 2053 925 δε
2062 905 2147 926 corn-

1192 926 1379 955 mentatione
1388 925 1465 956 dixi.
1475 930 1505 946 '¹¹
1517 938 1568 968 age
1579 927 1625 964 sis,
1639 941 1719 962 nunc
1729 932 1766 962 de
1776 936 1890 965 ratione
1900 935 2057 967 videamus
2068 947 2074 966 :
2090 935 2147 967 nist

1192 966 1265 1006 quid
1283 968 1329 996 vis
1346 966 1380 996 ad
1399 968 1469 998 haec.
1494 978 1526 998 A.
1539 973 1643 1011 Egone
1654 982 1686 1003 ut
1699 976 1948 1016 reinterpellem?
1967 988 2005 1007 ne
2016 979 2150 1020 hocqui-

1192 1010 1263 1037 dem
1282 1008 1411 1038 vellem:
1432 1019 1469 1040 ita
1488 1020 1538 1041 me
1557 1012 1591 1042 ad
1614 1015 1800 1047 credendum
1821 1027 1870 1048 tua
1887 1017 1969 1048 ducit
1980 1021 2084 1050 oratio.
2109 1029 2147 1050 M.

1193 1051 1313 1080 ¹2Sitne
1322 1052 1414 1090 igitur
1423 1053 1538 1082 malum
1549 1053 1650 1086 dolere
1662 1076 1670 1090 ‚
1683 1067 1777 1088 necne
1789 1078 1797 1091 ,
1815 1060 2051 1091 Stoici‘viderint
2061 1080 2070 1094 ‚
2092 1063 2147 1102 qui

1190 1094 1372 1122 contortulis
1381 1093 1570 1133 quibusdam,
1585 1106 1617 1127 ac
1627 1101 1754 1129 minutis
1763 1100 2016 1132 conclusiunculis
2029 1122 2038 1136 ‚
2051 1106 2060 1122 ¹
2069 1106 2081 1130 3
2094 1113 2151 1134 nec

1191 1134 1227 1163 ad
1239 1134 1338 1164 sensus
1347 1137 1592 1174 permanantibus
1603 1158 1611 1172 ‚
1630 1138 1709 1170 effici
1719 1142 1828 1172 volunt
1839 1162 1847 1176 ,
1873 1152 1936 1173 non
1946 1142 2003 1174 effe
2016 1144 2147 1182 malum.

1192 1175 1343 1206 dolorem.
1366 1186 1422 1216 ego
1433 1177 1506 1208 illud
1517 1197 1526 1211 ‚
1546 1180 1694 1221 quidquid
1705 1181 1737 1212 sit
1747 1202 1756 1217 ,
1780 1192 1895 1214 tanturn
1909 1183 1966 1215 effe
1979 1204 1987 1218 ‚
1999 1194 2148 1226 quantum

1191 1216 1325 1247 videatur
1336 1237 1345 1251 2
1358 1227 1421 1248 non
1431 1228 1505 1258 puto
1517 1219 1660 1263 :falsaque
1670 1224 1734 1263 ejus
1742 1223 1868 1259 visione,
1881 1225 1913 1255 &
1921 1226 2015 1266 specie
2028 1228 2146 1258 moveri

1191 1259 1333 1289 homines
1341 1259 1410 1289 dico
1417 1261 1629 1293 vehementius
1639 1284 1648 1298 ,
1669 1265 1867 1308 doloremque
1878 1268 1942 1307 ejus
1952 1277 2080 1298 omnem
2090 1266 2151 1298 effe

1190 1300 1390 1330 tolerabilem.
1413 1302 1493 1333 unde
1513 1305 1604 1344 igitur
1618 1306 1732 1337 ordiar?
1757 1318 1794 1338 an
1805 1309 1908 1339 eadem
1920 1308 2151 1340 breviterattin-

1189 1351 1278 1382 gam,
1297 1352 1362 1383 quae
1382 1342 1477 1374 modo
1498 1344 1581 1380 dixi,
1603 1357 1664 1388 quo
1683 1347 1802 1380 facilius
1813 1352 1907 1381 oratio
1917 1350 2150 1392 progredipoffit

1192 1383 1313 1425 longius
1326 1388 1338 1413 ἓ
1354 1387 1437 1415 Inter
1449 1389 1568 1417 omneis
1591 1390 1680 1430 igitur
1691 1391 1747 1420 hoc
1758 1391 1891 1426 constat,
1911 1402 1966 1423 nec
1976 1392 2083 1423 dusios
2093 1394 2151 1423 ho-

1192 1427 1292 1455 mines
1301 1425 1400 1456 solum
1411 1447 1419 1461 ,
1441 1427 1490 1457 scd
1510 1431 1600 1459 etiam
1614 1431 1754 1462 indo&os
1764 1452 1773 1467 ‚
1793 1435 1930 1464 virorum
1940 1433 1997 1465 effe
2007 1434 2148 1469 fortium,

1193 1467 1226 1497 δε
1243 1470 1506 1508 magnanimorum
1519 1489 1527 1503 ‚
1549 1471 1581 1501 ὃς
1597 1474 1776 1511 patientium
1789 1494 1798 1507 ,
1817 1475 1850 1505 δε
1872 1476 2002 1506 humana
2021 1478 2150 1507 vincen-

1190 1510 1288 1542 tium,
1308 1510 1468 1539 toleranter
1489 1511 1627 1542 dolorem
1648 1516 1726 1554 pati:
1744 1525 1800 1546 nec
1814 1516 1885 1545 vero
1905 1519 2064 1556 quisquam
2078 1517 2148 1551 fuit,

1191 1553 1243 1589 qui
1254 1559 1324 1579 eum
1336 1569 1345 1583 ‚
1367 1552 1420 1590 qui
1431 1553 1469 1581 ita
1477 1561 1624 1591 pateretur
1633 1573 1642 1588 ,
1653 1564 1717 1585 non
1728 1556 1909 1587 laudandum
1920 1566 2042 1597 putaret.
2065 1558 2149 1598 quod

1190 1600 1260 1630 ergo
1271 1590 1475 1631 &postulatur
1484 1596 1498 1622 a
1510 1593 1641 1624 fortibus
1650 1615 1658 1629 ,
1680 1596 1713 1626 &
1727 1597 1862 1628 laudatur
1872 1617 1881 1631 ,
1900 1598 1972 1628 cum
1984 1597 2017 1628 fit
2028 1618 2038 1632 ‚
2061 1599 2092 1629 id
2100 1608 2152 1629 aut

1190 1633 1383 1662 eXtimescere
1400 1635 1544 1668 veniens,
1562 1644 1613 1665 aut
1630 1646 1693 1667 non
1704 1636 1780 1668 ferre
1789 1638 1932 1678 praesens,
1951 1649 2055 1670 nonne
2066 1648 2152 1681 turpe

1190 1672 1233 1703 est
1245 1680 1255 1703 ἒ
1277 1676 1368 1715 Atqui
1381 1673 1451 1704 vide
1461 1694 1469 1709 ‚
1494 1685 1533 1705 ne
1544 1696 1553 1710 ‚
1564 1676 1635 1707 cum
1645 1688 1753 1709 omnes
1764 1679 1850 1710 rectae
1859 1682 1954 1711 animi
1963 1679 2150 1716 affectiones,

1189 1717 1310 1745 virtutes
1320 1716 1584 1756 appellentur,non
1594 1718 1627 1749 sit
1637 1721 1694 1751 hoc
1700 1724 1856 1762 proprium
1867 1732 1981 1752 nomen
1992 1725 2149 1759 omnium,

1190 1760 1220 1784 ¹4
1239 1756 1289 1787 sed
1309 1758 1346 1788 ab
1366 1767 1418 1792 ea,
1436 1768 1502 1799 quae
1522 1771 1580 1791 una
1596 1765 1701 1793 ceteris
1716 1764 1899 1798 excellebat,
1919 1773 2027 1794 omnes
2044 1770 2151 1795 nomi-

1190 1807 1265 1829 natat
1285 1797 1353 1829 sint.
1377 1802 1405 1826 ¹5
1413 1801 1554 1839 appellata
1565 1802 1607 1833 est
1619 1805 1701 1834 enim
1717 1814 1758 1834 ex
1768 1806 1937 1836 virovirtus
1951 1816 1957 1834 :
1975 1807 2036 1835 viri
2045 1816 2147 1838 autem

1188 1840 1299 1881 propria
1310 1841 1437 1870 maxime
1445 1841 1489 1871 eff
1493 1843 1643 1880 fortitudo.
1667 1846 1754 1881 cuius
1764 1855 1889 1877 munera
1898 1847 1960 1877 duo
1970 1848 2038 1878 sunt
2047 1851 2149 1879 maxi-

1191 1891 1257 1915 ma,
1274 1884 1384 1911 mortis
1396 1901 1405 1916 ,
1426 1882 1598 1925 dolorisque
1615 1889 1794 1918 contemtio.
1830 1888 1976 1919 utendum
1996 1888 2040 1919 est
2057 1891 2149 1930 igitur

1190 1923 1238 1952 his
1249 1941 1258 1957 ,
1281 1921 1301 1951 fi
1320 1925 1441 1954 virtutis
1451 1934 1607 1965 compntes
1615 1946 1624 1960 ‚
1647 1929 1696 1957 vel
1710 1928 1813 1968 potius
1826 1927 1846 1959 si
1856 1932 1913 1960 viri
1922 1931 2065 1961 volumus
2075 1930 2147 1966 else,

1189 1966 1335 2005 quoniam
1355 1964 1370 1995 a
1389 1967 1461 1995 viris
1478 1968 1572 1997 virtus
1590 1978 1704 1999 nomen
1725 1969 1767 2000 est
1787 1979 1930 2002 mutuata.
1954 1974 2076 2011 Quaeres
2084 1972 2147 2004 for-

1190 2004 1257 2035 taffe
1267 2025 1276 2040 ‚
1297 2016 1358 2047 quo
1368 2007 1479 2038 modo:
1504 2008 1536 2038 δε
1546 2009 1637 2040 recqe.
1657 2011 1746 2041 talem
1757 2014 1841 2042 enim
1853 2012 2036 2044 medicinam
2046 2015 2149 2055 philo-

1190 2047 1292 2087 sophia
1308 2047 1473 2088 profitetur.
1502 2053 1588 2081 venit
1600 2053 1760 2092 Epicurus,
1784 2055 1880 2085 homo
1893 2056 2024 2086 minime
2036 2057 2147 2092 malus,

1188 2091 1237 2118 vel
1247 2091 1349 2129 potius
1359 2093 1404 2120 vir
1415 2092 1551 2131 optimus
1563 2103 1568 2122 1
1579 2102 1694 2124 tantum
1706 2104 1811 2126 monet
1820 2115 1828 2130 ,
1840 2102 1986 2138 quantum
1997 2098 2149 2140 intelligit:

1189 2132 1329 2172 Neglt'ge,
1352 2135 1471 2173 inquit,
1490 2133 1616 2163 dolorem.
1641 2138 1716 2174 Quis
1730 2138 1788 2167 hoc
1797 2136 1894 2168 dicit?
1912 2139 2017 2173 Idem,
2029 2143 2081 2180 qui
2091 2143 2150 2171 do-

1189 2173 1285 2203 lorem
1305 2173 1458 2204 summurn
1479 2177 1606 2206 malum.
1630 2181 1683 2208 vix
1702 2178 1771 2209 satis
1789 2178 1958 2210 constanter
1979 2181 2146 2212 audiamus.

1189 2214 1223 2244 Si
1239 2215 1368 2254 summm
1383 2216 1457 2245 dolor
1470 2216 1514 2246 eft*
1524 2237 1533 2251 ,
1552 2220 1650 2259 inquit
1660 2238 1668 2253 ,
1686 2220 1781 2261 necesse
1797 2219 1958 2251 es‘lbrevem
1970 2221 2027 2260 ff.
2049 2225 2143 2254 Itera-

1191 2257 1265 2287 dum
1275 2257 1379 2288 eadem
1389 2257 1442 2289 ista
1451 2260 1528 2289 mihi
1532 2271 1542 2294 3
1555 2258 1581 2280 ¹⁶
1591 2271 1655 2291 non
1663 2266 1748 2292 enirn
1756 2262 1821 2294 satis
1829 2264 2055 2305 intelligo‚quid
2065 2265 2149 2296 sum-

2055 2316 2146 2339 mum

1187 2403 1247 2430 nebi
1258 2413 1266 2435 ς
1291 2405 1332 2431 ciii
1343 2405 1444 2432 accedit
1455 2406 1511 2434 Pal.
1521 2405 1572 2433 sec.
1583 2408 1670 2441 sistitis
1679 2409 1807 2442 ihfaffum
1815 2412 1904 2443 nonfit,
1925 2416 1989 2436 tert.
2001 2411 2026 2443 fi
2035 2410 2098 2443 satis
2107 2412 2148 2436 hie

1179 2441 1274 2472 fab‘t'um
1283 2442 1372 2475 nonsit.
1392 2441 1437 2468 aiii
1448 2452 1480 2469 ex
1494 2443 1549 2477 conj
1556 2444 1647 2471 ectus-:i
1660 2455 1665 2470 :
1688 2445 1922 2479 nisatnjaflumfit.
1935 2445 2145 2481 vulgo,].2tiosae-

1188 2478 1250 2502 Hum
1260 2477 1289 2502 iis
1300 2479 1345 2510 fit,
1357 2478 1533 2512 Vatia-fijan}
1544 2480 1578 2504 ln's
1587 2482 1711 2513 tiHumfit.

1223 2520 1252 2547 9.
1272 2515 1357 2538 Collum
1367 2516 1512 2548 contraxit]
1536 2515 1595 2541 Mss'.
1607 2515 1716 2542 Suffridi
1729 2526 1734 2542 :
1758 2519 1872 2542 retraxit.

1224 2551 1301 2574 io.Et
1310 2550 1424 2584 haudscio
1434 2559 1466 2576 an
1474 2555 1511 2577 ita
1514 2552 1548 2584 fit
1557 2558 1584 2576 ut
1592 2553 1717 2587 mareſsa]
1739 2552 1795 2578 Pal.
1807 2559 1894 2588 quart.
1904 2552 1934 2584 ὰ
1943 2553 2020 2580 adhtu
2027 2554 2099 2589 neseio
2108 2563 2144 2581 an

1162 2598 1163 2607 i
1184 2586 1222 2609 ita
1226 2585 1269 2618 fit,
1278 2591 1305 2609 ut
1315 2587 1425 2619 nuncfit.

1223 2629 1264 2646 ιι.
1283 2623 1329 2654 Age
1333 2623 1368 2655 fis
1377 2630 1439 2647 nunc
1448 2622 1474 2646 de
1485 2624 1576 2648 ratione
1586 2623 1738 2658 videamus]
1764 2623 1862 2651 Palatt.
1873 2631 1998 2661 quatuor.
2010 2625 2075 2653 utin
2086 2635 2147 2654 cre·

1183 2656 1287 2692 puiidiis
1298 2656 1423 2688 indicavi,
1432 2660 1572 2690 edqagefis.

1222 2700 1264 2718 12.
1286 2695 1351 2718 sitne
1360 2696 1433 2725 igitur
1442 2695 1530 2719 malum
1539 2694 1637 2729 d0.'ere.]
1660 2694 1730 2722 Istud
1742 2695 1798 2722 Pal.
1809 2696 1889 2732 prim.
1909 2696 2004 2724 tertius
2015 2696 2122 2734 superne
2132 2707 2142 2726 ι

1183 2735 1270 2764 quart.
1281 2728 1369 2762 quint.
1382 2728 1452 2755 Pith.
1464 2729 1518 2755 imo
1532 2729 1582 2765 ipse
1594 2729 1727 2757 Victorius
1739 2731 1838 2758 all'erit.
1860 2732 1940 2768 vulgo
1950 2734 2022 2759 dolor.

1221 2772 1249 2799 ¹3
1257 2784 1263 2790 .
1284 2768 1331 2790 Mc
1340 2765 1450 2797 adsknfiu
1458 2768 1684 2801 pe··manantilsm.]
1707 2767 1816 2794 l’raetuli
1834 2768 1900 2795 hane
1920 2769 2062 2796 lechonem
2074 2771 2144 2797 Cre·

1180 2800 1347 2835 pundiisjam
1360 2808 1489 2837 repertam
1501 2802 1564 2827 inihi
1577 2802 1602 2828 iii
1616 2803 1674 2829 Pal.
1685 2811 1773 2839 quart.
1787 2804 1901 2832 illustrat
1911 2805 1979 2831 h'unc
1991 2805 2078 2832 locum
2088 2805 2144 2842 ipse

1180 2835 1287 2862 'rullius
1306 2835 1381 2873 supra
1401 2837 1447 2863 lib.
1462 2846 1483 2863 1.
1504 2846 1561 2873 cup.
1573 2836 1599 2864 8.
1623 2837 1644 2865 f.
1663 2841 1760 2865 uberius
1777 2842 1822 2872 Ista
1831 2841 1910 2874 quast.
1933 2842 1977 2866 haec
1990 2844 2051 2867 em'm
2061 2844 2144 2875 spino-

1173 2872 1314 2905 fiorapriur
1325 2880 1352 2898 ut
1363 2876 1519 2907 confitear-,me
1529 2881 1620 2906 cogunt,
1629 2874 1702 2909 qmim
1711 2883 1739 2900 ur
1747 2876 1873 2908 affemiar.
1885 2876 2049 2909 conjeceram
2060 2879 2141 2905 ctiam

1174 2910 1381 2940 permanentibus,
1393 2908 1462 2945 quod
1469 2918 1524 2943 jain
1536 2910 1638 2936 editiiiii
1652 2911 1728 2938 video
1738 2912 1803 2938 olim
1815 2913 1830 2938 a
1848 2911 1980 2940 Vietorio.
1999 2914 2091 2949 vulgo,
2100 2923 2145 2941 nee

1178 2943 1288 2978 affcnfiu
1304 2947 1507 2977 permanentibm.
1529 2945 1591 2972 Fab.
1604 2945 1687 2974 codex
1698 2948 1823 2981 affenfihus
1830 2955 1906 2981 perm.

1218 2986 1260 3012 ¹4-
1280 2981 1326 3005 Sed
1333 2982 1364 3006 ab
1373 2990 1411 3012 Μ,
1424 2991 1472 3015 qut
1481 2991 1531 3007 una
1540 2983 1620 3009 cetera}
1628 2984 1776 3018 excellebat]
1796 2983 1876 3010 Victo
1881 2984 1933 3011 rius
1945 2984 1977 3011 sic
1987 2985 2083 3017 edidit,
2095 2985 2143 3012 sic·

1176 3023 1227 3076 pue
1238 3016 1323 3051 reperi
1335 3016 1361 3043 in
1375 3016 1442 3042 Pali.
1454 3025 1543 3052 quart.
1555 3019 1643 3053 quint.
1657 3020 1740 3046 Vatic.
1752 3019 1779 3046 in
1790 3021 1886 3047 ceteris
1897 3030 2003 3056 quoque
2015 3040 2022 3053 ‚
2034 3029 2062 3048 ut
2075 3021 2142 3049 fab.

1190 3050 1248 3077 ’itin
1259 3051 1296 3078 est
1307 3054 1436 3078 excellebat.
1455 3052 1523 3080 alias
1533 3065 1542 3086 ,-
1555 3054 1600 3088 sed
1609 3056 1639 3081 ab
1649 3055 1678 3081 m*
1687 3054 1748 3087 rand,
1762 3064 1811 3089 qux
1819 3057 1899 3083 cereris
1908 3059 2013 3083 excellat.

1213 3095 1222 3113 ι
1231 3095 1243 3120 5
1251 3090 1381 3121 .Appeuata
1390 3090 1426 3114 eff
1434 3091 1494 3114 enim
1505 3099 1534 3115 ex
1542 3092 1597 3115 viro
1606 3092 1716 3127 vii-tm]
1740 3090 1828 3128 Vulgo
1837 3091 1853 3118 a
1863 3096 1928 3119 vira.
1939 3092 1982 3119 sed
1992 3094 2008 3120 a
2018 3092 2095 3120 nobis
2104 3093 2143 3122 tsi

1173 3121 1276 3148 Vic'tor.
1291 3123 1408 3159 quinque
1420 3123 1486 3150 Pali.
1501 3124 1564 3152 Fab.
1580 3126 1652 3152 l’ith.

1209 3167 1219 3185 1
1225 3159 1316 3194 611οπ
1325 3163 1384 3185 enim
1394 3161 1449 3189 latis
1458 3161 1586 3197 imcllago]
1601 3161 1719 3191 AuCtior
1729 3162 1762 3191 ad
1767 3163 1924 3199 verbiosaiis
1933 3164 1974 3193 edi
1979 3165 2019 3193 tio
2028 3163 2135 3191 vietor.

1169 3194 1286 3231 quinque
1297 3195 1366 3223 1’211.
1377 3194 1443 3224 Fab'.
1457 3196 1530 3225 luth.

2021 3237 2127 3264 lid-'crta'

2168 886 2208 919 18

2168 1992 2209 2027 ¹9
