2297 3389
47 2597 101 2643 '44
115 2597 226 2628 deatis?

506 111 775 156 ORA’i-ro
833 122 953 153 prro
1009 106 1445 153 A.CLUENT10
1497 107 1718 167 Avrro.

141 192 268 225 honoris
282 191 365 224 causa
381 191 574 223 nominatur,
584 188 670 220 facile
683 190 741 219 hoc
752 209 761 223 ‚
779 189 891 226 iudices
901 209 909 223 ‚
921 189 1097 229 impetrabo,

144 245 187 269 ut,
199 245 288 276 quam
305 235 365 274 ipse
374 232 511 263 adhibere
520 231 677 261 consuevit
687 232 720 260 in
730 232 897 269 amicorum
908 230 1097 270 periculisfi-

141 276 213 310 dem,
226 277 258 307 δε
268 276 448 316 diligentiam
458 292 467 306 ‚
477 282 544 303 tum
556 274 622 302 vim
636 273 743 306 animi,
757 272 984 311 libertatemque
994 272 1097 301 dicen-

142 318 185 352 di,
199 322 208 337 ¹
220 319 254 347 in
264 318 316 347 hac
330 317 407 347 mihi
416 314 560 345 concedat
569 334 577 347 ,
591 322 624 343 ut
635 322 751 344 tantum
765 314 841 342 mihi
852 313 967 342 sumam
978 331 986 345 ‚
999 322 1096 352 quan-

140 365 208 389 tum
226 357 285 389 fine
302 358 391 395 hujus
401 356 535 395 periculo
553 357 698 395 praeterire
718 365 783 384 non
794 352 922 394 possum.
947 357 973 383 A
992 364 1043 382 me
1053 362 1095 383 ta-

139 410 224 433 men,
237 408 268 429 ut
278 404 397 438 aequum
407 396 460 430 est,
473 399 578 427 omnia
587 396 681 429 caute,
692 396 936 436 pedetentimque
946 395 1093 427 dicentur,

138 449 173 471 nt
186 450 281 479 neque
292 438 365 469 fides
381 439 468 478 hujus
479 436 661 468 defensionis
671 437 773 467 relidkr
783 457 791 470 ‚
807 447 904 478 neque
917 436 1092 476 cujusquam

136 491 188 512 aut
196 482 323 522 dignitas
333 480 413 514 laesa,
432 489 481 510 aut
498 481 630 510 amicitia
638 479 748 509 violata
757 477 815 508 effe
825 478 970 508 videatur.
994 477 1092 507 Video

135 524 244 564 igitur,
264 522 398 561 judices,
417 519 657 551 animadvertisse
669 521 806 551 censores
826 522 858 550 in
874 520 990 559 judices
1003 520 1092 560 quos-

136 564 205 594 dam
217 564 300 593 illius
311 562 430 594 confilii
438 564 562 604 Juniani
573 583 581 595 ,
596 560 668 592 cum
680 561 765 592 istam
782 562 875 602 ipsam
886 562 1002 591 causam
1023 560 1092 591 sub-

136 605 305 636 scriberent.
327 603 385 635 Hic
397 607 532 644 primum
546 604 621 633 illud
632 613 798 634 commune
806 613 986 643 proponam,
998 612 1091 632 num—

135 656 225 687 quam
237 645 545 676 animadversionibus
556 646 698 676 censoriis
708 647 785 675 hanc
796 647 948 675 civitatem
970 646 1008 673 ita
1025 654 1089 672 con-

134 695 255 721 tenram,
267 697 299 718 ut
312 688 399 718 rebus
407 687 544 727 judicatis
556 707 564 721 ,
580 685 675 716 fuiss'e.
698 696 795 727 neque
813 688 845 715 in
855 696 885 715 re
902 694 972 715 nota
981 685 1089 714 consu-

135 739 219 760 mam
236 738 355 769 tempus
366 730 525 768 exemplis.
548 738 657 768 ponam
674 731 689 746 ²
702 727 778 757 illud
789 737 904 756 unum:
922 728 954 756 C.
967 728 1087 759 Getam,

132 770 203 801 cum
218 773 234 801 a
244 773 278 801 L.
289 772 416 801 Metello
427 791 436 804 ‚
449 771 482 800 δε
493 773 549 800 Cn.
561 770 713 802 Domitio,
724 768 897 798 censoribus
908 787 916 801 ‚
935 778 973 797 ex
987 769 1088 798 senatu

131 812 245 852 eje&us
255 811 334 846 esset,
345 813 498 842 censorem
510 812 607 851 ipsum
618 809 717 849 postea
730 808 787 839 ess'e
796 809 910 839 faa-um
923 820 928 838 :
941 810 974 839 ὃς
983 829 991 843 ,
1003 809 1088 848 cujus

134 864 234 885 mores
244 853 258 884 Ξι
268 854 441 884 censoribus
453 861 535 882 erant
549 849 726 891 reprehensi,
743 852 823 881 hunc
831 850 932 891 postea
943 851 974 880 &
984 851 1088 890 populi

132 897 269 926 Romani
279 896 311 925 &c
320 905 437 927 eorum,
449 896 499 934 qui
512 895 552 927 ¹in
563 893 662 932 ipsum
670 893 954 926 animadverterant,
967 890 1088 921 moribus

127 936 272 978 prefuisse.
296 935 386 977 Qiod
396 935 416 965 sl
426 935 501 965 illud
516 934 666 974 judicium
678 943 842 974 putaretur:
859 944 891 964 ut
903 936 1010 967 ceteri3
1025 943 1088 963 tur-

130 981 162 1018 pi
183 978 293 1015 judicio
302 978 451 1009 damnati,
472 978 503 1006 in
514 985 689 1015 perpetuum
701 978 788 1005 omni
803 978 970 1009 honore‚-ac
987 975 1086 1016 digni-

134 1015 191 1049 tate
204 1021 374 1058 privantur:
393 1017 432 1048 fic
449 1018 628 1047 hominibus
647 1019 817 1058 ignominia
838 1019 947 1047 notatis
959 1038 967 1050 ,
989 1026 1086 1057 neque

131 1061 167 1091 ad
185 1061 333 1090 honorem
346 1059 453 1093 aditus,
470 1069 567 1100 neque
577 1061 610 1088 in
619 1061 735 1089 curiam
744 1058 856 1089 reditus
875 1057 956 1088 esset.
980 1061 1084 1092 Nunc,

130 1100 152 1131 fi
170 1112 260 1143 quem
279 1104 333 1132 Cn.
343 1102 486 1135 Lentuli,
505 1110 556 1131 aut
566 1103 601 1130 L.
614 1101 706 1130 Gellii
724 1101 850 1130 libertus
871 1099 942 1130 furti
960 1100 1085 1129 condem-

130 1144 230 1173 narit:
247 1145 283 1177 is,
306 1143 449 1173 omnibus
468 1144 654 1173 ornamentis
663 1141 773 1172 amiffis
784 1162 792 1175 ,
812 1151 981 1181 numquam
991 1142 1084 1171 ullam

130 1184 294 1215 honestatis
311 1185 369 1215 suae
376 1194 490 1225 partem
501 1184 691 1223 recuperabit.
702 1194 776 1224 quos
787 1192 885 1217 autem
896 1184 957 1222 ipse
970 1184 1085 1213 L.Gel-

128 1226 200 1260 lius,
217 1227 249 1256 &
259 1229 314 1256 Cn.
325 1226 485 1259 Lentulus,
497 1225 558 1255 duo
567 1226 714 1258 censores,
727 1223 878 1255 ciariffimi
888 1227 956 1258 viri,
970 1225 1085 1264 sapien—

130 1267 292 1309 tiffimique
305 1269 448 1298 homines
459 1287 467 1300 ,
478 1268 561 1299 furti,
574 1267 606 1296 δε
615 1275 764 1307 captarum
778 1268 972 1306 pecuniarum
984 1268 1086 1296 nomi-

130 1319 188 1344 nc,
207 1317 395 1338 notaverunt:
417 1311 439 1338 ii
457 1319 521 1338 non
532 1307 626 1338 modo
645 1311 678 1337 in
696 1309 829 1338 senatum
843 1308 1014 1341 redierunt,
1036 1308 1084 1338 scd

64 1361 109 1394 43
128 1353 220 1387 eram
234 1351 353 1381 illarum
364 1351 490 1390 ipsarum
511 1359 610 1379 rerum
630 1348 750 1386 judiciis
767 1349 895 1379 absoluti
914 1350 992 1379 sunt.
1018 1352 1084 1379 Ne-

129 1395 247 1423 minem
258 1393 419 1423 voluerunt
437 1391 566 1430 majores
584 1390 679 1420 nostri
690 1401 753 1420 non
767 1389 861 1420 modo
876 1391 912 1420 de
931 1390 1085 1421 existima-

131 1436 214 1464 tione
227 1434 412 1474 cuiusquam‚
426 1433 473 1463 sed
484 1443 522 1462 ne
531 1434 700 1472 pecuniaria
711 1432 835 1472 quidem
853 1432 890 1461 de
906 1443 936 1462 re
954 1435 1086 1463 minima

127 1473 186 1505 effe
200 1475 334 1514 judicem
345 1495 353 1508 ‚
373 1473 427 1504 nifi
445 1476 498 1514 qui
517 1476 595 1503 inter
612 1473 793 1504 adversarios
809 1473 981 1510 convent-‘ffb‘
1004 1477 1086 1516 Qa—

127 1525 246 1557 propter
258 1518 292 1546 in
301 1516 447 1547 omnibus
461 1516 586 1557 legibus,
597 1515 705 1556 quibus
722 1525 880 1555 exceptum
899 1515 941 1545 est
952 1536 960 1548 ‚
971 1515 1007 1546 de
1017 1518 1085 1556 qui-

127 1559 184 1589 bus
193 1557 283 1588 caufis
299 1568 349 1589 aut
358 1557 559 1599 magistratum
569 1567 670 1596 capere
684 1567 749 1587 non
769 1558 871 1590 liceat,
890 1567 941 1587 aut
948 1557 1083 1596 judicem

127 1600 187 1640 legi
198 1620 207 1632 ‚
223 1609 272 1630 aut
288 1600 555 1630 alrerumaccufiue
565 1619 573 1633 ‚
593 1600 656 1629 haec
672 1600 853 1640 ignominiae
867 1599 950 1630 causa
966 1609 1084 1639 praeter-

127 1640 216 1672 mifl'a
225 1640 278 1671 est.
302 1643 417 1671 Timoris
430 1643 513 1670 enim
525 1641 640 1671 causam
652 1660 661 1675 ‚
681 1651 745 1671 non
766 1643 833 1671 vitae
851 1651 970 1681 poenam
982 1643 1015 1671 in
1032 1641 1084 1671 illa

125 1682 270 1723 potestate
287 1681 344 1713 effe
354 1683 526 1713 voluerunt.
550 1686 651 1723 Itaque
660 1693 725 1713 non
735 1682 833 1714 solum
845 1703 853 1717 ‚
862 1683 976 1723 judices
987 1704 995 1717 ,
1007 1683 1083 1714 illud

125 1723 295 1758 ostendam,
308 1725 387 1766 quod
396 1726 457 1764 jam
469 1724 587 1758 videtis,
598 1725 704 1764 populi
717 1727 852 1755 Romani
872 1724 1016 1766 suffragiis
1029 1725 1082 1756 sae-

124 1775 293 1806 penumero
308 1767 456 1797 censorias
465 1767 694 1806 subscriptiones
707 1765 765 1796 ess'e
783 1767 892 1797 deletas
902 1787 910 1801 ,
921 1777 1026 1797 verum
1039 1776 1082 1797 et-

125 1806 317 1847 iamjudiciis
326 1817 442 1842 eorum,
452 1808 602 1849 quijurati
613 1807 734 1838 statuere
745 1810 859 1845 maiore
878 1818 949 1838 cum
961 1810 1082 1850 religio-

125 1859 165 1879 ne
177 1869 185 1883 ‚
207 1849 403 1890 &diligentia
411 1850 590 1880 debuerunt.
615 1848 754 1880 Primum
769 1850 902 1890 judices,
920 1851 1080 1884 senatores,

125 1891 297 1932 equitesque
310 1893 404 1920 Rom.
416 1892 448 1920 in
457 1891 664 1930 compluribus
670 1892 733 1931 jam
744 1894 800 1921 reis
812 1911 820 1925 ‚
839 1902 915 1933 quos
924 1901 1028 1922 contra
1037 1892 1081 1922 le-

123 1942 176 1972 ges
191 1934 332 1972 pecunias
348 1931 488 1972 accepiss'e
497 1932 694 1972 subscriptum
705 1932 758 1966 est,
774 1934 830 1963 suae
840 1935 941 1972 potius
960 1935 1081 1975 religio—

125 1975 158 2004 ni
172 1994 181 2006 ,
200 1974 292 2014 quam
309 1975 448 2013 censbrnm
465 1985 477 2002 ο
498 1974 586 2002 inioni
596 1993 604 2006 ‚
619 1983 786 2012 paruerunt.
808 1974 929 2004 Deinde
942 1984 1081 2014 praetores

124 2015 251 2049 urbani,
268 2017 422 2056 quijurati
434 1982 544 2045 degent
556 2017 708 2054 optimum
719 2025 870 2057 quemque
889 2020 901 2043 3
917 2017 950 2045 in
958 2015 1081 2045 selectos

123 2056 240 2097 judices
262 2056 370 2087 referre
388 2078 398 2090 ,
422 2066 589 2097 numquam
612 2054 665 2086 sibi
686 2056 721 2086 ad
743 2067 808 2087 eam
830 2068 893 2087 rem
911 2058 1077 2088 censoriam

123 2100 329 2140 ignominiam
345 2098 569 2138 impedimento
588 2096 646 2128 esse
664 2108 800 2139 oportere
819 2098 978 2130 duxerunt.
1002 2102 1080 2130 Cen-

122 2141 203 2171 sores
212 2139 342 2181 denique
351 2139 404 2179 ipsi
415 2140 618 2179 saepcnumero
630 2140 815 2180 superiorum
826 2142 984 2171 censorum
997 2141 1079 2181 judi-

119 2183 176 2212 ciis
194 2180 233 2220 (si
251 2180 429 2221 istajudicia
445 2182 584 2221 appellari
601 2182 713 2219 vultis)
735 2192 799 2212 non
818 2182 968 2212 steterunt.
993 2192 1079 2223 atque

119 2225 212 2254 etiam
221 2221 275 2262 ipsi
290 2224 369 2253 inter
386 2223 415 2253 se
432 2224 566 2253 censores
585 2223 636 2252 sua
649 2223 761 2263 judicia
775 2226 848 2254 tanti
870 2223 927 2253 ess'e
936 2225 1080 2254 arbitran-

120 2273 170 2296 tur
186 2285 195 2299 ,
216 2272 250 2294 ut
268 2265 339 2294 alter
356 2265 476 2294 alterius
499 2263 649 2304 judicium
668 2275 732 2294 non
750 2265 846 2295 modo
867 2266 1079 2305 reprehendat,

119 2306 169 2337 sed
184 2308 273 2336 etiam
285 2306 437 2346 resi-indat:
455 2314 488 2336 ut
497 2307 568 2340 alter
579 2306 615 2335 de
634 2306 733 2337 senatu
752 2309 870 2337 moveri
889 2308 982 2341 velit,
1003 2308 1075 2337 alter

118 2350 244 2379 retineat
253 2367 261 2382 ‚
275 2348 308 2378 δι’
317 2347 423 2378 ordine
432 2346 614 2388 amphffirno
624 2347 752 2389 dignum
763 2348 917 2379 existimet
931 2360 936 2377 :
958 2359 990 2378 ut
1004 2349 1078 2378 alter

119 2390 155 2420 in
172 2391 288 2420 aerarios
310 2388 431 2422 referri,
450 2399 499 2419 aut
517 2389 595 2419 tribu
616 2392 731 2420 moveri
754 2390 855 2429 jubeat
868 2391 969 2423 ,alter
988 2399 1076 2420 vetet.

119 2434 216 2473 Qare
225 2429 277 2472 qui
293 2431 382 2461 vobis
399 2432 431 2460 in
442 2440 578 2461 mentem
594 2433 679 2461 venit
689 2451 706 2465 ‚A
718 2433 778 2462 haec
788 2432 932 2472 appellare
943 2432 1056 2471 judicia
1067 2452 1075 2466 ,

118 2483 184 2513 quae
196 2472 212 2502 ὲ
222 2473 335 2512 populo
347 2475 489 2502 Romano
499 2473 638 2506 rescindi,
658 2473 695 2502 ab
709 2474 812 2511 juratis
824 2473 972 2508 iudicibus
987 2483 1075 2513 repu-

117 2515 190 2544 diari
202 2534 210 2547 ‚
228 2516 244 2544 a
255 2513 471 2555 magistratibus
480 2515 590 2555 negligi
602 2534 611 2548 ,
629 2514 665 2544 ab
676 2515 714 2544 iis
726 2535 733 2548 ,
749 2517 801 2555 qui
812 2514 937 2544 eandem
947 2514 1076 2554 potesta-

115 2564 178 2586 tem
196 2555 293 2595 adepti
306 2556 390 2589 sunt‚
402 2557 581 2586 commutari
594 2576 602 2589 ‚
622 2558 700 2586 inter
718 2557 845 2597 collegas
856 2556 1016 2596 discrepare
1027 2557 1075 2586 vi-

250 2599 326 2637 Qae
334 2596 404 2627 cum
420 2599 462 2627 ita
474 2597 547 2627 sint:
569 2598 738 2630 videamus,
752 2598 825 2638 quid
836 2597 957 2628 tandem
968 2598 1074 2628 censo-

112 2649 159 2669 res
170 2639 207 2669 de
218 2638 401 2678 illojudicio
414 2638 702 2679 corruptojudicaffe
714 2639 860 2669 dicantur.
884 2643 927 2669 Ac
936 2638 1073 2679 primum

109 2680 189 2712 illud
206 2680 384 2737 statuamus:
400 2679 503 2711 utrum
515 2701 523 2716 ‚
543 2683 613 2723 quia
623 2681 758 2712 censores
771 2681 1015 2722 subscripserint,
1034 2684 1073 2712 ita

146 2806 171 2824 1.
189 2802 217 2824 ln
235 2799 281 2823 hac
298 2799 356 2822 mihi
364 2798 471 2824 concedat
482 2817 490 2830 ‚
501 2797 566 2831 fifh]
587 2797 675 2830 1dest,
684 2798 808 2824 libertate
821 2817 828 2829 ‚
839 2797 949 2823 adnotat
960 2797 1067 2824 Guliel-

107 2833 187 2874 mius.
206 2833 249 2874 sed
261 2833 427 2861 Lambiniani
437 2834 647 2869 conjeftaneum,
660 2837 710 2866 hot,
722 2835 835 2861 rest-itin
847 2834 912 2860 l’all.
926 2843 966 2869 pr.
978 2842 1067 2869 quart.

107 2870 355 2931 qusslit'lliliesljltimum:
373 2908 400 2931 C.
411 2906 518 2939 Gtrams]
541 2905 597 2931 Pal.
616 2915 656 2941 pr,
669 2909 775 2932 Guttam.
795 2912 859 2931 tert.
871 2907 979 2930 Gremni.
1001 2904 1065 2940 sept.

105 2943 203 2966 Gutum.
212 2940 431 2967 sec.1⁴lluAVmium
441 2944 468 2967 C.
480 2945 570 2967 Getam.
590 2940 632 2967 sed
644 2942 710 2967 ninil
722 2942 877 2967 imitandum
889 2952 895 2967 :
908 2942 1064 2967 notiteuim

106 2978 228 3016 Liciniurrg
247 2979 327 3002 Getam
340 2996 347 3009 ,
367 2978 441 3009 cuius
461 2977 607 3003 meminere
627 2979 715 3014 plures
727 2987 736 3008 .·,
757 2977 805 3004 nisi
827 2976 912 3004 forsan
933 2977 961 3002 Sc
982 2976 1064 3004 iidem

106 3018 437 3084 corhssssfistHvnjudstzn]
457 3048 628 3076 Illustrautur
638 3049 724 3077 istbaec
735 3050 750 3076 ὀ.
761 3048 886 3076 Turncbo
897 3048 967 3075 libro
979 3057 1063 3075 xxxx.

106 3083 134 3111 A
157 3081 250 3107 vei-sar.
260 3091 316 3117 cap.
329 3084 370 3109 16.
382 3084 403 3109 f.

140 3125 172 3154 4·
188 3119 379 3154 Qinoelexator]
395 3118 452 3148 Pal.
462 3120 543 3156 prim.
552 3121 632 3150 habet
641 3129 750 3159 quoque
759 3120 829 3151 illud
835 3120 969 3150 Lambiuo
978 3121 1062 3157 placi-

1998 111 2094 172 365

1140 186 1189 217 sit:
1210 197 1245 218 an
1257 207 1265 221 ,
1283 189 1352 228 quia
1370 189 1411 219 ita
1425 188 1532 222 fuerit,
1550 189 1597 219 illi
1616 189 1846 230 subscripserint.
1870 189 1900 219 Si
1920 188 2007 222 idco,
2027 192 2098 230 quia

1140 229 1376 269 ssibscripserint:
1398 231 1497 260 videte
1508 250 1516 264 ,
1537 230 1609 271 quid
1619 232 1710 272 agatis
1721 252 1729 265 2
1750 241 1787 261 ne
1798 232 1832 261 in
1842 240 2094 271 unumquemque

1140 269 1277 300 nostrum
1288 290 1296 304 ‚
1316 272 1491 302 censoribus
1513 274 1544 302 in
1555 271 1707 312 posterum
1719 271 1891 315 potestatem
1908 282 2015 312 regiam
2028 281 2095 311 pcr-

1140 312 1284 341 mittatis:
1312 322 1351 342 ne
1369 313 1545 353 subscriptio
1562 315 1695 344 censoria
1715 324 1776 345 non
1796 316 1899 344 minus
1919 313 2097 344 calamitatis

1136 351 1254 380 civibus
1267 372 1274 384 ‚
1289 353 1378 393 qukm
1391 355 1443 384 illa
1453 354 1633 384 acerbissima
1641 357 1817 396 proscriptio
1827 354 2039 396 poffitafferre:
2055 365 2095 385 ne

1137 393 1308 422 censorium
1320 393 1436 428 stilum,
1448 397 1532 433 cujus
1544 406 1720 427 mucronem
1732 398 1836 428 multis
1846 397 1988 427 remediis
1996 397 2096 434 majo—

1136 442 1181 462 res
1191 432 1284 462 nostri
1300 434 1473 466 retuderunt
1484 456 1491 468 ,
1512 437 1594 477 aequ‘e
1608 438 1727 477 posthac
1738 459 1746 472 ‚
1768 448 1854 480 atque
1864 440 1955 469 illum
1971 434 2096 467 diffluo-

1135 474 1211 502 rium
1217 475 1352 514 gradium
1360 471 1611 514 pertimescamus.
1626 481 1787 510 sinautem
1798 480 1880 521 quod
1894 480 2092 519 subscriptum

1133 514 1174 545 est
1186 535 1194 549 ‚
1209 518 1280 556 quia
1290 526 1396 546 verum
1408 516 1468 560 est3
1490 518 1599 548 idcirco
1610 529 1696 560 grave
1716 521 1802 551 debet
1817 520 1891 551 effe:
1911 523 1968 551 hoc
1977 531 2092 562 quaera-

1134 567 1213 590 mus,
1226 567 1329 587 verum
1342 556 1384 590 sit,
1401 567 1439 587 an
1454 558 1561 587 raisum
1574 570 1579 587 ι
1599 570 1808 592 removeantur
1824 562 2011 593 auc‘toritates
2021 573 2093 593 cen-

1133 599 1235 629 soriae:
1259 599 1381 629 tollatur
1400 598 1431 628 id
1440 609 1477 628 ex
1488 601 1569 629 causa
1581 620 1587 631 ‚
1610 603 1690 640 quod
1707 605 1737 632 in
1747 604 1829 633 causa
1845 615 1911 633 non
1922 603 1981 634 est:
2003 604 2090 636 doce,

1131 650 1223 680 quam
1234 642 1393 679 pecuniam
1408 641 1564 670 Cluentius
1575 641 1690 673 dederit
1701 664 1708 676 ,
1722 645 1800 675 unde
1810 645 1933 678 dederit,
1944 646 2091 685 quemad-

1133 681 1261 711 modum
1272 681 1403 711 dederit:
1427 692 1525 711 unum
1546 682 1678 723 denique
1696 686 1817 725 aliquod
1836 687 1851 716 a
1863 688 2005 718 Cluentio
2020 697 2090 727 pro-

1132 721 1218 752 fectae
1236 725 1370 762 pecuniae.
1388 722 1537 763 vestgium
1556 723 1689 754 ostende.
1721 729 1815 756 Vince
1839 728 1965 761 deinde,
1986 731 2090 758 virum

1132 764 1249 794 bonum
1259 762 1345 794 fuisse
1357 767 1557 804 Oppianicum
1570 785 1577 798 ‚
1599 767 1760 796 hominem
1772 770 1940 808 integrum:
1962 771 2041 799 nihil
2053 771 2088 799 de

1130 806 1187 835 iilo
1198 815 1343 847 umquam
1357 807 1439 836 secus
1449 805 1507 836 effi>
1517 806 1724 837 existimatum
1736 820 1740 837 :
1754 810 1833 838 nihil
1843 810 1972 850 denique
1981 812 2089 850 praeju-

1129 846 1276 877 dicatum.
1298 857 1361 877 tum
1374 847 1582 878 auctoritatem
1602 850 1761 880 censorum
1775 851 2002 890 ÷amplexatorz
2024 862 2090 882 tum

1131 889 1254 918 illorum
1262 889 1414 929 judicium
1426 899 1497 919 cum
1509 900 1538 919 re
1548 890 1749 929 conjunfftum
1760 890 1817 921 effe
1827 891 1990 922 defenditov
2004 895 2088 922 Dum

1128 930 1200 960 vero
1210 941 1280 960 eum
1299 929 1385 961 fuiss'e
1396 932 1597 970 Oppianicum
1617 931 1763 963 constabit
1773 954 1781 966 ,
1802 935 1854 973 qui
1865 933 1976 963 tabulis
1986 935 2088 973 publi-

1129 982 1176 1001 cas
1188 974 1349 1012 municipii
1362 973 1403 1002 sui
1415 972 1576 1012 corrupiffe
1585 973 1733 1012 judicatus
1744 973 1788 1005 fit:
1813 977 1865 1015 qui
1875 974 2087 1005 testamentum

1130 1014 1333 1043 inter-leverit:
1352 1024 1403 1054 qui
1417 1034 1425 1046 ‚
1442 1013 1586 1053 supposita
1596 1016 1733 1055 persona,
1755 1016 1862 1046 falsum
1875 1016 2086 1046 t2stamentur]

1128 1054 1347 1095 obsignandum
1365 1056 1469 1085 curarit
1492 1067 1497 1084 z
1517 1059 1569 1096 qui
1588 1067 1658 1086 eum
1679 1077 1687 1090 ‚
1709 1059 1796 1095 cuius
1814 1059 1942 1088 nominc
1962 1058 1994 1087 id
2013 1058 2090 1088 obli-

1128 1106 1250 1137 gnatum
1260 1096 1522 1129 est‚interfecei·it·.
1544 1099 1595 1138 qui
1608 1100 1790 1128 avunculum
1811 1099 1866 1129 filii
1882 1100 1925 1129 sui
1946 1102 1977 1129 in
1998 1101 2090 1130 servi-

1128 1147 1208 1171 tute,
1227 1148 1260 1168 ac
1277 1139 1409 1168 vinculis
1428 1140 1556 1168 necarit:
1577 1142 1628 1180 qui
1640 1142 1809 1180 municipes
1821 1142 1887 1171 suos
1897 1141 2086 1181 proscriben-

1129 1180 1194 1213 dos,
1208 1180 1449 1221 occidendosque
1462 1182 1589 1210 curavit:
1604 1184 1656 1221 qui
1676 1184 1740 1221 ejus
1751 1193 1890 1215 uxorem,
1902 1193 1992 1223 quem
2004 1185 2087 1213 occi-

1126 1221 1216 1255 derat,
1228 1224 1260 1251 in
1275 1224 1507 1251 matrimonium
1527 1222 1664 1253 duxerit:
1684 1226 1735 1264 qui
1753 1226 1913 1263 pecuniam
1929 1235 1983 1264 pro
1999 1225 2087 1255 abor-

1128 1266 1212 1293 tione
1222 1263 1352 1293 dederit:
1372 1266 1423 1304 qui
1435 1264 1551 1293 socrum
1563 1285 1571 1298 ,
1593 1266 1645 1305 qui
1657 1275 1781 1295 uxorem
1795 1286 1802 1299 ‚
1814 1268 1866 1306 qui
1879 1276 1940 1296 uno
1950 1275 2087 1306 tempore

1127 1305 1223 1335 fratris
1233 1315 1373 1338 uxorem,
1386 1305 1568 1346 speratosque
1582 1307 1704 1340 liberos,
1722 1307 1902 1348 fratremque
1911 1309 2020 1347 ipsum,
2031 1309 2086 1348 qui.

1127 1346 1257 1385 denique
1265 1347 1331 1386 sues
1346 1345 1443 1376 liberos
1459 1347 1643 1385 infmsccerit:
1660 1351 1711 1389 qui
1729 1348 1800 1379 cum
1819 1359 1973 1379 venenum
1990 1351 2087 1389 privi-

1127 1399 1188 1429 gno
1202 1389 1255 1418 suo
1265 1397 1417 1429 quaereret,
1430 1388 1590 1419 maniresto
1601 1388 1633 1420 fit
1646 1390 1864 1430 deprehensus:
1885 1393 1969 1428 cujus
1990 1393 2086 1420 mini-

1130 1429 1196 1460 stris
1206 1450 1215 1463 ,
1228 1431 1414 1470 consciisque
1425 1431 1573 1460 damnatis
1584 1451 1592 1464 ,
1612 1432 1673 1470 ipse
1691 1432 1837 1462 adtluEtus
1848 1453 1856 1465 ,
1880 1433 1914 1462 in
1935 1432 2086 1470 judicium

1128 1473 1289 1511 pecuniam
1306 1471 1401 1511 judici
1417 1472 1532 1502 dederit
1558 1473 1593 1502 ad
1616 1474 1774 1504 sententias
1789 1475 1927 1513 judicum
1947 1484 2085 1504 corrum-

1128 1513 1238 1553 pendas
1250 1524 1255 1542 :
1276 1513 1350 1543 dum
1360 1514 1432 1547 haec,
1446 1515 1582 1554 inquam,
1595 1513 1630 1544 de
1642 1517 1807 1555 Oppianico
1821 1515 2000 1546 constabunt
2009 1535 2016 1548 ,
2029 1526 2085 1547 nec

1127 1555 1192 1585 ullo
1214 1565 1243 1585 ar
1285 1565 1391 1585 mento
1413 1555 1597 1586 Cluentianae
1619 1559 1753 1596 pecuniae
1781 1560 1899 1587 crimen
1921 1557 2087 1587 tenebitur:

1126 1596 1199 1637 quid
1218 1607 1233 1626 e
1270 1617 1278 1630 ‚
1298 1596 1380 1638 quod
1400 1605 1427 1627 te
1446 1596 1499 1627 ista
1509 1597 1708 1628 censoriisivc
1718 1599 1857 1629 voluntas
1870 1619 1877 1632 ‚
1898 1597 1956 1628 slve
1977 1600 2085 1639 opinio

1124 1639 1201 1672 fuit,
1221 1639 1377 1678 adjuvare,
1397 1640 1745 1671 authuncinnocentem
1755 1640 2016 1711 opprimerifoffe
2036 1642 2084 1670 vi-

1126 1680 1250 1710 deatur?
1273 1681 1457 1721 Qpidigitur
1467 1682 1602 1711 censores
1612 1683 1703 1712 secuti
1716 1683 1803 1714 sunt?
1821 1686 1870 1713 Ne
1881 1684 1911 1723 ip
1925 1682 2080 1724 iquidem‚
2103 1690 2148 1721 45

1125 1732 1156 1752 ut
1167 1721 1335 1764 gravissime
1346 1722 1455 1756 dicam,
1466 1722 1630 1763 quidquam
1640 1724 1720 1754 aliud
1739 1723 1840 1754 dicent
1849 1745 1858 1758 ,
1868 1725 2085 1764 praetersbrmo-

1125 1775 1204 1797 nem,
1227 1765 1448 1805 arquefamam.
1471 1765 1550 1794 nihil
1568 1765 1596 1794 se
1608 1764 1749 1799 testibus,
1770 1766 1963 1796 nihiltabulis
1975 1786 1982 1800 ,
2004 1767 2087 1796 nihil

1123 1807 1204 1847 gravi
1222 1806 1323 1847 aliquo
1334 1815 1510 1847 argumento
1521 1806 1697 1846 comperisse
1710 1827 1717 1840 ‚
1737 1808 1816 1837 nihil
1834 1808 1981 1848 denique,
2002 1808 2088 1839 causa

1125 1849 1244 1887 cognita
1257 1868 1265 1881 ‚
1285 1847 1414 1878 statuiffe
1424 1848 1534 1878 dicent.
1558 1848 1648 1889 Qod
1665 1847 1685 1878 sl
1702 1851 1742 1879 ita
1761 1848 1910 1879 feciss'ent:
1930 1858 2032 1880 tamen
2050 1849 2084 1880 id

1124 1892 1237 1919 nonita
1249 1888 1346 1919 fixum
1358 1888 1416 1919 effe
1426 1890 1555 1923 deberet,
1567 1899 1599 1920 ut
1615 1891 1730 1919 convelli
1746 1901 1798 1920 non
1807 1890 1909 1919 liceret.
1932 1893 2009 1921 Non
2018 1900 2083 1921 utar

1124 1931 1336 1970 exemplorum
1356 1933 1458 1971 copia,
1478 1941 1544 1972 quae
1555 1932 1675 1961 summa
1686 1930 1746 1962 est:
1766 1942 1831 1962 non
1843 1942 1908 1961 rem
1926 1941 2059 1962 veterem
2071 1952 2082 1966 ,

1122 1983 1187 2002 non
1196 1974 1356 2002 hominem
1369 1982 1526 2012 potentem
1535 1973 1676 2012 aliquem,
1690 1981 1739 2003 aut
1748 1973 1908 2014 gratiosum
1917 1973 2082 2013 proferam.

1123 2016 1229 2053 Nuper
1241 2014 1404 2043 hominem
1422 2023 1563 2047 tenuem,
1581 2015 1705 2045 scribam
1718 2015 1882 2045 aedilitium
1894 2035 1903 2048 ,
1923 2018 1962 2044 D.
1974 2016 2083 2045 Matri-

1123 2058 1211 2085 nium
1228 2053 1299 2085 cum
1316 2053 1515 2085 defendissem
1533 2055 1609 2095 apud
1628 2058 1672 2085 M.
1687 2057 1808 2093 Iunium
1821 2076 1829 2090 ,
1850 2056 2083 2097 QPublicium

1122 2107 1260 2137 praetores
1271 2117 1278 2130 ‚
1304 2097 1336 2127 &
1347 2099 1392 2126 Μ.
1404 2097 1576 2127 Plaetorium
1587 2117 1595 2131 ‚
1614 2100 1646 2127 C.
1658 2099 1842 2128 Flaminium
1851 2118 1858 2131 ‚
1870 2098 1983 2128 aedileis
1993 2109 2083 2128 curu-

1120 2141 1177 2169 leis
1191 2150 1196 2168 :
1211 2138 1346 2179 persuasi,
1359 2147 1391 2169 ut
1402 2139 1522 2169 scribam
1533 2139 1623 2178 jurati
1634 2139 1765 2179 legerent
1776 2150 1845 2170 eum
1858 2160 1866 2173 ‚
1877 2150 1967 2181 quem
1984 2140 2089 2170 iidem·

1121 2180 1169 2210 isti
1187 2181 1324 2211 censores
1337 2179 1679 2221 aerariumreliquiss'ent.
1703 2180 1781 2211 Cum
1798 2183 1883 2212 enim
1902 2183 1934 2212 in
1951 2183 2083 2212 homine

1122 2223 1205 2252 nulla
1222 2223 1307 2262 culpa
1317 2224 1492 2263 reperiretur
1504 2234 1509 2250 ·.
1531 2222 1604 2262 quid
1612 2223 1656 2252 ille
1669 2222 1816 2261 meruiffkt,
1827 2233 1891 2253 non
1900 2223 1981 2264 quid·
1991 2223 2027 2253 de
2041 2233 2080 2254 co

1119 2263 1263 2294 statutum
1275 2263 1344 2293 estet
1356 2284 1363 2297 ,
1382 2263 1577 2304 quaerendum
1594 2262 1650 2294 effe
1662 2264 1823 2295 duxerunt.
1847 2266 1928 2295 Nam
1939 2266 2002 2295 haec
2010 2267 2081 2305 qui-

1121 2305 1190 2335 dem
1202 2326 1210 2339 ‚
1229 2316 1294 2346 quae
1305 2305 1340 2335 de
1350 2306 1467 2344 judicio
1483 2314 1624 2345 corrupto
1635 2306 1868 2346 subscripserint,¹
1878 2309 1944 2348 quis
1955 2305 1997 2337 est'
2006 2327 2014 2340 ‚
2026 2302 2081 2348 qui

1119 2347 1155 2377 ab
1166 2348 1230 2377 illis
1242 2348 1309 2377 satis
1321 2349 1459 2388 cognita,
1484 2347 1516 2376 ὃ(
1529 2346 1687 2388 diligenter
1702 2348 1831 2387 judicata
1847 2349 2024 2378 arbitretur?
2045 2351 2078 2378 in

1121 2391 1175 2419 Μ’.
1186 2388 1356 2429 Aquillium
1368 2409 1376 2422 2
1397 2389 1430 2429 &
1448 2391 1482 2418 in
1499 2392 1538 2418 Τ.
1551 2391 1673 2418 Guttam
1692 2389 1783 2420 video
1801 2389 1858 2420 esse
1868 2390 2079 2429 subscriptum.

1122 2431 1204 2472 Qid
1218 2430 1259 2460 est
1270 2431 1346 2460 hoc?
1370 2429 1446 2460 duos
1458 2428 1514 2459 effe
1523 2440 1678 2469 corruPtos
1692 2431 1773 2461 solos
1782 2434 1914 2471 pecunia.
1938 2431 2019 2472 Qid
2030 2441 2080 2461 ce-

1121 2474 1174 2501 teri
1186 2472 1345 2502 ?videlicet
1354 2474 1442 2512 gratis
1451 2471 1701 2502 condemnarunt.
1714 2475 1788 2502 Non
1797 2472 1838 2502 est
1847 2474 1939 2513 igitur
1947 2476 2083 2503 circum-

1121 2522 1239 2547 vento&
1252 2524 1317 2543 non
1327 2514 1368 2544 est
1379 2512 1530 2553 oppress'us
1540 2515 1667 2553 pecunia
1677 2533 1685 2548 ,
1696 2524 1759 2543 non
1771 2534 1779 2547 ‚
1792 2523 1824 2543 ut
1836 2515 1895 2543 illa:
1906 2516 2082 2555 Qrintianae.

1115 2556 1281 2585 conciones
1298 2555 1503 2588 habebantur,
1521 2564 1629 2584 omnes
1641 2575 1648 2588 ‚
1672 2557 1724 2595 qui
1744 2557 1943 2595 Oppianicum
1963 2556 2079 2586 conde-

1119 2606 1272 2630 mnarunt,
1286 2598 1317 2626 in
1327 2598 1413 2637 culpa
1422 2597 1499 2629 sunt,
1511 2606 1541 2626 ac
1555 2596 1724 2634 suspicione
1733 2596 1880 2636 ponendi.
1904 2596 1980 2626 duos
1996 2597 2079 2628 solos

1116 2638 1208 2668 video
1217 2638 1390 2668 au&oritate
1400 2639 1556 2668 censorum
1570 2636 1687 2666 affineis
1697 2639 1724 2666 ei
1739 2638 1917 2677 turpitudini
1932 2638 2074 2678 judicari.

1117 2685 1130 2709 5
1145 2683 1205 2711 Aut
1222 2680 1299 2713 illud
1317 2678 1440 2711 afferam
1452 2700 1461 2714 ,
1487 2679 1624 2720 [aliquid
1641 2677 1698 2708 ess'e
1707 2678 1729 2720 ]
1746 2679 1828 2721 quod
1848 2680 1884 2710 de
1902 2682 1941 2710 iis
1958 2680 2078 2751 {ugbus

1987 2732 2001 2752 a
2026 2732 2080 2752 ue⁶

1111 2806 1167 2825 tum
1181 2818 1188 2831 ,
1201 2801 1342 2831 ample-xmo.

1149 2843 1174 2867 5.
1187 2838 1251 2862 :Aut
1261 2836 1319 2861 illud
1325 2836 1438 2869 adferant
1449 2834 1557 2870 [argaid
1565 2834 1620 2868 esll’]
1637 2835 1698 2868 quod
1709 2835 1735 2860 de
1744 2836 1774 2861 iis
1783 2834 1949 2868 duobus·‚<}¹c.]
1961 2834 2076 2861 Retimri

1110 2869 1156 2896 scri
1178 2878 1269 2901 turam
1281 2871 1448 2897 veterrimam
1461 2871 1541 2897 :rium
1553 2871 1712 2897 editionum.
1733 2871 1899 2896 solummodo
1909 2869 2077 2896 circumscri-

1108 2906 1144 2942 psi
1175 2916 1218 2932 uas
1230 2916 1306 2933 voces
1319 2927 1327 2938 ‚
1346 2916 1404 2942 quer:
1422 2906 1485 2932 mihi
1510 2905 1566 2931 vii'ae
1586 2906 1757 2942 ssipervacuae.
1788 2907 1922 2933 Palatinos
1933 2906 2014 2932 citare
2025 2916 2073 2933 ne-

1082 2971 1083 2976 *
1109 2942 1264 2978 queo‚qu0d
1274 2943 1330 2969 heic
1341 2944 1438 2969 iterum
1450 2951 1540 2968 omues
1551 2941 1583 2968 ad
1598 2951 1680 2968 unum
1691 2943 1797 2977 integro
1807 2942 1982 2968 destituantur
1994 2942 2072 2968 folio.

1081 2984 1083 2999 l
1109 2979 1218 3004 Patrum
1229 2988 1285 3004 που
1296 2978 1381 3005 leftio.
1389 2978 1475 3004 suerat
1485 2987 1494 3007 3
1510 2982 1573 3003 Nam
1584 2985 1610 3003 ut
1620 2978 1678 3004 illud
1685 2979 1807 3012 adferam,
1819 2981 1930 3009 nihilefl,
1941 2978 2002 3012 quod
2009 2979 2035 3003 Ae
2045 2979 2076 3004 iic

1107 3015 1256 3045 duobmfiw.
1273 3014 1417 3040 Lambinus
1425 3013 1533 3047 jaeiirat
1544 3013 1576 3039 sic
1586 3013 1610 3039 se
1623 3015 1710 3040 locum
1722 3014 1903 3049 redintegrare
1915 3018 1928 3040 e
1941 3013 1996 3039 mil'.
2008 3017 2074 3039 Nam

1105 3051 1164 3075 illud
1172 3069 1179 3080 .,
1195 3051 1255 3083 quod
1263 3051 1374 3079 adst-run!
1386 3069 1393 3080 ‚
1411 3051 1474 3075 nihzl
1482 3052 1531 3074 eff:
1550 3051 1643 3083 aliquid
1650 3050 1691 3081 effe
1701 3050 1760 3083 quod
1768 3050 1794 3074 Ae
1804 3051 1839 3075 his
1849 3051 1936 3075 duobus
1946 3050 2073 3074 habuerint

1105 3093 1241 3117 comper-mm
1253 3104 1261 3115 ,
1281 3086 1306 3109 dc
1317 3086 1396 3110 cerci-bs
1412 3087 1474 3110 nihil
1490 3086 1625 3118 comperiffe.
1646 3084 1688 3111 sed
1700 3095 1750 3112 uon
1762 3095 1813 3120 ego
1825 3085 1947 3111 credulus
1959 3084 2011 3110 illis
2026 3093 2071 3111 'ce-

1104 3129 1217 3157 reorque
1226 3130 1261 3150 uc
1273 3120 1531 3151 emendatiunculam
1542 3130 1599 3188 ezam
1612 3120 1733 3151 sumserit
1743 3125 1757 3150 ὲ
1768 3122 1837 3150 notis
1848 3123 1869 3149 F
1872 3130 1943 3150 rane.
1956 3119 2077 3181 sul-‘ibis-

1581 3166 1599 3185 z
1618 3165 1632 3193 3
1951 3165 1974 3185 1·
1986 3165 2010 3184 ²1
2042 3164 2047 3170 ‘
2069 3187 2073 3189 i
