2360 3400
509 139 847 187 Tuscum.

931 141 1517 203 Quzsrtonum
1594 143 1750 191 Lis.
1809 145 1867 192 V.

1948 145 1953 157 V

2037 161 2160 214 1099

207 223 255 258 uti
269 245 279 261 ‚
298 223 388 266 quarn
407 221 496 253 rebtis
513 219 581 261 ipfis
590 221 702 261 placet,
721 230 883 252 conantem
894 221 936 251 ire
946 221 978 251 in
992 220 1154 260 equuleum
1174 216 1176 218 ’
1200 217 1310 254 cuiffe,
1332 221 1410 251 nihil
1430 221 1548 252 bonurn
1569 219 1647 255 effe,
1670 220 1726 252 nifi
1738 223 1820 264 quod
1831 222 1993 255 honestum
2004 223 2159 258 efl'enhoc

210 269 316 299 retinet
328 265 387 305 ipsa
395 263 550 304 prudentia
561 283 570 296 ‚
583 272 726 304 negatque
736 265 763 292 ei
774 272 844 293 cum
855 263 972 296 dolore,
987 262 1155 292 &cruciatu

153 310 162 319 ⁴
174 308 198 342 6
210 309 372 350 quidquam
388 304 444 336 effe
464 314 640 335 commune.
667 315 704 334 M.
716 304 811 335 Facile
822 306 935 344 patior,
956 313 984 334 te
995 302 1157 333 istomodo

208 359 308 391 agere:
330 346 381 378 etfi
401 349 541 387 iniquum
553 345 595 377 est
604 346 788 386 praescribere
798 347 874 375 mibi
886 354 914 375 te
925 366 934 379 ,
956 344 1157 386 quemadmo-

209 392 283 421 dum
294 389 309 420 ὲ
320 399 370 419 me
381 388 520 428 disputari
535 388 621 418 velis.
637 387 693 418 Sed
701 398 811 428 quatro,
823 396 924 417 utrum
935 385 1048 427 ahquid
1057 384 1156 415 astum

209 431 410 472 superioribus
428 430 535 460 diebus
556 450 564 463 ,
594 439 631 460 an
652 431 729 459 nihil
750 429 926 459 arbitremur
944 431 954 454 ἓ
992 437 1024 457 A.
1045 426 1156 457 Auum

209 472 282 504 verb
293 492 301 507 ,
322 472 355 502 &
367 473 553 512 aliquantum
565 470 699 512 quidem.
725 480 761 500 M.
772 472 863 510 Atqui
875 489 883 503 ,
904 469 924 499 fi
933 471 974 499 ita
984 468 1042 501 est,
1054 466 1158 507 profli-

208 524 278 557 gata.
287 516 349 553 jam
369 515 448 547 haec,
470 514 503 543 δε
519 514 604 553 paene
621 512 657 543 ad
680 515 795 542 exitum
818 510 944 541 adduista
960 509 1084 551 quaestio
1105 508 1156 539 est.

214 566 247 586 Α.
258 559 328 594 Quo
349 555 468 586 tandem
479 554 594 584 modo?
617 564 653 584 M.
665 556 742 594 Qia
753 562 854 583 motus
864 553 1028 583 turbulenti
1041 572 1049 585 ‚
1066 550 1157 590 jaeta-

208 598 366 638 tionesque
385 599 558 627 animorum
576 598 703 626 incitatae
724 616 733 629 ,
755 595 788 624 &
806 597 920 635 impetu
942 592 1158 623 inconsiderato

209 640 311 673 elatae,
332 640 478 669 rationem
499 647 624 668 omnem
645 637 843 677 repellentes,
864 639 933 666 vitae
942 636 1032 665 beatae
1042 634 1157 665 nullam

207 690 321 721 partem
344 681 527 720 relinquunt.
550 681 618 720 quis
637 682 719 708 enim
730 677 846 718 potest,
867 686 998 708 mortem
1009 685 1058 706 aut
1068 676 1156 706 dolo-

209 732 272 752 rem
283 731 421 753 metuens
430 741 438 755 ,
451 731 580 762 quorum
591 721 716 750 alterum
729 720 802 760 saepe
810 718 900 752 adest,
911 719 1035 749 alterum
1045 718 1160 757 semper

211 764 368 804 impendet
378 783 387 797 ,
409 762 466 793 effe
477 772 540 792 non
551 763 663 793 miser?
681 762 753 803 quid
763 782 770 794 ,
783 760 803 791 si
812 762 894 791 idem
913 760 1014 800 (quod
1025 760 1156 800 plerum-

211 815 270 845 que
289 804 344 845 fit)
363 813 562 844 paupertatem
574 823 583 837 ,
600 805 803 843 ignominiam
815 823 824 836 ,
844 801 1000 832 infamiam
1023 797 1158 831 timetzsi

211 847 396 877 debilitatem
409 866 418 878 ‚
437 847 600 875 cazcitatem
622 855 626 873 :
647 843 668 874 fi
685 845 831 885 denique,
851 844 931 884 quod
951 852 1015 872 non
1034 841 1158 882 singulis

208 887 389 918 hominibus
400 907 409 920 ,
430 886 477 916 sed
487 886 661 925 potentibus
671 886 790 924 populis
801 885 874 924 saepe
883 886 1034 924 contingit
1045 903 1053 918 ,
1068 884 1156 913 servi-

210 937 310 959 mtem
323 940 328 957 2
343 927 436 968 potest
453 937 484 955 ea
502 928 601 956 timens
618 926 667 963 effi
675 926 828 966 quisquam
839 926 956 955 beatus?
981 925 1063 965 Qid
1074 945 1083 957 ‚
1103 925 1155 965 qui

210 980 275 1000 non
290 969 384 999 modo
393 979 425 999 ea
435 968 532 998 futura
540 969 645 1001 timet,
668 968 772 996 verum
784 970 873 997 etiam
882 967 954 1000 fert,
975 966 1156 1006 sustinetque

207 1011 380 1052 praesentia?
410 1010 483 1040 adde
503 1009 614 1039 eodem
632 1007 732 1039 exfilia
745 1029 753 1042 ,
776 1008 894 1043 lucius,
915 1009 1063 1038 orbitates.
1095 1008 1156 1045 Qui

207 1053 295 1083 rebus
316 1053 362 1081 his
380 1051 488 1082 stadius
504 1050 679 1092 aegritudine
697 1050 838 1084 eliditur,
858 1050 952 1091 potest
964 1050 1085 1080 tandem
1099 1047 1156 1078 effe

206 1104 272 1124 non
292 1094 498 1123 miserrimus?
518 1092 591 1132 quid
603 1091 772 1122 verbillum
784 1112 793 1125 ,
813 1102 903 1133 quem
916 1091 1095 1122 libidinibus
1107 1091 1156 1120 in-

206 1134 398 1166 flammatum
411 1154 418 1168 ,
440 1135 473 1164 δε
491 1133 642 1163 furentem
665 1133 803 1163 videmus
814 1153 822 1167 ‚
843 1135 947 1163 omnia
957 1133 1057 1163 rabide
1068 1141 1156 1173 appe-

206 1185 321 1207 tentem
340 1186 412 1206 cum
433 1175 610 1215 inexplebili
627 1175 787 1215 cupiditate
806 1194 814 1209 ‚
843 1184 961 1215 quoque
984 1173 1156 1204 affluentius

204 1218 373 1258 voluptates
398 1216 531 1257 undique
550 1218 662 1246 hauriat
685 1236 693 1250 ,
723 1226 758 1246 eo
774 1219 893 1257 gravius
912 1236 920 1250 ,
948 1216 1154 1257 ardentiusque

202 1258 355 1289 sitientem
368 1278 376 1292 ,
398 1268 500 1289 nonne
518 1257 598 1287 τεὲὶὲ
613 1258 817 1288 miserrimum
827 1258 962 1288 dixeris?
980 1257 1051 1298 quid
1061 1258 1154 1288 elatus

203 1301 258 1330 ille
279 1301 397 1330 levitate
417 1319 426 1333 ,
450 1301 592 1340 inanique
609 1300 710 1329 laetitia
726 1300 894 1332 exsultans,
918 1300 950 1329 &
970 1300 1083 1329 temere
1101 1309 1154 1341 ge-

200 1341 317 1375 2stiens,
336 1351 441 1372 nonne
451 1351 533 1371 tanto
545 1341 699 1374 miserior,
717 1350 829 1381 quanto
838 1340 891 1371 fibi
901 1341 1017 1371 videtui*
1027 1341 1154 1371 beatior?

204 1393 276 1424 ergo
289 1403 298 1416 .
319 1393 352 1413 ut
370 1384 400 1413 hi
412 1383 531 1415 miseri,
553 1381 590 1411 fic
599 1382 861 1416 contrailiibeam
881 1392 956 1423 quos
967 1383 1045 1412 nulli
1055 1392 1152 1412 metus

202 1433 333 1457 terrent,
354 1425 444 1454 nullae
465 1423 656 1464 aegritudines
672 1424 824 1457 exedunt,
844 1425 935 1454 nullae
953 1423 1095 1453 libidines
1105 1426 1153 1454 in-

201 1468 297 1496 citant
307 1484 314 1498 ,
336 1466 426 1495 nullae
434 1464 537 1494 futiles
545 1465 655 1493 laetitiae
666 1484 676 1497 ,
695 1465 888 1494 exsultanteis
900 1465 1047 1504 languidis
1057 1466 1153 1505 lique-

201 1506 316 1537 faciunt
333 1505 547 1545 voluptatibus.
571 1507 615 1534 Ut
632 1508 721 1534 maris
733 1507 821 1545 igitur
831 1508 1152 1546 tranquillitasintelli-

200 1552 202 1554 '
224 1550 281 1577 itur
292 1568 300 1581 ,
313 1547 394 1577 nulla
404 1557 441 1576 ne
453 1548 584 1576 minima
593 1546 717 1586 quidem
728 1556 796 1576 aura
806 1546 914 1576 fluetus
926 1556 1152 1577 commovente:

200 1558 242 1618 {c
260 1591 355 1618 animi
372 1591 508 1629 quietus,
529 1588 561 1618 &
578 1589 707 1627 placatus
728 1587 816 1618 status
835 1589 983 1621 cernitur,
1005 1588 1076 1617 csim
1087 1598 1152 1628 per-

201 1630 334 1660 turbatio
351 1630 435 1660 nulla
451 1629 513 1662 est,
535 1639 593 1669 qua
611 1630 727 1659 moveri
747 1639 844 1670 queat.
867 1628 958 1669 Qod
981 1627 1002 1658 fi
1020 1628 1080 1662 est,
1099 1632 1152 1670 qui

201 1673 268 1701 vim
285 1670 432 1705 fortunae,
451 1673 504 1711 qui
521 1672 627 1701 omnia
635 1672 782 1704 humana,
803 1675 813 1692 ¹
824 1681 890 1711 quae
904 1673 1012 1711 cuique
1020 1671 1152 1701 accidere

202 1712 343 1753 possunt,
363 1713 529 1743 tolerabilia
546 1712 650 1745 ducat,
670 1722 708 1742 ex
726 1722 787 1753 quo
816 1722 871 1742 nec
882 1714 1052 1742 timor-eum
1064 1732 1073 1746 ,
1094 1723 1150 1743 nec

198 1763 294 1796 angor
303 1755 441 1795 attingat:
462 1754 603 1794 idemque
615 1773 624 1787 ,
639 1752 959 1793 finihilconcupiscat,
982 1754 1064 1784 nulla
1076 1753 1149 1784 effe-

200 1805 281 1827 ratur
291 1797 387 1826 animi
398 1797 480 1826 inani
490 1796 641 1834 voluprate
651 1814 660 1828 ‚
672 1795 744 1835 quid
754 1795 796 1825 est
805 1816 813 1829 ,
825 1806 876 1825 cur
885 1797 910 1824 is
921 1805 985 1824 non
995 1795 1096 1825 beatus
1105 1794 1147 1825 fit:

204 1837 237 1868 &
254 1837 274 1867 fi
283 1839 344 1867 haec
351 1840 459 1867 virtute
469 1834 650 1870 efficiuntur,
661 1837 734 1877 quid
744 1836 785 1866 est
795 1857 804 1869 ‚
823 1847 876 1866 cur
884 1838 979 1866 virtus
992 1836 1051 1875 ipsa
1060 1845 1111 1876 per
1122 1837 1150 1866 se

166 1888 187 1920 7
204 1889 266 1909 non
277 1878 384 1909 efficiat
394 1878 515 1908 beatos?
538 1887 569 1907 A.
581 1880 673 1918 Atqui
682 1878 806 1907 alterum
820 1878 881 1907 dici
890 1888 953 1907 non
961 1876 1066 1917 potest,
1077 1879 1150 1918 quin

201 1924 224 1950 ii
239 1941 247 1954 ,
267 1921 406 1961 quinihil
417 1928 566 1953 metuant,
586 1920 665 1950 nihil
679 1929 832 1959 angantur,
843 1919 1150 1959 nihilconcupiscant,

201 1963 283 1992 nulla
294 1963 455 2002 impotenti
465 1962 566 1991 laetitia
578 1960 738 1991 efferantur
746 1981 754 1994 ‚
775 1962 851 1991 beati
860 1959 918 1991 sint
928 1971 935 1989 z
945 1962 1044 2001 itaque
1054 1960 1084 1990 id
1094 1960 1149 1990 tibi

200 2003 335 2033 concedo
348 2004 489 2033 :alterum
497 2011 595 2032 autem
603 2003 824 2044 janasintegrum
836 2012 899 2032 non
908 2001 951 2032 est
962 2013 966 2030 :
977 2012 1010 2032 ut
1019 2003 1150 2042 superio-

199 2045 282 2075 ribus
301 2047 384 2074 enirn
399 2044 648 2084 disputationibus
658 2044 800 2074 effe&um
811 2043 854 2074 est
864 2064 872 2076 ‚
893 2054 993 2073 vacare
1001 2045 1077 2072 omni
1085 2045 1149 2072 ani—

201 2088 242 2114 mi
258 2085 464 2126 perturbatione
473 2086 636 2127 fitpieiitem.
669 2096 705 2115 M.
725 2087 883 2116 Nimirum
902 2088 992 2127 igitur
1009 2084 1147 2116 confe&a

195 2139 249 2158 *res
260 2127 313 2161 est,
324 2128 442 2157 videtur
449 2130 533 2157 enim
545 2128 580 2157 ad
589 2129 706 2157 exitum
716 2126 830 2158 veniss'e
840 2130 973 2167 quaestio.
994 2137 1028 2156 A.
1038 2129 1149 2166 Prope-

201 2170 330 2199 modum
351 2169 379 2199 id
398 2169 533 2209 quidem.
557 2179 594 2198 M.
607 2172 826 2199 Verumtamen
842 2173 856 2188 ²
868 2170 1148 2199 mathematicorum

199 2211 255 2241 iste
274 2221 342 2240 mos
359 2210 402 2240 est
420 2230 429 2244 ,
458 2220 520 2240 non
539 2210 582 2240 est
599 2210 858 2250 philosophorum.
889 2213 970 2240 Nam
988 2219 1148 2251 geometrae

196 2251 268 2283 cum
290 2252 402 2293 aliquid
421 2252 526 2282 docere
546 2252 665 2285 volunt,
690 2250 710 2281 fi
729 2252 802 2292 quid
821 2252 855 2282 ad
869 2262 934 2282 eam
947 2262 1009 2282 rem
1020 2252 1148 2291 pertinet

195 2304 301 2324 eorum
313 2314 320 2328 ‚
341 2304 406 2335 quae
415 2294 482 2323 ante
493 2293 676 2327 docuerunt,
697 2294 727 2323 id
739 2294 863 2324 sumunt
872 2304 925 2334 pro
936 2292 1091 2326 concesso,
1112 2292 1145 2323 &

193 2336 336 2376 probato:
356 2335 433 2365 illud
453 2335 547 2365 modb
566 2335 734 2374 explicant,
759 2335 796 2365 de
818 2345 879 2376 quo
896 2335 966 2365 ante
986 2335 1145 2365 nibilscri-

190 2386 279 2417 ptum
298 2376 350 2407 est.
372 2377 567 2417 Philosophi,
587 2386 810 2417 quamcumque
828 2387 891 2407 rem
912 2377 1020 2407 babent
1040 2379 1073 2406 in
1084 2385 1145 2405 ma-

193 2418 302 2452 nibus,
328 2421 361 2448 in
371 2428 436 2449 eam
451 2439 460 2452 ‚
471 2429 536 2459 quae
547 2420 736 2449 conveniunt
750 2439 758 2451 ,
777 2428 945 2461 congerunt
954 2421 1060 2448 omnia
1074 2428 1079 2446 ε
1093 2418 1144 2449 etfi

192 2460 254 2489 alio
267 2460 335 2489 loco
345 2460 488 2499 disputata
499 2460 576 2491 sunt.
599 2459 689 2500 Qod
700 2462 732 2489 ni
743 2462 782 2490 ita
791 2459 861 2491 effer
872 2481 879 2494 ,
900 2470 953 2490 cur
964 2462 1080 2490 Stoicus
1093 2479 1101 2492 ,
1122 2460 1142 2490 si

194 2499 264 2531 esset
281 2500 436 2541 quaesitum
449 2521 457 2535 ‚
479 2501 582 2532 satisne
601 2503 636 2531 ad
657 2501 741 2531 beate
754 2502 920 2532 vivendum
935 2505 1027 2532 virtus
1038 2500 1141 2542 posset,

194 2543 292 2572 multa
310 2543 441 2573 diceret?
463 2545 511 2573 cui
527 2544 593 2574 satis
610 2541 700 2576 effer,
721 2543 914 2583 respondere,
939 2547 951 2570 3
971 2544 999 2574 se
1008 2544 1075 2574 ante
1086 2543 1142 2574 do—

1200 261 1324 299 probato
1337 282 1345 296 ,
1368 263 1551 304 consequens
1562 262 1619 293 este
1630 283 1639 297 ,
1660 264 1775 295 beatam
1789 268 1880 296 vitam
1891 269 2001 297 virtute
2009 266 2067 298 esse
2080 278 2156 299 con-

1200 311 1311 333 tentam
1330 314 1337 333 :
1366 304 1417 338 &,
1438 315 1499 346 quo
1511 304 1605 335 modo
1618 306 1674 335 hoc
1685 304 1717 336 fit
1735 307 1918 348 consequens
1936 308 1981 338 illi
1993 328 2002 342 ‚
2022 307 2060 340 fic
2077 309 2155 341 illud

1205 344 1290 374 huic:
1311 354 1362 379 ut,
1382 344 1401 374 si
1422 346 1504 376 beata
1521 348 1583 376 vita
1603 350 1711 377 virtute
1727 357 1870 380 contenta
1889 348 1940 380 sit:
1958 349 2156 391 nifihonestum

1203 384 1279 424 quod
1290 386 1348 427 fit,
1368 388 1442 416 nihil
1461 387 1544 416 aliud
1553 387 1594 429 fit
1610 387 1719 417 bonum.
1741 390 1797 420 Sed
1818 399 1992 422 tamennon
2003 391 2153 433 aguntsic.

1204 429 1284 456 Nam
1304 428 1336 457 &
1354 427 1391 458 de
1410 429 1555 462 honesto,
1578 430 1610 460 &
1628 429 1664 459 de
1684 431 1807 461 summo
1827 431 1910 462 bono
1919 433 2069 473 separatim
2082 434 2152 465 libri

1203 467 1284 497 sunt:
1309 468 1342 498 δε
1360 469 1431 499 cum
1443 480 1480 499 ex
1491 481 1527 500 eo
1535 469 1698 505 efficiatur,
1717 472 1784 502 satis
1796 483 1932 515 magnam
1948 478 1979 505 in
1998 476 2107 506 virtute
2115 476 2153 507 ad

1203 507 1286 538 beate
1308 511 1474 541 vivendum
1499 509 1556 541 else
1566 513 1630 542 vim
1643 532 1652 546 ,
1674 514 1773 544 nihilo
1790 515 1895 545 minus
1905 517 1962 546 hoc
1971 526 2062 556 agunt
2071 518 2153 557 sepa-

1201 552 1299 579 ratim.
1322 554 1448 591 propriis
1459 555 1541 582 enim
1555 573 1564 586 ‚
1584 553 1615 583 &
1626 554 1684 584 suis
1695 559 1877 595 argumentis
1890 576 1899 591 ,
1919 558 2153 589 &admonitio-

1201 591 1290 623 nibus
1307 592 1456 623 nazirimda
1472 603 1597 635 quaeque
1617 605 1663 625 res
1684 595 1726 626 est
1744 617 1753 631 ,
1778 606 1856 629 tanta
1877 599 2049 639 praesertim.
2080 610 2154 630 cave

1199 635 1284 662 enim
1302 643 1388 673 putes
1399 655 1408 667 ,
1428 638 1444 661 4
1458 636 1547 665 uliam
1567 646 1600 665 in
1618 638 1806 677 philosophia
1823 650 1930 670 vocem
1942 639 2077 670 emiffam
2089 642 2152 672 cla-

1197 675 1308 704 riorem
1321 695 1328 709 ,
1341 675 1476 706 ullumve
1487 675 1544 706 effe
1554 678 1749 718 philosophiae
1759 680 1935 719 promissum
1947 682 2065 712 uberius
2077 701 2086 715 ,
2100 692 2150 713 aut

1198 717 1307 756 majus.
1331 719 1412 746 Nam
1423 718 1493 758 quid
1504 717 1676 757 profitetur?
1699 719 1769 750 odii
1780 722 1870 752 boni!
1892 733 2149 754 PERFECTURAM
2188 743 2191 745 Δ

1197 757 1225 786 se
1246 777 1255 791 ‚
1273 762 1325 798 qui
1344 759 1458 799 legibus
1476 760 1534 789 suis
1554 759 1709 799 patuisset,
1730 772 1762 791 ut
1780 762 1850 793 effct
1868 774 1972 795 contra
1991 765 2147 796 fortunam

1198 798 1313 839 semper
1329 809 1457 830 armatus
1472 811 1477 829 τ
1501 810 1534 830 ut
1553 804 1658 831 omnia
1668 801 1797 841 praefidia
1808 805 1925 836 haberet
1936 809 1968 836 iri
1981 806 2008 836 se
2021 826 2030 840 ,
2056 807 2144 840 bene,

1197 839 1339 882 beateque
1357 842 1482 871 vivendi
1502 853 1508 871 :
1531 851 1563 872 ut
1582 841 1652 872 ess'et
1671 844 1786 883 semper
1803 845 1932 887 denique
1952 848 2062 878 beatus.
2091 849 2150 879 Sed
2176 861 2180 864 ⁴

1198 881 1303 912 videro
1312 903 1320 916 ‚
1340 883 1413 924 quid
1424 881 1541 914 efficiat.
1565 885 1723 925 Tantisper
1732 887 1790 915 hoc
1800 888 1895 926 ipsum
1907 892 2007 929 magni
2017 889 2146 923 aestimo,

1198 923 1280 963 quod
1290 925 1461 964 pollicetur.
1485 928 1498 952 5
1514 927 1594 956 Nam
1608 928 1722 956 Xerxes
1732 927 1855 967 quidem
1868 929 1993 960 refertus
2003 932 2150 961 omnibus

1197 968 1329 1004 praemiis
1353 986 1361 999 ,
1386 967 1532 1007 donisque
1555 966 1702 1001 fortunae,
1724 979 1788 999 non
1805 972 1956 1010 equitatu,
1978 982 2039 1002 non
2058 972 2150 1012 pede-

1198 1005 1304 1037 stribus
1325 1009 1420 1047 copiis
1440 1028 1448 1041 ‚
1478 1018 1541 1038 non
1559 1011 1682 1039 navium
1706 1011 1922 1046 multitudine,
1942 1023 2005 1043 non
2025 1014 2148 1044 infinito

1197 1049 1329 1087 pondere
1338 1051 1399 1079 auri
1409 1059 1568 1080 contentus
1591 1070 1600 1083 ‚
1620 1053 1779 1090 praemium
1799 1055 1973 1093 proposuit,
1991 1057 2045 1094 qui
2064 1058 2149 1085 inve-

1197 1088 1286 1120 niffet
1303 1101 1414 1121 novam
1437 1092 1632 1132 voluptatem.
1656 1091 1670 1111 ⁶
1684 1095 1750 1132 Qa
1766 1094 1825 1133 ipse
1836 1105 1900 1125 non
1910 1095 2147 1127 fuitcontentus;

1196 1141 1283 1172 neque
1298 1134 1381 1163 enim
1402 1143 1540 1175 usnquam
1555 1131 1643 1172 finem
1667 1134 1792 1163 inveniet
1808 1135 1906 1165 libido.
1944 1140 2012 1167 Nos
2032 1138 2147 1168 vellem

1197 1176 1323 1212 praemio
1331 1175 1436 1205 elicere
1445 1173 1596 1215 possemus
1607 1195 1615 1209 ,
1635 1178 1686 1216 qui
1697 1176 1784 1206 nobis
1795 1177 1907 1218 aliquid
1919 1178 2072 1212 attuliffet,
2085 1183 2146 1220 qud

1200 1216 1257 1244 boc
1273 1214 1596 1253 firmiuscrederemus.
1621 1226 1653 1246 A.
1666 1217 1782 1247 Vellem
1792 1218 1823 1248 id
1833 1219 1976 1259 quidem:
1993 1221 2043 1250 sed
2052 1222 2146 1251 habeo
2165 1223 2183 1256 8

1194 1257 1363 1295 paullulum
1377 1278 1386 1291 ‚
1405 1258 1487 1299 quod
1505 1261 1662 1299 requiram.
1685 1268 1741 1298 ego
1763 1262 1846 1289 enirn
1857 1259 2016 1294 assentior,
2035 1272 2143 1293 eorum

1195 1307 1261 1338 quae
1282 1299 1427 1338 posuisti,
1445 1300 1592 1331 7alterum
1612 1301 1693 1330 alteri
1704 1302 1886 1341 consequens
1897 1301 1973 1337 effe,
1994 1313 2027 1333 ut
2038 1313 2147 1345 quem<

1194 1339 1359 1370 admodum
1373 1361 1381 1374 ,
1405 1340 1425 1371 si
1444 1341 1524 1382 quod
1540 1341 1700 1372 honestum
1721 1341 1773 1376 fit,
1794 1343 1824 1373 id
1845 1344 1944 1374 solum
1961 1343 1996 1375 sit
2013 1345 2144 1379 bonurn,

1193 1381 1330 1421 sequatur
1347 1383 1459 1413 beatam
1474 1386 1568 1413 vitam
1578 1386 1686 1414 virtute
1695 1383 1806 1415 confici
1819 1396 1824 1413 z
1837 1383 1890 1419 fic,
1913 1385 1934 1415 fi
1948 1388 2008 1416 vira
2020 1386 2101 1417 beata
2112 1389 2145 1418 in

1193 1425 1302 1453 virtute
1321 1423 1372 1458 sit,
1396 1425 1469 1453 nihil
1486 1423 1535 1462 ff
1555 1425 1608 1466 mfi
1619 1426 1754 1454 virtutem
1763 1425 1873 1455 bonum.
1896 1427 1952 1457 Sed
1962 1431 2068 1458 Brutus
2076 1438 2147 1458 tuus

1193 1464 1312 1495 auehere
1323 1466 1462 1496 Aristone
1473 1486 1481 1499 ,
1494 1467 1526 1496 δε
1536 1468 1690 1497 Antiocho
1700 1477 1763 1497 non
1774 1468 1862 1499 sentit
1870 1469 1927 1498 hoc
1938 1480 1943 1497 z
1954 1478 2036 1509 putat
2046 1472 2145 1503 enim,

1191 1501 1306 1536 3etiam
1325 1506 1346 1536 si
1366 1506 1399 1538 fit
1423 1508 1538 1537 bonum
1563 1508 1684 1547 aliquod
1703 1517 1807 1547 praeter
1827 1512 1980 1540 virtutem.
2004 1521 2040 1539 Μ.
2063 1510 2147 1551 Qid

1192 1548 1301 1586 igitur?
1318 1557 1422 1579 contra
1433 1551 1598 1578 Brutumne
1608 1559 1656 1578 me
1667 1549 1818 1579 diEturum
1830 1554 1934 1590 putas?
1956 1561 1988 1580 A.
2001 1554 2051 1580 Tu
2060 1552 2142 1584 vero,

1193 1597 1225 1616 ut
1233 1589 1351 1619 videtur
1363 1600 1368 1617 :
1387 1600 1457 1619 nam
1467 1588 1616 1629 praefin'ire
1626 1599 1689 1619 non
1698 1590 1741 1619 est
1751 1601 1868 1620 meum.
1910 1601 1930 1621 i.
1945 1592 2025 1632 Qid
2035 1594 2145 1632 cuique

1194 1630 1284 1669 igitur
1300 1631 1535 1661 consentaneum
1546 1629 1580 1659 fit
1592 1650 1600 1663 ,
1620 1630 1764 1661 alioloco.
1789 1634 1869 1662 Nam
1881 1643 1887 1661 i
1917 1643 1931 1662 a
1941 1635 2017 1662 mihi
2030 1633 2144 1664 &cum

1192 1672 1344 1702 Antiocho
1358 1673 1432 1713 saepe
1442 1693 1451 1706 ,
1471 1672 1584 1702 &cum
1596 1671 1735 1702 Aristone
1746 1682 1849 1712 nuper,
1864 1673 1936 1704 curn
1946 1675 2072 1704 Athenis
2082 1676 2143 1704 irn-

1189 1715 1389 1756 peratorapud
1399 1725 1469 1744 eum
1481 1713 1651 1746 diversarer,
1661 1712 1801 1744 diffensio
1810 1714 1877 1745 fuit.
1896 1716 1973 1745 mihi
1985 1717 2068 1746 enim
2079 1726 2144 1746 nort

1192 1755 1347 1788 videbatur
1364 1757 1519 1797 quisquam
1531 1753 1589 1784 esse
1603 1755 1703 1785 beatus
1713 1755 1794 1795 posse
1804 1776 1812 1789 ,
1832 1756 1904 1787 curn
1917 1759 1947 1786 in
1961 1758 2048 1787 malis
2059 1756 2141 1789 effer:

1193 1801 1226 1829 in
1238 1798 1325 1827 malis
1333 1807 1432 1827 autem
1445 1798 1606 1838 sapientem
1617 1795 1673 1826 effe
1681 1796 1774 1836 poffe,
1786 1797 1805 1826 si
1815 1796 1907 1827 effent
1921 1798 1981 1828 ulla
1990 1802 2137 1838 corporis,

1193 1849 1241 1870 aut
1252 1839 1380 1868 fortunae
1392 1840 1476 1869 mala.
1499 1838 1685 1871 Dicebantur
1695 1840 1770 1871 baec,
1780 1849 1846 1878 quae
1854 1838 1964 1879 scripfit
1972 1842 2063 1870 etiam
2074 1843 2140 1871 An-

1192 1881 1310 1911 tiochus
1321 1881 1395 1909 locis
1403 1879 1540 1919 pluribus
1551 1888 1557 1907 :
1568 1881 1709 1908 virtutem
1721 1879 1812 1918 ipsam
1823 1890 1874 1920 per
1883 1880 1911 1910 se
1923 1881 2036 1911 beatam
2048 1883 2143 1913 vitam

1193 1921 1308 1952 efficere
1318 1919 1410 1960 poffe,
1422 1931 1518 1961 neque
1529 1929 1629 1950 tamen
1639 1919 1833 1951 beatissimam
1846 1921 1970 1952 :deinde
1980 1932 2018 1952 ex
2029 1923 2144 1963 majore

1189 1972 1268 2004 parte
1277 1962 1430 2002 plerasque
1438 1971 1484 1992 res
1495 1963 1645 1991 nominari
1656 1980 1665 1994 ‚
1684 1963 1774 1992 etiam
1789 1961 1874 2003 fiqua
1881 1973 1946 2002 pars
1954 1963 2080 1997 abefl'et,
2102 1974 2138 1995 ut

1190 2007 1280 2035 vireis
1290 2023 1298 2038 ‚
1316 2013 1349 2034 ut
1359 2003 1558 2034 valitudinem
1573 2021 1582 2036 ‚
1605 2002 1764 2034 utdivitias
1775 2023 1783 2037 ,
1807 2014 1840 2034 ut
1851 2006 1997 2035 honorem
2010 2025 2019 2039 ,
2031 2006 2141 2047 utglo-

1188 2049 1263 2076 riam
1274 2057 1282 2075 ι
1293 2055 1357 2086 quae
1366 2055 1473 2087 genere
1483 2064 1491 2078 ,
1503 2055 1567 2074 non
1577 2053 1706 2074 numero
1713 2055 1903 2076 cernerentur
1915 2057 1922 2075 ι
1933 2048 2006 2077 item
2020 2047 2139 2078 beatam

1190 2091 1282 2118 vitam
1303 2107 1311 2120 ‚
1332 2091 1346 2114 9
1367 2089 1458 2118 etiam
1481 2085 1501 2116 fi
1523 2096 1561 2116 ex
1576 2087 1673 2127 aliqua
1690 2096 1770 2127 parte
1788 2087 1955 2121 clauderet,
1976 2097 2079 2118 tamen
2098 2099 2139 2120 ex

1190 2130 1288 2159 multo
1307 2129 1420 2168 majore
1441 2137 1520 2168 parte
1538 2128 1675 2157 obtinere
1695 2138 1809 2159 nomen
1829 2129 1925 2159 suum.
1958 2133 2032 2160 Haec
2052 2140 2137 2161 nunc

1188 2171 1340 2201 enucleare
1350 2180 1414 2200 non
1425 2172 1464 2200 ita
1474 2168 1588 2200 necess'e
1597 2168 1640 2199 est
1652 2179 1657 2198 ε
1673 2179 1853 2211 quamquam
1865 2180 1928 2201 non
1938 2170 2138 2201 constantissi-

1189 2214 1240 2243 me
1256 2212 1317 2242 dici
1336 2214 1414 2242 mihi
1433 2211 1582 2241 videntur.
1606 2213 1686 2241 Nam
1698 2212 1792 2252 &qui
1803 2211 1898 2241 beatus
1906 2212 1950 2242 ef}
1961 2233 1969 2246 ,
1990 2224 2040 2242 non
2052 2213 2138 2242 inrel-

1189 2255 1245 2294 ligo
1257 2274 1266 2287 ,
1285 2254 1357 2295 quid
1366 2253 1492 2294 requirar
1503 2274 1510 2286 ,
1529 2251 1606 2293 urfit
1617 2251 1722 2283 beatior
1731 2265 1742 2280 .·
1762 2252 1802 2292 (si
1814 2253 1856 2284 est
1862 2256 1945 2283 enim
1956 2255 2037 2295 quod
2047 2254 2134 2288 defit.

1187 2306 1226 2326 ne
1235 2296 1336 2325 beatus
1349 2295 1474 2336 quidem
1491 2293 1533 2324 est
1545 2295 1555 2335 )
1567 2296 1609 2328 δε,
1620 2294 1702 2336 quod
1713 2305 1747 2324 ex
1759 2296 1862 2334 majore
1869 2303 1967 2336 parte,
1994 2298 2136 2324 ¹0unam-

1187 2347 1330 2378 quamque
1350 2347 1407 2365 rem
1423 2337 1555 2378 appellari
1564 2356 1572 2370 ‚
1587 2335 1760 2378 speffari'que
1774 2337 1890 2370 dicunt,
1912 2336 1954 2367 est
1972 2337 2024 2367 ubi
2036 2338 2065 2367 id
2077 2337 2136 2368 isto

1189 2379 1282 2409 modo
1303 2378 1406 2409 valeat.
1429 2379 1500 2408 cum
1520 2377 1595 2409 vero
1618 2380 1671 2408 tria
1681 2388 1786 2419 genera
1796 2379 1946 2408 malorum
1957 2377 2012 2408 ess'e
2023 2379 2135 2410 dicant:

1188 2423 1240 2461 qui
1258 2420 1388 2450 duorum
1399 2429 1544 2461 generum
1554 2420 1640 2450 malis
1649 2420 1794 2451 omnibus
1808 2429 1942 2460 urgeatur
1955 2440 1963 2454 ‚
1984 2428 2016 2449 ut
2029 2422 2136 2452 omnia

1186 2462 1304 2492 adversa
1326 2460 1382 2492 sirit
1399 2465 1432 2492 in
1448 2461 1568 2492 fortuna
1580 2483 1589 2495 ,
1610 2462 1754 2492 omnibus
1770 2459 1939 2501 oppressum
1951 2471 2059 2501 corpus
2070 2482 2078 2495 .
2099 2462 2135 2493 &

1187 2502 1362 2533 confe&um
1384 2503 1539 2533 doloribus
1551 2523 1559 2537 ,
1579 2505 1650 2533 huic
1663 2504 1837 2543 paullumne
1856 2503 1891 2533 ad
1913 2503 2028 2533 beatam
2038 2505 2133 2534 vitam

1184 2543 1279 2575 deess‘e
1289 2545 1423 2576 dicemus
1438 2564 1447 2579 ,
1469 2555 1533 2575 non
1541 2544 1635 2575 modo
1644 2545 1679 2575 ad
1690 2543 1882 2575 beatiffimarn
1894 2547 1904 2574 ?
1925 2546 1982 2575 hoc
1991 2544 2066 2575 illud
2077 2544 2132 2578 est,

2047 2586 2134 2627 quod.

229 2676 238 2693 i
247 2687 252 2692 .
261 2665 326 2699 '9241ae
336 2669 415 2700 cuique
424 2667 528 2692 accidere
542 2667 659 2700 pqffunt]
682 2667 742 2693 Hoc
758 2667 914 2703 praeferebat
925 2667 1038 2694 Viam-ii
1056 2666 1140 2694 editio
1160 2689 1161 2699 ,
1180 2676 1276 2703 negant
1287 2667 1353 2695 istud
1365 2669 1482 2704 quinque
1493 2669 1577 2695 Palat.
1588 2678 1618 2695 ac
1629 2669 1714 2695 Vatic.
1726 2668 1861 2704 editioque
1872 2667 1997 2695 Viam-ii.

187 2702 219 2729 δί
230 2702 316 2728 1’;ιΙ;ιτ.
327 2711 365 2737 pr.
379 2710 442 2728 tert.
455 2711 543 2738 quart.
555 2703 665 2729 Μαι-εἰη.
675 2702 741 2729 alias
751 2713 905 2737 quacumque.

1214 2719 1242 2745 7.
1261 2714 1370 2737 Αἶαν-κη’
1388 2713 1458 2737 κύει-ι’
1466 2712 1600 2746 consequens
1618 2711 1684 2744 effi]
1705 2713 1841 2738 Rex-ocivi
1860 2711 2003 2739 leiffioneiii
2023 2712 2088 2739 hanc
2097 2721 2133 2740 ex

225 2747 253 2765 ²·
273 2741 495 2764 Malk‘ma‘ICW-'ffl
504 2741 543 2771 ‘st‘
551 2749 598 2765 ”7⁰5
608 2742 643 2765 ‘fl
654 2758 661 2770 ι
670 2749 715 2764 '¹⁰⁷¹
724 2742 758 2765 ‘ff
765 2740 972 2774 ‘Phil‘fil'hffl'umJ
994 2739 1140 2775 Elegffltef
1159 2741 1162 2754 ³
1179 2747 1388 2774 emeiidatiffimsi
1397 2755 1458 2774 ante
1468 2757 1559 2774 omues
1570 2748 1687 2775 editione
1697 2747 1822 2780 vieterii,
1833 2748 1949 2784 quinque
1959 2748 2029 2782 [fall.
2041 2749 2130 2776 Vatic-

179 2775 314 2809 ⁷misterius
326 2777 369 2805 εἶ’,
381 2774 474 2800 inserui
487 2784 519 2801 ex
531 2772 648 2810 quinque
660 2774 772 2801 palatin.

226 2818 240 2846 3
247 2830 253 2835 .
271 2815 298 2836 se
307 2817 362 2835 aare
371 2811 491 2844 dorifflse]
513 2811 626 2844 Varios?
633 2812 688 2836 amb
696 2810 812 2843 Aocuiffit.

226 2853 254 2876 4.
274 2846 347 2871 Ullam
355 2849 381 2872 in
386 2847 528 2879 philofiapbia
536 2856 612 2871 vorem
622 2848 722 2878 ennffam
733 2847 877 2881 clariorem]
890 2848 961 2874 Beu'e
972 2847 1058 2874 Vatic.
1068 2848 1138 2873 ullam

190 2877 207 2904 ὲ
220 2882 372 2916 Pbquffiphia.
392 2882 416 2907 iii
428 2883 514 2917 quint.
526 2882 611 2907 omnis
622 2882 769 2918 praepositio
778 2884 858 2909 deest.

227 2924 254 2948 5.
272 2920 335 2942 Nam
351 2921 441 2943 Xerxes
458 2918 549 2952 quidem
567 2919 665 2949 referta!
682 2919 786 2943 ommibus
799 2919 925 2952 p›‘.emiir.]
948 2918 1031 2944 Palat.
1049 2926 1137 2954 quart.

188 2951 280 2982 Persis.
299 2951 331 2977 fic
341 2953 366 2979 in
378 2952 533 2980 Catalee‘cis.
543 2954 626 2985 ‘Perses
635 2963 733 2985 magam
748 2955 824 2984 adiri,
834 2954 893 2979 orbis
905 2957 1030 2980 comitatui·
1038 2962 1138 2980 euntem.
1155 2963 1157 2995 1

189 2985 332 3013 Lambinus
350 2987 416 3024 legit
433 2991 538 3015 omnibus·
554 2991 689 3015 muneribus
699 2990 814 3022 danistae.
835 2990 914 3015 credo
927 3000 960 3025 qu

1179 2783 1257 2810 Fabr.
1271 2783 1351 2819 vulgo
1363 2787 1397 2814 erg}
1411 2786 1511 2809 alterum
1524 2785 1641 2811 evanuit.

1213 2827 1241 2853 8.
1261 2830 1342 2852 Etiam
1356 2829 1378 2857 fi
1390 2829 1419 2861 fit
1428 2829 1510 2853 honum
1519 2828 1727 2862 aliquodpmer]
1748 2829 1875 2865 Qatuor
1884 2828 1999 2856 Pal-'itin-
2019 2830 2091 2864 (nam
2099 2828 2128 2856 in

1157 2877 1159 2885 i
1178 2870 1266 2898 quart.
1277 2863 1330 2889 hoec
1339 2863 1450 2895 definiit,
1459 2870 1533 2896 puta!
1542 2873 1612 2890 enam
1621 2865 1683 2898 infit
1691 2866 1774 2890 bonum
1783 2865 1886 2899 aliquod.

1195 2942 1200 2946 .
1212 2915 1243 2941 9.
1264 2910 1343 2932 Etiam
1354 2918 1361 2931 ι
1379 2917 1408 2932 cx
1417 2907 1577 2941 aliqua'parre
1594 2906 1738 2940 clauderet]
1760 2908 1848 2934 Iiivito
1857 2909 1884 2933 &
1896 2906 2028 2934 fremente
2037 2908 2131 2935 Anco-

1175 2950 1266 2968 iiit.iiio
1278 2944 1314 2969 ita
1324 2942 1463 2977 legendum
1479 2962 1485 2974 ,
1497 2952 1554 2969 nam
1567 2943 1630 2969 licet
1639 2945 1736 2970 0292&
1753 2944 1781 2970 8<
1792 2944 1876 2970 nimio
1889 2944 1975 2979 gentis
1987 2944 2124 2971 contradi—

965 2991 988 3016 ὴ
997 2995 1026 3018 τὸ
1041 2994 1137 3023 prum-a
1154 3002 1157 3018 ‚
1173 2978 1246 3004 cevidi'
1261 2979 1345 3005 studio
1357 2979 1469 3004 necui-ia
1481 2987 1501 3004 ι.
1522 2988 1578 3013 cap.
1590 2988 1617 3004 2.
1636 2979 1848 3006 observationum
1860 2980 1885 3006 iii
1897 2980 2026 3011 (Ji-iticos,
2037 2980 2127 3016 Liplio

189 3029 241 3047 „on
252 3021 377 3057 capiebat.
397 3024 440 3050 Sic
449 3024 571 3061 propert⁴
589 3026 653 3051 ‚mua
671 3026 727 3050 mike
744 3027 805 3057 nist!-
818 3030 915 3059 pamm
936 3028 984 3061 fh„
993 3029 1087 3052 Venere.
1106 3028 1134 3052 ὃς
1154 3022 1155 3046 i
1175 3013 1299 3040 obvermt
1309 3023 1406 3041 cornua
1419 3033 1426 3044 ‚
1446 3022 1533 3041 rameii
1545 3015 1683 3041 &veritas
1699 3016 1728 3041 &
1750 3015 1978 3042 vetustiffimomm
1997 3015 2128 3043 librorum

188 3055 232 3082 hin
238 3059 395 3090 :premissi-u.

1175 3050 1332 3085 conspiratio
1342 3051 1399 3086 plus
1412 3050 1499 3086 potuit
1511 3070 1519 3082 ,
1539 3060 1615 3087 quam
1627 3052 1699 3077 'istius
1710 3051 1937 3086 Criticoinastigos
1958 3051 2068 3078 vesania..
2089 3054 2131 3078 lta

223 3092 251 3117 6.
269 3093 376 3127 Qa'igsc
385 3104 430 3119 non
438 3095 638 3131 suitcontenrue.]
659 3096 825 3125 intruserunt
836 3097 941 3132 quidam
955 3098 1021 3124 male
1034 3097 1134 3130 feriati,
1174 3086 1350 3127 ³³²0¹¹¹,h³¹bet
1363 3086 1407 3126 pai
1429 3094 1492 3112 tert.
1503 3095 1591 3129 quart..
1602 3088 1686 3114 vatic·
1700 3087 1777 3127 Ἐφ’·
1799 3087 1880 3128 *ὐῖΞο
1891 3097 1923 3113 0³(
1935 3087 2021 3128 ‘0¹¹9‘ssss
2037 3089 2130 3113 ‘'1⁶¹⁴AE-

186 3127 236 3161 ΨΜ·
244 3130 288 3161 [ΗΕ
297 3129 450 3155 ime-minen
461 3130 523 3162 suit.
543 3130 585 3157 sed
594 3142 662 3167 nego
673 3133 730 3169 ipsis
743 3134 781 3163 ius
807 3133 879 3159 fuist-c
900 3142 989 3160 contra
998 3143 1090 3160 omnes
1101 3134 1134 3159 li*
1174 3129 1248 3148 caret.
1259 3131 1285 3148 in
1298 3123 1353 3148 Pal.
1364 3130 1452 3157 quint.
1462 3122 1498 3149 est
1509 3123 1633 3149 claudun.
1655 3123 1791 3158 vestigium
1804 3132 1895 3159 prima:
1906 3123 2039 3151 lefitionis.

173 3164 245 3197 ‚bi-ps
257 3163 306 3196 suis
326 3164 414 3192 scoriis
425 3165 580 3194 Tullianum
589 3176 685 3195 aurum
694 3178 724 3196 ac
734 3169 875 3206 puritatem
888 3178 1067 3206 corrumpere.
1088 3169 1133 3197 ab-

1212 3180 1253 3199 ιο.
1274 3175 1465 3209 Unamquamque
1474 3183 1522 3200 rem
1532 3174 1674 3208 appellari.]
1697 3174 1823 3212 Quinc
1834 3174 1901 3203 Paul.
1909 3181 2011 3208 partem.

1522 3210 1714 3238 Zzzzzzz
2071 3209 2133 3235 idn
