2297 3389
538 134 823 182 ·ORAT10
873 131 993 183 PRo
1043 139 1099 185 A.
1137 136 1501 196 CLUEN'rro
1537 150 1766 200 Avia-o.

172 217 290 261 insequi
302 215 434 258 coepiffet
445 209 576 246 {Larino
586 212 720 285 proffipit
728 234 737 248 ‚
750 214 783 245 &
792 215 821 245 se
832 216 867 244 in
881 214 971 245 castra
980 214 1130 247 clai-iffimi

171 263 229 292 viri
240 282 248 294 ‚
261 259 445 299 QMetclli,
460 258 598 287 contulit.
624 257 677 285 Pol
701 256 785 285 illam
789 256 898 296 fugam
907 256 942 288 ὼ
945 257 1049 294 fielen's
1065 276 1074 290 ‚
1095 258 1130 290 &-

169 302 336 342 conscientia
345 299 435 336 restem
444 319 453 332 ,
472 307 626 338 nunquam
640 297 669 327 se
675 297 810 336 judiciis,
820 307 989 337 numquam
999 298 1127 338 legibus,

169 352 337 384 numquam
347 344 497 371 inermem
507 340 642 369 inimicis
652 340 844 369 committere
852 339 938 368 ausus
947 338 989 368 est
1000 349 1006 367 ε
1018 339 1066 368 sed
1076 349 1128 378 per

167 385 253 415 illam
262 386 300 415 L.
310 382 398 413 Sullae
408 384 472 411 vim
482 402 490 415 ‚
507 390 593 422 atque
604 380 765 410 111ἃο113111
775 400 784 414 ,
803 382 949 410 Larinum
960 381 993 409 in
1003 380 1126 410 summo

169 428 279 457 timore
287 426 430 454 omnium
441 443 449 457 ‚
470 432 540 453 curn
550 424 667 452 armatis
676 422 826 452 advolavit
838 433 843 451 :
867 429 1006 462 quattuor
1022 423 1103 451 viros
1114 442 1122 455 ,

166 465 243 508 qu‘os
253 467 420 505 municipes
431 464 561 494 fecerant
572 484 581 498 ‚
596 463 729 494 sustulit:
748 464 775 494 se
786 463 801 494 a
810 463 890 494 Sulla
901 483 909 496 ,
925 463 1039 493 &alios
1049 473 1123 503 prae-

165 516 245 539 terea
256 509 324 538 treis
334 527 343 540 ‚
365 505 459 537 136105
469 505 527 536 effe
538 506 616 536 dixit
628 516 634 535 t
654 505 687 536 &
695 505 731 535 ab
742 505 851 535 eodem
862 504 915 534 fibi
925 503 981 534 effe
994 507 1123 544 impera-

165 557 231 580 tum
242 569 251 583 ‚
272 557 304 579 ut
313 550 442 578 Aurium
452 548 541 578 illurn
552 568 560 581 ‚
581 549 633 589 qui
648 545 701 576 sibi
714 547 898 577 delationem
911 548 1048 576 nominis
1059 566 1068 580 ,
1089 547 1122 576 &

162 592 266 631 capitis
284 590 451 630 periculum
470 589 645 622 ostentarat,
668 588 836 619 &alterum
848 590 975 618 Aurium
986 608 994 621 ‚
1015 589 1047 618 &
1057 588 1120 626 ejus

163 635 197 662 C.
209 630 307 662 filium
319 653 328 665 ,
349 632 381 662 &
399 635 466 662 sex.
479 631 639 664 Virbium,
659 640 720 671 quo
735 629 879 671 sequestre
897 632 929 660 in
947 631 1003 659 1110
1020 629 1120 660 11111166

160 673 384 714 corrumpendo
394 673 545 704 dicebatur
555 671 612 703 ess'e
620 672 699 706 usus,
711 670 919 714 proscribendos,
935 669 1119 701 interficien-

147 715 275 756 Ndesque
284 724 405 745 curaret.
428 718 530 756 Itaque
540 735 548 748 ‚
569 715 630 744 illis
639 711 838 743 crudeliffime
850 711 1016 742 10161166115
1026 733 1034 746 ‚
1052 722 1117 743 non

163 757 310 787 mediocri
323 757 358 787 ab
369 767 404 786 eo
414 759 503 787 ceteri
512 756 735 796 proscriptionis
743 775 751 788 ‚
770 755 803 784 &
812 757 918 784 mortis
932 764 1015 784 metu
1026 763 1114 784 terre-

160 797 277 829 bantur.
304 801 360 828 His
371 798 500 828 rebusin
510 798 591 827 causa
601 818 610 830 ,
622 796 796 836 judicioque
805 795 969 836 patefaffis,
983 797 1049 837 quis
1060 795 1112 829 est,

118 844 143 878 9
161 842 213 880 qui
229 841 318 870 illum
338 840 450 870 absolvi
468 837 594 879 potuifle
604 838 812 868 arbitraretur?
832 841 929 878 Atque
946 839 1008 868 haec
1025 848 1115 877 parva

157 883 227 912 sunt
240 893 245 911 :
263 882 431 923 cognoscite
439 882 552 920 reliqua
564 890 568 908 :
588 888 694 910 utnon
702 879 863 920 aliquando
874 879 1112 909 condemnatum

156 922 215 953 ess'e
226 925 425 963 Oppianicum
437 942 445 955 ‚
464 922 512 952 sed
522 921 693 962 aliquandiu
711 922 899 951 incolumem
916 919 1003 950 fuifl'e
1019 923 1111 950 mire-

155 967 248 995 mini.
278 962 415 996 Primum
425 963 525 993 videte
533 964 669 992 hominis
680 963 841 993 audaciam.
872 961 992 993 Saffiam
1002 964 1035 992 in
1045 972 1109 992 ma-

154 1008 336 1036 trimonium
353 1006 459 1035 ducere
475 1025 485 1038 ‚
507 1006 589 1035 Aviti
609 1014 735 1035 matrem
750 1024 759 1038 ,
778 1005 882 1038 illam,
902 1005 987 1044 cujus
1006 1006 1106 1034 virum

153 1051 191 1078 A.
200 1049 328 1078 Aurium
339 1046 500 1080 occiderat,
511 1048 694 1086 concupivit.
718 1045 830 1076 Utrum
841 1046 1027 1091 impudentior
1038 1047 1086 1087 hic
1096 1066 1104 1079 ‚

151 1090 207 1130 qui
216 1088 362 1129 postulet:
381 1098 418 1119 an
428 1088 559 1118 crudelior
569 1088 619 1118 illa
629 1107 638 1122 ,
660 1086 680 1117 fi
695 1088 786 1118 nubat
797 1108 804 1120 ‚
825 1087 948 1118 difficile
959 1086 1042 1118 dic‘iu
1053 1087 1105 1118 est.

150 1131 201 1162 sed
211 1140 312 1161 tamen
323 1130 472 1171 utriusque
482 1131 715 1162 humanitatem,
724 1129 982 1171 constantiamque
993 1139 1106 1169 cogno-

150 1172 232 1203 scite.
264 1175 340 1203 Petit
349 1174 529 1212 Oppianicus
540 1192 548 1205 ,
568 1180 601 1201 ut
610 1170 662 1201 sibi
672 1171 757 1201 Saffia
767 1171 876 1206 nubat,
896 1171 969 1201 &id
981 1181 1107 1212 magno-

149 1223 219 1254 pere
236 1215 400 1244 contendit.
424 1214 475 1243 illa
483 1222 582 1243 autem
598 1223 662 1243 non
677 1213 839 1243 admiratur
848 1213 997 1244 audaciam
1009 1233 1017 1247 ‚
1043 1223 1107 1243 non

149 1255 372 1295 impudentiam
388 1256 572 1296 aspernatur,
593 1265 659 1284 non
678 1254 809 1295 denique
829 1259 838 1274 ¹
850 1256 934 1285 illam
950 1257 1105 1295 Oppianici

151 1297 281 1327 domum
299 1299 356 1327 viri
371 1298 414 1327 sui
429 1298 568 1338 sanguine
584 1296 818 1332 redundantem,
839 1296 1031 1327 reformidat:
1055 1297 1104 1326 sed

149 1338 232 1379 quod
243 1339 362 1369 haberet
371 1341 439 1368 treis
448 1339 500 1368 ille
502 1338 592 1376 filios,
606 1337 716 1367 idcirco
726 1339 755 1368 se
765 1338 801 1367 ab
814 1340 861 1367 his
871 1340 984 1378 nuptiis
997 1339 1104 1369 abhor-

149 1390 213 1410 rere
228 1380 387 1421 respondit.
413 1381 608 1419 Oppianicus,
623 1381 674 1420 qui
683 1381 843 1419 pecuniam
854 1378 947 1410 Saffiae
957 1382 1103 1420 concupi-

145 1420 252 1455 visset,
278 1421 373 1452 domo
391 1419 444 1451 fibi
463 1420 658 1462 quaerendum
677 1421 846 1451 remedium
864 1421 1048 1452 existimavit
1068 1421 1102 1452 ad

143 1470 212 1494 eam
223 1473 337 1494 moram
347 1484 355 1497 ,
375 1473 441 1504 quae
451 1465 563 1503 nuptiis
576 1461 758 1493 afferebatur.
782 1465 863 1493 Nam
874 1483 883 1497 ,
901 1473 970 1493 cum
982 1463 1102 1493 haberet

144 1514 185 1535 ex
194 1507 296 1535 Novia
313 1504 461 1535 infantem
480 1504 596 1535 filium:
614 1505 686 1535 alter
698 1513 798 1534 autem
815 1505 879 1544 ejus
890 1503 970 1535 filius
985 1525 994 1539 ‚
1015 1506 1100 1545 Papia

144 1555 232 1577 natus
241 1567 250 1580 ,
262 1548 380 1577 Theani
390 1547 501 1587 Appuli
511 1567 520 1581 ‚
539 1546 620 1587 quod
630 1545 709 1577 abest
720 1546 735 1576 a
745 1548 856 1577 Larino
866 1547 970 1577 decem
981 1547 1013 1577 &
1026 1548 1098 1577 osto

143 1589 242 1619 millia
258 1586 411 1629 paffuum,
433 1589 510 1628 apud
527 1597 652 1619 matrem
662 1588 847 1618 educaretur:
868 1588 981 1619 arcessit
998 1586 1098 1619 subito

143 1629 205 1660 fine
213 1631 297 1660 causa
305 1640 433 1670 puerum
444 1632 570 1661 Theano
583 1641 588 1659 :
606 1630 687 1670 quod
697 1629 792 1660 facere
802 1650 810 1663 ‚
823 1629 877 1660 nisi
889 1631 956 1660 ludis
962 1629 1093 1670 pttblicis3

140 1681 193 1702 aut
201 1671 284 1702 festis
292 1672 397 1702 diebus
407 1692 415 1706 ‚
436 1682 519 1702 antea
530 1682 594 1702 non
604 1671 727 1702 solebat.
758 1674 854 1702 Mater
864 1673 943 1702 nihil
955 1673 1026 1702 mali
1035 1674 1096 1702 rni—

141 1714 203 1744 sera
219 1714 383 1753 suspicans,
405 1715 507 1744 mittit.
538 1714 593 1744 Ille
606 1714 632 1743 se
644 1716 810 1744 Tarentum
819 1713 966 1753 proficisci
976 1724 1047 1744 cum
1057 1713 1092 1743 si-

141 1754 280 1785 mulafl'et
289 1776 298 1789 ,
314 1765 351 1785 eo
360 1756 424 1795 ipso
434 1756 482 1786 die
490 1766 582 1796 puer,
594 1754 664 1785 cum
676 1756 748 1785 hora
759 1757 919 1786 undecima
928 1757 961 1785 in
970 1757 1094 1795 publico

140 1796 236 1826 valens
244 1797 324 1826 visus
334 1796 420 1831 esset,
432 1807 498 1827 ante
511 1797 635 1827 nouem
647 1806 784 1828 mortuus
796 1817 804 1831 ,
816 1797 849 1827 &
858 1796 1001 1837 postridie
1011 1818 1019 1831 ‚
1040 1809 1094 1829 an—

139 1838 398 1879 tequamluceret‚
418 1838 592 1869 combustus
608 1838 659 1868 est.
691 1841 788 1879 Atque
798 1840 1004 1869 hunctantum
1014 1850 1093 1871 moe-

138 1889 240 1909 rorem
261 1881 348 1910 matri
364 1882 446 1920 prius
463 1881 628 1910 hominum
646 1890 768 1914 rumor,
786 1880 878 1921 quam
887 1882 1044 1922 quisquam
1056 1892 1094 1913 ex

138 1923 299 1961 Oppianici
316 1920 431 1952 familia
447 1924 640 1952 renuntiavit.
674 1922 728 1952 Illa
735 1922 808 1952 cum
818 1932 881 1952 uno
895 1932 1030 1962 tempore
1039 1934 1092 1954 au-

138 1962 226 1993 difl'et
234 1962 288 1993 fibi
297 1973 360 1993 non
370 1962 468 1993 solum
481 1962 591 1996 filium,
602 1963 650 1993 sed
660 1966 751 1993 etiam
760 1965 969 2004 exsequiarum
980 1974 1092 1995 munus

137 2013 270 2044 ereptum
283 2025 291 2038 ,
311 2006 456 2034 Larinum
473 2004 635 2034 confestim
653 2007 820 2035 exanimata
836 2007 939 2038 venit,
958 2006 1089 2037 &ibide

136 2047 255 2087 integro
264 2045 356 2075 funus
364 2047 426 2086 jam
438 2046 553 2086 sepulto
564 2045 628 2076 filio
638 2045 716 2076 fecit.
747 2048 822 2076 Dies
831 2046 971 2076 nondum
983 2047 1086 2078 decem

134 2086 374 2120 intercesserant,
393 2086 466 2117 cum
483 2087 535 2117 ille
550 2088 622 2118 alter
631 2086 819 2118 filiusinfans
831 2096 954 2117 necatur.
984 2092 1087 2131 Itaque

133 2128 224 2159 nubit
234 2131 397 2169 Oppianico
407 2127 555 2159 continuo
565 2127 653 2159 Saffia
664 2150 672 2162 ‚
697 2133 711 2149 ²
722 2130 831 2160 laetanti
840 2131 903 2169 jam
914 2132 1019 2161 animo
1028 2151 1036 2165 ‚
1053 2133 1086 2163 &

130 2170 181 2210 spe
190 2173 306 2210 optima
313 2169 502 2201 confirmato.
524 2180 579 2200 nec
589 2173 713 2205 mirum,
724 2182 789 2212 quae
800 2172 828 2201 se
838 2181 902 2201 non
912 2172 1087 2214 nuptialibus

131 2212 202 2241 donis
211 2232 220 2246 ‚
242 2212 291 2242 sed
301 2211 437 2242 filiorum
450 2212 606 2242 funeribus
619 2212 776 2243 delinitam
785 2212 906 2243 videret.
934 2218 946 2241 Ξ
957 2217 996 2245 113
1003 2215 1085 2256 quod

129 2255 220 2284 ceteri
233 2264 383 2284 PROPTER
395 2254 505 2284 liberos
514 2256 648 2294 pecuniae
659 2255 828 2295 cupidiores
838 2255 934 2285 solent
944 2255 1002 2286 effe
1011 2276 1019 2290 ‚
1034 2257 1086 2286 ille

43 2323 45 2326 ⁴
130 2304 250 2336 propter
264 2298 422 2336 pecuniam
441 2295 551 2325 liberos
571 2298 706 2326 amittere
724 2296 894 2337 jucundum
911 2296 968 2328 efi'e
987 2298 1085 2329 duxit.
1105 2327 1108 2335 ,

69 2341 117 2381 30
132 2339 236 2368 Sentio
247 2357 255 2371 ,
261 2339 273 2377 j
278 2337 378 2368 udices
387 2357 396 2371 ,
415 2347 469 2367 vos
479 2347 534 2377 pro
544 2336 637 2368 vestra
647 2339 830 2369 humanitate
841 2358 850 2372 ‚
870 2339 917 2368 his
928 2341 1015 2370 tantis
1024 2341 1084 2370 sce—

130 2379 243 2409 leribus
261 2379 389 2409 breviter
402 2378 478 2409 31116
488 2379 698 2410 demonstratis
709 2401 718 2414 ‚
738 2381 934 2411 vehementer
942 2380 999 2411 ess'e
1009 2393 1084 2411 com-

128 2429 226 2450 motos.
256 2424 325 2462 Qo
344 2421 465 2451 tandem
481 2423 571 2461 igitur
587 2424 692 2452 animo
704 2420 1081 2459 fuisseillosarbitramini,

129 2462 239 2504 quibus
248 2464 294 2492 his
304 2463 340 2492 de
350 2462 438 2492 rebus
451 2473 516 2492 non
525 2463 620 2494 modo
628 2464 812 2494 audiendum
822 2463 899 2499 fuit,
916 2464 1024 2495 verum
1035 2475 1080 2496 et-

129 2506 190 2534 iam
199 2504 418 2544 judicandum?
436 2507 498 2534 Vos
508 2505 617 2535 auditis
627 2505 663 2535 de
673 2516 708 2535 eo
718 2526 727 2539 ‚
744 2507 776 2535 in
787 2516 878 2546 quem
888 2507 1006 2546 judices
1016 2518 1080 2539 non

74 2572 84 2581 ,
129 2545 218 2576 estis:
237 2545 274 2575 de
287 2556 324 2576 eo
334 2566 343 2580 ‚
353 2556 445 2587 quem
457 2556 520 2576 non
530 2546 654 2577 videtis:
673 2547 708 2577 de
719 2557 755 2577 eo
765 2568 773 2581 ,
787 2558 876 2589 quem
887 2547 981 2579 odiss‘e
991 2570 1000 2582 ‚
1016 2551 1078 2589 jam

129 2598 195 2618 non
211 2587 351 2628 potestis:
369 2588 405 2618 de
421 2598 474 2623 60,
490 2588 722 2629 qui&naturae‚
745 2590 777 2619 &
791 2590 904 2630 legibus
922 2591 1078 2622 satisfecit:

125 2639 221 2670 quem
232 2630 310 2670 leges
320 2628 425 2660 exsilio
434 2649 443 2663 ,
462 2640 564 2660 natura
574 2640 670 2661 morte
680 2632 818 2661 multavit
830 2642 835 2660 :
851 2631 961 2662 auditis
970 2643 1035 2663 non
1044 2634 1079 2664 ab

91 2705 96 2708 ,
127 2673 258 2701 inimico
269 2692 277 2704 ,
287 2671 394 2701 auditis
403 2670 464 2702 fine
475 2671 614 2702 testibus:
630 2673 750 2706 auditis,
765 2672 837 2703 cum
846 2683 888 2707 63,
898 2683 963 2714 quae
974 2680 1079 2716 copio-

126 2711 238 2743 siflime
249 2713 309 2743 dici
317 2712 454 2754 possunt,
473 2714 601 2744 breviter
612 2714 628 2745 a
638 2725 687 2745 me
696 2735 705 2749 ‚
725 2713 911 2756 striebimque
925 2716 1076 2747 dicuntur.

125 2755 347 2785 Illiaudiebant
355 2755 391 2785 de
402 2765 456 2789 eo,
473 2755 510 2785 de
528 2766 589 2797 quo
602 2758 698 2796 jurati
716 2757 873 2788 sententias
891 2757 966 2788 ferre
986 2759 1076 2790 debe-

125 2795 214 2827 bant:
234 2796 270 2827 de
285 2807 338 2832 co,
356 2797 441 2837 cujus
450 2798 601 2838 praesentis
610 2798 759 2829 nefarium
771 2820 780 2833 ‚
801 2799 1075 2832 &consceleratum

163 2912 173 2930 1
181 2924 188 2930 .
205 2905 271 2930 Illam
279 2907 402 2938 oppianici
408 2905 497 2930 domum
505 2907 718 2941 ·virifi1iJ}1ngicine
727 2908 920 2943 redundantem]
933 2912 973 2936 Ita
982 2912 1021 2946 pri
1026 2921 1076 2937 1111-

125 2945 167 2966 tus
177 2940 227 2967 cusi
240 2960 248 2973 ,
266 2940 435 2976 firmavitque
453 2941 553 2978 scriptis
572 2942 621 2969 suis
633 2944 663 2969 P.
675 2943 809 2970 Vitiorius
821 2944 867 2971 lib.
880 2954 925 2971 xv.
936 2947 999 2972 Var.
1011 2947 1074 2974 1651.

123 2984 183 3011 cap.
193 2984 239 3002 zu.
250 2986 308 3003 nam
319 2977 445 3013 posterius
455 2977 521 3004 editi
533 2997 541 3010 ,
551 2983 607 3012 opp.
617 2979 737 3005 dex-teram
749 2999 757 3011 ,
777 2981 848 3016 quod
858 2982 882 3007 in
897 2982 952 3008 Pal.
963 2982 1038 3014 iexto
1047 2993 1077 3010 36

125 3010 191 3046 sept.
201 3012 296 3060 quippe
306 3021 346 3048 pr.
357 3022 462 3039 manum.
481 3021 509 3040 at
519 3015 590 3041 enim
601 3015 648 3041 reli
671 3016 696 3041 ui
708 3034 715 3047 ‚
728 3025 814 3052 neque
823 3018 912 3043 domum
920 3018 1074 3054 agnoscunt,

123 3055 211 3082 neque
219 3047 338 3074 dexteram
349 3068 357 3080 ,
367 3056 397 3075 ut
407 3049 517 3085 suspicer
526 3051 596 3077 aliud
607 3025 671 3087 quid
681 3051 766 3078 adhuc
775 3052 884 3085 subesse,
894 3053 926 3080 de
937 3064 989 3090 quo
1000 3057 1075 3090 cogi-

126 3089 182 3108 tare
192 3082 286 3118 poffint
295 3084 436 3112 subtilioris
447 3087 547 3122 ingenii
559 3088 666 3115 (ξι-11161,
685 3087 793 3116 obvium
805 3089 911 3126 quidem
922 3092 959 3118 est
972 3110 980 3122 ,
992 3094 1076 3117 villam

122 3120 246 3151 Oppianici
255 3138 263 3150 ,
273 3118 315 3145 sed
326 3129 375 3146 nou
385 3121 481 3156 placet.

163 3161 191 3180 2.
206 3157 313 3183 *Lartanre'
321 3156 378 3189 jam
394 3159 470 3184 anima
485 3159 516 3191 <ly
526 3161 570 3194 spe
586 3161 673 3194 optima
689 3162 849 3197 confirmata]
869 3162 911 3190 Ita
920 3161 1005 3190 editio
1015 3163 1075 3191 anni

1177 221 1297 266 vultum
1316 225 1527 257 intuebantur:
1548 227 1585 259 de
1600 239 1638 259 eo
1648 238 1668 263 ,v
1680 239 1772 271 quem
1783 228 1906 261 oderant
1913 168 2132 271 Propoersszg

1175 271 1252 292 ciam
1265 274 1271 292 :
1291 264 1328 295 de
1338 277 1374 297 eo
1385 287 1394 301 ‚
1410 278 1501 309 quem
1512 272 1599 300 omni
1608 271 1754 311 supplicio
1765 272 1892 314 dignum
1902 271 1961 302 effe
1970 272 2128 303 ducebant.

1174 303 1332 348 audiebant
1341 308 1377 338 ab
1387 311 1617 342 accusatoribus:
1636 313 1795 344 audiebant
1804 314 1893 344 verba
1903 314 2072 344 multorum
2083 323 2129 343 te-

1173 342 1262 375 stium
1275 357 1280 376 :
1299 349 1473 384 audiebant,
1489 352 1562 383 cum
1573 364 1746 396 unaquaque
1758 356 1836 386 dere
1849 356 1864 386 'a
1874 359 1906 387 Ρ.
1918 358 2054 388 canutio,
2068 356 2126 385 ho-

1171 387 1256 415 mine
1277 389 1540 430 eloquentiffimo‚
1559 398 1702 435 graviter,
1722 397 1754 428 &
1773 397 1825 428 diu
1842 398 1997 428 diceretur.
2031 400 2068 428 Et
2084 395 2128 428 est
2161 404 2164 406 ’

1170 427 1326 471 quisquam
1339 451 1347 463 ,
1360 435 1428 471 qui,
1441 433 1511 465 cum
1521 437 1583 466 haec
1593 441 1768 479 cognoverit
1778 460 1786 473 ‚
1799 440 1933 480 suspicari
1943 438 2031 485 possit
2040 459 2048 472 ‚
2062 441 2125 479 Op-

1166 471 1444 511 pianicumjudicio
1456 476 1627 515 oppressum
1640 499 1647 513 ‚
1667 480 1950 511 &circumventum
1962 480 2020 511 esse
2031 483 2134 522 inno-y

1166 517 1285 540 centem
1299 514 1561 561 Ρᾼ661ν31111113111
1572 520 1685 560 reliqua
1696 542 1703 554 ‚
1713 522 1828 561 judices
1838 543 1846 556 ,
1859 522 1957 553 dicam
1970 544 1978 557 ‚
1991 533 2023 553 ut
2032 523 2067 553 ad
2077 533 2122 556 ea,

1165 559 1230 589 quae
1238 561 1378 592 propiora
1387 556 1476 596 hujus
1485 560 1576 589 causae
1585 580 1593 593 ‚
1603 561 1634 591 &
1643 562 1828 601 adjunetiora
1840 565 1907 595 sunt
1916 585 1923 598 ‚
1935 567 2122 604 perveniam.-

1165 593 1228 621 Vos
1237 612 1245 626 ‚
1260 596 1360 634 quaeso
1369 616 1378 630 ,
1396 601 1545 629 memoria
1555 605 1677 632 teneatis
1687 624 1695 637 ,
1714 614 1775 634 non
1787 607 1864 635 mihi
1875 608 1932 637 hoc
1942 605 1999 636 effe
2009 616 2121 646 propo-

1162 630 1249 664 fitum
1262 655 1270 668 ‚
1294 646 1327 666 ut
1336 639 1469 669 accusem
1481 642 1682 680 Oppianicum
1694 656 1847 677 mortuum
1861 658 1867 676 :
1889 649 1937 679 sed
1947 668 1955 681 ,
1975 648 2046 677 cum
2060 650 2118 678 iioc

1159 676 1332 712 persuadere
1352 680 1440 710 vobis
1458 684 1554 712 velim
1565 703 1572 716 ‚
1592 685 1742 723 judicium
1757 688 1792 717 ab
1804 690 1861 719 1106
1872 700 1935 719 11011
1946 688 2002 720 esse
2012 699 2117 719 corru-

1158 725 1245 763 ptum
1257 739 1267 752 ,
1285 720 1342 749 hoc
1353 724 1396 751 uti
1406 724 1497 753 initio
1507 743 1515 757 ‚
1533 734 1564 754 ac
1574 724 1775 758 fundamento
1786 729 1966 761 defensionis
1980 742 1985 760 ;
2005 733 2115 771 Oppia-

1158 768 1262 789 111611111
1275 781 1283 793 ,
1295 763 1455 794 hominem
1466 765 1731 802 sceleratissimum,
1745 770 1777 800 &
1786 772 2041 806 nocentrffimum,
2055 772 2115 802 effe

1156 798 1348 847 damnatum:
1361 807 1413 845 qui
1426 808 1514 836 uxori
1524 808 1582 837 suae
1592 809 1748 844 Cluentiae,
1757 821 1823 851 quae
1832 816 1920 844 amita
1931 815 2017 849 huius
2029 816 2115 845 Aviti

1152 839 1223 876 ¹fuit,
1236 853 1307 874 cum
1319 846 1380 885 ipsc
1388 848 1519 887 poculam
1528 849 1648 887 dedissit,
1667 852 1766 882 subito
1775 854 1826 883 illa
1835 856 1867 884 in
1877 850 1976 885 media
1985 858 2114 895 potione·

1153 884 1333 929 exclamavit
1343 907 1351 920 ‚
1367 888 1394 917 se
1410 892 1548 920 maximo
1559 902 1628 921 cum
1640 892 1743 923 dolore
1757 898 1836 924 mori
1848 906 1853 924 :
1874 906 1928 926 nec
1938 896 2050 926 diutius
2062 900 2110 927 vi·-

1152 933 1215 971 1111,
1229 928 1319 967 qulim
1330 929 1429 960 locuta
1439 930 1490 960 est.
1512 942 1583 962 nam
1593 935 1625 963 in
1635 935 1700 973 ipso
1712 935 1849 966 sermone
1861 938 1918 967 hoc
1929 959 1937 970 ,
1951 938 1983 968 &
1993 938 2109 968 vocife—

1151 975 1265 998 ratione
1282 979 1400 1001 mortua
1417 971 1471 1002 est.
1495 974 1527 1004 &
1541 974 1575 1004 ad
1587 976 1663 1005 hanc
1673 986 1803 1007 mortem
1823 987 1882 1009 tam
1899 981 2083 1018 repentinam
2096 999 2106 1013 ,

1150 1017 1318 1053 vocemque
1328 1015 1489 1044 morientis
1500 1035 1508 1049 ‚
1523 1019 1629 1049 omnia
1637 1024 1797 1057 praeterear
1810 1030 1877 1060 quae
1888 1021 1984 1051 solent
1993 1019 2108 1050 6116111-

1148 1048 1225 1078 dlcla
1235 1072 1243 1085 ‚
1257 1053 1289 1082 δε
1299 1054 1420 1095 vestigia
1428 1059 1557 1091 veneni,
1572 1060 1603 1088 in
1613 1059 1696 1089 illius
1706 1069 1832 1091 mortuae
1841 1072 1965 1102 corpore
1973 1061 2105 1093 fuci-unt.

1150 1091 1326 1134 Eodemque
1336 1106 1456 1127 veneno
1466 1101 1497 1128 C.
1511 1101 1711 1140 Oppianicum
1721 1122 1729 1136 ,
1746 1101 1879 1138 fratrem,
1892 1106 2017 1134 necavit.
2041 1107 2106 1134 Ne-

1148 1143 1207 1184 que
1219 1135 1260 1165 est
1270 1137 1327 1167 hoc
1338 1138 1420 1168 satis.
1435 1140 1548 1171 tametsi
1560 1143 1666 1182 inipso
1675 1142 1804 1174 fraterno
1813 1147 1973 1185 parricidio
1982 1147 2103 1176 nulium

1150 1178 1242 1222 sce-ius
1258 1179 1488 1217 praetermiffum
1510 1183 1640 1213 videtur:
1660 1193 1760 1215 tamen
1771 1206 1779 1220 ,
1798 1197 1832 1217 ut
1840 1188 1875 1217 ad
1887 1189 1944 1218 hoc
1952 1188 2105 1219 nefarium

1147 1219 1262 1248 iacinus
1275 1221 1440 1266 accederet,
1457 1223 1572 1254 aditum
1584 1223 1636 1255 fibi
1645 1228 1707 1255 aim
1717 1228 1864 1266 sceleribus
1875 1229 1941 1259 ante
1957 1232 2104 1260 munivit.

1149 1259 1230 1305 Nam
1240 1260 1311 1292 curn
1321 1262 1392 1293 eflet
1400 1265 1518 1305 gravida
1528 1268 1618 1297 Auria
1627 1288 1634 1300 ,
1655 1268 1750 1299 fratris
1760 1276 1856 1304 uxor,
1881 1271 1982 1311 &jam
1994 1281 2103 1311 appro-

1145 1309 1288 1350 pinquare
1296 1314 1394 1343 partus
1405 1306 1570 1337 videretur:
1584 1310 1744 1340 mulierem
1757 1322 1876 1342 veneno
1888 1313 2037 1343 interfecit
2047 1335 2055 1347 ‚
2069 1322 2102 1343 ut

1147 1351 1204 1387 una
1213 1344 1275 1378 illa,
1288 1346 1320 1375 δε
1330 1347 1411 1386 quod
1422 1357 1480 1378 erat
1489 1359 1527 1379 ex
1536 1348 1623 1380 fratre
1632 1361 1827 1392 conceptum,
1837 1363 2000 1385 necaretur.
2016 1354 2099 1385 Post-

1144 1392 1175 1412 ea
1184 1387 1459 1433 tratrem'aggreflus
1469 1390 1524 1420 est:
1544 1394 1596 1432 qui
1613 1392 1676 1422 sero
1690 1414 1697 1426 ,
1716 1395 1779 1433 jam
1797 1395 1966 1426 4exhaust0
1976 1397 2031 1426 illo
2042 1406 2099 1436 po-

1142 1426 1211 1455 culo
1224 1437 1331 1458 mortis
1342 1449 1350 1462 ‚
1362 1440 1433 1460 cum
1444 1432 1477 1461 86
1485 1432 1521 1462 de
1531 1433 1596 1466 suo,
1610 1434 1642 1464 &
1650 1434 1686 1464 de
1696 1439 1800 1466 uxoris
1814 1439 1937 1467 interitu
1947 1438 2099 1472 clamaret.

1141 1467 1413 1512 testamentumque
1425 1483 1537 1504 mutare
1547 1485 1666 1515 cuperet
1676 1497 1684 1511 ‚
1699 1479 1732 1507 in
1743 1479 1802 1518 ipsa
1811 1478 2027 1520 significatione
2040 1482 2099 1510 hu-

1138 1518 1186 1547 jus
1195 1512 1372 1546 voluntatis,
1383 1513 1426 1544 est
1437 1525 1583 1546 mortuus.
1608 1521 1652 1548 Ita
1663 1520 1835 1554 mulierem,
1847 1531 1885 1550 ne
1894 1530 1977 1561 partu
1987 1532 2051 1562 ejus
2060 1523 2098 1552 ab

1138 1551 1300 1583 hereditate
1308 1553 1436 1587 fraterna
1446 1557 1670 1594 excluderetur,
1686 1564 1818 1592 necavit:
1836 1561 1932 1593 fratris
1942 1572 2041 1593 autem
2056 1563 2097 1594 li-

1139 1593 1225 1625 beros
1235 1597 1316 1635 prius
1326 1597 1387 1627 vita
1399 1600 1630 1640 pi·ivavit‚quam
1641 1602 1687 1632 illi
1697 1603 1774 1633 hanc
1783 1604 1820 1634 ab
1830 1613 1933 1635 natura
1943 1608 2095 1645 propriam

1137 1635 1236 1667 lucem
1246 1640 1376 1677 accipere
1386 1649 1565 1680 potuerunt:
1585 1652 1618 1672 ut
1628 1653 1736 1675 omnes
1749 1645 1951 1687 intelligerent
1961 1667 1969 1680 ‚
1988 1647 2062 1676 nihil
2070 1648 2099 1677 εἰ

1136 1680 1199 1707 clau
1213 1690 1262 1708 um
1274 1699 1282 1711 ,
1304 1681 1528 1712 nihilsan&um
1538 1682 1596 1714 effe
1605 1684 1704 1725 poffe:
1723 1688 1808 1726 cujus
1825 1688 1862 1717 ab
1879 1689 2015 1723 audacia,
2033 1689 2094 1719 fra-

1136 1724 1187 1751 tris
1198 1721 1308 1766 liberos
1318 1731 1356 1751 ne
1367 1726 1494 1754 materni
1512 1726 1636 1766 quidem
1648 1730 1780 1775 corporis
1789 1728 1921 1760 custodia
1929 1740 2026 1772 tegere
2036 1740 2094 1770 po-

1134 1761 1244 1808 tui-flet.
1260 1765 1412 1795 Memoria
1422 1766 1672 1799 teneoMilefiam
1681 1770 1830 1810 quandam
1843 1772 2095 1806 mulierem.cum

1135 1803 1227 1834 essem
1237 1807 1269 1834 in
1281 1804 1345 1835 Asia
1355 1827 1364 1839 ‚
1376 1807 1457 1848 quod
1468 1808 1504 1837 ab
1514 1809 1672 1841 heredibus
1684 1812 1818 1842 secundis
1828 1823 1943 1853 accepm
1950 1823 2089 1854 pecunia,

1127 1854 1247 1887 partum
1257 1846 1315 1887 silai
1326 1849 1386 1888 ipsa
1396 1849 1598 1880 medicamenm
1609 1851 1739 1892 abegisset
1748 1873 1756 1887 ‚
1778 1856 1820 1884 rei
1830 1856 1961 1894 capitalis
1969 1855 2028 1886 efi'e
2038 1857 2092 1887 da-

1132 1897 1284 1918 mnatam:
1299 1899 1397 1930 neque
1414 1892 1539 1931 injuria:
1559 1903 1624 1933 quae
1637 1894 1720 1934 spem
1739 1898 1866 1934 parentis
1876 1916 1884 1930 ‚
1906 1900 2090 1930 memoriam

1133 1931 1273 1959 nominis
1283 1949 1291 1963 ‚
1315 1930 1479 1962 subsidium
1488 1938 1604 1974 generis
1614 1956 1622 1967 ‚
1644 1936 1784 1966 heredem
1795 1936 1917 1968 familiae
1927 1959 1936 1972 2
1956 1938 2089 1980 designa-

1131 1980 1196 2001 tum
1208 1971 1321 2011 reipub.
1331 1975 1430 2004 civem
1441 1994 1449 2007 ‚
1467 1974 1637 2006 sustulisset.
1669 1980 1791 2017 Qanto
1800 1981 1982 2019 Oppianicus
1999 1983 2030 2011 in
2040 1992 2089 2012 ea-

1129 2013 1199 2042 dem
1208 2014 1318 2053 injuria
1327 2017 1440 2054 majore
1449 2016 1595 2056 supplicio
1605 2017 1736 2059 dignus?
1757 2018 1903 2060 siquidem
1923 2023 1973 2053 illa
1983 2042 1991 2056 ‚
2011 2022 2086 2055 cum

1128 2054 1182 2084 suo
1191 2057 1309 2094 corpori
1322 2058 1386 2086 vim
1397 2057 1537 2088 attulisset
1552 2078 1560 2091 ‚
1581 2059 1608 2089 se
1626 2060 1718 2099 ipsam
1735 2064 1891 2093 cruciavit:
1912 2065 1962 2094 1116
1979 2073 2081 2096 autem

1127 2095 1210 2126 idem
1220 2096 1295 2126 illud
1307 2096 1403 2127 effecit
1411 2108 1464 2138 per
1472 2100 1562 2129 alieni
1571 2103 1704 2141 corporis
1715 2113 1856 2138 mortem,
1872 2114 1958 2146 atque
1968 2108 2082 2137 crucia-

1127 2147 1202 2168 tum.
1219 2140 1315 2168 Ceteri
1325 2149 1389 2169 non
1400 2141 1542 2170 videntur
1550 2144 1582 2172 in
1593 2141 1713 2184 singulis
1722 2146 1901 2176 hominibus
1912 2148 2007 2177 multa
2016 2158 2084 2188 par-

1123 2179 1226 2210 ricidia
1236 2180 1376 2220 suscipere
1386 2181 1468 2221 posse
1481 2194 1486 2211 z
1507 2184 1686 2223 Oppianicus
1696 2187 1838 2217 inventus
1847 2188 1890 2218 est
1899 2209 1906 2222 ‚
1917 2191 1969 2229 qui
1983 2191 2011 2218 in
2022 2200 2076 2220 mio

1124 2229 1228 2261 corpore
1233 2222 1334 2263 plureis
1342 2232 1457 2253 necarer.
1481 2228 1582 2266 Itaque
1593 2225 1664 2256 611111
1675 2228 1749 2258 hanc
1757 2230 2078 2264 consuetudineimau-

1122 2263 1294 2304 daciamque
1302 2266 1493 2305 cognosceret
1507 2269 1671 2298 avunculus
1686 2270 1770 2299 illius
1783 2271 1978 2302 adolescentis
1990 2293 1998 2306 ,
2016 2276 2078 2314 Op-

1122 2306 1231 2344 pianici
1242 2325 1250 2338 ,
1271 2308 1324 2336 Cn.
1333 2308 1468 2348 Magius:
1487 2309 1567 2349 isque
1577 2313 1658 2350 gravi
1670 2311 1778 2342 morbo
1791 2311 1914 2344 affeetus
1932 2314 2004 2345 ess'et
2014 2335 2022 2348 ,
2042 2317 2076 2347 ὃς

1122 2346 1261 2376 heredem
1276 2367 1284 2380 ,
1295 2347 1385 2377 illum
1396 2350 1501 2379 sororis
1514 2351 1572 2380 suae
1582 2351 1680 2382 filium
1694 2373 1702 2385 ,
1714 2352 1821 2384 faceret
1832 2358 1952 2386 :amicis
1961 2357 2081 2388 adbibi—

1122 2389 1180 2433 tis,
1191 2390 1333 2428 praesente
1343 2399 1436 2420 matre
1446 2392 1505 2425 sua,
1519 2395 1630 2427 Dinea‚
1641 2404 1767 2424 uxorem
1780 2396 1860 2426 suam
1871 2399 2078 2439 interrogavit,

1123 2429 1233 2460 essetne
1241 2441 1411 2472 praegnans:
1428 2443 1493 2474 quae
1505 2434 1576 2464 clim
1586 2435 1613 2465 se
1625 2434 1682 2466 effe
1692 2437 1901 2476 respondisset:
1913 2439 1948 2469 ab
1958 2450 1990 2470 ea
1998 2443 2078 2480 peti-

1102 2486 1103 2489 *
1121 2473 1166 2502 vit
1177 2492 1184 2505 ‚
1198 2481 1248 2506 ut,
1261 2474 1288 2503 se
1298 2483 1438 2507 mortuo,
1451 2476 1528 2515 apud
1540 2479 1683 2511 1311163111,
1699 2488 1763 2518 quae
1777 2488 1842 2510 tum
1857 2482 1884 2510 61
1896 2481 2017 2511 1111111611
2028 2483 2076 2512 so-

1119 2523 1187 2543 crus
1197 2524 1255 2544 erat
1265 2535 1273 2548 ,
1285 2515 1381 2556 quoad
1389 2525 1511 2555 pareret,
1525 2518 1666 2548 habitaret
1676 2539 1683 2551 ,
1694 2520 1942 2563 diligentiamque
1951 2523 2075 2553 adhibe-

1119 2564 1180 2589 ret,
1198 2565 1230 2586 ut
1240 2556 1270 2586 id
1282 2577 1290 2590 ,
1303 2557 1384 2598 quod
1394 2568 1579 2598 conceperat,
1591 2560 1724 2593 servaret,
1739 2562 1994 2605 utfizlvnmparcre
2006 2566 2077 2605 pos-

1121 2597 1170 2627 set.
1193 2600 1294 2639 Itaque
1303 2602 1329 2628 ei
1341 2620 1349 2632 ,
1363 2599 1539 2630 testamento
1556 2602 1632 2641 legat
1647 2602 1787 2643 grandem
1798 2614 1957 2644 pecuniam
1969 2606 1984 2636 a
1995 2606 2072 2641 11110,

1120 2634 1192 2680 siqui
1211 2650 1297 2670 natus
1316 2640 1402 2670 ess'et:
1423 2641 1458 2670 ab
1473 2642 1601 2672 secundo
1611 2643 1803 2675 heredenihil
1815 2646 1900 2688 legat.
1932 2649 2013 2690 Qid
2032 2649 2071 2679 de

1119 2683 1284 2721 Oppianico
1294 2683 1451 2722 suspicatus
1464 2681 1496 2712 fit
1506 2703 1514 2716 ,
1525 2684 1634 2714 videtis
1646 2695 1651 2713 2
1662 2685 1734 2725 quid
1746 2686 1896 2725 judicarit,
1908 2689 2068 2721 obscurum

1117 2732 1181 2752 non
1191 2723 1242 2754 est.
1275 2727 1355 2754 Nam
1364 2745 1372 2758 ,
1387 2724 1457 2755 cum
1470 2726 1532 2764 ejus
1544 2725 1643 2755 filium
1653 2725 1759 2758 faceret
1768 2729 1909 2760 heredem
1921 2751 1929 2764 ,
1941 2742 2011 2762 eum
2022 2742 2071 2762 tu-

1117 2773 1212 2794 torem
1228 2765 1329 2795 liberis
1339 2776 1401 2796 non
1413 2766 1569 2806 adscripsit.
1593 2768 1674 2809 Qid
1684 2771 1866 2809 Oppianicus
1878 2772 1982 2804 fecerit
1991 2794 1999 2807 ‚
2017 2784 2072 2804 co-

1113 2807 1261 2846 gnoscite:
1285 2809 1415 2838 utillum
1427 2810 1564 2850 Magvum
1582 2810 1754 2851 intelligatis
1771 2812 1860 2855 longe
1878 2817 1981 2845 animo
1999 2825 2071 2856 pro-

1950 2857 2075 2897 spcxiss'e

1120 2923 1323 2941 ccccm-cxxix.
1334 2917 1360 2941 8:
1374 2916 1429 2942 Pal.
1441 2915 1489 2942 sec.
1502 2926 1548 2943 nec
1558 2927 1608 2944 non
1620 2920 1756 2955 exemplar
1767 2922 1793 2946 S.
1805 2921 1931 2948 vistoris.
1953 2923 2072 2956 vulgatu,

1117 2952 1266 2984 confirmata.
1998 2953 2010 2958 “

1156 2995 1182 3021 3.
1202 2989 1241 3012 Ita
1250 2987 1311 3021 quod
1317 2988 1409 3021 ester-J]
1423 2988 1540 3021 Conjicit
1551 2989 1723 3023 Gulielmius,
1734 3001 1784 3017 cum
1793 2996 1870 3019 ceteri.
1886 2993 1970 3030 scripsi
1980 3003 2069 3022 autem

1115 3025 1155 3047 Ita
1168 3041 1175 3053 ,
1195 3031 1227 3062 ⁰²5
1241 3023 1295 3048 l'al.
1307 3023 1354 3049 sec.
1375 3025 1401 3049 ὅ(
1414 3025 1440 3049 S.
1451 3024 1555 3051 Vie}01·.
1575 3036 1622 3052 nec
1632 3036 1682 3053 non
1694 3027 1755 3054 edd.
1765 3030 1890 3064 antiquis.
1911 3040 1969 3056 nain
1989 3033 2069 3058 ceteri

1119 3058 1198 3084 nostri
1210 3059 1296 3094 scripti
1309 3079 1316 3090 ,
1328 3062 1411 3093 Iraque
1419 3063 1497 3087 ceteri.
1517 3061 1558 3088 sed
1567 3066 1650 3097 Itaque
1661 3063 1718 3090 heic
1728 3064 1814 3091 locum
1827 3075 1877 3092 non
1891 3066 1967 3093 habet
1979 3086 1987 3099 ,
1998 3068 2071 3103 quod

1119 3094 1203 3120 statim
1216 3095 1385 3129 praece-(serat.

1155 3137 1182 3161 4.
1203 3132 1320 3164 Exhausto
1329 3133 1362 3156 illo
1370 3134 1446 3164 poculo
1453 3133 1557 3168 mortis]
1578 3134 1739 3162 Gulielmius
1760 3142 1845 3163 tentat
1858 3156 1865 3168 ,
1884 3139 2007 3167 mortifero.
2029 3137 2072 3165 scd

1121 3164 1189 3193 Pan.
1199 3174 1289 3194 omues
1299 3166 1433 3197 adhaerent
1444 3169 1562 3206 vulgato.
1581 3171 1670 3197 malim
1680 3170 1763 3200 deleri
1774 3173 1861 3209 potius
1872 3173 1938 3201 illud
1949 3175 2037 3200 momir.

1571 3207 1592 3233 Y
1605 3216 1621 3242 y
1641 3216 1658 3233 2
1964 3211 2075 3244 Lan

2130 1106 2171 1135 ir
