2295 3400
181 101 276 152 218
613 99 686 147 M.
766 97 1123 146 TULL11

1203 102 1730 151 Gieznostts

181 180 355 223 miscupidus
365 177 533 212 videretur,
557 178 709 224 quisqua
727 176 762 207 de
773 175 905 222 rejudex
914 175 1031 224 fuisset,
1056 176 1138 208 testis
1163 179 1167 212 l
1185 181 1222 210 tis
1239 179 1352 212 fidium
1363 178 1421 211 ess'e
1431 180 1592 212 contendo.
1619 184 1691 224 Qio
1706 180 1785 212 nihil
1795 178 1968 222 captiosius,
1992 190 2088 225 neque
2098 183 2147 215 in·-

181 222 274 254 esset?
292 233 374 254 nunc
392 221 537 252 omnibus
554 222 689 249 immic¹s
708 217 821 249 necesse
840 217 882 248 est
892 217 1066 249 castiffimus
1078 240 1086 253 ,
1107 220 1140 250 &
1164 214 1167 235 ’
1186 222 1306 264 dignius
1324 222 1421 263 pntest
1439 223 1509 254 dici.
1533 226 1644 264 Qaero
1661 225 1746 254 enim
1758 243 1767 257 ,
1790 227 1959 263 potueritne
1969 225 2097 256 Roscius
2107 235 2146 257 ex

181 263 434 296 constantiffimus
445 261 502 292 effe
511 261 665 293 videatur,
683 262 735 302 qui
746 260 775 291 id
789 281 797 294 ‚
821 260 904 301 quod
916 261 986 295 scit,
1009 260 1141 292 familia-

180 307 265 337 ribus
283 308 341 338 suis
351 306 434 336 dicit.
458 306 517 334 Dic
529 313 610 332 nunc
621 300 639 331 si
650 312 733 342 potes
743 322 752 336 ,
777 301 851 332 sires
863 322 871 335 ‚
897 300 917 332 fi
928 303 1012 333 causa
1021 305 1140 343 patitur,

182 350 328 379 Cluvium
339 346 394 377 css'c
407 347 581 376 mentitum.
605 346 753 374 Mentitus
763 343 806 374 est
817 345 942 375 cluvius
961 347 971 374 ?
992 346 1056 385 Ipsa
1067 347 1146 375 milii

181 393 290 421 veritas
302 399 427 419 manum
438 389 542 424 injecit
552 406 560 420 ‚
574 386 762 426 &paulisper
770 384 927 416 consistere
940 407 948 419 ‚
962 387 995 417 &
1004 397 1147 418 commo-

182 434 236 463 rari
257 434 346 473 cogit.
371 429 459 460 Unde
470 430 528 459 hoc
547 437 646 458 totum
664 428 791 458 ductum
803 428 834 458 ὃς
845 427 1011 459 conflatum
1023 429 1147 460 menda-

182 476 267 504 cium
279 473 321 503 est
337 476 347 502 ?
369 471 498 504 Roscius
508 469 550 500 est
560 469 701 500 videlicet
711 471 806 500 horno
818 470 943 500 callidus
958 471 990 501 &
1000 472 1145 502 versutus.

184 518 257 547 Hoc
275 516 367 545 initio
385 515 515 555 cogitare
533 514 624 552 coepit
643 523 648 541 τ
673 514 827 554 Qoniam
838 514 969 543 Fannius
980 512 996 543 ὲ
1007 522 1056 543 me
1073 516 1148 553 petit

185 567 242 587 n—s
264 566 341 587 1000
353 577 362 590 ,
378 565 478 596 petam
490 554 505 584 31
516 557 547 584 C.
559 555 668 584 Cluvio
679 574 688 588 ,
708 556 806 595 equite
817 557 961 585 Romano
974 575 982 588 ,
1001 554 1147 585 ornatisli-

184 609 240 630 mo
251 600 378 629 homine
397 618 406 631 ‚
429 606 463 627 ut
472 606 539 626 mea
546 596 630 627 causa
639 599 818 626 mentiatur:
841 596 920 627 dicat
930 617 938 631 ‚
962 596 1146 627 decisionem

181 640 294 673 factam
308 638 366 670 effe
380 660 388 673 ‚
408 649 472 680 qua:
483 637 560 669 saGta
570 647 632 669 non
643 637 694 668 est.
720 648 772 668 ωε
784 648 934 669 cccxooo
955 638 971 669 a
982 640 1085 670 Flavio
1096 640 1149 670 da-

181 691 213 715 ta
222 681 281 713 ess'e
290 684 407 713 Fannio
420 701 428 714 ‚
438 691 502 722 quae
512 680 577 710 data
586 690 650 710 non
660 680 737 710 sunt.
764 680 814 711 Est
824 681 882 710 hoc
890 683 1074 721 principium
1085 683 1146 711 im—

179 725 268 766 probi
283 725 400 758 animi,
421 723 525 753 miseri
542 723 678 763 ingenii,
705 726 714 741 ¹
727 723 804 754 nulli
815 722 943 753 confilii.
966 723 1048 764 Qid
1059 723 1147 753 dein-

179 767 218 798 de
231 769 242 797 ?
259 765 453 807 posteaquitm
464 765 491 795 se
498 763 624 807 preclare
633 763 814 803 confirmavit
824 785 832 798 ‚
848 766 933 795 venit
942 765 977 796 ad
989 766 1144 796 Cluvium:

178 819 273 850 quem
284 809 467 839 hominem?
490 809 610 836 levem?
632 808 733 836 immo
747 805 961 849 gravissimum.
981 807 1146 837 mobilem?

179 850 283 882 immo
294 846 577 881 constantiffimum.
594 847 774 878 familiarem
786 850 796 877 ?
807 847 907 878 immo
917 847 1143 879 alieniffimum.

180 895 276 924 Hunc
284 890 476 933 posteaqux‘im
490 891 644 924 salutavit,
666 900 767 932 rogare
777 892 868 930 coepit
878 910 886 924 ,
908 890 1016 921 blande
1028 891 1062 920 δε
1073 900 1146 921 con-

178 935 273 966 cinne
285 955 293 969 ‚
306 935 417 965 scilicet
435 944 440 962 z
464 934 630 962 Mam-mn
641 942 708 962 mea
717 933 801 962 causa
811 952 819 966 ,
838 934 909 962 viris
919 934 1044 973 optimis
1055 953 1063 966 ,
1084 934 1143 962 tuis

180 976 381 1008 familiaribus
390 974 583 1016 pra-,sentibus
596 986 604 1007 3
625 973 674 1004 dic
684 973 821 1004 Flavium
832 984 903 1004 cum
914 976 1030 1005 Fannio
1046 975 1083 1005 de
1093 977 1146 1004 Pa—

182 1027 282 1065 nurgo
293 1015 433 1049 decidisse
444 1037 452 1050 ,
464 1018 515 1057 qui
525 1016 604 1046 nihil
614 1016 765 1056 transegit:
778 1015 826 1046 dic
848 1025 901 1046 a—s
920 1025 1073 1046 ccci000
1094 1015 1147 1046 de-

181 1060 256 1091 disse
269 1082 277 1095 ‚
289 1062 340 1102 qui
355 1058 445 1090 ass'em
457 1058 577 1087 nullum
587 1056 676 1087 dedit.
703 1061 716 1076 ²
728 1057 808 1099 Qid
820 1058 872 1088 ille
882 1058 1056 1099 respondit?
1079 1067 1144 1087 Eoo

186 1113 276 1133 vnno
298 1101 405 1142 cupide
418 1121 426 1134 ‚
446 1099 614 1130 &libenter
623 1101 751 1130 mentiar
762 1109 810 1130 tua
819 1100 919 1130 causa:
937 1101 970 1130 δε
981 1121 989 1134 ,
1002 1099 1145 1141 siquando

183 1155 235 1175 me
251 1146 300 1175 vis
310 1146 435 1185 pejerare
446 1162 455 1176 ,
476 1150 507 1171 ut
518 1141 686 1181 paullulum
707 1151 737 1171 tu
748 1142 924 1181 compendii
933 1141 1044 1179 faciam
1063 1152 1145 1182 para-

181 1195 251 1218 tum
269 1186 335 1216 fore
346 1186 426 1216 scito.
450 1193 514 1213 non
525 1182 585 1213 fuit
593 1183 675 1213 caufil
685 1203 693 1216 ,
714 1193 767 1213 cur
777 1192 894 1213 tanturn
916 1184 1052 1214 laborem
1062 1193 1148 1223 cape-

181 1238 228 1258 res
239 1248 247 1262 ,
261 1228 294 1259 &
304 1227 338 1258 ad
350 1237 398 1257 me
407 1227 526 1256 venires
538 1234 605 1264 :per
615 1226 760 1254 nuntium
775 1226 833 1255 hoc
845 1245 853 1259 ‚
869 1225 951 1266 quod
963 1234 1022 1256 erat
1033 1234 1093 1256 tam
1106 1226 1148 1254 le-

181 1281 218 1301 ve
228 1290 237 1304 ‚
255 1267 409 1311 transigere
427 1266 562 1308 potuisti.
586 1265 642 1297 Pr&
658 1265 752 1296 deum
764 1287 772 1300 ,
794 1268 1018 1309 hominumque
1039 1266 1142 1297 fidem!

182 1315 241 1343 hoc
252 1321 301 1342 aut
310 1311 440 1342 Roscius
449 1319 593 1350 umquam
605 1307 620 1338 a
632 1309 741 1339 Cluvio
750 1307 914 1348 petiiss'et,fi
926 1319 978 1339 ir-s
990 1310 1104 1339 millies
1114 1311 1148 1338 in

182 1354 331 1390 iudicium
342 1352 460 1383 haberet
477 1354 488 1380 ?
509 1351 691 1381 autCluvius
701 1351 814 1381 Roscio
832 1353 945 1390 petenti
954 1349 1145 1384 conceffiffen

176 1391 205 1427 'si
227 1399 240 1423 3
252 1395 397 1426 universae
412 1393 517 1434 praedae
526 1394 668 1433 particeps
680 1391 771 1422 effet?
790 1395 843 1423 vix
855 1392 975 1423 medius
988 1392 1076 1423 fidius
1087 1413 1095 1427 ‚
1115 1401 1146 1422 tu

186 1440 284 1469 Fanni
302 1457 310 1472 ‚
334 1437 350 1467 a
365 1437 502 1467 Ballione
513 1455 521 1468 ,
545 1443 594 1464 aut
609 1436 711 1475 aliquo
721 1435 785 1474 ejus
795 1433 886 1464 simili
907 1434 1148 1474 4hocpostu1are

182 1479 304 1511 auderes
317 1498 325 1512 2
338 1479 539 1518 &impetrare
548 1474 656 1516 poffes,
666 1475 749 1517 quod
759 1475 832 1507 curn
843 1475 886 1506 est
895 1477 1019 1505 veritate
1026 1476 1147 1509 falsum,

181 1520 251 1552 tum
266 1522 372 1550 ratione
382 1529 503 1561 quoque
514 1517 556 1548 est
567 1518 752 1548 incredibile.
777 1518 947 1549 Obliviscor
956 1520 1039 1548 enirn
1051 1538 1060 1552 ‚
1081 1521 1147 1549 Ro-

179 1564 276 1595 scium
288 1584 296 1597 ‚
311 1563 343 1593 &
353 1563 498 1592 Cluvium
510 1562 593 1590 viros
604 1558 662 1589 ess'e
671 1562 848 1600 primarios:
860 1560 1017 1602 improbos
1029 1569 1148 1600 tempo-

186 1607 227 1636 ris
238 1605 320 1636 causa
330 1603 387 1634 efl'e
400 1602 491 1644 fingo.
510 1602 628 1643 Falsum
639 1602 813 1633 subornavit
822 1601 928 1632 testem
937 1603 1066 1633 Roscius
1076 1604 1148 1632 Clu-

181 1649 281 1678 vium.
304 1657 357 1677 cur
367 1655 426 1676 tam
432 1643 514 1686 serb?
533 1654 584 1674 cur
592 1664 600 1678 ‚
620 1641 692 1674 cum
702 1644 791 1674 altera
799 1643 902 1685 pensio
912 1644 1055 1675 solvenda
1064 1643 1145 1678 effer,

180 1699 246 1720 non
258 1699 324 1719 tum
336 1709 345 1722 ,
367 1687 440 1718 cum
449 1687 546 1727 prima
558 1689 569 1714 ἓ
592 1695 663 1716 nam
681 1687 744 1726 jam
754 1695 839 1716 antea
860 1696 913 1716 ihs
936 1696 1016 1716 1000
1041 1685 1145 1716 difl'ol—

177 1740 270 1762 verat.
294 1729 414 1760 Deinde
425 1749 433 1763 ,
453 1727 473 1764 [1
480 1729 542 1768 jam
553 1728 725 1768 persuasum
737 1737 797 1758 erat
807 1728 916 1758 Cluvio
925 1748 934 1762 ,
958 1737 989 1758 ut
998 1730 1144 1758 mentire-

180 1782 230 1804 tur
241 1783 247 1802 2
258 1783 309 1803 cur
318 1770 421 1813 porius
444 1781 499 1800 ri-s
518 1779 669 1800 0001000
683 1790 691 1804 ‚
704 1769 796 1811 quam
817 1780 968 1801 0001000
989 1780 1140 1801 cccroo0

180 1824 336 1845 ccm000
361 1813 426 1844 data
435 1813 515 1843 dixit
524 1814 641 1842 Fannio
649 1812 664 1842 a
674 1813 777 1842 Flavio
788 1831 796 1846 ‚
813 1811 886 1843 cum
897 1822 935 1842 ex
944 1812 1144 1853 restipulatio-

177 1868 218 1888 ne
227 1867 290 1897 pars
301 1857 364 1897 ejus
373 1854 501 1886 dimidia
512 1874 521 1887 ,
532 1854 636 1884 Roscii
647 1852 717 1884 esset
733 1855 820 1896 ?Jam
832 1855 977 1896 intelligis
987 1875 996 1888 ,
1017 1857 1049 1885 C.
1062 1855 1139 1888 Piso,

177 1898 233 1930 fibi
250 1899 304 1929 soli
316 1919 324 1932 ‚
346 1898 475 1929 societati
485 1896 564 1926 nihil
575 1895 723 1926 Roscium
740 1893 852 1936 petiffe.
877 1898 945 1927 Hoc
962 1896 1035 1927 curn
1055 1897 1143 1928 sentit

178 1943 312 1972 Saturius
331 1938 389 1970 effe
398 1947 532 1979 apertum
543 1958 552 1972 ,
569 1936 699 1968 resistere
710 1937 743 1968 ὃς
752 1947 913 1979 repugnare
922 1947 1025 1969 contra
1033 1941 1142 1969 verita—

178 1992 242 2013 tem
256 1992 320 2013 non
329 1981 418 2012 audet
430 1991 436 2010 :
453 1980 534 2011 aliud
550 1979 662 2010 fraudis
673 2000 681 2012 ,
704 1980 737 2010 &
747 1978 921 2010 insidiarum
933 1980 1041 2010 eodem
1051 1979 1142 2011 vesti—

175 2027 228 2066 gio
237 2024 442 2054 diverticulum
450 2023 567 2063 reperit.
590 2020 695 2052 Petiffe
705 2040 714 2055 ‚
726 2023 842 2063 inquit,
856 2022 939 2052 suam
948 2031 1063 2062 partem
1074 2025 1142 2052 Ro·-

176 2067 273 2098 scium
285 2066 299 2096 {1
311 2065 414 2095 Flavio
423 2063 570 2094 confiteor
586 2074 592 2092 z
615 2073 739 2093 vacuam
757 2083 765 2097 ‚
791 2064 979 2104 &integram
989 2063 1140 2106 reliquisse

177 2109 288 2140 Fannii
298 2105 431 2139 concedo
443 2117 448 2136 :
459 2105 518 2140 sed,
529 2105 612 2147 quod
620 2103 675 2135 sibi
684 2107 795 2148 exegit,
805 2105 835 2136 id
846 2115 1011 2137 commune
1021 2107 1144 2138 societa-

217 2286 241 2303 ι,
261 2279 327 2303 Nulli
336 2277 446 2311 confilii]
463 2277 527 2302 Non
539 2276 613 2303 ausus
624 2275 727 2302 fuissem
738 2274 804 2301 istud
818 2274 987 2301 introducere
1000 2294 1006 2306 ‚
1024 2275 1070 2301 nisi
1082 2276 1145 2302 mihi

182 2311 279 2340 Εἰιιῗὶοι·
289 2312 376 2340 inisset
387 2312 566 2339 Camerarius.
586 2313 613 2338 ὃς
626 2322 689 2338 vero
699 2311 732 2338 fic
743 2321 794 2338 non
807 2311 889 2337 solum
901 2312 985 2338 exstat
1005 2311 1031 2337 in
1051 2312 1145 2347 primi-

178 2356 223 2376 tus
235 2349 299 2376 cufis
312 2368 319 2382 ,
339 2348 381 2376 sed
393 2349 421 2375 S<
432 2349 554 2376 Palatino
565 2348 662 2376 nostro.
688 2348 844 2385 posteriores
855 2367 863 2380 ‚
883 2349 971 2373 nullius
982 2366 989 2380 ‚
1000 2347 1146 2374 inflexione

180 2385 301 2412 vulvam.
802 2401 806 2403 -

215 2407 246 2447 2⁵:
265 2422 373 2455 Qidille
382 2421 524 2456 respondit?]
546 2420 629 2447 Erasit
640 2419 786 2447 Lambinus
798 2428 890 2446 vocem
900 2418 1078 2452 ultimam‚sed
1091 2429 1145 2447 non

180 2457 332 2484 volentibus
344 2456 502 2483 membranis
513 2465 558 2483 aut
569 2457 629 2483 edd.
642 2465 708 2483 vett.

219 2500 246 2528 3.
268 2494 384 2526 Universa>
394 2493 474 2526 praedae
491 2494 636 2528 particeps]
657 2493 793 2520 Testatum
805 2491 915 2528 reliquit
925 2491 1065 2517 Turnebus
1078 2491 1147 2518 libro

183 2536 269 2556 xxxx.
281 2529 384 2565 cap.36.
397 2537 530 2565 repertum
543 2529 587 2556 fibi
600 2531 624 2556 in
636 2529 814 2565 antiquissimo
825 2528 893 2555 libro
903 2528 1022 2561 universe,
1035 2528 1087 2556 sinc
1097 2537 1146 2556 no-

181 2564 351 2600 minepraedae.
371 2572 398 2593 at
409 2565 475 2594 nihil
485 2565 570 2594 variat
579 2574 625 2596 aut
635 2565 692 2594 Pal.
703 2573 750 2594 aut
760 2564 844 2594 editio
856 2563 992 2592 vetustior.

1188 265 1323 295 societate
1334 266 1415 296 suam
1425 275 1538 305 partem
1549 275 1648 305 petere
1658 285 1667 298 ‚
1681 267 1788 295 necne?
1798 267 1827 295 Si
1839 275 1901 295 non
1912 268 2013 306 potuit
2025 276 2148 308 :quem-

1188 306 1355 337 admodum
1365 306 1505 337 abstulit?
1519 306 1538 337 si
1548 309 1660 348 potuit:
1670 307 1929 347 quemadmodum
1941 317 2004 337 non
2014 306 2067 338 fibi
2077 318 2149 339 exe-

1188 351 1231 390 git
1243 353 1252 378 ?
1278 351 1357 379 Nam
1369 348 1500 391 quodfibi
1510 358 1617 390 petetur
1627 369 1635 383 ,
1655 347 1725 378 certe=
1732 349 1817 378 alteri
1826 360 1876 379 non
1886 349 2027 391 erigitur.
2053 352 2100 380 An
2111 352 2152 382 ita

1190 390 1232 421 cst
1244 394 1254 420 ‚²
1267 390 1285 420 fi
1299 411 1306 425 ‚
1317 391 1399 432 quod
1411 392 1555 422 universae
1567 392 1709 421 societatis
1718 390 1829 425 sufflet,
1839 389 1957 432 petisset
1967 402 1972 420 ·.
1989 391 2071 432 quod
2082 400 2150 423 tum

1191 433 1344 463 redzfflum
1355 432 1425 463 ess'et
1435 453 1444 467 ‚
1454 434 1607 473 aequaliter
1615 442 1722 463 omnes
1732 435 1923 473 partirentur:
1944 436 1958 460 5
1968 443 2066 467 nunc,
2075 432 2150 464 cum

1191 477 1309 515 petierit
1321 495 1328 508 ‚
1340 475 1422 516 quod
1433 475 1489 505 suae
1501 477 1590 515 partis
1600 473 1670 505 ess'et
1680 485 1685 503 :
1696 484 1762 505 non
1773 494 1782 508 ‚
1793 474 1874 516 quod
1885 474 2016 509 abstulit,
2028 475 2083 505 soli
2095 474 2149 506 sibi

1192 519 1291 558 exegit
1307 521 1317 546 ?
1341 517 1422 557 Quid
1434 515 1720 547 interestintereum
1732 536 1740 550 ,
1759 520 1872 558 quiper
1883 517 1910 547 se
1920 517 2034 558 litigat,
2054 518 2149 559 &qui

1190 569 1328 601 cognitor
1337 559 1379 589 est
1386 559 1470 589 datus
1481 562 1489 587 ?
1500 561 1559 600 Qi
1570 568 1620 598 per
1629 558 1655 588 se
1667 559 1751 589 litem
1761 558 1942 589 contestatur
1952 579 1960 593 ,
1972 555 2025 589 sibi
2035 560 2090 589 soli
2098 569 2152 600 pe·-

1190 603 1238 631 tit.
1261 601 1345 631 alteri
1364 611 1458 631 nemo
1476 600 1572 641 potest
1584 620 1593 634 ,
1614 599 1668 630 nisi
1677 602 1729 641 qui
1749 607 1873 641 cognitor
1884 600 1927 631 est
1936 600 2041 632 factus.
2067 604 2152 632 Itane

1192 641 1264 673 vero
1278 647 1289 672 ?
1307 645 1446 684 cognitor
1456 642 1477 672 si
1488 641 1587 673 fuisset
1598 652 1664 673 tuus
1674 663 1682 675 ,
1696 642 1778 683 quod
1788 640 1905 672 vicisset
1915 643 2029 679 iudicio
2039 663 2047 677 ,
2059 642 2152 674 ferres

1191 694 1288 715 tuum.
1313 685 1365 715 suo
1380 686 1508 715 nomine
1519 687 1621 724 petiit:
1639 684 1721 726 quod
1732 683 1869 718 abstulit,
1893 682 1971 715 ⁶fibi
1983 703 1992 718 ‚
2013 694 2078 715 non
2094 685 2152 716 tibi

1192 729 1299 768 exegit.
1354 726 1414 757 uod
1425 725 1445 756 si
1454 728 1611 768 quisquam
1621 735 1720 766 petere
1731 725 1827 766 potest
1838 727 1940 760 alteri,
1951 728 2002 768 qui
2013 729 2151 769 cognitor

1192 779 1255 798 non
1266 768 1309 798 est
1317 768 1345 799 fa
1364 770 1413 798 tus
1425 779 1429 797 τ
1441 778 1542 809 quaero
1556 789 1564 802 ,
1583 768 1703 810 quidita
1712 787 1720 801 ‚
1732 767 1805 799 cum
1815 771 1964 810 Panurgus
1975 767 2048 798 esset
2058 772 2150 799 inter-

1191 809 1288 840 fe&us
1299 831 1307 844 ,
1329 811 1406 841 &lis
1415 809 1576 840 contestata
1585 821 1656 840 cum
1666 810 1770 840 Flavio
1778 810 1882 840 damni
1893 812 2004 851 injuria
2013 809 2084 841 effet
2094 830 2104 844 ‚
2118 819 2150 841 tu

1191 854 1223 882 in
1233 862 1298 882 eam
1311 853 1396 883 litem
1407 854 1546 893 cognitor
1555 852 1660 882 Roscii
1670 850 1705 882 fis
1723 851 1817 882 faetus
1831 863 1836 882 z
1854 862 1924 882 cum
1934 853 2096 892 praesertim
2110 862 2152 883 ex

1191 903 1239 924 tua
1248 896 1383 925 oratione
1398 915 1406 928 ‚
1425 894 1635 935 quodcumque
1648 894 1703 924 tibi
1720 903 1832 933 peteres
1846 906 1854 928 3
1893 894 2083 935 uodcumque
2094 894 2150 925 tibi

1191 938 1322 978 exigeres
1332 956 1340 970 ,
1361 936 1391 966 id
1403 937 1430 965 in
1436 936 1600 977 sbcietarem
1610 936 1745 965 recideret.
1769 936 1858 978 Qod
1881 947 1890 965 1
1899 935 1934 966 ad
1945 937 2091 966 Roscium
2100 937 2151 966 ni-

1190 978 1233 1007 hil
1243 980 1411 1018 perveniret
1421 998 1430 1012 ‚
1447 978 1528 1019 quod
1540 987 1571 1008 tu
1581 977 1597 1008 a
1607 979 1711 1008 Flavio
1723 976 1888 1008 abstulisses
1899 999 1906 1012 ,
1920 976 1974 1008 nisi
1985 987 2013 1008 te
2022 979 2055 1008 in
2066 978 2149 1008 suam

1189 1020 1276 1049 litem
1287 1018 1616 1062 dediss'etcognitorem:
1626 1019 1661 1050 ad
1672 1028 1699 1050 te
1708 1022 1864 1060 peivenire
1874 1021 1953 1049 nihil
1964 1019 2149 1061 debet‚quod

1191 1062 1318 1091 Roscius
1328 1071 1383 1102 pro
1398 1062 1447 1092 sua
1457 1071 1535 1102 parte
1551 1064 1649 1102 exegit
1665 1072 1670 1090 :
1693 1064 1840 1102 quoniam
1852 1070 1921 1092 tuus
1932 1063 2070 1102 cognitor
2080 1072 2146 1092 non

1191 1102 1233 1133 est
1242 1102 1346 1133 faitus.
1372 1104 1454 1143 Qi-de
1465 1105 1549 1133 enim
1561 1104 1631 1133 huic
1640 1105 1681 1133 rei
1700 1103 1877 1143 respondere
1893 1105 2020 1143 poteris,
2039 1105 2147 1138 Fanni,

1190 1144 1263 1174 cum
1283 1145 1325 1175 de·
1337 1145 1386 1175 sua
1395 1154 1473 1185 parte
1484 1146 1612 1175 Roscius
1623 1145 1761 1185 transegit
1769 1155 1839 1175 cum
1850 1146 1955 1175 Flavio
1966 1164 1974 1178 ,
1992 1144 2147 1176 astionem

1189 1186 1244 1217 tibi
1258 1195 1341 1216 tuam
1357 1188 1495 1228 reliquit,
1520 1196 1557 1216 an
1568 1189 1650 1216 non?
1672 1188 1702 1216 Si
1713 1196 1777 1216 non
1794 1187 1916 1227 reliquit
1927 1206 1935 1220 ,
1948 1186 2149 1227 quemadmo-

1189 1228 1264 1259 dum
1287 1238 1341 1259 11-s
1361 1238 1442 1258 cccr
1451 1238 1516 1258 000
1535 1228 1571 1258 ab
1581 1238 1618 1258 co
1627 1227 1728 1268 postea
1736 1227 1859 1270 exegisti
1870 1230 1879 1254 ?
1890 1226 1910 1258 fi
1920 1229 2041 1269 reliquit
2051 1249 2060 1262 ,
2071 1228 2144 1270 quid

1190 1271 1226 1301 ab
1236 1271 1292 1301 hoc
1302 1272 1377 1311 petis
1385 1291 1393 1304 ‚
1405 1270 1487 1311 quod
1497 1280 1548 1310 per
1557 1279 1585 1300 te
1593 1270 1727 1310 persequi
1738 1290 1746 1304 ,
1759 1270 1791 1299 Sc
1800 1279 1899 1310 petere
1909 1269 2020 1300 debes?
2042 1271 2148 1301 Simil-

1190 1313 1264 1343 lima
1280 1323 1365 1342 enim
1377 1333 1385 1346 ,
1410 1315 1443 1342 &
1459 1311 1596 1342 maxime
1617 1314 1738 1353 gemina
1750 1313 1872 1342 societas
1882 1332 1890 1346 ‚
1915 1311 2073 1341 hereditatis
2091 1311 2144 1342 est.

1189 1354 1456 1396 Qemadmodum
1467 1354 1563 1384 socius
1572 1356 1605 1383 in
1616 1355 1753 1384 societate
1763 1354 1850 1383 habet
1859 1363 1972 1394 partem
1986 1365 1990 1382 :
2010 1353 2048 1384 fic
2058 1355 2144 1384 heres

1190 1398 1222 1426 in
1239 1396 1399 1426 hereditate
1410 1396 1497 1426 habet
1507 1405 1633 1436 partem.
1657 1404 1690 1425 ut
1701 1396 1785 1425 heres
1796 1394 1850 1425 fibi
1861 1396 1916 1425 soli
1927 1416 1936 1429 ,
1949 1405 2014 1425 non
2023 1397 2147 1426 cohere-

1189 1438 1277 1468 dibus
1286 1439 1376 1478 petit:
1395 1436 1433 1467 fic
1442 1438 1539 1468 socius
1550 1436 1685 1471 fibisoli,
1702 1447 1765 1467 non
1777 1438 1864 1467 sociis
1880 1439 1966 1477 petit.
1994 1438 2146 1478 &quem—

1190 1479 1357 1510 admodum
1367 1488 1490 1520 uterque
1502 1489 1555 1520 pro
1566 1480 1615 1509 sua
1623 1487 1703 1519 parte
1712 1481 1805 1519 petit,
1829 1477 1866 1509 fic
1875 1489 1930 1519 pro
1939 1480 1988 1509 sua
1997 1489 2076 1519 parte
2087 1479 2148 1511 dis-

1192 1521 1281 1552 solvit
1293 1532 1298 1550 z
1314 1522 1398 1551 heres
1409 1531 1446 1551 ex
1457 1522 1505 1552 sua
1514 1530 1594 1561 parte
1603 1540 1611 1554 ‚
1623 1530 1680 1560 qua
1688 1521 1884 1551 hereditatem
1895 1520 1965 1551 adiit
1976 1533 1980 1550 ;
1998 1521 2096 1551 socius
2105 1531 2146 1553 ex

1190 1574 1232 1597 ea,
1244 1574 1302 1604 qua
1310 1564 1479 1594 societatem
1492 1565 1576 1593 coiit.
1587 1562 1856 1602 Qemadmodum
1864 1563 1882 1592 s
1879 1572 1945 1592 uam
1957 1572 2070 1603 partem
2081 1565 2148 1594 Ro—

1191 1606 1267 1636 scius
1278 1626 1286 1640 ,
1298 1605 1351 1635 suo
1363 1607 1490 1635 nomine
1500 1605 1672 1636 condonare
1682 1606 1781 1645 potuit
1790 1605 1893 1634 Flavio
1904 1625 1912 1638 ,
1923 1614 1955 1634 ut
1964 1615 2029 1635 eam
2039 1613 2071 1635 tu
2081 1615 2147 1636 non

1189 1657 1302 1688 peteres
1314 1658 1319 1676 z
1331 1645 1370 1677 sic
1381 1667 1389 1681 ‚
1401 1657 1472 1677 cum
1483 1648 1582 1689 exegit
1591 1647 1673 1677 suam
1683 1655 1797 1686 partem
1810 1667 1818 1680 ‚
1830 1646 1862 1676 &
1872 1647 1929 1676 tibi
1939 1649 2084 1688 integram
2093 1657 2148 1688 pe·-

1189 1692 1331 1720 titionem
1343 1690 1481 1730 reliquit:
1505 1698 1605 1719 tecum
1623 1690 1725 1728 partiri
1734 1691 1799 1718 non
1811 1688 1917 1718 debet:
1939 1687 1994 1718 nisi
2003 1689 2081 1719 forte
2099 1698 2143 1724 tu,

1186 1731 1323 1771 perverso
1333 1741 1418 1762 more
1429 1752 1437 1765 ,
1448 1731 1530 1772 quod
1540 1732 1630 1769 hujus
1638 1729 1682 1760 est
1693 1751 1701 1764 ‚
1713 1730 1749 1760 ab
1758 1730 1818 1760 alio
1827 1739 2005 1771 extorquere
2015 1740 2079 1760 non
2087 1740 2147 1771 po-

1186 1783 1228 1804 tes
1238 1794 1246 1807 ,
1260 1775 1328 1803 huic
1338 1775 1449 1813 eripere
1457 1782 1551 1813 potes.
1577 1771 1686 1804 Perstat
1694 1774 1728 1802 in
1739 1772 1883 1802 sententia
1893 1774 2022 1803 Saturius
2034 1783 2038 1801 :
2054 1773 2145 1815 quod-

1184 1826 1303 1857 cumque
1310 1814 1366 1855 fibi
1376 1822 1460 1856 petat
1470 1815 1562 1854 [ὁσίως
1571 1835 1579 1848 ,
1604 1814 1635 1843 id
1643 1814 1784 1854 sacietatis
1791 1813 1869 1852 fieri.
1893 1813 1983 1854 Qod
2002 1813 2022 1844 fi
2039 1816 2080 1845 ita
2089 1814 2140 1846 est:

1183 1863 1196 1886 7
1207 1868 1264 1898 qua
1274 1857 1415 1898 (malum)
1427 1856 1551 1888 stultitia
1561 1855 1618 1887 fuit
1628 1856 1756 1887 Roscius
1765 1875 1774 1890 ,
1787 1858 1839 1896 qui
1850 1865 1888 1885 ex
1897 1856 2140 1896 jurisperitorum

1183 1898 1308 1930 consilio
1319 1919 1327 1934 ‚
1348 1899 1382 1929 ὃς
1400 1898 1573 1929 ειυξὲοῑὶῑαῑε
1591 1897 1809 1938 restipularetur
1820 1897 1835 1927 a
1848 1900 1964 1928 Fannio
1972 1898 2144 1940 diligenter,

1186 1950 1236 1975 ut,
1248 1941 1330 1982 quod
1341 1943 1364 1970 is
1375 1939 1516 1983 exegisset
1525 1940 1540 1971 a
1551 1941 1655 1972 Flavio
1665 1960 1673 1974 ‚
1684 1939 1844 1970 dimidiam
1854 1949 1965 1980 partem
1977 1938 2029 1970 sibi
2039 1939 2145 1971 diffol-

1184 1993 1265 2013 veret
1283 1994 1288 2011 :
1312 1982 1459 2024 siquidem
1475 1981 1536 2012 fine
1554 1984 1694 2013 cautione
1703 2001 1712 2016 ,
1736 1981 1769 2011 δε
1786 1980 2011 2021 repromiffione
2021 2002 2029 2016 ‚
2047 1982 2143 2012 nihil-

1186 2027 1311 2056 ominus
1321 2026 1352 2056 id
1363 2026 1494 2056 Fannius
1505 2025 1637 2056 societati
1650 2044 1659 2058 ‚
1670 2025 1728 2054 hoc
1737 2023 1781 2054 est
1791 2043 1798 2058 ‚
1811 2024 1924 2055 Roscio
1934 2023 2059 2056 debebat
2069 2028 2081 2054 ἓ

1469 2093 1671 2136 Defideranrur
1690 2103 1741 2123 non
1758 2098 1860 2133 pauca.

1882 2165 1949 2211 M.
1982 2164 2146 2212 Tot.-

1221 2284 1249 2308 4.
1270 2280 1315 2302 Hoc
1325 2279 1465 2309 expfflulare
1474 2277 1601 2312 auderes]
1615 2280 1724 2305 Secutus
1736 2277 1790 2305 sum
1802 2277 1945 2304 lectionem
1957 2285 2077 2306 veterum
2087 2276 2145 2304 edi-

1186 2312 1288 2339 tionum
1300 2313 1327 2338 &
1339 2313 1451 2339 Palatini
1463 2322 1470 2343 3
1483 2313 1634 2341 maluerunt
1643 2315 1770 2351 posterius
1782 2314 1965 2347 cufipqftulare.
2141 2327 2143 2331 ¹

1222 2357 1247 2381 5.
1268 2352 1338 2374 Nunc
1346 2349 1407 2382 quod
1410 2352 1516 2381 petierit,
1528 2350 1595 2384 dyc]
1612 2352 1638 2376 ι).
1651 2351 1721 2377 Visst.
1733 2350 1828 2382 editio,
1839 2351 1903 2377 item
1914 2350 2048 2386 antiquior
2058 2350 2145 2377 omnis

1184 2385 1211 2410 Sc
1224 2384 1281 2410 Pal.
1292 2387 1355 2410 Num
1364 2385 1532 2418 quidpetierit,
1542 2387 1652 2421 quodfhae
1661 2387 1711 2418 ὠτ.
1721 2397 1777 2412 num
1787 2388 1846 2422 quid
1855 2396 1905 2412 cum
1915 2388 2020 2420 abstulit,
2029 2386 2081 2417 &a

1219 2421 1248 2446 6.
1266 2422 1316 2446 Sibi
1325 2431 1368 2446 non
1379 2422 1421 2453 tibi
1431 2422 1528 2455 exegit]
1549 2423 1706 2457 Legendum
1717 2424 1826 2450 omnino
1837 2422 1943 2459 putabat
1954 2424 2124 2449 Hotomanus
2134 2440 2145 2455 ,

1183 2458 1226 2482 tibi
1235 2458 1328 2490 nonfibt
1338 2460 1419 2489 exegit.
1441 2456 1562 2492 sequerer
1572 2458 1598 2484 δε
1610 2469 1672 2495 ego,
1683 2459 1728 2486 nifi
1740 2467 1843 2486 vetarer
1854 2460 1868 2485 ii
1880 2459 1964 2485 libris.

1220 2500 1247 2526 7.
1267 2493 1322 2526 Qu
1335 2495 1342 2526 (
1353 2494 1439 2518 malum
1448 2494 1457 2525 >
1466 2496 1628 2527 stultitiafun
1636 2496 1729 2529 Rosam
1740 2515 1748 2527 ,
1759 2496 1827 2530 &c.]
1840 2495 1882 2521 Est
1894 2497 1908 2521 :i
1920 2493 2072 2529 mnjec‘tura
2082 2495 2144 2520 Ma-

1184 2528 1264 2560 nutii‚
1276 2538 1290 2554 a
1302 2538 1353 2563 qua
1363 2538 1413 2555 non
1427 2529 1552 2556 recedunt
1563 2530 1623 2557 libri
1638 2539 1703 2558 vett.
1715 2531 1762 2558 nisi
1773 2530 1844 2568 quod
1853 2531 1873 2558 ii
1882 2541 1941 2567 qux,
1952 2538 2028 2559 antea
2038 2529 2144 2567 legeba—

1185 2571 1239 2597 tur,
1250 2574 1309 2599 qux,
1319 2566 1417 2598 malum,
1422 2567 1582 2600 stultitiafm't
1592 2570 1603 2593 ἓ
1612 2569 1707 2604 Roscius
1716 2568 1767 2600 ἀνι.
1931 2566 1946 2579 ⁶

2058 2975 2145 3005 Leda-¹

2175 520 2214 555 18
