2295 3400
120 113 267 184 ‘354
578 112 1085 162 M.TU‹LL11

1164 108 1720 156 Crcsnonrs

163 214 214 236 ror
226 200 411 244 {cupi-ditate
423 205 586 232 revocaret.
604 199 756 229 Animum
766 196 973 229 adolescentis,
986 193 1127 226 nondum

164 244 294 277 consilio
305 265 313 279 ,
335 255 367 275 ac
378 245 491 274 ratione
503 241 653 272 firmatum
664 261 674 276 ,
688 240 814 280 pellexit
825 241 860 269 115
871 237 1018 269 omnibus
1027 237 1126 270 rebus,

166 288 276 330 quibus
288 287 338 316 illa
346 294 408 314 ctas
418 286 501 324 capi,
515 294 546 314 ac
557 283 678 313 deliniri
690 281 786 321 potest
819 279 882 310 filia
895 300 903 313 ,
926 290 992 320 quae
1005 289 1069 309 non
1081 279 1126 309 so-

161 330 234 360 lum
251 329 306 359 illo
323 328 483 358 communi
499 325 603 356 dolore
616 323 758 354 muliebri
772 325 799 353 in
811 322 961 361 euilmodi
972 323 1030 351 viri
1044 321 1126 360 inju-

163 373 217 402 riis
227 378 397 410 angeretur,
421 368 469 398 sed
488 366 637 397 nefarium
660 367 760 396 matris
772 366 943 405 pellicatum
962 362 1038 393 ferre
1062 372 1126 392 non

166 411 271 453 posset,
286 411 322 441 de
332 421 392 451 quo
402 420 434 438 ne
443 420 520 450 quer:
530 408 643 450 qli-:dem
654 407 714 437 sine
725 408 830 437 scelere
841 406 868 435 se
883 403 964 445 poss‘e
974 405 1126 435 arbitrare-

166 462 233 488 tur,
252 462 365 483 ceteros
386 453 428 482 sui
446 460 518 481 tanti
538 450 609 480 mili
628 452 745 487 ignaros
757 448 813 478 ess'e
824 447 975 488 cupiebat:
992 446 1126 481 inhufus

164 493 360 526 amantiffimi
371 494 411 524 sui
425 492 520 523 fratris
531 484 670 522 manibus
682 512 690 524 ,
711 491 743 521 8(
752 492 869 532 gremio
879 510 887 523 ,
900 499 1011 518 moerore
1021 509 1028 522 ,
1042 484 1127 518 &la-
1148 526 1149 531 1

163 538 277 576 crymis
295 535 530 567 consenescebat.
579 536 653 564 Ecce
671 542 770 563 autern
792 532 924 562 subitum
947 531 1105 560 divortium
1116 541 1127 556 .-

116 600 124 609 ι
165 578 249 619 quod
264 577 402 617 filardum
425 577 573 606 malorum
585 577 728 606 omnium
738 574 803 605 fore
812 573 977 604 videbatur.
1004 571 1128 602 discedit

166 620 183 651 31
194 619 313 650 Melino
328 619 481 649 Cluentia:
500 627 533 648 ut
544 620 577 648 in
589 619 676 647 tantis
690 618 809 655 injuriis
823 637 831 649 ,
853 626 916 645 non
936 616 1030 644 invita
1045 625 1050 642 2
1071 612 1127 642 uta

165 663 234 692 viro
246 681 254 695 ,
271 671 334 691 non
344 661 482 690 libenter.
506 663 591 690 Tum
601 658 673 690 vero
682 659 733 688 1113
744 660 868 699 egregia,
879 668 910 687 ac
923 657 1056 696 praeclara
1066 665 1129 684 ma-

167 711 222 736 ter,
236 704 332 743 palam
342 703 486 732 exsultare
496 702 608 735 laetitia,
619 711 651 731 :ic
661 701 842 740 triumphare
856 699 964 741 gaudio
975 698 1128 737 coe-piteri-

165 744 247 775 &rix
267 743 335 775 filiae
348 765 356 778 ‚
375 753 438 774 non
449 744 595 774 libidinis.
627 746 727 783 Itaque
747 743 859 771 diutius
872 739 1072 780 fiaspicioxnbm
1083 736 1130 767 oh-

164 787 253 827 scuris
272 787 339 817 laedi
355 785 467 816 famam
488 786 570 816 suam
592 785 705 815 noluit:
728 783 843 813 lectum
857 784 945 812 illum
962 781 1124 823 genialem,

169 835 263 870 quem
281 828 408 858 biennio
422 836 491 857 ante
509 826 579 857 filiae
597 827 654 856 siue
668 826 793 856 nubenti
805 823 960 857 straverat,
983 825 1014 852 in
1026 820 1130 851 eidem

171 871 267 900 domo
278 869 331 899 fibi
342 871 442 900 ornari
453 889 460 902 2
474 869 505 899 &
518 868 606 899 sterni
616 889 624 902 ,
640 868 759 908 expulsa
769 887 777 900 ,
798 876 883 907 atque
896 865 1048 895 exrurbata
1061 862 1130 896 filia,

170 913 266 952 jubet.
289 911 378 942 nubit
388 921 497 952 genero
508 912 616 943 socrus,
630 911 722 940 nullis
732 910 909 948 auspicibus,
926 906 1017 936 nullis
1028 904 1130 935 1111ἃο-

131 950 153 984 6
172 954 255 984 ribus
267 975 276 987 ,
297 953 423 984 funestis
435 953 592 982 ominibus
602 953 753 982 omnium
798 953 824 979 Ο
836 950 970 978 mulieris
981 948 1133 978 [0111115111-

170 995 317 1026 credibile
326 1015 334 1029 ,
350 995 382 1026 &
393 1015 400 1028 ‚
413 1004 515 1033 praeter
526 995 601 1024 hanc
610 1004 700 1023 unam
714 995 764 1026 ,111
774 993 862 1021 omni
872 993 931 1020 vita
942 989 1131 1019 inauditum!

171 1036 364 1068 &libidinem
375 1036 559 1068 effi-emtam,
575 1036 606 1065 &
618 1035 801 1064 indomitam
815 1036 819 1062 !
843 1032 862 1063 ὸ
873 1032 1023 1062 audaciam
1036 1030 1133 1072 singu-

168 1079 265 1109 larem
279 1081 284 1108 !
305 1089 369 1108 non
380 1077 511 1108 timuisse
523 1099 530 1111 ‚
548 1076 683 1107 siminus
703 1087 765 1105 vim
781 1075 893 1104 deorum
905 1095 912 1107 ,
933 1075 1134 1114 hominumque

164 1119 284 1160 famam
294 1141 302 1154 ,
321 1120 441 1151 atillam
452 1120 545 1158 ipsam
557 1118 679 1148 nouem
692 1138 699 1151 ,
721 1117 865 1158 saccisque
876 1116 941 1146 illas
951 1115 1132 1155 nuptialeis?

172 1172 239 1193 non
248 1162 345 1191 limen
355 1162 499 1191 cubiculi?
511 1171 573 1191 11011
585 1160 684 1190 cubile
696 1159 765 1189 filiae
777 1162 787 1188 ?
797 1169 858 1188 non
869 1159 993 1198 parietes
1002 1157 1132 1196 denique

171 1204 264 1243 ipsos,
281 1204 468 1243 superiorum
480 1202 576 1233 testeis
589 1204 759 1241 nuptiarum
773 1205 783 1230 ἒ
801 1200 950 1240 perfregit,
963 1209 995 1228 ac
1005 1197 1132 1238 prostra-

171 1247 219 1275 vit
229 1248 334 1275 omnia
343 1244 504 1285 cupiditate
515 1265 524 1278 ,
535 1255 568 1274 ac
578 1243 694 1273 furore:
717 1245 789 1273 vicit
799 1243 944 1282 pudorem
957 1240 1054 1270 libido
1065 1261 1073 1272 ,
1095 1241 1131 1269 ti-

172 1297 294 1318 morem
304 1287 423 1317 311113013
433 1306 440 1319 ,
462 1288 611 1316 rationem
625 1286 766 1316 amentia.
799 1284 888 1314 Tulit
896 1283 953 1312 hoc
964 1291 1131 1312 commune

170 1328 368 1368 dedecus-jam
378 1328 512 1361 famihae,
525 1328 723 1367 cognationis,
737 1328 884 1359 nominis,
895 1327 1022 1366 graviter
1030 1323 1110 1353 filius
1123 1334 1127 1352 :

168 1371 331 1410 augebatur
339 1379 438 1400 autem
451 1372 514 1407 ejus
526 1369 663 1399 molestia
673 1368 856 1409 quotidianis
867 1368 1079 1408 querimoniis,
1097 1365 1130 1395 δε

170 1411 284 1443 assiduo
301 1410 374 1442 fletu
394 1412 513 1442 sororis.
538 1411 636 1441 statuit
646 1420 748 1441 tamen
758 1408 898 1440 nihilsibi
909 1410 941 1438 in
952 1409 1131 1445 tantisinju-

169 1455 224 1485 riis
234 1473 242 1488 ‚
263 1463 295 1484 ac
313 1463 395 1483 tanto
414 1454 520 1484 scelere
532 1455 634 1484 matris
645 1472 652 1486 ‚
665 1450 783 1494 gravius
791 1451 963 1481 faciendum
972 1469 979 1482 ,
997 1450 1087 1490 quam
1100 1458 1132 1479 ut

170 1495 227 1527 illa
237 1504 329 1525 matre
338 1506 375 1525 ne
385 1505 532 1526 uteretur:
552 1506 590 1525 ne
599 1515 608 1528 ,
621 1504 711 1535 quam
721 1494 823 1524 videre
833 1491 894 1522 sine
903 1493 1025 1523 summo
1035 1493 1131 1522 animi

170 1537 278 1568 dolore
294 1547 358 1567 non
368 1546 490 1577 poterat,
503 1547 535 1567 ea
545 1536 564 1566 11
576 1545 668 1566 matre
678 1544 817 1569 uteretur,
833 1544 897 1564 non
908 1532 1006 1564 solum
1018 1533 1130 1566 videre,

170 1579 222 1610 sed
233 1580 322 1609 etiam
331 1578 443 1617 probare
453 1579 506 1609 suo
515 1578 629 1617 judicio
639 1586 797 1618 putaretur.
829 1578 958 1606 Initium
968 1575 1050 1615 quod
1061 1576 1132 1605 huic

170 1631 244 1652 cum
262 1630 356 1652 matre
373 1620 462 1650 fuerit
482 1619 655 1653 simultatis,
676 1618 806 1649 audistis.
835 1615 1010 1658 pertinuifi‘e
1025 1618 1080 1646 hoc
1094 1616 1129 1647 ad

169 1663 289 1693 causam
300 1682 309 1697 ,
324 1672 405 1695 tunc,
422 1661 493 1692 cum
504 1663 618 1702 reliqua
627 1662 838 1702 cognoveritis,
851 1659 1035 1699 intelligetis.
1058 1668 1130 1688 nam

170 1704 249 1735 illud
261 1714 310 1734 me
324 1714 386 1734 non
396 1706 542 1744 praeterit,
568 1711 907 1741 CUJuSMODICUMQE
926 1709 1045 1730 Min-ER
1064 1710 1128 1733 sir,

173 1755 276 1776 tamen
287 1747 318 1776 in
331 1746 444 1783 judicio
455 1744 512 1775 filii
522 1745 558 1775 de
567 1744 751 1784 turpitudine
759 1746 888 1783 parentis
898 1742 957 1772 dici
966 1743 1020 1772 vix
1040 1751 1130 1781 opor-

173 1796 247 1818 tere.
271 1798 335 1817 non
344 1786 436 1817 efl'em
446 1786 481 1817 ad
493 1787 586 1816 ullam
599 1786 717 1816 causam
727 1785 855 1815 idoneus
867 1805 874 1818 ,
885 1784 999 1824 judices
1010 1803 1017 1817 ,
1030 1782 1049 1813 fi
1060 1785 1129 1816 hoc,

174 1829 259 1870 quod
275 1831 310 1859 in
329 1829 547 1858 communibus
565 1829 731 1858 hominum
748 1825 878 1857 sensibus
890 1847 898 1860 ‚
917 1834 1004 1865 atque
1017 1827 1050 1855 in
1070 1825 1130 1864 ipsa

175 1880 278 1902 natura
287 1869 414 1911 positum
425 1890 433 1903 ,
452 1879 539 1911 atque
551 1868 683 1900 infixum
698 1868 740 1899 est
749 1888 758 1902 ‚
778 1868 807 1898 id
819 1878 872 1909 ego
885 1888 893 1902 ,
914 1868 985 1897 cum
996 1867 1030 1897 ad
1040 1869 1130 1896 amici

169 1914 302 1953 pericula
310 1912 485 1952 depellenda
496 1911 652 1942 adhiberer
662 1932 670 1944 ,
685 1920 749 1940 non
759 1911 906 1940 viderem.
932 1909 1029 1938 Facile
1040 1910 1130 1938 intel—

170 1956 235 1994 ligo
256 1964 323 1984 ΝοΝ
348 1964 439 1984 mono
458 1956 580 1983 reticere
595 1954 737 1982 homines
749 1961 905 1992 parentum
917 1951 1059 1990 injurias,
1079 1950 1129 1980 sed

171 2005 264 2026 etiam
282 1997 388 2026 animo
408 2005 494 2036 aequo
511 1995 753 2034 ferre,oportere.
785 1993 841 2024 Sed
852 2003 907 2034 ego
917 2002 969 2026 ea,
987 1991 1130 2032 quaefcrri

172 2036 313 2078 poss'unt,
332 2037 468 2067 ferenda:
488 2047 553 2077 quae
566 2038 669 2068 taceri,
683 2035 805 2066 tacenda
816 2034 873 2065 effe
881 2034 1017 2064 arbitror.
1042 2034 1131 2064 Nihil
1153 2060 1156 2071 ζ

171 2082 206 2110 in
225 2082 286 2110 vita
304 2079 381 2109 vidit
397 2079 573 2109 calamitatis
588 2081 624 2107 A.
635 2078 810 2110 Cluentius,
832 2077 953 2106 nullum
962 2076 1130 2115 periculum

173 2124 283 2153 mortis
300 2121 392 2155 adiit,
410 2122 489 2150 nihil
501 2120 574 2150 mali
586 2121 706 2152 timuit,
725 2119 806 2159 quod
825 2128 888 2148 non
903 2126 1000 2148 totum
1013 2117 1028 2148 a
1040 2126 1131 2148 matre

170 2162 418 2194 essetconflatum
431 2163 462 2192 8(
472 2160 656 2202 13101εᾶ1110.
679 2171 744 2200 quae
755 2162 812 2190 hoc
831 2169 966 2199 tempore
983 2158 1078 2189 fileret
1098 2169 1134 2189 o-

173 2206 270 2239 mnia,
280 2213 365 2245 atque
377 2214 418 2238 ea,
428 2203 449 2234 s1
459 2205 616 2234 oblivione
627 2212 690 2233 non
701 2200 803 2242 poss'et,
818 2209 919 2231 tamen
936 2203 1133 2231 taciturnitate

174 2246 226 2277 sua
235 2245 310 2277 tetta
321 2244 380 2276 effe
388 2255 542 2286 pateretur.
567 2244 616 2275 sed
632 2254 665 2274 ea
674 2242 746 2274 vero
757 2241 795 2272 fic
805 2246 874 2284 agit,
891 2252 921 2272 ut
934 2243 1050 2282 prorsus
1061 2244 1133 2272 reti-

172 2298 241 2318 cere
250 2288 335 2317 nullo
344 2288 438 2318 modo
446 2286 544 2327 poffit.
564 2290 632 2317 Hoc
642 2287 726 2316 enim
734 2284 1001 2324 ipsumjudicium‚
1015 2285 1071 2314 hoc
1081 2294 1131 2324 pe-

170 2330 303 2361 riculum
315 2350 323 2362 ‚
340 2333 350 2348 ¹
363 2330 413 2359 illa
423 2329 567 2359 accusatio
577 2349 584 2361 ‚
598 2329 701 2358 omnis
711 2326 831 2356 testium
843 2328 928 2365 copia
940 2346 947 2359 ,
961 2336 1026 2366 quae
1037 2325 1133 2355 futura

174 2366 250 2405 est‚2z
261 2372 450 2401 matreinitio
460 2370 502 2400 est
511 2370 660 2402 adornata,
671 2368 685 2399 ὲ
697 2377 789 2398 matre
800 2368 857 2397 hoc
867 2376 925 2397 tem
931 2377 1001 2406 pore
1011 2366 1135 2397 instrui-

172 2418 231 2447 tur,
241 2423 328 2454 atque
337 2413 482 2442 omnibus
492 2413 555 2452 ejus
565 2412 684 2451 opibus,
701 2412 733 2441 ὃς
743 2410 840 2449 copiis
849 2417 1034 2448 comparatur
1047 2419 1052 2437 :
1072 2408 1132 2448 ipsa

172 2455 305 2496 denique
315 2464 408 2494 nuper
418 2456 529 2484 Larino
541 2474 549 2486 ‚
567 2453 656 2491 hujus
667 2450 859 2492 opprimendi
871 2451 954 2481 causa
967 2471 975 2483 ,
997 2453 1131 2480 Romam

173 2496 340 2527 advolavit.
362 2494 470 2536 praesto
487 2495 531 2525 est
548 2495 659 2524 mulier
667 2494 763 2524 audax
774 2513 782 2526 ,
804 2492 973 2533 pecuniosa,
985 2491 1128 2522 crudelis:
1155 2515 1157 2532 ι

172 2542 188 2558 2
201 2538 328 2568 instituit
337 2538 534 2570 accusatores,
554 2535 674 2566 instruit
687 2535 801 2566 testeis:
820 2534 953 2575 squalore
967 2534 1074 2572 hujus,
1099 2533 1132 2564 &

174 2580 312 2610 sordibus
332 2580 458 2610 laetatur:
478 2581 606 2609 exitium
623 2586 760 2617 exoptat:
782 2577 956 2617 sanguinem
967 2576 1053 2605 suum
1063 2584 1132 2614 pro-

173 2621 301 2652 fundere
311 2631 437 2651 ornnem
448 2623 540 2660 cupit,
555 2618 727 2650 dummodo
736 2617 895 2659 profusum
905 2618 994 2657 hujus
1008 2618 1075 2646 aure}
1084 2616 1134 2644 vi-

174 2663 247 2691 deat.
280 2666 352 2693 Haec
362 2661 417 2692 nisi
427 2664 532 2692 omnia
540 2663 748 2702 perspexeritis
759 2663 792 2690 in
803 2660 884 2690 causa
900 2670 906 2688 :
925 2659 1037 2689 temere
1048 2658 1063 2688 a
1076 2668 1132 2688 no-

176 2704 315 2736 bisillam
326 2705 462 2744 appellari
475 2712 614 2744 putatote.
638 2703 681 2733 fin
700 2711 799 2733 autem
815 2710 901 2731 erunt
918 2701 950 2731 &
966 2709 1078 2740 aperta,
1099 2700 1132 2729 δε

178 2745 290 2776 nefaria
303 2757 307 2775 :
331 2747 471 2776 Cluentio
489 2746 640 2785 ignoscere
659 2745 772 2774 debetis
786 2764 794 2778 ‚
815 2743 897 2784 quod
910 2744 972 2772 haec
986 2744 1001 2772 a
1013 2752 1061 2771 me
1071 2742 1131 2771 dici

139 2793 158 2825 7
176 2790 302 2830 patiatur
315 2799 320 2817 :
334 2788 411 2818 mihi
422 2788 575 2829 ignoscere
587 2797 651 2817 non
662 2786 818 2819 deberetis,
830 2784 869 2815 fic
877 2793 1014 2815 tacerem.
1038 2786 1069 2814 N
1073 2793 1131 2814 unc

220 2901 229 2918 1
237 2912 242 2917 .
264 2894 307 2917 Illa
317 2893 456 2926 accusanti]
468 2894 611 2919 Lambinus
624 2913 632 2924 ,
642 2895 686 2918 hrc
696 2894 820 2926 accusatio.
841 2891 883 2918 sed
893 2899 984 2917 contra
995 2890 1050 2927 mss.
1062 2892 1087 2916 δέ
1099 2891 1139 2916 :is-

180 2927 280 2954 sentior
291 2928 438 2954 Gulielmio
457 2928 595 2955 arbitranti
613 2927 686 2955 binas
707 2929 764 2955 istas
785 2937 860 2954 voces
873 2947 880 2959 ‚
903 2926 953 2953 effe
972 2926 1136 2962 interpretis.

176 2964 249 2991 idem
261 2970 347 2990 tamen
358 2963 447 2989 deleto
457 2965 540 2990 solum
550 2966 590 2991 illa
602 2984 610 2997 ,
620 2964 729 3001 putabat
739 2964 791 3000 legi
803 2963 872 3000 posse
884 2973 892 2995 5
914 2963 1028 2996 accusatio
1045 2963 1116 2989 onmis
1127 2981 1136 2995 ‚

179 3000 251 3027 onmis
259 3001 349 3031 testium
358 3003 421 3031 copia
432 3019 439 3030 ‚
450 3009 501 3029 &¹⁶-

215 3044 244 3061 2.
273 3037 377 3067 Instituit
395 3036 540 3067 accusatores
552 3056 559 3067 ‚
577 3039 673 3069 instruit
692 3036 783 3070 restes]
812 3035 928 3062 Invertit
946 3034 999 3061 haec
1017 3033 1135 3070 perverse

178 3069 324 3104 Lambinus
337 3091 344 3103 ‚
354 3073 457 3103 institnit
467 3074 610 3105 accufirrores
622 3092 629 3104 ‚
642 3073 753 3100 materia
763 3071 873 3104 scilicet,
892 3074 987 3106 instmit
996 3073 1059 3104 testes
1071 3089 1078 3102 ‚
1090 3080 1136 3106 pe-

177 3107 269 3135 zunia.
288 3107 396 3134 adnotat
407 3107 579 3134 Gulielmius.

215 3152 245 3179 3.
264 3144 319 3173 md
324 3146 443 3171 Stalenum
453 3162 463 3178 ‚
473 3151 543 3181 alque
553 3144 588 3171 ad
591 3146 715 3178 pecuniam
720 3144 743 3180 .]
762 3144 875 3174 Videtur
884 3144 912 3174 in
922 3143 1078 3174 ViCtoriano
1090 3151 1136 3172 co-

1168 191 1232 232 jam
1245 191 1421 224 summatim
1432 202 1582 234 exponam
1595 213 1603 228 ‚
1621 191 1732 235 quibus
1748 190 1928 225 criminibus
1948 196 2131 237 Oppianicus

1172 233 1330 265 damnatus
1339 233 1387 265 sit:
1407 244 1439 266 ut
1455 236 1488 266 δε
1503 235 1701 267 constantiam
1716 238 1752 266 A.
1761 235 1896 267 Cluentii
1906 257 1920 271 ,
1937 237 2129 273 &rationem

1169 275 1364 307 accusationis
1374 277 1536 317 perspicere
1546 275 1667 317 poffitis.
1681 280 1724 308 Ac
1734 277 1870 318 primum
1883 279 1966 309 causa
1975 281 2130 312 accusandi

1169 327 1234 358 quae
1243 316 1342 352 fuci-it,
1353 318 1509 349 ostendam
1524 330 1530 349 2
1551 328 1584 349 ut
1596 319 1626 349 id
1641 319 1739 359 ipsum
1751 323 1786 350 A.
1797 320 1973 351 Cluentium
1984 322 2016 350 vi
2030 322 2064 354 ὼ·
2082 333 2130 352 ne-

1169 359 1261 398 ccffira
1277 370 1290 390 c
1309 359 1436 389 coaetant
1460 359 1561 392 fecisse
1580 360 1716 391 videatis.
1758 361 1837 396 Cum
1858 362 2020 393 manifesto
2038 373 2131 394 vene-

1170 411 1246 447 num
1279 401 1498 442 epreliendiss'et
1509 423 1518 436 ,
1541 402 1624 443 quod
1641 404 1687 432 vir
1706 404 1807 434 matris
1818 405 2001 444 Oppianicus
2010 406 2037 434 ei
2047 415 2131 445 para-

1169 442 1277 476 visset3
1297 444 1330 473 &
1347 454 1392 474 res
1411 454 1474 474 non
1482 443 1670 484 (01111εᾶ013,
1695 444 1743 474 sed
1755 445 1851 475 oculis
1862 466 1870 479 ,
1892 455 1923 476 ac
1934 446 2074 477 manibus
2086 457 2132 478 te-

1170 494 1306 518 neretur,
1326 495 1423 526 neque
1437 487 1470 515 in
1489 486 1572 516 causa
1586 486 1645 516 ulla
1654 485 1803 516 dubitatio
1813 483 1906 526 poss‘et
1916 487 1973 517 effe
1987 499 1994 517 2
2012 490 2129 520 accusa-

1169 527 1213 555 vit
1237 529 1449 566 Oppianicum.
1477 527 1569 568 quim
1587 527 1773 562 constanter,
1797 528 1829 558 &
1850 530 1941 569 quim
1959 528 2130 571 diligenter,

1169 566 1269 607 postea
1285 568 1406 598 dicam:
1432 579 1514 598 nune
1533 570 1589 599 hoc
1607 570 1679 599 scire
1703 580 1756 599 vos
1777 570 1861 599 volui
1883 592 1891 604 ,
1915 572 2031 601 nullam
2059 572 2131 603 huic

1172 609 1260 639 aliam
1282 610 1437 640 accusandi
1456 611 1575 641 causam
1595 610 1682 640 fuiss'e
1696 632 1704 643 ,
1732 610 1787 641 nisi
1807 614 1848 641 uti
1869 611 2052 652 propositum
2063 615 2132 645 vitae

1170 652 1337 690 periculum
1350 674 1358 686 ,
1383 653 1416 682 δε
1434 652 1622 693 quotidianas
1644 654 1741 693 capitu
1761 653 1871 694 infidias
1891 655 1943 684 hac
1965 665 2022 685 una
2040 657 2132 686 ratio-

1174 702 1212 724 ne
1228 696 1343 724 vitaret.
1375 697 1472 735 Atque
1483 715 1491 728 ,
1515 703 1547 724 ut
1562 694 1735 735 intelligatis
1746 715 1754 728 ,
1774 697 1820 724 his
1833 696 1998 726 accusatum
2009 695 2066 726 ess'e
2074 699 2134 728 cri-

1173 735 1309 766 minibus
1319 738 1519 775 Oppianicum
1532 756 1539 769 ,
1562 745 1594 766 ut
1609 746 1705 777 neque
1723 738 1870 767 accusator
1890 739 2013 772 timere,
2034 748 2134 780 neque

1174 787 1240 808 reus
1258 778 1368 817 sperare
1390 777 1543 808 debuerit:
1566 787 1655 817 pauca
1672 778 1759 808 vobis
1777 779 1862 808 illius
1883 779 1986 817 judicii
2004 781 2133 827 grimina

1174 828 1342 859 exponam:
1365 819 1474 859 quibus
1484 822 1613 860 cognitis
1624 840 1631 853 ,
1656 830 1750 850 nemo
1760 819 1892 850 vestrum
1904 821 2062 851 mirabitur
2072 842 2081 856 ,
2094 823 2134 852 il-

1176 862 1240 891 lum
1252 881 1259 894 ,
1285 859 1475 891 diffidentem
1487 862 1572 891 rebus
1584 861 1641 891 suis
1653 881 1660 895 ,
1689 865 1700 888 3
1712 862 1745 891 ad
1755 863 1907 892 Stalenum
1920 882 1927 896 ,
1944 872 2028 904 atque
2041 865 2132 905 adpe-

1176 903 1290 932 amiam
1320 901 1478 943 confugfflb.
1512 905 1632 933 Larinas
1649 904 1783 944 quaedam
1802 903 1860 934 fuit
1879 907 1977 934 Dinea
1990 925 1998 938 ,
2031 906 2132 936 socrus

1176 945 1349 985 Oppianici:
1372 955 1438 985 quae
1452 943 1530 975 filios
1540 945 1642 975 habuit
1657 948 1701 975 M.
1713 946 1746 975 &
1757 948 1942 976 Numerium
1954 949 2063 977 Aurios
2074 967 2083 980 ,
2099 948 2132 978 &

1177 990 1232 1017 Cn.
1260 988 1396 1027 Magium
1411 1007 1420 1020 ,
1445 986 1477 1016 &
1501 985 1595 1017 filiam
1618 989 1749 1029 Magiam
1769 1007 1777 1021 ‚
1802 997 1926 1028 nuptam
1954 991 2130 1028 Oppianico.

1177 1031 1220 1058 M.
1232 1029 1343 1058 Aurius
1352 1028 1589 1059 adolescentulus
1602 1049 1610 1062 ,
1634 1029 1716 1059 bello
1727 1030 1829 1059 Italico
1839 1039 1940 1069 captus
1950 1030 2026 1070 apud
2038 1031 2133 1060 Ascu-

1177 1071 1261 1103 lum,
1285 1071 1318 1099 in
1340 1071 1482 1110 QSergii
1499 1071 1639 1100 senatoris
1652 1091 1660 1103 ,
1684 1072 1765 1111 ejus,
1790 1073 1842 1112 qui
1863 1071 2065 1102 intersicarios
2080 1072 2133 1102 da-

1177 1121 1295 1142 mnatus
1314 1111 1373 1145 est,
1399 1122 1505 1142 manus
1525 1112 1633 1142 incidit
1651 1133 1659 1146 ‚
1684 1113 1716 1143 &
1735 1114 1811 1153 apud
1830 1124 1901 1143 eum
1921 1113 1979 1142 fuit
2000 1114 2029 1142 in
2051 1124 2132 1154 erga·

1168 1152 1253 1189 stulu.
1285 1155 1452 1183 Numerius
1471 1163 1572 1184 autem
1589 1156 1699 1184 Aurius
1714 1153 1820 1188 frater,
1841 1164 1978 1184 mortuus
1997 1154 2056 1188 est,
2080 1157 2134 1186 he—

1173 1195 1335 1236 redemque
1354 1198 1408 1225 Cn.
1430 1197 1566 1235 Magium
1580 1216 1587 1228 ‚
1607 1195 1728 1225 fratrem
1747 1197 1833 1225 suum
1846 1217 1854 1229 ‚
1877 1197 2006 1237 reliquit.
2027 1197 2131 1237 postea
2169 1207 2173 1211 ·
2213 1203 2218 1236 ᾖ

1174 1239 1272 1279 Magia
1282 1258 1290 1270 ,
1313 1247 1390 1266 uxor
1399 1239 1555 1276 Oppianici
1566 1257 1573 1270 ‚
1596 1247 1714 1267 mortua
1724 1237 1774 1267 est.
1798 1237 1949 1277 postremo
1962 1248 2039 1268 unus
2051 1259 2060 1272 ‚
2079 1241 2132 1280 qui

1173 1280 1306 1320 reliquus
1325 1288 1400 1312 erat,
1421 1281 1526 1308 Dineae
1539 1277 1635 1313 filius,
1655 1281 1709 1309 Cn.
1722 1282 1858 1320 Magius,
1880 1279 1922 1309 est
1933 1289 2082 1310 mortuus.
2106 1283 2131 1311 is

1172 1320 1244 1351 fecit
1251 1320 1392 1350 heredem
1404 1321 1493 1350 illum
1504 1320 1721 1351 adolescentem
1734 1324 1943 1361 Oppianicum,
1955 1322 2063 1352 sorotis
2074 1323 2131 1353 suae

1175 1361 1286 1395 filium,
1298 1372 1427 1403 eumque
1436 1364 1537 1402 partiri
1548 1373 1618 1393 cum
1630 1365 1729 1393 Dinea
1738 1373 1830 1393 matre
1841 1362 1928 1402 juffit.
1943 1366 2065 1393 interim
2077 1375 2131 1394 ve-

1173 1406 1219 1434 nit
1229 1405 1324 1434 index
1333 1404 1367 1434 ad
1379 1406 1511 1449 Oineam
1523 1424 1531 1437 ,
1545 1405 1804 1446 nequepbscurus,
1819 1416 1917 1446 neque
1927 1408 2070 1439 incertus,
2081 1407 2133 1446 qui

1174 1448 1323 1476 nuntiaret
1333 1448 1360 1475 ei
1372 1466 1380 1479 ‚
1392 1447 1492 1476 illium
1507 1447 1570 1485 ejus
1581 1467 1589 1480 ,
1610 1449 1655 1476 Μ.
1668 1451 1793 1476 Aurium
1807 1467 1815 1479 ,
1834 1458 1934 1477 vivere
1948 1458 1953 1476 ;
1977 1448 2052 1477 &in
2062 1458 2133 1488 agro

1175 1488 1293 1519 Gallico
1303 1485 1362 1518 effe
1371 1490 1404 1517 in
1415 1488 1566 1518 servitute.
1584 1489 1706 1522 Mulier,
1717 1487 1827 1518 amissis
1838 1489 1950 1522 liberis,
1958 1488 2030 1518 cum
2041 1492 2132 1520 unius

1175 1528 1231 1559 filii
1241 1530 1429 1569 recuperandi
1441 1530 1503 1569 spes
1513 1528 1584 1560 esset
1597 1530 1740 1560 ostentata
1752 1551 1760 1563 ‚
1784 1533 1904 1567 omneis
1922 1532 1989 1561 suos
2008 1533 2133 1571 propin-

1173 1581 1249 1612 quos
1259 1592 1268 1605 ‚
1282 1569 1396 1612 filiique
1408 1572 1451 1601 sui
1461 1571 1636 1602 necessarios
1648 1574 1826 1602 convocavit
1836 1592 1844 1605 ,
1860 1573 1893 1602 ὃ(
1902 1573 1938 1602 ab
1950 1575 1984 1602 iis
1994 1571 2070 1602 flens
2080 1583 2134 1613 pe-

1174 1615 1251 1647 tivit,
1264 1622 1296 1643 ut
1307 1615 1464 1654 negotium
1478 1614 1667 1653 susciperent,
1680 1613 1900 1643 adolescentem
1910 1613 2131 1655 investigarent,

1174 1654 1227 1685 fibi
1236 1654 1425 1685 restituerent
1434 1665 1503 1684 eum
1518 1653 1616 1684 filium
1627 1677 1636 1690 ,
1654 1659 1671 1682 4
1680 1665 1770 1696 quem
1784 1655 1900 1685 tanturn
1913 1666 2001 1684 unam
2011 1667 2045 1686 ex
2054 1656 2132 1686 mul÷

1152 1717 1153 1728 l
1173 1698 1206 1726 tis
1223 1696 1343 1726 fortuna
1360 1697 1512 1737 reliquum
1531 1695 1588 1726 effe
1603 1695 1754 1727 voluisset.
1792 1700 1863 1727 ΗΒ(
1872 1696 1943 1727 cum
1951 1708 2034 1738 agere
2045 1698 2134 1728 insti-

1175 1736 1273 1768 tuiffet
1283 1758 1291 1772 ‚
1306 1737 1439 1778 oppress‘a
1448 1738 1558 1769 morbo
1567 1738 1618 1768 est.
1641 1741 1739 1779 itaque
1749 1738 1962 1768 testimentum
1973 1742 2044 1770 tecit
2053 1740 2132 1777 ejus-

1176 1779 1262 1810 r'nodi
1273 1800 1281 1814 ,
1296 1789 1328 1810 ut
1336 1781 1382 1810 1111
1394 1779 1459 1810 filio
1475 1790 1529 1810 ihs
1541 1790 1733 1810 ccccmooo
1747 1781 1959 1822 millialegaret
1970 1801 1978 1814 ,
1990 1781 2132 1812 heredem

1176 1821 1343 1852 institueret
1351 1821 1482 1851 eundem
1494 1823 1583 1851 illum
1594 1824 1805 1862 Oppianicum,
1821 1832 1961 1862 nepotem
1974 1823 2070 1853 suum.
2089 1832 2134 1854 at·-
2160 1848 2163 1849 γ

1174 1874 1231 1905 que
1245 1865 1291 1893 his
1305 1863 1410 1893 diebus
1426 1866 1527 1902 paucis
1546 1863 1589 1893 est
1605 1873 1733 1894 mortua.
1763 1865 1926 1905 propinqui
1945 1875 2044 1895 tamen
2064 1865 2131 1899 illi,

1174 1904 1433 1947 quemadmodum
1445 1906 1513 1934 viva
1524 1907 1623 1935 Dinea
1630 1905 1819 1936 instituerant
1828 1926 1836 1939 ,
1852 1908 1892 1935 ita
1902 1916 2020 1937 mortua
2032 1907 2084 1937 illa
2096 1907 2132 1937 ad

1176 1946 1416 1989 investigandum
1427 1949 1557 1976 Aurium
1575 1958 1646 1977 cum
1664 1947 1773 1977 eodem
1787 1948 1842 1977 illo
1860 1947 1960 1978 indice
1977 1951 2010 1978 in
2027 1959 2131 1990 agrum
2204 1967 2219 1974 --

1176 1989 1328 2019 Gallicum
1337 1987 1465 2028 pi‘ofeeii
1477 1989 1552 2019 sunt.
1576 1990 1703 2019 Interim
1715 1991 1894 2029 Oppianicus
1905 2010 1914 2023 ‚
1925 1998 1957 2019 ut
1966 2000 2035 2025 erat,
2046 1989 2130 2021 sicuti
2149 1993 2167 2025 8
2211 1994 2227 2007 ”

1176 2031 1281 2061 multis
1291 2040 1328 2060 ex
1337 2030 1425 2060 rebus
1435 2033 1596 2070 reperietis,
1611 2030 1748 2072 singulari
1759 2031 1862 2061 scelere
1874 2051 1882 2064 ,
1899 2031 1931 2061 &
1941 2032 2069 2066 audacia,
2079 2041 2131 2072 per

1174 2073 1327 2113 quendam
1339 2072 1545 2106 Gallicanum,
1563 2072 1743 2103 familiarem
1762 2073 1848 2103 suum
1859 2093 1868 2105 ‚
1888 2073 2024 2112 primum
2041 2075 2131 2104 illum

1176 2114 1417 2156 indicempecunia
1427 2115 1551 2156 corrupit
1559 2114 1680 2144 :deinde
1688 2115 1786 2154 ipsum
1798 2116 1938 2147 Aurium,
1949 2124 2012 2145 non
2024 2125 2133 2156 magna

1172 2155 1376 2196 1381111313611,
1388 2157 1547 2190 tollendum,
1558 2155 1862 2196 interficiendumque
1871 2158 1994 2186 curavit.
2017 2158 2067 2187 Illi
2081 2167 2133 2188 au-

1177 2208 1237 2229 tem
1250 2218 1257 2232 ,
1270 2199 1321 2239 qui
1335 2207 1418 2227 erant
1426 2198 1460 2227 ad
1470 2199 1674 2238 propinquum
1684 2197 1926 2238 investigandum
1939 2218 1947 2232 ‚
1968 2198 2001 2228 &
2010 2209 2134 2239 recupe-

1176 2239 1304 2270 randum
1314 2238 1440 2279 profeEti
1449 2259 1456 2273 ,
1471 2241 1581 2269 litteras
1591 2241 1737 2269 Larinum
1748 2239 1782 2269 ad
1793 2241 1902 2268 Aurios
1911 2259 1920 2272 ,
1938 2241 2020 2270 1111115
2029 2240 2130 2271 adole-

1176 2282 1283 2312 scentis
1293 2283 1479 2326 propinquos
1490 2301 1499 2313 ,
1511 2281 1637 2321 suosque
1645 2279 1820 2311 necefl'arios
1831 2301 1839 2314 ,
1852 2283 1993 2311 mittunt:
2008 2281 2060 2312 sibi
2070 2281 2132 2312 dif—
2176 2273 2206 2290 '³
2234 2279 2235 2282 ¹

1177 2322 1289 2352 ficilem
1300 2321 1358 2352 esse
1367 2321 1564 2363 investigandi
1574 2324 1732 2355 rationem,
1745 2322 1827 2363 quod
1837 2323 2041 2364 intelligerent
2050 2324 2131 2354 indi-

1175 2373 1242 2394 cem
1252 2365 1288 2394 ab
1299 2365 1464 2403 Oppianico
1476 2362 1533 2394 esse
1541 2373 1727 2403 corruptum.
1751 2368 1830 2405 Qas
1842 2365 1949 2394 litteras
1960 2368 1995 2395 A.
2008 2368 2131 2401 Aurius,

1176 2407 1223 2436 vir
1239 2405 1327 2436 fortis
1339 2425 1347 2439 ,
1368 2405 1401 2435 &
1411 2407 1582 2445 experiens,
1605 2406 1637 2435 &
1649 2405 1734 2435 domi
1745 2407 1857 2436 nobilis
1867 2426 1875 2440 ,
1897 2408 1941 2435 M.
1951 2408 2035 2437 illius
2044 2410 2132 2439 Aurii

1176 2449 1360 2492 prqpinquus
1371 2467 1380 2481 ,
1400 2448 1510 2477 1111010
1520 2468 1528 2481 ,
1544 2447 1640 2487 paliim
1654 2447 1758 2477 multis
1771 2447 1961 2478 audientibus
1974 2470 1982 2482 ‚
1997 2448 2068 2479 cum
2079 2450 2131 2480 ad-

1177 2488 1247 2519 esset
1258 2491 1436 2529 Oppianicus
1448 2510 1456 2522 ‚
1476 2491 1594 2523 recitat,
1615 2490 1647 2519 ὃ(
1658 2488 1812 2519 clariffima
1820 2500 1895 2519 voce
1904 2490 1932 2519 se
1943 2500 2059 2521 nomen
2069 2494 2131 2532 Op-
2141 2522 2144 2526 Δ

1175 2532 1284 2570 pianici
1296 2550 1304 2564 ,
1321 2530 1340 2560 si
1351 2530 1543 2561 interfedhnn
1555 2533 1596 2560 M.
1611 2533 1741 2561 Aurium
1751 2529 1952 2571 comperisset,
1963 2533 2131 2564 delaturum
2167 2541 2169 2544 ⁴
2251 2560 2253 2567 ,

1175 2571 1233 2602 'ess'e
1245 2572 1371 2603 testatur.
1385 2575 1511 2602 Interim
1523 2573 1607 2602 brevi
1620 2581 1755 2613 tempore
1764 2573 1821 2606 illi,
1833 2575 1885 2614 qui
1896 2583 1977 2604 erant
1986 2576 2019 2604 in
2027 2584 2130 2616 agrum

1177 2614 1329 2644 Gallicum
1339 2613 1466 2654 profe&i
1476 2635 1484 2648 ,
1496 2616 1642 2644 Larinum
1652 2623 1854 2644 revertuntur:
1868 2615 2063 2646 inter-feeium
2073 2616 2133 2648 ess'e

1177 2658 1223 2686 M.
1237 2658 1363 2686 Aurium
1377 2658 1558 2686 renuntiant.
1581 2658 1677 2686 animi
1687 2666 1750 2686 non
1761 2656 1860 2686 solum
1869 2659 2110 2699 propinquorum
2121 2678 2132 2694 ,

1176 2698 1225 2728 scd
1243 2700 1334 2728 etiarn
1354 2700 1498 2728 omnium
1515 2699 1701 2728 Larinatium
1720 2698 1792 2727 odio
1810 2700 1984 2738 Oppianici,
2003 2701 2035 2730 &
2049 2701 2132 2731 illius

1176 2740 1371 2770 adolescentis
1380 2740 1567 2779 misericordia
1576 2749 1819 2770 commoventur.
1836 2743 1936 2780 Itaque
1947 2752 2017 2771 cum
2028 2744 2132 2772 A.Au-

1153 2790 1155 2817 j
1176 2784 1236 2812 rius
1247 2802 1255 2816 ,
1269 2784 1322 2824 qui
1332 2790 1415 2813 antea
1428 2782 1635 2816 denuntiarat,
1654 2782 1786 2812 clamore
1795 2782 1956 2813 hominem
1967 2803 1976 2818 ‚
1995 2794 2027 2814 ac
2037 2786 2134 2815 minis

2014 2826 2132 2867 insequi

1179 2890 1236 2915 dice
1257 2891 1352 2925 scripto
1371 2899 1399 2915 ex
1408 2892 1499 2914 Staleno
1511 2908 1519 2920 ‚
1538 2889 1638 2914 faetum
1653 2887 1748 2914 deinde
1757 2890 1886 2922 Stajennm.
1906 2890 1934 2915 ὃ(
1948 2898 2008 2915 vero
2018 2897 2133 2925 utroque

1178 2925 1258 2952 modo
1278 2926 1329 2961 legi
1351 2926 1376 2952 111
1397 2924 1594 2960 exemplaribus
1614 2924 1720 2950 vetustis
1732 2943 1740 2956 ‚
1759 2923 1804 2950 diu
1815 2925 1850 2951 est
1862 2924 2070 2960 quodjudicavit
2080 2925 2133 2952 Ri-

1179 2963 1246 2988 vius.
1262 2961 1370 2988 adeatur
1381 2970 1486 2997 quoque
1496 2959 1665 2986 Priuer-ius
1675 2959 1842 2986 lib.xxxv11.
1852 2962 1914 2987 Var.
1927 2961 1990 2987 lect.
2001 2970 2071 2997 capu
2080 2970 2104 2987 1.
2132 2976 2138 2983 ·

1214 3006 1242 3031 4.
1261 2999 1334 3031 Qem
1343 3004 1436 3023 rantum
1445 2996 1544 3029 unum]
1564 2996 1607 3022 Sic
1616 3004 1649 3021 ex
1661 2994 1759 3031 septem
1770 2995 1837 3022 Pall.
1848 3005 1914 3023 1111115
1925 3004 2028 3024 tantum
2041 3017 2048 3029 ‚
2067 2996 2132 3024 reli-
2169 3013 2175 3017 -
2196 3027 2203 3032 ι
2232 3020 2240 3023 ,

1178 3035 1223 3069 qui
1236 3033 1278 3060 sex
1292 3053 1300 3066 ,
1311 3034 1413 3059 randcm.
1433 3031 1503 3068 quod
1514 3033 1542 3058 ὅ(
1552 3040 1600 3068 pro
1618 3038 1697 3057 tamen
1714 3031 1780 3058 sumi
1792 3051 1800 3063 ,
1819 3033 1949 3068 exemplis
1968 3033 2052 3069 palam
2067 3033 2132 3060 fecit

1177 3070 1301 3096 Schottus
1313 3069 1397 3096 noster
1411 3068 1481 3094 libro
1495 3077 1536 3094 xv.
1554 3066 1662 3094 Nodor.
1681 3077 1738 3104 cap.
1752 3067 1794 3093 18.
1814 3068 1958 3095 Lambinus
1969 3068 2053 3096 edidit
2062 3076 2111 3097 mm
2120 3087 2130 3100 ‚
2143 3092 2145 3094 .

1178 3105 1248 3141 quod
1259 3107 1286 3132 &
1298 3107 1324 3132 in
1335 3105 1404 3133 libro
1414 3106 1442 3133 5.
1452 3103 1592 3136 Victoris,
1612 3102 1655 3131 sed
1671 3103 1710 3133 ita
1729 3103 2005 3142 ut&superscriptum
2024 3105 2134 3131 haberet

1177 3141 1246 3170 illud
1256 3149 1344 3170 tamen.
2022 3153 2024 3157 ·

2032 3185 2060 3206 1·
2069 3175 2134 3204 lum
