2360 3400
560 106 656 137 DE

110 173 187 206 iilud
197 171 320 214 quidem
340 168 507 211 perfe&um
524 170 686 201 honestum
697 190 706 205 ‚
724 171 811 201 nullo
824 171 919 202 modo
933 184 943 206 ς
968 170 1075 202 simili-

110 216 231 248 tudines
242 212 361 244 honesti
374 211 432 243 effe
442 211 575 252 poss'unt.
600 216 673 244 Haec
683 216 767 244 enim
778 223 885 244 omnia
895 212 994 244 officia
1007 234 1015 248 ,
1035 214 1072 244 de

107 257 218 299 quibus
230 256 277 286 his
295 255 381 285 libris
402 254 587 295 disputamus
599 276 607 289 ‚
632 255 724 284 media
743 258 837 286 Stoici
849 256 1006 296 appellant.
1029 265 1073 289 ea,

109 299 290 330 communia
308 297 397 331 sunt,
418 297 450 327 ὃς
468 296 527 328 late
543 307 660 337 patent:
680 307 746 337 quae
761 297 793 327 δε
811 300 927 338 ingenii
939 298 1072 327 bonitate

108 340 200 371 multi
213 338 424 381 assequuntur,
446 339 479 369 ὃς
495 337 696 380 progressione
709 339 856 369 discendi.
880 339 960 369 Illud
972 348 1072 369 autem

109 380 248 413 officium
260 401 268 415 ‚
290 381 372 421 quod
383 379 490 410 rossum
502 381 595 411 iidem
607 381 756 421 appellant
766 400 775 413 ,
787 380 954 420 perfec'tum
967 401 976 414 ,
987 389 1074 451 atque

107 424 280 455 absolutum
291 422 334 453 est
349 433 354 452 :
377 424 409 453 δε
419 443 427 457 ,
454 422 587 453 utiidem
600 423 705 453 dicunt
718 441 726 456 ,
738 423 836 451 omneis
846 433 970 451 numeros
979 423 1014 451 ha
1034 430 1072 456 εκ

108 476 177 500 nec,
187 474 290 505 praeter
301 465 462 505 sapientem
477 484 485 498 ,
499 465 603 495 cadere
612 466 646 494 in
656 474 841 504 quemquam
854 463 961 504 potest.
987 463 1067 494 Cum

108 517 211 538 autem
222 508 335 548 aliquid
355 506 456 537 afilum
476 505 537 539 est,
558 510 567 525 ¹
584 508 616 536 in
636 516 699 547 quo
718 507 818 536 media
840 505 940 536 officia
949 516 1072 546 compa·

108 560 211 584 reant,
233 550 261 580 id
281 550 432 579 cumulate
454 548 576 578 videtur
586 547 643 578 effe
652 547 840 588 perfebfflm:
860 558 1071 589 proptereaque

107 593 218 632 vulgus
229 612 237 625 ‚
261 591 334 632 quid
355 589 425 621 abfit
436 589 450 620 a
461 590 595 630 perfeEto
607 600 670 620 non
678 589 740 620 fere
752 591 910 631 intelligit:
926 600 1071 631 quatenus

106 643 208 665 autem
222 633 382 674 intelligit,
407 633 485 662 nihil
506 642 589 673 putat
599 631 837 673 praetermissum.
861 635 942 673 quod
955 634 1025 662 item
1038 633 1071 662 in

108 676 349 715 po'e‘matibuo&
360 673 483 714 piEkuris
495 675 548 704 usu
560 678 708 708 evenit‚in
719 674 842 715 aliisque
851 675 1071 714 compluribus,

108 726 142 747 ut
151 716 338 747 deieaentur
349 717 482 755 imperiti
495 735 503 749 ‚
524 717 703 757 laudentque
715 726 746 745 ea
757 736 764 749 ,
776 726 842 756 quae
853 716 997 746 laudanda
1007 726 1071 746 non

106 757 182 792 sint,
205 758 245 788 ob
268 767 333 787 eam
346 778 353 791 ‚
373 758 463 788 credo
476 778 484 791 ,
511 759 626 788 causam
641 778 649 791 ,
672 757 754 799 quod
774 758 885 788 insitin
897 759 943 787 his
955 758 1069 798 ahquid

106 800 213 841 probi,
225 800 306 840 quod
317 802 409 839 capiat
420 802 556 840 ignaros,
578 802 629 840 qui
640 801 733 829 iidem
746 819 754 831 ‚
767 800 839 839 quid
852 800 883 829 in
894 810 1068 840 unaquaque

107 853 137 873 re
158 844 224 872 vitii
241 839 295 874 sit,
327 850 474 880 nequeant
491 842 632 879 judicare.
665 845 763 881 itaque
781 841 853 871 cum
872 842 940 872 sunt
960 841 1068 872 doetia

69 895 93 918 4
107 886 229 925 peritis,
253 882 340 913 facile
355 881 687 913 defistuntasententia.
712 885 784 913 Haec
795 885 883 924 igitur
892 882 1010 917 officia,
1032 884 1067 913 de

81 921 88 926 ”
106 926 215 967 quibus
237 926 282 955 his
301 925 387 954 libris
398 922 587 958 disserimus,
607 925 817 966 quafisecundcz
829 925 953 966 quadam
962 924 1068 961 honesta

105 967 164 998 effe
175 968 280 998 dicunt
291 987 299 1000 ,
321 976 384 997 non
395 966 561 1005 sapientum
574 967 668 997 modo
679 970 797 1007 propria
807 987 815 1000 ‚
836 968 884 997 sed
897 977 967 997 cum
979 971 1067 997 omni

103 1011 268 1040 hominum
280 1018 388 1050 genere
398 1011 585 1039 communia.
605 1011 703 1050 itaque
714 1010 760 1038 his
772 1019 879 1039 omnes
891 1029 899 1043 ‚
913 1012 945 1039 in
955 1010 1066 1050 quibus

105 1051 148 1082 est
170 1053 290 1082 virtutis
309 1050 447 1083 indoles,
468 1061 713 1081 commoventur.
733 1053 800 1081 Nec
821 1050 892 1080 vero
913 1051 984 1082 curri
1005 1052 1066 1082 duo

105 1095 195 1124 Decii
216 1114 224 1126 ,
255 1102 305 1123 aut
337 1093 397 1122 duo
428 1094 584 1132 Scipiones
606 1113 614 1126 ‚
634 1094 724 1132 fortes
743 1094 802 1121 viri
820 1103 1067 1124 commemoran-

104 1144 172 1170 tur,
195 1138 269 1165 2aut
288 1133 360 1165 curn
374 1134 524 1165 Fabricius
536 1155 544 1167 ,
567 1135 748 1165 Aristidesve
758 1133 851 1174 justus
872 1138 1065 1166 nominatur:

101 1187 153 1208 aut
170 1177 297 1211 abillis,
317 1175 523 1206 fortitudinis:
547 1186 596 1206 aut
613 1177 649 1207 ab
667 1179 713 1207 his
726 1197 733 1209 ‚
750 1176 873 1216 justiti-z
885 1197 892 1210 ‚
912 1187 1062 1219 tamquam

100 1219 327 1259 asapientibus‚
347 1221 456 1257 peritur
475 1220 663 1258 exemplum.
687 1229 780 1248 nemo
800 1222 883 1249 enim
905 1221 1014 1249 horum
1030 1219 1066 1250 fic

102 1262 219 1301 sapiens
239 1260 300 1293 cst,
323 1270 353 1291 ut
366 1261 526 1300 sapientem
538 1262 680 1291 volumus
691 1262 830 1301 intelligi.
854 1264 969 1295 Necii‚
992 1264 1068 1303 3qui

108 1303 254 1343 sapientes
275 1303 367 1333 habiti
380 1303 463 1335 sunt,
498 1304 530 1333 &
542 1305 711 1336 nominati,
735 1305 883 1337 M.Cato‚
907 1304 938 1333 δε
951 1306 984 1334 C.
999 1306 1065 1334 Lae—

105 1345 187 1378 lius,
212 1345 357 1384 sapientes
373 1343 511 1374 fuerunt:
537 1355 575 1375 ne
596 1346 641 1375 illi
659 1345 781 1385 quidem
801 1346 931 1384 septem:
955 1347 1004 1376 sed
1028 1356 1066 1378 ex

102 1387 278 1417 mediorum
296 1385 469 1417 officiorum
489 1386 657 1427 frequentia
669 1387 890 1427 similitudinem
915 1388 1064 1428 quandam

101 1429 262 1470 gerebant,
277 1428 464 1468 speciemque
476 1428 653 1467 sapientum.
677 1433 694 1455 4
705 1431 850 1469 Qiociica
862 1439 918 1459 nec
928 1429 970 1464 id,
981 1430 1064 1471 quod

102 1472 171 1501 vere
185 1469 345 1500 honestum
356 1468 398 1499 est
411 1489 418 1502 ,
439 1468 480 1499 fas
491 1469 532 1499 est
544 1480 614 1499 cum
627 1470 762 1500 utilitatis
772 1474 966 1510 repugnantia
977 1482 1065 1501 com-

99 1515 211 1553 parari:
231 1521 286 1541 nec
296 1511 326 1541 id
340 1532 348 1544 ‚
369 1511 450 1552 quod
469 1514 677 1541 communiter
692 1512 876 1550 appellamus
890 1512 1063 1546 honestum,

99 1553 182 1595 quod
193 1554 302 1583 colitur
310 1553 346 1584 ab
355 1555 393 1582 iis
404 1573 412 1585 ,
432 1555 485 1593 qui
498 1553 595 1582 bonos
604 1553 633 1583 se
644 1555 724 1582 viros
736 1552 836 1582 haberi
846 1554 955 1583 volunt
964 1573 973 1587 ‚
992 1564 1063 1584 cum

102 1596 322 1626 emolumentis
341 1605 486 1635 umquam
501 1594 544 1624 est·
559 1594 794 1635 comparandum
808 1605 813 1623 :
834 1603 954 1635 tamque
966 1595 994 1625 id
1009 1597 1062 1625 ho-

101 1637 220 1668 nestum
233 1657 241 1671 ,
262 1637 343 1677 quod
354 1641 386 1666 in
396 1636 527 1667 nostram
538 1637 769 1677 intelligentiam
782 1637 861 1666 cadit
872 1656 880 1670 ‚
903 1638 1062 1672 tuendum,

97 1679 400 1719 conservandumque
411 1678 454 1708 est
465 1679 554 1708 nobis
566 1698 574 1711 ,
586 1680 676 1718 quam
687 1678 719 1708 id
733 1697 741 1711 ‚
762 1679 843 1719 quod
857 1680 974 1718 proprie
986 1680 1063 1710 dici-

98 1731 166 1756 tur,
187 1731 314 1762 vereque
334 1720 376 1751 est
395 1719 577 1753 honestum,
600 1719 792 1759 sapientibus.
825 1729 955 1750 Aen-ER
973 1731 1064 1752 ΕΝιΜ

99 1773 228 1794 τεΝΕευ
241 1773 303 1792 non
314 1762 411 1802 potest
422 1783 430 1795 ,
447 1760 541 1803 fi-qua
551 1761 594 1792 est
605 1763 640 1791 ad
652 1764 795 1792 virtutem
809 1761 884 1792 fafita
893 1762 1062 1803 progreffio.

100 1805 158 1837 Sed
169 1807 232 1835 haec
241 1805 365 1846 quidem
375 1804 411 1835 de
423 1807 459 1834 iis
471 1824 478 1837 ,
493 1808 505 1831 5
515 1806 566 1845 qui
576 1804 804 1834 conservatione
815 1802 988 1834 officiorum
1000 1807 1063 1835 exi-

99 1847 260 1878 stimantur
272 1847 357 1877 boni.
373 1848 433 1887 Qi
444 1856 543 1876 autem
556 1848 660 1876 omnia
670 1846 836 1875 metiuntur
846 1846 1065 1877 emolumentis

99 1889 135 1920 δε
153 1888 346 1921 commodis,
368 1898 466 1929 neque
484 1898 516 1918 ea
532 1888 641 1918 volunt
658 1887 878 1927 praeponderari
898 1888 1063 1923 honestate,

99 1932 132 1962 hi
144 1931 240 1962 solent
261 1932 293 1960 in
313 1929 511 1961 deliberando
529 1929 691 1959 honestum
715 1939 785 1959 cum
807 1939 862 1962 eo,
886 1930 966 1970 quod
989 1932 1063 1961 utile

98 1982 215 2014 putant,
226 1982 406 2013 comparare:
418 1982 499 2003 ΒοΝι
512 1981 587 2002 vriu
600 1981 663 2001 non
675 1972 783 2002 solent.
795 1974 897 2012 Itaque
908 1971 1061 2007 existimo,

98 2017 265 2046 Pariaetium
279 2035 287 2048 ‚
298 2014 369 2045 cum
381 2014 492 2044 dixerit
505 2034 512 2047 ,
538 2014 658 2043 homines
663 2014 749 2053 Jblere
759 2014 787 2042 in
797 2014 848 2043 hac
859 2015 1063 2056 comparatione

95 2056 230 2086 dubitare
239 2077 248 2091 ‚
269 2058 326 2087 hoc
337 2057 435 2096 ipsum
447 2054 562 2086 sensisse
571 2076 580 2091 ,
602 2057 682 2097 quod
695 2056 807 2086 dixerit
817 2076 825 2090 ‚
852 2056 945 2086 solere
955 2057 1060 2091 modo,

96 2109 161 2130 non
172 2108 263 2129 etiam
275 2108 424 2139 oportere.
448 2100 563 2128 etenim
586 2108 649 2128 non
663 2096 757 2128 modo
769 2098 861 2137 pluris
870 2108 971 2138 putare
981 2099 1062 2140 quod

96 2142 170 2172 utile
181 2141 333 2175 videatur,
358 2140 448 2181 quam
461 2140 542 2181 quod
554 2140 717 2171 honestum
732 2151 737 2169 ·.
752 2140 798 2169 sed
812 2141 971 2170 haecetiam
985 2144 1063 2172 inter

96 2185 126 2214 se
136 2192 323 2223 comparare,
349 2183 423 2213 &in
436 2184 482 2212 his
497 2183 670 2212 addubitare
681 2202 689 2216 ,
710 2180 911 2221 turpissimum
927 2182 977 2212 est.
990 2183 1062 2223 quid

96 2224 140 2256 est
151 2235 219 2266 ergo
232 2246 240 2258 ,
262 2225 342 2266 quod
362 2234 596 2265 nonnumquam
612 2224 833 2254 dubitationem
848 2222 950 2254 afferre
961 2225 1059 2259 soleat,

94 2267 405 2307 considerandumque
425 2267 561 2297 videatur
576 2269 586 2295 ?
603 2267 701 2296 Credo
714 2287 722 2300 ‚
742 2264 900 2306 si-quando
913 2266 1060 2297 dubitatio

94 2310 225 2343 accidit,
249 2309 336 2349 quale
356 2308 390 2339 fit
410 2309 440 2339 id
457 2330 465 2342 ,
481 2309 518 2339 de
537 2318 598 2349 quo
618 2307 830 2339 consideretur.
854 2311 949 2338 SAEPE
968 2318 1058 2338 ENiM

95 2360 256 2382 TEMPORE
266 2361 342 2384 Fir,
363 2361 414 2384 ut,
434 2351 516 2391 quod
536 2352 713 2391 plerumque
734 2359 817 2390 turpe
836 2350 936 2380 haberi
957 2351 1056 2384 soleat,

94 2394 267 2424 inveniatur
277 2403 341 2422 non
352 2392 409 2423 ess'e
419 2402 513 2433 turpe.
537 2393 678 2432 Exempli
691 2392 786 2425 causa,
796 2401 925 2432 ponatur
933 2392 1056 2433 aliquid,

93 2436 176 2477 quod
196 2444 289 2475 pateat
315 2435 413 2464 latius.
437 2435 527 2476 Qod
550 2434 646 2474 potest
667 2433 1055 2475 majusessescelus‚quam

95 2488 158 2508 non
179 2478 275 2507 modo
295 2477 474 2510 hominem,
510 2477 558 2506 sed
581 2477 671 2506 etiam
691 2475 872 2506 familiarem
894 2477 1054 2507 hominem

92 2519 243 2550 occidere?
253 2521 338 2548 Num
350 2521 438 2559 igitur
449 2519 478 2548 se
486 2517 645 2548 adstrinxit
654 2519 771 2551 scelere,
786 2516 805 2547 si
816 2521 883 2558 quis
895 2527 1054 2558 tyrannum

91 2560 204 2592 occidit
215 2581 223 2595 ,
234 2561 376 2601 quamvis
386 2559 567 2590 familiarem
581 2562 591 2589 ?
614 2561 731 2600 Populo
741 2559 863 2601 quidem
875 2562 971 2590 Rom.
992 2571 1056 2592 non

737 90 1201 139 <OFF1e1is

1291 95 1333 141 L
1367 111 1384 140 1
1422 110 1462 140 B.
1548 95 1642 140 ΙΙΙ.
1956 108 2074 157 1243>

1112 173 1251 208 videtur,
1273 176 1326 215 qui
1347 184 1387 206 ex
1406 174 1552 206 omnibus
1572 174 1718 215 praeclaris
1727 171 1900 204 faffisillud
1910 172 2077 214 pulcherri*

1114 225 1200 245 mum
1211 216 1376 247 existimat.
1399 216 1416 238 ⁶
1427 220 1506 248 Vicit
1525 228 1596 259 ergo
1618 217 1732 247 utilitas
1745 215 1931 246 honestatem
1945 236 1954 249 ,
1979 215 2079 246 immo

1111 256 1184 287 vero
1207 258 1345 289 honestas
1365 260 1525 290 utilitatem
1545 261 1644 291 secuta
1659 258 1713 289 cst.
1739 260 1859 299 ltaque.
1880 267 1913 288 ut
1931 256 1992 287 sine
2016 258 2080 288 ullo

1113 309 1211 329 errore
1221 300 1387 339 dijudicare
1405 300 1550 341 possimus
1562 322 1571 335 ,
1592 299 1735 342 fiquando
1748 310 1818 330 cum
1830 300 1884 330 illo
1897 320 1906 333 ,
1930 299 2013 340 quod
2025 301 2083 330 ho-

1112 341 1230 371 nestum
1243 343 1441 384 intelligimus
1453 364 1461 377 ,
1484 353 1614 385 pugnare
1623 342 1653 374 id
1665 342 1831 375 videbitur,
1857 341 1939 382 quod
1951 341 2081 382 appella—

1117 392 1185 412 mus
1195 384 1288 417 utile,
1309 394 1475 415 FORMULA
1496 385 1630 426 quaedam
1650 382 1929 414 constituendaest:
1951 393 2041 424 quam
2056 381 2076 413 si

1112 424 1271 466 sequemur
1289 429 1322 455 in
1345 437 1569 466 comparatione
1588 436 1689 457 rerum
1703 446 1711 459 ,
1731 426 1768 465 ψ
1785 424 1890 456 officio
1910 434 2081 465 numquam

1112 466 1297 497 recedemus.
1322 470 1386 498 Erit
1405 478 1504 499 autem
1524 471 1587 499 haec
1605 468 1753 500 formula,
1773 469 1945 498 Stoicorum
1957 470 2078 501 rationi.

1113 507 1338 550 disciplinaeque
1350 511 1485 540 maxime
1504 511 1702 541 consentanea
1717 520 1723 539 ι
1739 519 1829 550 quam
1843 509 1968 549 quidem
1980 510 2026 538 his
2039 510 2077 538 li-

1112 549 1171 579 bris
1192 560 1346 590 propterea
1368 552 1521 592 sequimur
1534 573 1542 586 ,
1567 551 1648 594 quod
1661 572 1669 586 ,
1690 561 1875 592 quamquam
1895 550 1910 580 a
1929 551 2079 581 veteribus

1112 593 1349 626 Academicis,&
1367 593 1383 623 a
1394 596 1593 634 Peripateticis
1607 594 1740 628 vestrim
1750 603 1802 634 qui
1812 592 1966 633 quondam
1980 592 2071 622 iidem

1112 643 1214 668 erant,
1234 637 1285 675 qui
1299 635 1492 670 Academici,
1511 647 1576 677 quae
1597 635 1719 666 honesta
1740 637 1828 668 sunt,
1852 644 2077 674 anteponuntur

1110 677 1158 710 iis,
1169 685 1234 716 quae
1244 676 1384 707 videntur
1398 678 1491 708 utilia:
1502 688 1602 707 tamen
1616 676 1801 717 splendidius
1815 678 1875 706 haec
1886 676 1922 706 ab
1933 678 1976 705 eis
1987 674 2065 706 diff«-

1109 727 1214 748 ruiitiir
1224 738 1232 751 ,
1251 718 1360 758 quibus
1371 739 1378 751 ,
1400 720 1541 760 quidquid
1560 718 1696 755 honestum
1706 718 1749 748 ess?
1762 739 1769 752 ,
1784 718 1856 747 idem
1864 717 1936 747 urile
1945 718 2072 748 videturv

1109 770 1154 789 nec
1164 761 1235 789 urile
1244 760 1420 801 quidquam,
1434 761 1509 802 quod
1517 772 1567 790 non
1579 760 1716 797 honestum
1727 772 1737 787 .·
1749 762 1837 801 quam
1848 760 1932 790 abiis
1942 780 1950 793 ,
1962 759 2074 800 quibus.

1105 802 1327 832 authonestum
1347 803 1460 843 aliquid
1482 813 1545 832 non
1565 804 1656 836 utile,
1677 812 1726 832 aut
1740 803 1813 832 utile
1827 812 1889 832 non
1901 800 2073 832 honestum-

1110 844 1208 874 Nobis
1229 854 1328 874 autem
1344 845 1441 875 nostra
1452 844 1613 875 Academia
1624 843 1761 885 magnam
1777 845 1929 874 licentiam
1946 843 1994 873 dat
2005 863 2012 877 ,
2028 853 2069 875 ut,

1107 886 1321 927 quodcumque
1332 887 1469 917 maxime
1479 887 1633 927 probabile
1641 894 1773 916 occurrat
1783 906 1790 919 ‚
1814 886 1844 915 id
1854 888 1887 915 in
1898 884 2073 924 nostrojure

1108 929 1192 958 liceat
1210 928 1382 959 defendere.
1414 929 1470 959 Sed
1492 928 1580 959 redeo
1601 929 1633 959 ad
1650 927 1826 958 formulam.
1859 931 2073 957 DETRAr-iaae.
2093 933 2113 962 j

1110 972 1199 1010 igitur
1209 970 1323 1011 aliquid
1346 972 1450 1004 alteri,
1472 971 1504 1001 δε
1525 972 1686 1000 hominem
1709 971 1847 1000 hominis
1869 969 2073 999 incommodo

1108 1012 1196 1042 suum
1218 1023 1322 1053 augere
1347 1013 1549 1043 commodum
1570 1032 1577 1046 ,
1615 1015 1716 1052 magis
1731 1011 1773 1041 est
1798 1021 1901 1041 contra
1923 1021 2070 1043 naturam,

1108 1055 1198 1094 quam
1209 1064 1290 1083 mors
1301 1075 1309 1088 ‚
1335 1054 1426 1095 quam
1438 1064 1591 1095 paupertas
1603 1075 1610 1088 ‚
1630 1055 1720 1095 quam
1733 1053 1820 1084 dolor
1830 1073 1838 1086 ‚
1861 1054 1950 1094 quam
1962 1062 2069 1085 cetera,

1107 1106 1172 1137 qiiae
1183 1095 1304 1136 poss'unt
1319 1106 1368 1127 aut
1377 1100 1494 1137 corpori
1503 1097 1634 1127 accidere
1649 1116 1657 1130 ‚
1679 1105 1728 1126 aut
1739 1095 1827 1125 rebus
1842 1097 1986 1125 externis.
2002 1105 2073 1124 nam

1107 1137 1259 1178 principio
1283 1139 1363 1169 tollit
1381 1138 1559 1169 conviCtum
1580 1139 1770 1170 humanum,
1792 1137 1825 1167 &
1845 1138 2027 1168 societatem.
2051 1135 2071 1166 si

1107 1181 1191 1209 enim
1215 1179 1252 1210 sic
1271 1183 1384 1210 erimus
1393 1179 1492 1211 affeffl
1505 1202 1513 1214 ,
1535 1190 1567 1210 ut
1580 1189 1699 1220 propter
1709 1180 1797 1211 suum
1811 1179 1935 1220 quisque
1946 1179 2074 1208 emolu—

1107 1231 1247 1252 mentum
1260 1223 1387 1262 spoliet,
1410 1232 1459 1253 aut
1478 1223 1707 1253 violetalterum
1720 1242 1728 1256 ,
1748 1221 1895 1260 disrumpi
1907 1219 2021 1251 necesse
2031 1219 2073 1250 est

1106 1274 1184 1297 eam,
1196 1275 1260 1305 quae
1273 1265 1408 1295 maxime
1420 1264 1463 1295 est
1473 1264 1638 1295 secundum
1651 1273 1800 1297 naturam,
1817 1264 1940 1293 humani
1951 1264 2072 1303 generis

1108 1306 1289 1336 societatem.
1315 1310 1378 1340 Ut,
1390 1305 1410 1336 si
1421 1306 1660 1348 unumquodque
1671 1304 1845 1336 membrum
1859 1305 1976 1335 sensum
1990 1305 2073 1334 hunc

1107 1348 1243 1382 haberet,
1265 1358 1297 1379 ut
1313 1348 1395 1388 poss'e
1415 1358 1549 1389 putaret,
1574 1349 1600 1378 se
1620 1349 1736 1381 valere,
1759 1346 1778 1377 si
1795 1346 2073 1387 proximiniembri

1108 1390 1306 1420 valitudinem
1316 1390 1351 1421 ad
1362 1391 1389 1420 se
1403 1389 1576 1421 traduxisset
1587 1401 1592 1419 t
1614 1390 1767 1420 debilitari
1779 1408 1787 1422 ι
1798 1389 1831 1419 ὃς
1842 1390 1964 1419 interire
1973 1397 2070 1418 totum

1096 1440 1214 1471 —corpus
1228 1431 1342 1462 necefle
1358 1431 1419 1462 est:
1439 1431 1496 1465 fic,
1517 1442 1547 1462 s1
1568 1440 1813 1470 UNUSQJJSQJE
1833 1429 1970 1461 nostrum
1982 1432 2074 1469 rapiat

1105 1473 1140 1504 ad
1160 1474 1188 1503 sc
1206 1474 1373 1504 commoda
1389 1475 1519 1504 aliorum
1532 1494 1540 1508 ‚
1564 1474 1753 1513 detrahatque
1762 1473 1844 1513 quod
1854 1482 1963 1511 cuique
1974 1470 2071 1511 poffit,

1105 1515 1309 1545 emolumenti
1321 1516 1363 1545 sui
1374 1518 1483 1556 gratia:
1499 1516 1622 1545 societas
1633 1516 1811 1547 hominum,
1825 1515 2072 1544 &communitas

1103 1566 1250 1587 evertatur
1263 1556 1378 1587 necesse
1386 1556 1438 1587 est.
1463 1567 1533 1587 nam
1546 1576 1554 1590 ,
1575 1567 1643 1585 stin
1666 1567 1707 1586 uir
1723 1556 1849 1595 quisque
1858 1555 1944 1584 malit
1959 1574 1968 1587 ,
1983 1555 2065 1594 quod

1105 1597 1140 1627 ad
1153 1599 1239 1628 usum
1250 1600 1319 1629 vitae
1331 1600 1477 1638 pertineat
1491 1618 1500 1631 ‚
1513 1597 1608 1639 quam
1618 1598 1714 1630 alteri,
1725 1607 1887 1637 acquirere.
1896 1594 2069 1626 concessum

1105 1639 1165 1674 est,
1184 1650 1247 1670 non
1268 1649 1451 1682 repugnante
1470 1649 1582 1670 natura.
1606 1639 1683 1669 illud
1700 1647 1801 1670 natura
1815 1649 1878 1669 non
1887 1641 2015 1678 patitur,
2038 1647 2074 1667 ut

1105 1682 1235 1712 aliorum
1246 1682 1350 1722 spoliis
1361 1681 1475 1713 nostras
1484 1682 1634 1712 facultates
1647 1702 1655 1714 ,
1676 1683 1777 1720 copias
1787 1700 1795 1713 ‚
1809 1690 1882 1720 opes
1895 1689 2070 1720 augeamus.

1107 1726 1214 1764 Neque
1224 1726 1298 1754 vero
1316 1726 1375 1754 hoc
1385 1725 1483 1755 solum
1496 1733 1614 1758 natura,
1635 1723 1666 1753 id
1676 1722 1719 1753 est
1732 1742 1739 1755 ‚
1758 1723 1824 1761 jure
1833 1724 1971 1763 gentium
1986 1741 1994 1754 ,
2021 1722 2069 1752 sed

1104 1767 1195 1795 etiam
1216 1765 1331 1806 legibus
1349 1766 1532 1806 populorum
1545 1785 1554 1798 ,
1574 1765 1684 1806 quibus
1706 1766 1738 1795 in
1756 1763 1878 1805 singulis
1897 1763 2070 1794 civitatibus

1105 1807 1178 1846 resp.
1201 1809 1393 1841 continetur,
1413 1807 1522 1838 eodem
1543 1807 1638 1837 modo
1656 1806 1856 1837 constitutum
1878 1805 1919 1835 est
1932 1825 1940 1839 ‚
1958 1814 2070 1836 utnon

1105 1848 1191 1878 liceat
1199 1848 1243 1878 sui
1254 1849 1413 1878 commodi
1422 1849 1506 1879 causa
1516 1858 1624 1879 nocere
1632 1848 1725 1878 alteri.
1740 1849 1796 1878 hoc
1806 1850 1889 1878 enim
1899 1856 2069 1877 SPECTANT

1104 1889 1194 1930 leges,
1206 1891 1264 1920 hoc
1274 1891 1393 1924 volunt,
1406 1891 1596 1920 incolumem
1608 1888 1665 1920 effe
1675 1891 1792 1920 civium
1801 1889 2068 1929 conjunfflonem:

1103 1941 1193 1972 quam
1204 1934 1255 1972 qui
1266 1932 1416 1962 dirimunt
1427 1952 1435 1966 ‚
1458 1942 1510 1962 eos
1526 1941 1625 1962 morte
1635 1952 1643 1965 ,
1653 1930 1759 1962 exsilio
1771 1951 1780 1965 ,
1792 1932 1923 1962 vinculis
1934 1951 1942 1965 ,
1956 1931 2069 1962 damno

1102 1975 1252 2004 coercent.
1285 1983 1372 2014 atque
1389 1976 1448 2004 hoc
1470 1975 1570 2005 multo
1591 1976 1684 2014 magis
1700 1976 1794 2015 exigit
1811 1974 1873 2014 ipsa
1892 1983 2003 2004 naturae
2022 1983 2067 2003 ra-

1104 2017 1146 2045 tio
1166 2036 1175 2049 ,
1202 2026 1269 2057 quae
1287 2015 1330 2046 est
1350 2017 1399 2046 lex
1418 2017 1523 2047 divina
1541 2037 1549 2050 ,
1579 2016 1611 2046 &
1633 2017 1766 2046 humana
1788 2026 1793 2045 :
1821 2018 1870 2046 cui
1890 2014 1989 2056 parete
2011 2017 2067 2056 qui

1103 2058 1177 2088 velit
1196 2058 1316 2096 (omnes
1334 2068 1433 2088 autem
1462 2058 1608 2098 parebunt
1629 2078 1637 2092 ‚
1665 2060 1718 2098 qui
1738 2058 1906 2088 secundum
1929 2066 2065 2088 naturam

1102 2101 1334 2141 volentvivere)
1355 2110 1522 2141 numquam
1540 2100 1717 2130 committet
1736 2120 1745 2132 ‚
1772 2109 1803 2130 ut
1821 2100 1956 2130 alienum
1977 2108 2068 2139 appe-

1104 2151 1163 2176 tat,
1187 2142 1221 2172 &
1239 2141 1268 2172 id
1281 2162 1290 2175 ‚
1309 2142 1390 2182 quod
1410 2143 1495 2172 alteri
1514 2142 1688 2175 detraxerit,
1718 2140 1770 2171 fibi
1783 2139 1916 2172 ass'umat.
1941 2143 2066 2171 Etenim

1103 2185 1202 2214 multo
1222 2186 1317 2225 tnagis
1337 2183 1380 2214 est
1397 2184 1562 2215 secundum
1579 2193 1712 2214 naturam
1725 2182 1876 2214 excelsitas
1887 2185 2006 2217 animi·,
2031 2182 2065 2212 &

1103 2226 1282 2266 magnitudo
1297 2236 1301 2254 τ
1320 2228 1455 2267 itemque
1464 2228 1589 2256 comitas
1601 2245 1608 2259 ‚
1627 2225 1741 2264 justitia
1753 2247 1762 2260 ‚
1783 2226 1941 2256 liberalitas
1953 2244 1961 2258 ‚
1972 2224 2065 2265 quam

1103 2268 1258 2308 voluptas,
1282 2268 1371 2308 quam
1389 2271 1454 2298 'vita
1469 2288 1477 2301 ‚
1496 2269 1587 2309 quam
1609 2269 1741 2298 divitiae:
1762 2277 1828 2308 quae
1846 2267 1970 2308 quidem
1983 2276 2065 2296 cou-

1102 2319 1268 2339 TEMNERE
1283 2329 1291 2343 ‚
1315 2310 1348 2340 &
1358 2311 1525 2350 pronihilo
1536 2310 1643 2340 ducere
1655 2331 1663 2343 ,
1683 2320 1906 2349 comparantem
1919 2319 1988 2343 cum
2004 2310 2063 2338 uti-

1101 2352 1181 2382 litate
1195 2354 1375 2386 communi,
1394 2362 1494 2393 magni
1506 2354 1600 2382 animi
1612 2371 1620 2385 ,
1638 2350 1788 2382 &excelsi
1797 2351 1849 2381 est.
1872 2347 1887 2370 8
1899 2351 2061 2382 Detrahere

1100 2403 1198 2424 autem
1211 2395 1296 2424 alteri
1309 2394 1351 2424 sui
1362 2395 1522 2424 commodi
1533 2394 1627 2427 causa,
1640 2396 1733 2435 magis
1745 2393 1786 2424 est
1796 2403 1897 2424 contra
1908 2402 2060 2428 naturam,

1098 2436 1186 2476 quarn
1207 2446 1308 2469 mors,
1327 2438 1416 2477 quam
1441 2437 1531 2466 dolor
1547 2456 1555 2470 ,
1577 2436 1669 2476 quam
1683 2437 1900 2476 ceterageneiis
1911 2434 2061 2473 ejusdem:

1097 2487 1243 2518 itemque,
1254 2481 1348 2519 magis
1358 2478 1401 2508 est
1412 2479 1574 2509 secundum
1586 2488 1720 2508 naturam
1735 2497 1743 2511 ‚
1763 2488 1816 2517 pro
1830 2477 1975 2508 omnibus
1982 2487 2059 2518 gen-

1098 2520 1177 2550 tibus
1187 2540 1195 2554 ‚
1210 2518 1230 2549 fi
1242 2518 1305 2549 fieri
1317 2519 1402 2559 possit
1415 2540 1422 2554 ‚
1441 2520 1655 2550 conservandis
1666 2540 1673 2553 ,
1689 2528 1738 2550 aut
1749 2520 1889 2557 juvandis
1902 2521 2055 2550 maximos

1093 2562 1210 2592 labores
1231 2582 1240 2596 ,
1272 2562 1483 2603 molestiasque
1500 2562 1644 2603 suscipere
1665 2581 1674 2596 ‚
1699 2563 1871 2592 imitantem
1891 2561 2057 2633 Herclissem

1951 2614 1960 2633 i
1989 2613 2054 2638 um,

131 2679 157 2696 1.
177 2673 206 2696 171
215 2680 259 2705 qua
271 2672 348 2696 media
366 2671 436 2703 officia
453 2670 627 2703 compareant]
650 2671 690 2695 lta
710 2669 794 2696 editio
805 2669 917 2697 Vissorii
939 2680 1050 2697 necnon

91 2706 187 2742 Langii
197 2716 310 2743 eumque
322 2705 377 2733 fere
389 2706 489 2742 semper
499 2706 600 2742 iiilequi
611 2705 686 2733 solita
698 2706 821 2733 Lambini
834 2726 841 2738 ‚
863 2707 1003 2743 laudatque
1018 2707 1051 2733 :id

91 2743 158 2769 hanc
168 2742 260 2770 ficiem
273 2746 341 2769 liiinc
353 2743 439 2769 locuni
451 2752 483 2769 ex
497 2743 580 2769 reteri
600 2742 644 2768 suo
655 2744 748 2769 Petrus
761 2743 882 2770 Nunnius
895 2743 941 2770 lib.
951 2753 980 2779 9.
992 2743 1049 2770 Pal.

91 2788 132 2814 pr.
143 2779 221 2806 habet
233 2787 374 2812 comparem.
388 2779 436 2805 sec.
449 2786 596 2811 comparant.
609 2778 682 2814 vulg.
694 2787 872 2812 comparantur.

126 2824 154 2842 2.
173 2818 224 2842 Aut
242 2816 292 2841 ct‘tm
311 2818 438 2842 Fabrijiite
455 2816 598 2848 Aristides-‘ae
607 2815 713 2850 jastium]
738 2815 806 2842 Heic
816 2816 890 2842 ausus
909 2816 963 2842 siim
976 2815 1047 2852 sequi

89 2851 279 2878 austeritatem
291 2852 366 2878 unius
382 2852 436 2878 l’al.
450 2860 490 2887 pr.
501 2853 561 2877 clini
576 2851 698 2877 haetenus
710 2851 856 2886 legeretur,
867 2860 910 2877 aut
920 2855 1048 2885 Aristides,

88 2886 158 2923 quod
171 2889 250 2923 quani
261 2887 367 2914 auribus
380 2888 465 2914 niiiiiis
477 2887 506 2914 {it
518 2887 653 2914 venustum
665 2887 762 2919 altero,
774 2888 832 2923 quis
842 2888 969 2915 dubitet?

127 2932 152 2959 3.
174 2925 223 2956 Qi'
233 2924 353 2957 sapientes
362 2926 438 2950 habiti
441 2924 688 2957 fi1›st&nominati.]
709 2925 806 2950 Vocula
817 2924 877 2957 sunt
888 2944 896 2956 ‚
907 2934 958 2952 non
971 2925 1006 2952 est
1018 2925 1045 2952 in

90 2960 158 2986 Pali.
170 2967 215 2986 aut
226 2960 387 2987 editionibus
399 2960 561 2996 principibus
574 2960 743 2995 Moguiitina,
754 2969 783 2986 ac
793 2961 928 2986 Romana.

126 3004 155 3029 4.
174 2998 289 3028 roirca
302 3016 309 3029 ‚
319 2997 369 3027 εἴγε.
388 2998 560 3023 cnmutilitatis
572 2999 728 3030 repugnantia
739 3016 745 3027 ,
764 2997 832 3030 Oc]
854 2997 995 3032 Inquinata
1005 2996 1044 3023 le—

90 3031 146 3059 &io
159 3032 190 3058 sic
209 3032 281 3058 forte
302 3031 454 3068 refingenda
473 3042 505 3059 ex
519 3040 571 3059 vet.
583 3033 629 3058 lib.
642 3033 758 3062 Nauiiii:
778 3033 944 3066 Qash-canuc
953 3033 1048 3067 idquod

89 3069 147 3094 veri*
155 3070 269 3101 honestum
279 3071 313 3094 eff
325 3088 332 3100 ‚
344 3077 394 3094 cum
405 3069 518 3094 ntifitatis
528 3072 619 3095 ratione
629 3071 761 3102 comparari
771 3080 780 3101 ,ς
798 3078 838 3094 nec
847 3070 874 3094 id
882 3069 975 3103 quidem
984 3071 1047 3103 quod

89 3109 240 3168 mmmnitfir
252 3105 393 3137 appellamus
402 3106 527 3138 honestum.
547 3105 663 3134 alterum
682 3113 771 3133 tamen
781 3104 900 3133 servatur
919 3105 946 3133 in
958 3105 1044 3135 Palat-

88 3141 119 3167 δε
175 3149 210 3177 gu
237 3150 297 3167 auo.

1132 2681 1156 2705 5.
1177 2673 1224 2704 Qi
1242 2672 1415 2705 constr-vatione
1425 2672 1571 2705 officiorum]
1593 2671 1667 2698 Ferri
1679 2670 1762 2706 potest
1776 2690 1783 2702 ‚
1803 2671 1831 2695 Sc
1851 2671 1888 2697 ita
1898 2677 1959 2696 ante
1969 2668 2053 2701 dixit,

1092 2709 1206 2737 honestum
1216 2709 1326 2733 mendum
1336 2709 1563 2742 conservandumque
1573 2710 1608 2733 ef?
1615 2708 1687 2733 nobie.
1708 2707 1750 2733 sed
1763 2706 1848 2733 nescio
1858 2716 1889 2733 :tn
1902 2706 1996 2732 melius
2009 2705 2051 2737 fit,

1091 2747 1275 2770 coacervatione.
1295 2744 1328 2771 sic
1338 2745 1407 2771 eiiiiii
1429 2744 1503 2781 supra
1515 2763 1523 2776 ,
1545 2745 1668 2770 mediorum
1685 2745 1805 2777 qfficiornm
1817 2744 1976 2778 frequentiam
1987 2762 1995 2775 ,
2013 2743 2051 2769 ait

1091 2780 1265 2806 Gulielmius.

1126 2816 1153 2842 6.
1174 2817 1235 2842 Vim
1253 2826 1301 2849 crgo
1318 2818 1412 2842 utilitas
1430 2816 1595 2850 honestatem]
1617 2814 1715 2841 Nescio
1726 2825 1756 2842 aii
1768 2815 1871 2851 pi-aestet
1890 2815 1978 2856 locum
1989 2814 2049 2842 aiii-

1089 2860 1160 2878 mare
1171 2852 1451 2888 nota‘iiitei·i·og:itoi·ia
1462 2872 1471 2883 ‚
1489 2861 1545 2887 quae
1556 2853 1591 2878 est
1603 2852 1628 2878 in
1642 2852 1725 2878 Palat.
1744 2851 1900 2886 invenitque
1918 2861 1944 2878 iu
1955 2860 2049 2878 exem-

1088 2887 1154 2923 plari
1166 2898 1219 2914 uiio
1232 2890 1364 2919 Muretus,
1376 2889 1420 2925 qui
1431 2888 1582 2915 consulatur
1594 2888 1641 2914 lib.
1654 2897 1702 2914 xv.
1713 2890 1774 2914 Var.
1788 2897 1843 2924 cap.
1854 2896 1883 2923 9.

1106 2959 1111 2965 ὁ
1124 2933 1152 2958 7.
1171 2926 1219 2958 Q?
1227 2925 1342 2958 quondam
1351 2927 1422 2951 iidem
1431 2933 1513 2955 erant,
1523 2928 1564 2958 qui
1573 2925 1735 2958 Academici]
1744 2960 1748 2964 .
1757 2923 1843 2950 Aldus
1855 2923 2047 2958 Manutiusju-

1087 2960 1276 2992 iiior,;iffirinat
1287 2960 1339 2987 duo
1352 2960 1429 2987 vei-ba
1438 2961 1567 2997 postrema
1577 2971 1628 2987 non
1640 2961 1749 2997 reperiri
1760 2960 1786 2987 in
1799 2969 1851 2987 nno
1862 2960 1910 2986 ins.
1922 2960 2046 2996 idemque

1086 2997 1197 3023 testatur
1207 2996 1240 3022 de
1249 2997 1334 3023 altero
1346 2996 1450 3023 suoi-urii
1464 2997 1574 3024 Ursinus
1587 2997 1684 3024 noster.
1695 2996 1790 3023 liabent
1802 3004 1889 3023 tamen
1902 2996 1971 3022 Pall.

1123 3031 1150 3058 8.
1169 3035 1298 3059 Detrahere
1307 3040 1386 3059 autem
1397 3034 1495 3067 alteri]
1522 3035 1592 3060 Tota
1602 3033 1648 3060 ista
1659 3032 1782 3069 periodus
1794 3034 1859 3059 milii
1871 3032 1986 3068 s'uspeRa
1996 3032 2044 3063 est,

1086 3075 1212 3105 tanquam
1224 3070 1337 3106 repetita
1354 3071 1369 3095 ii
1380 3068 1460 3096 sciolo
1469 3069 1502 3096 de
1512 3070 1603 3106 capitis
1623 3070 1698 3104 hujus
1710 3070 1849 3106 principio.
1868 3069 1936 3095 Pall.
1956 3076 2043 3094 tamen

1086 3105 1166 3132 nostri
1177 3105 1272 3132 habent
1290 3107 1390 3133 Detrah.
1400 3114 1480 3132 autem
1488 3107 1515 3132 de
1524 3108 1596 3134 altera
1609 3126 1617 3141 ,
1634 3106 1706 3143 quod
1716 3107 1743 3133 &
1754 3106 1782 3134 in
1793 3105 1872 3133 Fabr.
1883 3108 1909 3132 ὅ(
1920 3104 2044 3141 plurimis

1087 3141 1153 3170 Aldi
1164 3141 1371 3179 exemplaribus.

1382 3179 1571 3207 Sssssssz
1929 3176 2044 3204 homnis
