2302 3353
0 1207 2 1241 i

0 1247 1 1269 η

498 150 570 181 na
610 134 1027 181 Iuvnnrrona
1072 134 1462 182 Rus-romes-
1506 133 1637 179 [ΑΒ.
1676 134 1737 178 ΙΙ.

2040 137 2097 198 63

143 216 261 258 reipub.
271 216 333 251 det,
349 214 404 247 nisi
415 225 479 256 quae
489 215 571 245 causa
581 224 619 244 ex
631 214 695 260 lege
705 222 827 253 excepta
835 212 870 243 fit
883 225 886 241 :
899 223 936 242 an
945 214 975 243 se
985 214 1099 255 legibus
1145 212 1262 254 legibus
1271 212 1499 254 proficiscantur
1507 234 1516 249 ,
1527 214 1632 255 culpae,
1643 224 1676 245 ac
1685 214 1810 245 malitiae
1820 213 2008 245 vindicandae
2018 217 2091 246 caus
2088 227 2104 247 a

144 259 303 290 obstriEkos
321 262 353 288 in
363 266 450 288 tantis
458 255 607 287 molestiis
619 255 677 286 esle
687 266 808 296 aequum
818 256 957 285 censeant
966 274 976 288 ‚
996 258 1100 285 adver·
1146 255 1305 286 constituta
1314 255 1381 287 esle.
1404 259 1586 296 scriptorem
1601 256 1699 297 ipsum
1711 277 1720 291 ‚
1741 255 1762 286 si
1774 255 1897 290 existat,
1917 256 2032 287 fafitum
2043 258 2102 289 hoc

145 302 234 332 farios
244 299 361 330 nostros
370 300 449 341 leges
460 299 607 340 negligere
619 299 792 328 concedant.
804 296 926 327 Deinde
934 298 1010 326 item
1021 306 1102 337 quae-

144 353 208 373 rere
217 342 253 372 ab
260 341 412 381 judicibus
421 361 430 374 ,
444 339 464 370 fi
477 345 485 360 ¹
500 342 562 377 ejus
572 342 613 370 rei
624 339 752 372 causam,
763 349 884 379 propter
892 348 983 379 quam
995 338 1024 368 se
1034 348 1100 368 rcus

141 392 244 415 eontra
253 383 349 429 legem
359 381 461 413 fecisse
471 382 549 412 dicat
562 402 570 416 ,
582 383 795 422 exceptionem
806 381 866 421 ipse
875 382 909 410 in
919 381 982 422 lege
991 380 1103 410 adscri-

142 425 191 457 bat
200 445 208 459 ‚
218 423 365 465 passurine
375 423 442 454 sint.
476 423 577 455 Postea
586 425 645 455 hoc
654 444 664 458 ,
684 423 765 464 quod
774 422 863 453 faciat
871 442 880 456 ‚
901 424 1056 464 indignius
1067 421 1099 452 δε

141 466 349 506 impudentius
359 465 427 500 esse,
439 466 530 507 quam
541 464 562 496 fi
572 465 726 497 adscribat.
750 467 811 507 Age
822 462 922 504 porro,
933 463 1006 505 quid
1016 462 1038 493 fi
1046 461 1100 503 ipsi

134 509 239 538 velint
257 508 374 547 judices
392 508 554 538 adscribere
565 510 577 537 ?
596 507 768 548 passurusne
785 505 819 537 sit
837 506 967 547 populus
979 509 991 535 ?
1011 514 1098 546 atque

139 551 200 580 hoc
210 548 267 579 esse
277 550 432 592 indignius
443 571 452 584 ,
468 560 560 591 quarn
569 561 634 580 rem
645 549 739 580 verbo
750 549 900 579 &litteris
908 556 1024 578 mutare
1033 557 1099 578 non

141 589 330 632 poffint,eam
341 603 371 622 re
383 593 454 632 ipsa,
467 593 499 622 &
509 592 623 631 judicio
633 590 768 622 maxime
779 600 978 621 commutare.
1000 591 1100 619 Dein-

142 633 181 664 de
190 633 352 675 indignum
361 633 420 664 ess'e
431 633 467 664 de
478 635 542 676 lege
551 633 664 675 aliquid
673 633 825 681 derogari,
847 641 897 662 aut
905 632 1003 671 legem
1013 630 1099 660 abro-

141 676 214 717 gari,
226 684 275 705 aut
284 676 382 716 aliqua
390 686 428 706 ex
436 685 516 716 parte
526 676 717 708 commutari,
730 683 800 704 cum
809 673 906 713 populo
916 673 1100 714 cognoscen—

142 717 221 751 di,&
231 717 390 757 probandi,
397 727 446 748 aut
456 716 647 757 improbandi
655 715 782 757 potestas
791 716 876 745 nulla
885 713 934 745 fiat
946 725 951 744 :
963 716 1021 744 hoc
1030 712 1097 754 ipsis

137 758 294 800 judicibus
304 758 567 789 invidiofiffimum
578 757 724 788 futurum.
747 767 812 787 non
820 758 902 787 hunc
913 757 1016 787 locum
1026 755 1096 789 esse,

143 810 242 841 neque
259 801 318 831 hoc
336 810 453 842 tempus
463 801 563 841 legum
573 799 816 847 corrigendarum
830 809 836 828 ε
855 798 931 838 apud
948 798 1097 838 populum
1114 820 1116 844 .³

142 842 202 872 hoc
212 862 220 876 ,
235 842 267 872 ὃς
275 852 328 882 per
336 843 483 883 populum
494 844 537 883 agi
547 852 723 872 convenire.
746 840 827 882 quod
838 839 859 870 fi
868 841 990 870 nuncid
1001 849 1095 882 agant,

143 884 222 914 velle
234 884 262 914 se
273 885 344 914 scire
353 904 362 918 ,
376 886 427 925 qui
437 885 511 914 lator
520 882 570 918 sit,
587 886 639 924 qui
649 882 706 913 sint
713 882 860 923 accepturi
872 893 877 911 :
899 886 913 901 ²
923 883 953 913 se
963 880 1097 912 anstiones

142 926 253 959 videre,
265 926 298 956 δε
307 924 469 956 dissuadere
479 926 569 955 velle.
584 924 676 964 Qod
686 923 707 954 fi
716 927 780 955 haec
788 924 860 956 cum
871 924 992 954 summe
1003 925 1098 953 inuti-

143 968 193 1001 lia,
206 976 270 997 tum
279 968 378 997 multo
393 965 557 1007 turpissima
564 966 621 997 sint
631 979 640 1002 ς
662 967 760 1008 legem
769 965 975 1002 cujuscemodi
986 963 1020 995 fit
1029 985 1038 999 ‚
1061 967 1096 994 in

141 1008 294 1050 praesentia
303 1009 468 1039 conservari
479 1008 496 1039 Ξι
507 1009 656 1046 iudicibus
667 1019 673 1038 z
693 1008 760 1048 post
771 1029 779 1042 ,
792 1007 814 1038 fi
823 1008 975 1048 displiceat
985 1027 994 1041 ‚
1013 1006 1030 1037 a
1039 1017 1096 1047 po-

139 1050 215 1091 pulo
223 1052 330 1090 corrigi
341 1052 516 1081 convenire.
540 1051 659 1081 Deinde
669 1071 678 1085 ‚
690 1049 711 1080 si
723 1051 865 1090 scriptum
875 1060 939 1080 non
948 1048 1074 1079 exstaret
1082 1068 1091 1082 ,

141 1100 321 1134 magnopere
329 1102 530 1133 quaereremus
541 1103 546 1122 :
567 1103 663 1135 neque
674 1091 721 1122 isti
733 1113 742 1126 ,
759 1102 797 1122 ne
807 1090 828 1122 fi
837 1100 919 1122 extra
927 1091 1097 1132 periculum

140 1133 265 1175 quidem
277 1132 348 1164 effet
357 1154 365 1168 ,
377 1134 578 1165 crederemus.
602 1145 684 1165 nunc
692 1133 765 1165 curn
775 1135 918 1174 scripturn
928 1131 962 1163 fit
972 1153 980 1166 ‚
992 1143 1097 1163 arnen-

141 1178 214 1210 tiam
225 1173 284 1205 esse
294 1195 303 1209 ‚
314 1177 380 1214 ejus
390 1197 398 1210 ‚
409 1179 461 1217 qui
469 1179 598 1217 peccarit
606 1175 707 1217 potius
718 1197 726 1210 ,
745 1176 836 1217 quam
848 1176 921 1216 legis
931 1173 1020 1215 ipsius
1029 1185 1097 1204 ver-

139 1216 177 1248 ba
185 1218 372 1260 cognoscere.
404 1221 461 1248 His
472 1239 480 1252 ,
502 1219 535 1248 &
545 1218 721 1256 hujusmodi
730 1217 899 1248 rationibus
909 1216 1076 1247 ostenditur
1085 1236 1093 1250 ‚

70 1262 123 1308 '46
141 1259 256 1290 causam
268 1268 350 1289 extra
358 1260 499 1300 scriptum
516 1263 609 1300 accipi
627 1271 692 1290 non
702 1269 850 1301 oportere.
880 1259 1015 1290 Secunda
1032 1268 1098 1299 pars

140 1299 185 1331 est
193 1321 202 1334 ‚
216 1311 247 1331 ln
258 1311 314 1342 qua
323 1300 366 1332 est
375 1301 597 1334 ostendendum
609 1323 617 1336 ,
631 1301 695 1332 siin
706 1303 810 1332 ceteris
820 1301 936 1344 legibus
946 1309 1097 1341 oporteat,

141 1344 175 1373 in
187 1343 240 1373 hac
249 1353 313 1373 non
323 1352 468 1383 oportere.
493 1347 561 1374 Hoc
570 1343 825 1374 demonstrabitur
834 1363 843 1376 ,
853 1342 875 1372 fi
885 1343 935 1373 lex
946 1352 996 1373 aut
1004 1341 1040 1372 ad
1051 1352 1097 1372 res

141 1386 301 1418 maximas,
312 1384 489 1419 utilissimas,
501 1384 730 1419 honestissimas,
742 1383 968 1427 religiosissimas
976 1383 1095 1414 videbi-

141 1434 190 1456 tur
197 1428 343 1467 pertinere
355 1437 360 1455 :
373 1435 423 1457 aut
432 1428 539 1458 inutile
551 1447 559 1462 ‚
571 1436 622 1458 aut
628 1437 713 1467 turpe
724 1447 732 1461 ,
743 1436 792 1457 aut
801 1426 883 1457 nefas
894 1425 951 1456 effe
961 1426 1012 1457 tali
1021 1428 1054 1456 in
1066 1436 1097 1456 re

141 1477 205 1499 non
215 1467 437 1509 diligentissime
455 1469 512 1511 legi
529 1469 734 1510 obtemperare
745 1479 751 1498 :
770 1478 821 1499 aut
831 1471 870 1499 ita
880 1469 930 1499 lex
940 1468 1099 1510 diligenter

141 1509 298 1551 perscripta
306 1510 559 1541 demonstrabitur
568 1531 576 1545 ,
590 1513 630 1542 ita
639 1520 759 1542 cautum
771 1521 946 1552 unaquaque
956 1510 993 1541 de
1002 1520 1043 1544 re,
1057 1511 1096 1540 ita

141 1550 223 1592 quod
243 1554 409 1591 oportuerit
417 1573 426 1586 ,
447 1563 606 1594 exceptum
617 1574 626 1586 ,
646 1561 679 1584 ut
688 1552 819 1583 minime
838 1554 1000 1583 conveniat
1007 1551 1097 1593 quid-

141 1602 232 1634 quam
243 1595 276 1624 in
286 1603 346 1624 tam
356 1593 494 1637 diligenti
509 1596 648 1636 scriptura
664 1597 847 1635 praeteritum
857 1594 998 1624 arbitrari.
1021 1597 1099 1625 Ter-

142 1637 202 1665 tius
215 1635 297 1665 locus
307 1635 350 1666 est
359 1638 398 1669 ei,
411 1639 462 1678 qui
471 1647 526 1677 pro
537 1638 588 1668 scri
613 1646 643 1667 to
653 1638 742 1671 dicet,
759 1636 894 1667 maxime
908 1634 1096 1668 necessarius,

140 1686 194 1718 per
202 1686 293 1717 quem
303 1677 438 1709 ostendat
447 1689 575 1719 oportet,
599 1690 608 1709 i
618 1681 783 1710 conveniat
788 1679 906 1709 causam
914 1688 1018 1709 contra
1027 1679 1098 1708 scri—

141 1727 229 1759 ptum
237 1721 346 1759 accipi,
366 1730 432 1750 eam
443 1730 543 1751 tamen
554 1721 685 1751 minime
696 1730 832 1761 oportere
841 1740 851 1754 ‚
872 1731 938 1762 quae
948 1720 984 1750 ab
993 1720 1098 1750 adver-

142 1761 223 1791 sariis
232 1759 376 1791 afferatur.
397 1764 457 1805 Qi
468 1763 551 1794 locus
561 1763 671 1794 idcirco
682 1762 724 1793 est
733 1764 803 1793 huic
813 1761 1001 1796 necessarius,
1014 1761 1097 1803 quod

142 1801 259 1842 semper
267 1804 292 1832 is
305 1824 314 1838 ‚
326 1805 378 1844 qui
387 1813 491 1835 contra
499 1806 641 1846 scriptum
652 1805 726 1835 dicit
734 1825 742 1839 ,
754 1816 771 1833 a
794 1805 893 1833 uitatis
901 1804 1014 1845 aliquid
1024 1802 1098 1834 affe-

140 1853 184 1874 rat
193 1853 319 1883 oportet.
342 1855 413 1876 nam
423 1847 542 1877 summa
551 1847 763 1888 impudentiae
799 1867 808 1880 ,
823 1856 893 1876 eum
904 1866 912 1880 ,
933 1848 1097 1887 quicontra

141 1886 224 1956 quod
233 1886 375 1927 scriptum
385 1886 428 1921 fit,
441 1889 553 1929 aliquid
563 1889 684 1929 probare
695 1888 779 1922 velit,
792 1898 855 1918 non
864 1890 1010 1929 aequitatis
1020 1898 1096 1928 prae-

155 1927 218 1957 idio
228 1927 258 1957 id
267 1926 362 1958 facere
371 1932 482 1960 conari.
493 1930 597 1971 Siquid
607 1932 697 1972 igitur
707 1940 745 1960 ex
754 1931 808 1960 hac
817 1930 877 1970 ipsa
885 1932 1038 1970 quippiam
1049 1940 1097 1959 ac-

141 1969 256 1999 cusator
274 1968 396 2009 deroget
405 1991 414 2004 ,
435 1972 580 2001 omnibus
591 1972 719 2012 partibus
726 1970 835 2011 justius
847 1991 856 2004 ‚
868 1971 901 2001 &
910 1970 1096 2011 probabilius

140 2010 271 2040 accusare
281 2010 425 2041 videatur.
451 2015 464 2039 3
476 2015 556 2042 Nam
566 2013 698 2052 superior
707 2014 801 2043 oratio
811 2014 869 2042 hoc
886 2014 990 2042 omnis
1007 2011 1098 2042 facie-

143 2051 193 2082 bat
201 2071 209 2085 ,
221 2053 266 2081 uti
273 2052 400 2090 judices,
413 2056 503 2084 etiam
515 2052 535 2083 si
544 2055 665 2084 nollent
674 2074 683 2088 ‚
695 2052 808 2084 necesse
818 2052 904 2084 esset.
925 2055 988 2083 haec
995 2062 1096 2083 autem

141 2094 233 2123 etiam
243 2091 263 2122 fi
274 2093 386 2123 necesse
397 2104 461 2124 non
471 2094 552 2129 esset,
565 2105 598 2126 ut
607 2096 721 2125 vellent
729 2095 831 2126 contra
842 2095 981 2131 judicare.
1000 2095 1034 2125 Id
1045 2105 1097 2125 au—

141 2143 204 2165 tem
215 2132 266 2164 fiet
276 2154 284 2167 ‚
304 2133 324 2164 fi
336 2155 345 2168 ‚
356 2136 465 2176 quibus
476 2147 513 2167 ex
526 2138 598 2167 locis
607 2138 694 2177 culpa
703 2136 957 2167 demonstr-abitur
964 2146 1029 2167 non
1039 2135 1098 2166 esse

141 2177 176 2206 in
185 2186 222 2206 eo
232 2197 241 2209 ,
253 2178 304 2217 qui
313 2179 536 2217 comparatione
546 2198 554 2213 ,
566 2187 615 2209 aut
625 2180 796 2208 remotione
805 2198 814 2212 ,
827 2187 876 2208 aut
890 2178 1032 2208 relatione
1041 2180 1098 2208 cri*

143 2219 237 2247 minis
247 2238 255 2250 ‚
277 2227 327 2248 aut
336 2218 532 2250 conceffionis
550 2220 682 2261 partibus
700 2220 728 2250 se
748 2219 883 2250 defendit
892 2239 900 2253 ‚
922 2218 979 2258 (de
988 2219 1097 2260 quibus

140 2258 209 2290 ante
220 2279 228 2293 ,
249 2268 283 2289 ut
290 2262 447 2300 potuimus
457 2281 466 2296 ‚
486 2262 644 2304 diligenter
658 2260 879 2302 perscripsimus
890 2262 901 2303 )
920 2261 956 2291 de
966 2262 1013 2291 his
1023 2261 1098 2291 locis

140 2311 207 2342 quae
215 2311 260 2331 res
269 2301 440 2342 postulabit,
451 2303 485 2334 ad
495 2304 612 2334 causam
622 2303 856 2334 adversariorum
867 2301 1096 2343 improbandam

142 2341 369 2373 transferemus:
389 2354 439 2375 aut
455 2346 729 2376 causae&rationes
738 2343 916 2379 afferentur,
936 2355 1023 2385 quare
1033 2365 1042 2378 ,
1064 2345 1096 2375 ὃς

141 2395 204 2426 quo
212 2383 338 2416 consilio
356 2387 396 2416 ita
404 2385 439 2417 sit
449 2389 481 2417 in
492 2388 556 2430 lege
565 2407 574 2422 ,
595 2390 685 2417 autin
696 2387 873 2418 testamento
883 2387 1024 2427 scripturn
1037 2397 1043 2415 ς
1064 2396 1096 2417 ut

144 2427 289 2457 sententia
305 2438 424 2469 quoque
435 2448 443 2462 ‚
465 2429 498 2459 &
508 2430 662 2460 voluntate
681 2429 827 2470 scriptoris
845 2439 910 2459 non
920 2429 980 2469 ipsa
994 2427 1094 2459 solum

142 2468 289 2508 scripturae
297 2470 380 2499 causa
388 2469 603 2501 confirmatum
614 2469 671 2501 effe
680 2472 828 2502 videatur:
845 2479 895 2501 aut
902 2471 968 2500 aliis
978 2480 1098 2511 quoque

77 2519 123 2552 47
142 2509 408 2541 constitutionibus
418 2511 532 2542 fastum
542 2521 726 2555 coarguetur.
759 2516 868 2543 Contra
886 2513 1027 2552 scriptum
1045 2523 1097 2542 au-

143 2560 205 2583 tem
215 2554 266 2593 qui
276 2551 504 2593 dicet2primum
514 2565 584 2585 eum
595 2555 718 2586 inducet
725 2555 840 2587 locum.
849 2564 999 2596 perquem
1010 2555 1096 2595 aqui-

143 2601 188 2624 tas
195 2595 286 2624 causae
294 2594 517 2626 demonstretur
527 2608 532 2626 ;
544 2606 594 2627 aut
603 2596 750 2630 ostendet,
761 2607 823 2638 quo
831 2598 1012 2636 anim0‚quo
1021 2606 1097 2626 con-

145 2634 210 2666 silio
221 2655 231 2670 ‚
249 2645 307 2676 qua
315 2636 352 2667 de
362 2638 446 2667 causa
454 2637 559 2668 fecerit
570 2650 575 2668 :
599 2639 634 2669 &
643 2659 652 2673 ‚
671 2648 881 2679 quamcunque
891 2639 1008 2668 causam
1018 2636 1097 2668 assu-

144 2686 208 2708 met
218 2698 227 2712 ,
237 2676 428 2709 assumtionis
437 2680 569 2719 partibus
579 2681 607 2710 se
618 2680 759 2711 desendet
768 2701 777 2714 ‚
797 2680 834 2711 dc
844 2680 954 2721 quibus
965 2684 1033 2710 ante=
1047 2679 1095 2709 di,

143 2718 228 2749 &um
236 2719 287 2750 est.
311 2723 408 2761 Atque
418 2721 478 2752 hoc
491 2724 524 2751 in
533 2723 604 2752 loco
614 2721 684 2752 cum
694 2721 810 2753 diutius
819 2730 1037 2754 commoratus,
1049 2721 1096 2751 sui

142 2759 214 2790 {aad
222 2763 382 2796 rationem,
393 2763 426 2793 &
434 2766 605 2804 aequitatern
615 2765 706 2794 causae
719 2765 988 2796 exornaverit,tum
998 2773 1037 2793 ex
1049 2763 1095 2793 bis

142 2802 218 2832 locis
229 2801 290 2833 fere
301 2812 403 2834 contra
422 2804 603 2836 adversarios
621 2806 701 2836 dicet
716 2806 854 2846 oportere
870 2805 968 2835 causas
988 2807 1091 2845 accipi.

1113 2698 1117 2843 Ι

1145 297 1337 338 probaturum
1348 309 1354 328 z
1377 295 1611 339 &idemipsum
1622 318 1631 332 ,
1651 297 1672 328 si
1682 300 1710 329 ei
1721 299 1787 329 talis
1805 308 1851 328 res
1869 298 2019 328 accidisset
2030 319 2038 332 ,
2058 297 2104 329 fa-

1147 338 1265 368 cturum
1276 338 1362 370 fuisse
1375 351 1380 369 ε
1402 341 1435 371 &
1444 351 1478 370 ea
1489 351 1518 371 re
1530 341 1604 382 legis
1615 341 1791 381 scriptorem
1802 349 1883 370 certo
1891 350 1930 370 ex
1940 340 2047 370 ordine
2049 341 2102 379 ju-

1143 378 1215 407 dices
1225 399 1233 412 ‚
1246 389 1322 410 certa
1331 390 1413 412 aetate
1422 382 1563 422 praeditos
1573 381 1759 413 constituisse
1771 402 1780 416 ,
1801 391 1832 412 ut
1842 380 1937 412 essent
1946 402 1955 416 ,
1976 393 2040 412 non
2051 384 2102 423 qui

1143 419 1286 459 scriptum
1298 421 1316 451 s
1313 432 1386 452 uum
1397 426 1551 454 recitarent
1560 445 1569 458 ‚
1590 424 1672 466 quod
1683 426 1781 466 quivis
1791 434 1865 465 puer
1874 423 1968 454 facere
1987 423 2100 465 posset,

1144 460 1193 491 sed
1204 464 1256 502 qui
1266 465 1482 503 cogitationem
1492 463 1602 506 assequi
1612 465 1749 506 possent,
1762 467 1794 497 δε
1804 467 1993 496 voluntatem
2004 468 2098 496 inter-

1142 505 1259 542 pretari.
1291 505 1412 534 Deinde
1423 505 1513 536 illum
1525 508 1697 546 scriptorem
1708 529 1716 542 ,
1729 507 1750 538 fi
1761 508 1866 548 scripta
1875 509 1925 539 sua
1934 507 2031 538 stultis
2041 510 2100 538 ho-

1144 544 1279 575 minibus
1290 565 1300 579 ‚
1322 545 1355 576 ὃ(
1365 546 1649 586 barbarisjudicibus
1658 553 1863 580 committeret
1873 570 1881 583 ‚
1902 553 2008 580 omnia
2015 551 2098 580 sum-

1143 596 1194 616 ma
1202 585 1357 628 diligentia
1365 588 1594 627 perscriPtuium
1606 590 1694 621 fuisse
1707 603 1712 620 :
1728 602 1810 622 nunc
1819 590 1903 625 vero,
1915 590 1998 633 quod
2008 592 2099 622 intel-

1142 627 1245 668 ligeret
1254 648 1263 662 ‚
1275 629 1376 669 quales
1388 629 1612 668 virijudicaturi
1624 631 1726 666 essent,
1738 633 1851 664 idcirco
1861 644 1943 667 eum,
1957 644 2020 674 quae
2032 644 2099 673 per-

1142 669 1241 708 spicua
1250 670 1366 701 videret
1376 669 1444 703 esse,
1454 681 1519 701 non
1529 671 1703 711 adscripsisse
1716 685 1828 716 :neque
1839 677 1924 705 enim
1935 686 1989 705 vos
2000 676 2100 715 scripti

1142 712 1186 741 sui
1197 713 1375 745 recitatores,
1387 712 1436 742 sed
1448 713 1611 743 voluntatis
1622 723 1793 755 interpretes
1805 716 1868 746 fore
1879 719 2002 757 putavit.
2015 716 2098 748 Post-

1141 763 1174 783 ea
1183 763 1312 794 quaerere
1321 753 1357 784 ab
1366 753 1537 785 adversariis
1546 776 1555 788 ,
1572 755 1644 795 quid
1656 754 1675 784 si
1685 757 1743 787 hoc
1751 757 1884 788 fecissem
1896 761 1906 787 ?
1925 758 1997 799 quid
2009 757 2029 788 si
2041 760 2099 789 hoc

1140 793 1289 825 accidisset
1299 798 1310 824 ?
1320 806 1426 826 eorum
1436 796 1548 837 aliquid
1559 817 1568 830 ,
1579 799 1613 826 in
1623 798 1742 837 quibus,
1755 809 1804 828 aut
1813 800 1896 829 causa
1907 800 1939 829 sit
1951 802 2026 830 hunc
2034 799 2097 831 stis-

1141 834 1214 866 fima
1224 856 1232 871 ,
1244 846 1292 867 aut
1302 836 1484 868 necessitudo
1494 836 1650 869 certissima
1662 849 1667 867 z
1680 849 1786 870 tumne
1797 842 1965 871 ssCCdel't‘tlS
1977 845 1986 871 ἒ
2004 844 2095 874 Atqui

1141 879 1198 908 'noc
1208 879 1258 909 lex
1268 880 1414 920 nusquam
1426 882 1553 920 excepit.
1587 883 1662 910 Non
1681 892 1751 922 ergo
1769 884 1873 911 omnia
1890 883 2003 923 scriptis
2015 905 2023 917 ‚
2048 877 2095 913 sed

1140 920 1277 961 quaedam
1288 941 1297 955 ‚
1309 931 1374 962 quae
1384 922 1537 962 perspicua
1548 922 1615 952 sunt
1626 943 1635 956 ,
1648 925 1741 954 tacitis
1752 925 2095 963 exceptionibuszcaveri.

1143 962 1264 992 Deinde
1283 963 1401 993 nullam
1420 973 1483 994 rem
1496 974 1593 1005 neque
1604 965 1719 1006 legibus
1731 986 1738 998 ,
1763 975 1857 1005 neque
1869 968 2006 1006 scriptura
2015 968 2074 996 ulia
2085 988 2094 1000 ‚

1140 1004 1269 1045 denique
1281 1015 1319 1034 ne
1329 1006 1363 1034 in
1375 1005 1512 1035 sermone
1523 1005 1648 1046 quidem
1659 1007 1836 1047 quotidiano
1848 1027 1857 1041 ‚
1868 1016 1953 1048 atque
1964 1009 2102 1047 imperiis

1138 1045 1313 1076 domesticis
1332 1045 1412 1076 redte
1431 1045 1514 1087 poss'e
1526 1047 1679 1078 administi
1685 1051 1726 1079 ari
1737 1068 1746 1082 ,
1767 1047 1787 1078 si
1805 1049 2005 1089 unusquisque
2023 1050 2097 1079 velit

1139 1087 1225 1117 verba
1234 1087 1374 1128 specibus,
1386 1089 1419 1119 &
1429 1099 1495 1119 non
1505 1089 1540 1119 ad
1548 1091 1740 1121 'voluntatem
1753 1092 1881 1131 eju5,qui
1891 1091 1981 1120 verba
1989 1090 2100 1120 habue-

1140 1132 1179 1160 rit
1189 1149 1198 1163 ,
1209 1130 1357 1161 accedere.
1381 1130 1502 1161 Deinde
1522 1141 1561 1161 ex
1579 1133 1715 1163 utilitatis
1734 1133 1767 1162 &
1784 1131 1947 1163 hanestatis
1966 1132 2097 1172 partibus

1139 1170 1294 1202 ostendere
1305 1192 1314 1206 ,
1335 1172 1426 1213 quam
1437 1173 1545 1203 inutile
1555 1193 1563 1207 ‚
1586 1183 1635 1204 aut
1645 1174 1736 1215 quam
1746 1183 1830 1215 turpe
1841 1173 1874 1204 sit
1884 1174 1915 1204 id
1926 1195 1935 1208 ,
1955 1174 2035 1214 quod
2048 1174 2099 1204 ad-

1139 1214 1258 1244 versarii
1277 1214 1378 1245 dicant
1392 1213 1456 1245 fieri
1468 1214 1631 1254 oportuiffe
1641 1236 1650 1250 ‚
1670 1226 1719 1246 aut
1729 1225 1865 1256 oportere
1877 1227 1882 1245 z
1905 1217 1977 1246 &id
1987 1236 1997 1250 ‚
2017 1215 2099 1257 quod

1140 1265 1196 1285 nos
1208 1255 1369 1287 fecerimus
1380 1276 1388 1290 ‚
1400 1265 1449 1286 aut
1457 1256 1643 1297 postulemus
1655 1278 1664 1292 ‚
1675 1258 1765 1299 quam
1779 1259 1851 1288 utile
1863 1278 1871 1292 ,
1884 1267 1933 1288 aut
1943 1259 2031 1298 quam
2043 1259 2099 1287 ho-

1139 1296 1259 1328 nestum
1269 1296 1312 1328 sit.
1335 1298 1457 1328 Deinde
1466 1299 1545 1340 leges
1555 1300 1644 1330 nobis
1656 1310 1732 1330 caras
1747 1298 1804 1330 esse
1816 1311 1879 1330 non
1890 1309 2009 1340 propter
2017 1300 2095 1329 litte-

1139 1349 1181 1369 ras
1193 1360 1201 1373 ,
1222 1350 1287 1380 quae
1299 1349 1403 1370 tenues
1414 1340 1447 1370 δε
1457 1341 1589 1372 obscurae
1599 1351 1677 1372 notae
1687 1340 1743 1371 sint
1753 1343 1918 1372 voluntatis
1931 1362 1939 1375 ,
1961 1341 2010 1371 sed
2029 1351 2098 1381 pro-

1138 1391 1202 1421 pter
1220 1392 1323 1411 earum
1342 1392 1443 1412 rerum
1461 1402 1470 1416 ,
1493 1383 1601 1423 quibus
1621 1383 1658 1413 de
1676 1384 1818 1423 scriptum
1837 1383 1880 1414 est
1891 1404 1898 1417 ,
1919 1384 2076 1413 utilitatem
2088 1403 2097 1417 ‚

1142 1424 1174 1454 &
1185 1433 1303 1457 eorum,
1313 1426 1365 1464 qui
1377 1424 1552 1464 scripserint,
1567 1426 1741 1465 sapientiam
1753 1426 1785 1455 &
1795 1425 1994 1467 diligentiam.
2015 1424 2099 1455 1³0st-

1140 1465 1174 1495 ea
1186 1486 1194 1498 ,
1216 1465 1288 1506 quid
1308 1464 1340 1495 fit
1356 1465 1406 1495 lex
1418 1485 1427 1498 ,
1448 1465 1610 1497 describere
1622 1487 1630 1499 ‚
1653 1476 1685 1497 ut
1695 1478 1728 1497 ea
1736 1467 1872 1497 videatur
1881 1470 1913 1496 in
1924 1467 2079 1497 sententiis
2089 1486 2100 1500 ‚

1143 1517 1207 1537 non
1218 1509 1251 1537 in
1261 1507 1359 1537 verbis
1371 1505 1528 1538 consistere
1542 1519 1547 1537 2
1568 1508 1720 1551 &Jonzx
1731 1511 1756 1539 is
1765 1509 1900 1539 videatur
1908 1509 1967 1550 legi
1978 1508 2099 1538 obtem-

1141 1559 1239 1589 perare
1250 1569 1258 1583 ‚
1280 1551 1331 1590 qui
1345 1550 1524 1580 sententiam
1535 1551 1609 1590 ejus,
1623 1561 1687 1581 non
1696 1561 1748 1592 qui
1762 1551 1933 1591 scripturam
1952 1551 2097 1591 sequatur.

1142 1591 1264 1622 Deinde
1274 1611 1281 1624 ,
1294 1590 1386 1632 quam
1396 1594 1575 1621 INmGth
1587 1591 1620 1622 sit
1630 1613 1638 1626 ,
1651 1593 1760 1622 eodem
1769 1591 1847 1623 affici
1859 1593 2004 1633 supplicio
2013 1602 2097 1625 eum,

1140 1635 1191 1675 qui
1201 1642 1322 1673 propter
1330 1633 1453 1674 aliquod
1464 1634 1557 1664 scelus
1569 1634 1602 1664 ὃ(
1611 1634 1763 1665 audaciam
1779 1645 1882 1665 contra
1901 1644 1998 1676 segem
2020 1633 2100 1664 fece-

1140 1679 1196 1709 rit,
1209 1675 1242 1705 δε
1251 1685 1322 1705 eum
1333 1695 1341 1708 ,
1364 1678 1416 1716 qui
1426 1675 1551 1706 honesta
1561 1696 1569 1710 ‚
1590 1686 1639 1706 aut
1660 1675 1816 1707 necessaria
1824 1676 1860 1706 de
1871 1678 1952 1706 causa
1964 1697 1973 1709 ,
1992 1686 2056 1706 non
2065 1675 2102 1705 ab

1141 1718 1297 1750 sententia,
1319 1717 1367 1747 sed
1379 1717 1415 1747 ab
1425 1718 1517 1747 literis
1527 1717 1600 1759 legis
1609 1717 1772 1749 recesserit:
1785 1728 1869 1759 atque
1881 1719 1937 1752 his,
1952 1719 1983 1747 δε
1998 1717 2100 1753 huius-

1141 1759 1227 1789 modi
1238 1759 1406 1789 rationibus
1417 1779 1424 1792 ,
1447 1760 1480 1789 &
1489 1762 1581 1800 accipi
1602 1761 1719 1790 causam
1731 1781 1739 1794 ,
1761 1761 1836 1790 &in
1848 1762 1901 1790 hac
1913 1761 1975 1801 lege
1985 1761 2077 1798 accipi
2090 1778 2099 1793 ‚

1141 1802 1173 1831 &
1184 1811 1249 1831 eam
1260 1801 1376 1831 causam
1387 1821 1395 1834 ‚
1418 1811 1508 1842 quam
1520 1802 1581 1842 ipse
1591 1800 1691 1832 afferat
1700 1823 1709 1836 ,
1723 1811 1858 1842 oportere
1868 1804 1960 1841 accipi
1970 1802 2099 1831 demon-

1139 1843 1251 1873 strabit.
1276 1846 1313 1872 Et
1322 1843 1582 1884 quemadmodum
1593 1846 1621 1874 ei
1631 1843 1802 1874 dicebamus
1812 1864 1821 1877 ,
1842 1846 1893 1884 qui
1905 1846 1920 1873 a
1930 1845 2037 1883 scripto
2048 1843 2098 1872 di-

1139 1894 1218 1915 ceret
1228 1905 1236 1918 ‚
1264 1886 1323 1915 hoc
1340 1884 1404 1914 fore
1427 1883 1615 1915 utilissimum
1627 1905 1635 1918 ‚
1657 1883 1677 1914 si
1688 1886 1760 1926 quid
1772 1886 1808 1914 de
1819 1888 1953 1926 aequitate
1963 1896 1995 1914 ea
2007 1906 2015 1918 ,
2036 1894 2102 1925 quae

1140 1937 1211 1957 cum
1219 1926 1384 1957 adversario
1395 1925 1489 1960 staret,
1502 1925 1679 1968 derogafl‘et:
1703 1926 1741 1957 sic
1751 1928 1820 1957 huic
1832 1946 1840 1960 ,
1852 1930 1903 1967 qui
1915 1936 2018 1957 contra
2029 1926 2100 1956 scri-

1139 1978 1226 2009 ptum
1237 1968 1316 1998 dicet
1325 1988 1334 2001 ‚
1345 1968 1513 2007 plurimum
1524 1968 1673 2008 proderit,
1687 1978 1724 1998 ex
1734 1969 1794 2008 ipsa
1803 1968 1941 2010 scriptura
1953 1988 1962 2002 ,
1985 1966 2100 2009 aliquid

1141 2010 1177 2040 ad
1189 2010 1272 2039 suam
1282 2010 1399 2039 causam
1410 2019 1581 2039 convertere
1594 2029 1603 2042 ,
1625 2019 1674 2039 aut
1682 2009 1822 2050 ambigue
1833 2009 1946 2049 aliquid
1960 2010 2101 2048 scriptum

1143 2050 1297 2081 ostendere
1310 2061 1315 2079 τ
1339 2050 1459 2080 Deinde
1470 2060 1507 2079 ex
1517 2051 1572 2080 illo
1582 2052 1725 2091 ambiguo
1734 2061 1799 2080 eam
1811 2060 1922 2090 partem
1935 2070 1944 2084 ,
1964 2061 2029 2092 quae
2048 2048 2102 2080 sibi

1144 2091 1243 2133 prosit,
1258 2091 1417 2122 defendere
1431 2112 1439 2125 ‚
1459 2102 1508 2122 aut
1518 2092 1601 2122 verbi
1611 2092 1824 2123 definitionem
1836 2093 1976 2122 inducere
1988 2112 1997 2125 ,
2021 2092 2052 2122 &
2064 2092 2102 2121 il-

1144 2138 1201 2163 lius
1211 2134 1295 2163 verbi
1305 2137 1369 2163 vim
1381 2154 1390 2166 ,
1401 2143 1461 2174 quo
1472 2135 1568 2173 urgeri
1577 2133 1713 2164 videatur
1723 2154 1731 2167 ,
1746 2134 1782 2164 ad
1793 2134 1850 2164 suae
1859 2134 1950 2164 causae
1960 2143 2102 2164 commo-

1145 2176 1219 2206 dum
1238 2175 1387 2205 traducere
1398 2195 1406 2208 ,
1429 2184 1478 2205 aut
1487 2185 1525 2204 ex
1536 2175 1641 2215 scripto
1652 2185 1716 2205 non
1727 2176 1868 2216 scriptum
1879 2175 2000 2217 aliquod
2012 2175 2102 2205 indu—

1143 2227 1206 2248 cere
1215 2227 1267 2256 per
1276 2216 1586 2250 ratiocinationem,de
1596 2227 1651 2257 qua
1661 2216 1726 2257 post
1737 2217 1880 2248 dicemus.
1901 2220 2099 2258 Qacumque

1140 2268 1240 2290 autem
1252 2261 1284 2288 in
1294 2269 1324 2288 re
1335 2279 1343 2292 ‚
1354 2260 1492 2299 quamvis
1503 2259 1609 2288 leviter
1618 2259 1782 2298 probabili,
1803 2259 1909 2299 scripto
1922 2260 1985 2298 ipso
1995 2258 2100 2289 defen-

1141 2301 1227 2334 derit,
1241 2301 1331 2331 etiam
1341 2302 1412 2330 cum
1424 2300 1559 2341 aequitate
1571 2302 1653 2330 causa
1662 2301 1836 2334 abundabit,
1846 2299 2009 2331 necessario
2020 2300 2102 2330 mul-

1142 2353 1206 2374 tum
1218 2342 1355 2383 proficiet
1365 2362 1373 2375 ‚
1385 2341 1456 2372 ideo
1466 2341 1548 2383 quod
1561 2363 1569 2376 ,
1584 2340 1604 2372 fi
1615 2342 1645 2372 id
1657 2363 1665 2376 ‚
1678 2353 1739 2384 quo
1750 2345 1857 2373 nititur
1865 2342 2101 2373 adversariorum

1143 2385 1227 2415 causa
1238 2404 1247 2418 ‚
1259 2384 1434 2414 subduxerit
1444 2404 1453 2417 ,
1466 2394 1593 2414 omnem
1603 2384 1686 2414 illam
1699 2385 1762 2425 ejus
1771 2387 1849 2418 vim,
1861 2384 1893 2414 &
1902 2386 2101 2414 acrimoniam

1143 2428 1263 2457 lenierit
1273 2447 1280 2459 ,
1293 2436 1325 2455 ac
1335 2426 1468 2455 diluerit.
1491 2430 1508 2453 4
1517 2428 1592 2457 Loci
1604 2435 1704 2456 autem
1715 2435 1895 2456 communes
1907 2427 1993 2456 certis
2004 2435 2041 2455 ex
2052 2425 2094 2455 as-

1141 2470 1303 2499 sumtionis
1320 2468 1451 2507 partibus
1470 2469 1502 2497 in
1520 2477 1673 2508 utramque
1683 2477 1795 2507 partem
1806 2469 1996 2497 convenient.
2020 2470 2096 2497 Prae-

1141 2520 1219 2541 terea
1228 2511 1254 2550 ej
1260 2519 1302 2543 us,
1314 2510 1366 2550 qui
1377 2508 1393 2538 a
1403 2509 1511 2549 scripto
1521 2509 1608 2542 dicct,
1622 2512 1700 2550 leges
1711 2509 1778 2549 exse
1789 2529 1797 2542 ‚
1817 2519 1882 2539 non
1892 2518 1930 2539 cx
1941 2509 2003 2547 ejus
2014 2528 2022 2542 ‚
2045 2509 2099 2549 qui

1144 2552 1246 2582 contra
1256 2551 1443 2582 commiserit
1452 2571 1460 2584 ,
1472 2551 1598 2580 utilitate
1610 2550 1730 2590 spediari
1740 2559 1875 2591 oportere
1886 2570 1894 2585 ,
1908 2551 1940 2580 &
1950 2553 2100 2581 Lamnus

1144 2595 1296 2634 antiquius
1305 2592 1407 2623 haberi
1417 2593 1495 2622 nihil
1507 2600 1652 2632 oportere.
1676 2595 1785 2622 Contra
1795 2592 1936 2633 scripturn
1949 2612 1956 2626 ‚
1978 2593 2056 2634 leges
2068 2594 2103 2621 in

1143 2634 1269 2666 consilio
1288 2635 1437 2674 scriptoris
1448 2654 1456 2667 ,
1480 2633 1512 2663 δε
1532 2633 1656 2663 utilitate
1674 2635 1834 2664 communi
1847 2654 1855 2668 ,
1877 2644 1941 2664 non
1960 2636 1992 2664 in
2002 2634 2101 2664 verbis

1142 2676 1309 2713 consistere.
1339 2675 1439 2717 Qam
1450 2675 1611 2716 indignum
1622 2674 1656 2705 sit
1667 2695 1675 2709 ‚
1695 2678 1864 2717 aequitatem
1874 2676 1979 2706 litteris
1990 2676 2098 2716 urgeri,

1142 2729 1208 2760 quae
1218 2719 1374 2757 voluntate
1384 2727 1460 2753 elus,
1469 2727 1522 2758 qui
1532 2716 1688 2757 scripserit,
1700 2717 1885 2748 defendatur.
1926 2721 1972 2748 Ex
1982 2726 2099 2748 contra-
2120 2726 2164 2758 49

1142 2763 1193 2791 riis
1204 2769 1303 2791 autem
1315 2758 1430 2799 legibus
1439 2756 1638 2789 controversia
1648 2760 1777 2790 nascitur
1785 2779 1794 2793 ,
1822 2758 1894 2790 curn
1906 2761 1983 2789 inter
1993 2759 2021 2789 se
2033 2759 2098 2789 duae

1140 2802 1282 2841 videntur
1292 2802 1370 2842 leges
1382 2820 1390 2834 ‚
1402 2810 1449 2830 aut
1459 2801 1557 2840 piures
1568 2799 1729 2841 discrepare
1741 2822 1750 2835 ,
1762 2802 1819 2832 hoc
1830 2801 1924 2831 modo
1937 2812 1941 2830 z
1965 2803 2030 2831 Lex
2041 2799 2095 2833 cst,

142 2843 378 2879 demonstrabit,
393 2848 550 2877 NULLAM
560 2847 816 2890 ess'elegkm,quae
826 2848 959 2888 aliquam
969 2849 1093 2876 remin-
1112 2854 1116 2888 Ι
1139 2847 1420 2885 QtrynANtffuM
1443 2851 1630 2872 occinent-r
1643 2863 1650 2876 ,
1670 2852 1988 2883 om'MproNiCARuM
2009 2851 2102 2872 131AE-

141 2885 270 2921 utilem,
290 2889 486 2929 autiniquam
496 2887 560 2919 fieri
570 2890 661 2920 velit:
682 2892 805 2920 OMN1A
823 2889 984 2930 supplicia,
1003 2887 1115 2930 quaeal
1141 2896 1236 2916 MiuM
1268 2894 1390 2914 crim-ro
1409 2903 1417 2917 ‚
1442 2893 1482 2913 m·
1507 2893 1602 2924 QAM
1627 2895 1733 2915 votar-
1758 2895 1824 2915 snit
1848 2894 1921 2915 REM
1945 2894 1967 2914 A
1992 2893 2099 2913 Mimi-

179 3015 204 3047 ξ.
224 3009 282 3042 Ejus
292 3012 326 3035 rei
335 3010 439 3043 causam,
447 3011 514 3045 dra]
527 3011 655 3038 Primitus
667 3010 718 3037 cusi
729 3009 883 3046 causs,quod
894 3011 921 3036 δε
935 3010 960 3036 in
972 3011 1056 3036 (ἐι-εν.
1066 3015 1094 3035 at

141 3050 215 3070 enim
224 3044 291 3070 Pan.
302 3047 383 3079 causa.
393 3046 463 3081 quod
475 3045 530 3073 sere
542 3047 644 3074 malim.
655 3047 812 3079 Lambinus,
822 3049 916 3080 causam
925 3046 1031 3079 abjecit.

181 3086 209 3104 2.
225 3083 254 3104 Se
262 3083 362 3107 affirmes
370 3083 475 3117 videre]
487 3083 572 3110 Palat.
581 3084 662 3120 prim.
672 3086 802 3118 acceffiont's
811 3082 901 3109 *vi-iare.
920 3083 947 3108 δι
960 3080 1094 3108 blanditur
1112 3092 1114 3094 ·

142 3113 261 3141 auribus.

180 3156 209 3183 3·
228 3152 400 3190 Nmfitperior
407 3157 481 3183 oratio
487 3156 527 3182 hoc
534 3158 609 3184 omnis
620 3155 753 3191 faurbau]
773 3153 918 3183 Lambinus
929 3152 1075 3189 transponit
1087 3171 1094 3186 ,

1971 2937 2005 2956 ST
2011 2936 2099 2955 RATU

1141 3011 1204 3034 Nam
1210 3008 1316 3041 staperitr
1325 3009 1397 3031 omnis
1407 3009 1482 3031 orario
1489 3006 1638 3038 hocfhciebar
1649 3026 1657 3038 ,
1678 3016 1729 3034 non
1742 3006 1890 3034 volentibus
1903 3005 1959 3032 iuss.
1970 3005 2097 3031 nimirum

1141 3047 1279 3084 ignorabat
1289 3048 1327 3072 hoc
1336 3045 1447 3081 positum
1459 3044 1591 3076 heica'rn'
1603 3043 1641 3075 ari
1650 3049 1694 3072 ime
1706 3067 1713 3079 ‚
1724 3048 1843 3082 antique.

1178 3096 1206 3119 4.
1226 3089 1282 3113 Loci
1291 3094 1368 3111 autem
1379 3095 1504 3112 communes
1514 3097 1546 3112 cet
1552 3090 1583 3112 tis
1595 3107 1602 3119 ,
1612 3087 1679 3121 dvm]
1700 3086 1792 3113 Editio
1805 3087 1944 3113 veter-rima
1954 3088 2032 3111 carri.
2053 3093 2099 3109 ne-

1143 3133 1193 3158 que
1212 3123 1289 3153 aliter
1299 3121 1434 3148 mevenb.
1445 3122 1503 3148 Pal.
1513 3124 1593 3159 prim.
1605 3123 1655 3152 sec.
1674 3132 1732 3152 nam
1753 3129 1817 3154 tert.
1828 3126 1907 3150 attaris
1922 3132 1930 3153 ·,
1951 3119 2021 3157 quod
2033 3121 2058 3146 ⁴&
2070 3121 2097 3146 in

1142 3159 1272 3187 Vis'torini
1283 3158 1433 3194 antiquiore
1443 3157 1572 3187 editione.
2041 3191 2062 3210 ρ

2006 3200 2015 3218 1
2024 3211 2029 3217 ·
2041 3199 2096 3224 ,344
