2301 3395
259 116 322 158 22
672 97 754 152 M.
830 95 1164 151 TULL11

254 189 495 240 proponebant
509 211 518 227 ‚
540 188 595 224 alii
610 187 720 235 legem
734 188 887 224 ferebant
901 187 942 222 de
956 186 1043 234 agris
1057 184 1217 221 dividen-

256 240 307 275 dis
320 251 380 288 per
393 238 525 275 Italiam
540 262 548 275 ‚
571 239 606 273 ὃς
617 237 764 272 ditiones
776 261 785 276 ‚
808 249 884 285 quae
898 248 974 282 pop.
989 237 1092 270 Rom.
1107 234 1215 282 impe-

258 289 311 325 rio
325 288 497 336 parebant.
523 287 699 323 Haeremus
714 288 791 321 Dio.
808 286 920 320 Multa
935 284 1109 319 Antonius
1121 309 1130 323 ‚
1143 282 1215 317 col-

259 337 333 385 lega
346 336 528 372 Ciceronis
540 359 548 373 ‚
564 335 598 370 in
614 335 749 382 Repub.
763 333 968 368 moliebatur
979 359 988 373 ‚
1002 332 1135 368 favebat
1148 330 1214 378 legi

258 386 395 433 agrariae
410 410 419 424 ‚
441 387 474 421 &
488 384 646 419 Catilinae
660 382 830 418 familiaris
842 381 883 416 ab
895 375 968 429 ejus
980 380 1129 416 consiliis
1140 392 1213 414 non

242 445 327 470 -ci‘at
339 434 479 469 auenus.
500 431 595 481 quod
608 432 732 466 Cicero
746 443 807 476 pro
823 432 988 466 Sextio&
1000 431 1035 465 in
1047 429 1215 466 Pisonem,

258 481 432 519 Sallustius
446 506 455 519 ‚
475 482 672 516 Plutarchus
685 479 800 515 &Dio
812 477 1016 526 significant.
1040 487 1110 514 erat
1122 478 1216 512 enim

256 531 395 567 inflatus
418 530 567 566 Catilina
589 528 734 563 Antonii
757 527 926 575 promissis
938 553 948 567 ,
968 540 1033 575 pro
1057 529 1213 562 Murena.

257 582 364 616 Hunc
386 580 492 627 igit-ui·
504 578 628 613 Cicero
651 576 812 624 patientia
826 579 860 612 ὃς
878 576 1042 625 obsequio
1062 577 1121 612 suo
1142 574 1213 623 pri·

257 641 357 665 mum
371 627 555 674 mitigavit,
567 636 669 673 atque
680 626 726 661 ita
738 625 780 660 de
791 626 864 673 lege
875 626 1004 672 agraria
1016 625 1122 672 coepit
1135 636 1214 670 age-

257 690 303 714 re.
344 675 506 713 Kalendis
521 674 674 724 januarii
695 675 782 709 inito
804 674 984 709 consulatu
1006 674 1160 709 senatum
1183 675 1216 708 &

256 727 369 762 bonos
390 736 510 759 ornnes
535 723 617 769 legis
640 723 800 770 agrariae,
827 722 1131 770 maximarumque
1150 721 1216 756 lar-

256 775 432 822 gitionum
455 779 550 808 metu
578 772 733 807 liberavit
746 797 754 812 ‚
781 782 820 807 ut
843 772 910 820 ipse
928 772 964 806 in
977 771 1134 806 Pisonem
1156 770 1213 805 ait.

259 825 356 859 Tum
367 822 515 870 primam
528 820 722 856 orationem
737 820 950 856 consularem
969 819 1088 855 habuit
1108 820 1145 854 in
1168 819 1217 854 se-

1242 86 1738 149 G1cssRoNas

1262 183 1340 219 viro
1353 183 1499 233 equestri
1519 184 1644 220 ordine
1662 183 1750 220 nihil
1764 181 1969 219 concessisse.
1997 184 2128 231 Qarta
2140 183 2221 222 ora-⁴

1262 233 1312 268 tio
1336 233 1522 269 consularis
1544 246 1605 281 pro
1619 233 1761 269 Rabirio
1784 231 1890 268 exstat
1903 256 1912 270 ‚
1935 231 1989 268 {ed
2010 233 2220 280 imperfect'a.

1264 281 1365 317 Unde
1384 293 1459 317 orta
1478 283 1552 317 haec
1572 283 1668 332 causa
1682 282 1804 319 suerit,
1830 280 1982 316 diximus
1995 281 2092 328 supra
2103 283 2142 317 ad
2155 295 2220 317 an-

1263 343 1347 366 num
1361 342 1496 366 ncLiii.
1510 344 1580 377 quo
1593 331 1800 366 Saturninus
1813 328 1942 365 occisus
1954 329 2029 365 fuit·
2055 330 2122 365 hoc
2135 342 2220 366 vero

1260 390 1415 426 tempore
1428 379 1592 427 C.Julius
1606 379 1717 415 Caeiar
1730 381 1773 414 T.
1790 378 1983 414 Labienum
2008 376 2222 422 subornavit,

1261 427 1320 475 qui
1335 428 1374 462 C.
1387 427 1531 463 Rabirio
1546 427 1790 476 perduellionis
1802 427 1895 462 diem
1907 426 2036 463 diceret
2052 451 2060 466 ‚
2083 438 2122 463 ut
2134 429 2221 463 Sue-

1262 476 1378 511 tonius
1391 477 1507 511 scribit
1519 502 1528 515 ‚
1553 479 1586 512 &
1599 477 1666 512 Dio
1676 476 1834 524 pluribus
1848 475 1958 511 verbis
1972 475 2061 511 libi-o
2080 487 2132 519 37.
2163 475 2221 511 Est

1262 536 1379 560 autem
1396 523 1591 571 perduellio
1615 525 1792 560 summum
1817 525 2013 560 imminutae
2038 523 2221 571 majestatis

1261 572 1405 610 crimen.
1432 573 1474 609 de
1486 587 1556 622 quo
1570 575 1624 609 Du
1632 573 1760 609 umviri
1774 573 1790 607 a
1804 573 1934 620 populo
1948 574 2073 613 creati,
2086 580 2221 620 qurere-

1261 635 1297 658 re
1319 623 1481 658 solebant.
1506 622 1601 670 quod
1625 633 1724 658 vetus
1746 622 1801 657 lex
1825 621 1915 669 apud
1927 622 2071 657 Livium
2084 622 2173 657 libro
2191 634 2220 658 τ.

1261 671 1420 708 ostendit.
1449 674 1568 720 Itaque
1583 672 1624 706 C.
1636 673 1670 707 ὃς
1684 674 1722 706 L.
1735 669 1880 705 Caesares
1893 670 2079 705 Duumvii·i
2099 670 2136 706 in
2157 671 2220 706 hac

1262 720 1358 756 causa
1370 720 1486 760 creati,
1500 733 1572 755 non
1586 720 1603 755 a
1617 719 1755 767 populo,
1770 729 1809 754 ut
1821 717 1927 753 moris
1939 729 2022 761 erat3
2034 718 2090 753 sed
2103 721 2119 753 a
2131 732 2226 766 prae«

1261 780 1338 804 tore
1350 795 1358 807 ‚
1383 769 1478 817 quod
1492 782 1564 803 non
1579 768 1700 803 licebat
1712 792 1721 805 ‚
1734 767 1917 802 Rabirium
1930 762 2222 806 condemnarunti

1263 828 1302 853 ut
1316 818 1382 852 Dio
1406 817 1527 853 scribit.
1554 817 1596 851 C.
1612 816 1742 853 Caesar,
1765 816 1906 850 austore
1918 815 2087 850 Suetonio
2099 840 2110 855 ,
2133 816 2222 852 sorte

255 882 339 907 natu
352 870 447 920 epist.
465 882 492 906 i.
507 870 563 905 lib.
578 882 598 904 2
629 869 670 905 ad
687 874 753 904 Att.
767 870 953 917 atquehaec
966 868 1013 904 est
1025 868 1135 903 oratio
1147 867 1218 915 pri—
1256 865 1367 914 judex
1390 866 1423 901 in
1446 878 1546 901 reum
1566 864 1713 900 duetum
1730 875 1802 900 tam
1823 864 1948 912 cupide
1961 864 2223 905 condemnavit,

256 933 312 957 ma
326 930 448 955 contra
460 919 608 954 Rullum
622 945 631 958 ‚
654 917 752 966 cujus
772 931 846 966 pars
866 917 972 954 exstat
985 943 993 957 ‚
1018 918 1053 952 in
1078 929 1145 965 qua
1164 915 1217 951 di-

252 969 364 1017 sputat
376 978 498 1003 contra
510 967 754 1003 venditionem
766 980 881 1002 rerum
894 966 1110 1014 publicai-um
1123 991 1131 1006 ,
1146 977 1217 1001 em-

244 1019 390 1054 >tionem
402 1028 579 1064 agrorum,
591 1019 624 1053 ἃ.
634 1016 879 1051 dedufflonem
893 1014 1121 1050 coloniarum.
1142 1017 1217 1049 Hac

254 1066 415 1102 oratione
428 1090 437 1103 ‚
457 1066 658 1101 Plutarchus
671 1089 679 1102 ‚
703 1065 859 1100 auitoires
873 1064 953 1111 legis
966 1064 1011 1098 ita
1022 1063 1217 1111 perterritos

244 1115 353 1151 ‘fuisse
366 1141 374 1156 ,
398 1114 445 1150 ait
457 1138 467 1152 ,
490 1124 529 1149 ut
554 1114 643 1149 nihil
662 1124 785 1149 contra
802 1113 963 1149 dixerint.
990 1112 1073 1147 cum
1094 1111 1217 1146 deinde

254 1163 360 1199 iidem
372 1163 527 1198 consules
543 1162 577 1198 in
591 1162 800 1198 concionem
815 1172 980 1198 vocarent
993 1185 1001 1199 ‚
1015 1161 1139 1196 Cicero
1152 1173 1216 1208 po-

252 1212 337 1261 pulo
349 1214 457 1247 Rom.
472 1211 694 1257 disceptatore
705 1212 754 1246 uti
769 1224 841 1246 non
855 1210 1044 1246 dubitavit:
1059 1209 1125 1247 sed,
1136 1221 1216 1244 cum

254 1262 410 1298 senatum
419 1261 449 1296 se
462 1261 553 1308 sequi
562 1259 718 1308 jussisset,
730 1259 934 1307 progressus,
945 1258 1127 1294 secundam
1137 1271 1216 1292 ora-

242 1311 388 1346 ‘tionem
401 1309 616 1345 consularem
629 1309 669 1344 ad
682 1309 852 1356 populum
866 1308 908 1343 de
923 1308 996 1354 lege
1010 1307 1150 1354 Agraria
1162 1306 1215 1341 di-

248 1359 306 1396 ·xit
317 1385 326 1399 ,
349 1358 384 1394 in
404 1371 471 1406 qua
490 1358 601 1406 legem
615 1358 792 1393 Serviliam
804 1356 1050 1405 antiquandam
1065 1355 1130 1391 esse
1140 1356 1214 1391 stia-

243 1407 311 1443 det
322 1431 332 1445 ‚
356 1406 454 1455 quod
475 1420 536 1454 per
559 1419 635 1442 eam
649 1407 772 1442 Rullus
787 1405 1004 1441 simulatione
1026 1404 1214 1452 largitionis

245 1612 470 1650 *tyrannicam
483 1601 682 1649 potestatem
696 1600 771 1649 ipsis
785 1601 970 1650 permittat.
997 1603 1070 1636 Hac
1079 1599 1210 1635 oratio-

243 1660 296 1686 'ne
307 1651 509 1686 Plutarchus
520 1650 576 1690 ait,
586 1651 797 1685 Ciceronem
811 1663 881 1684 non
896 1649 1003 1686 modo
1016 1649 1128 1696 legem
1140 1648 1209 1697 eje-
1226 1661 1232 1692 j

243 1699 330 1735 -ciffe
343 1723 353 1738 ‚
380 1712 503 1735 verum
516 1699 618 1735 etiam
632 1700 789 1735 tribunos
802 1698 837 1734 in
851 1698 1117 1746 desperationem
1132 1698 1211 1733 reli—

248 1760 416 1796 quorum,
429 1760 504 1796 quae
515 1748 761 1786 moliebantur,
771 1746 968 1796 conjecisse.
981 1749 1060 1782 Huc
1071 1747 1208 1783 accesse-

249 1807 335 1833 runt
344 1796 420 1832 duae
430 1798 603 1832 orationes
616 1797 735 1832 breves
744 1820 753 1833 ‚
767 1796 858 1844 quali
873 1791 1151 1839 λ’νησ-π-ασ-,ιωίτιοι
1162 1796 1210 1831 le-
1228 1830 1229 1833 ,

242 1845 299 1893 gis
311 1845 474 1893 Agrariae,
489 1856 526 1881 ut
540 1845 653 1880 scribit
664 1845 704 1880 ad
717 1845 870 1880 Atticum
885 1857 968 1892 ep.i.
983 1844 1064 1879 lib-2
1087 1845 1211 1880 harum

241 1907 330 1932 vna,
342 1907 418 1940 quae
433 1905 556 1929 contra
566 1894 716 1930 Rullum
729 1893 769 1928 ad
783 1894 950 1941 populum
962 1904 1060 1928 tertia
1073 1893 1210 1940 legitur,

242 1942 445 1979 'brevissima
457 1953 560 1979 extat.
585 1956 652 1991 qua
673 1943 706 1978 se
726 1942 880 1977 defendit
893 1952 1014 1977 contra
1025 1942 1209 1977 accusatio·
1226 1985 1228 1987 .

242 1994 329 2026 ‘nem
352 1992 578 2026 tribunorum
599 2015 609 2028 ‚
636 1991 695 2038 qui
726 1991 937 2026 Ciceronem
959 1990 1206 2036 gratificantem

240 2039 467 2076 'Sullanarum
489 2039 756 2086 assignationum
777 2038 1016 2086 possessoribus
1028 2063 1036 2076 ‚
1059 2039 1209 2086 Agrariae

241 2088 312 2136 legi
325 2087 487 2122 obsistere
498 2087 672 2122 criminati
682 2097 787 2122 erant·
816 2088 866 2120 Ita
877 2087 942 2120 fii&
949 2099 1008 2131 um
1021 2086 1069 2119 est
1079 2109 1087 2122 ,
1099 2098 1139 2120 ut
1149 2088 1207 2119 Ci-

249 2149 377 2171 cerone
390 2136 526 2171 dicente
538 2160 546 2175 ,
562 2135 673 2182 legem
685 2133 851 2181 agrariam
865 2159 874 2173 ‚
886 2134 955 2167 hoc
967 2132 1015 2167 est
1027 2158 1035 2171 ,
1049 2133 1210 2167 alimenta

244 2186 307 2222 'fiia
318 2184 551 2220 abdica-verint
565 2184 674 2219 tribus
689 2206 698 2220 ‚
712 2193 751 2217 ut
763 2181 890 2217 Plinius
903 2181 960 2215 lib.
970 2193 998 2224 7.
1011 2193 1141 2227 cap.30.
1154 2180 1210 2216 ait.

247 2237 390 2282 Qanta
412 2233 462 2268 vis
483 2232 619 2267 dicendi
642 2234 675 2267 δε
688 2230 885 2278 eloquentia
901 2230 935 2264 in
950 2229 1120 2264 Cicerone
1134 2228 1208 2264 fue-

248 2282 293 2319 rit
307 2308 316 2322 ,
340 2282 542 2317 Plutarchus
560 2281 595 2315 in
609 2293 651 2315 eo
669 2291 810 2328 quoque
820 2278 1030 2314 declaratum
1044 2276 1140 2312 fuisse
1152 2276 1209 2317 ait,

249 2330 345 2378 quod
358 2330 394 2365 in
407 2330 496 2365 illius
510 2329 688 2365 consulatu
703 2328 792 2363 circa
805 2325 993 2374 spectacula
1008 2325 1125 2361 evenit
1136 2349 1146 2362 ‚
1172 2327 1209 2360 L.

248 2379 503 2416 Roscius-Otho
516 2378 628 2425 legem
640 2375 860 2416 Theatralem
871 2375 988 2410 Pisone
1002 2377 1035 2410 ὃς
1048 2374 1208 2419 Glabrio-

246 2440 292 2464 ne
305 2439 402 2463 coss.
413 2427 539 2463 tulerat
551 2450 561 2464 ‚
585 2437 623 2462 ut
636 2426 733 2474 supra
754 2423 1078 2460 demonstravimus-
1105 2435 1209 2470 quam

245 2477 340 2525 plebs
351 2475 392 2511 ad
406 2475 636 2523 ignominiam
649 2475 742 2510 suam
757 2473 928 2521 pertinere
941 2472 1072 2507 censuit
1086 2484 1093 2506 :
1109 2471 1206 2506 ideo-

245 2537 314 2574 que
327 2524 493 2560 Roscium
513 2525 547 2559 in
569 2525 703 2559 theatro
716 2522 818 2558 sibilis
830 2521 1020 2556 conseetata
1032 2519 1079 2555 est
1091 2545 1100 2559 ‚
1125 2520 1207 2554 cum

245 2574 376 2622 equites
399 2583 522 2608 contra
541 2572 642 2608 illum
667 2571 784 2625 plausu
808 2579 1019 2618 exceperunt
1041 2593 1052 2607 ,
1068 2568 1208 2607 sublato

245 2621 372 2658 deinde
386 2621 516 2670 majore
527 2621 608 2656 hinc
621 2620 716 2655 sibilo
726 2646 734 2660 ‚
747 2620 828 2655 inde
840 2618 975 2666 plausu,
988 2617 1158 2655 convicia,
1171 2619 1206 2653 &

247 2671 420 2708 tumultus
442 2680 515 2706 tota
538 2682 641 2705 cavea
665 2669 868 2704 consecutus
889 2667 946 2703 est.
981 2679 1052 2719 quo
1074 2666 1205 2706 audito,

244 2720 440 2762 M'rullius
452 2719 488 2754 in
500 2719 675 2754 theatrum
689 2718 785 2753 venit
797 2743 806 2758 ‚
818 2719 853 2752 &
865 2715 1035 2765 populum
1047 2715 1083 2751 in
1095 2714 1206 2750 aedem

243 2769 397 2805 Bellouae
420 2778 605 2803 evocatum
630 2765 914 2820 reprehendendo
937 2763 1223 2804 &admonendo

243 2815 438 2865 castigavit.
457 2819 564 2851 Hanc
583 2826 777 2851 orationem
792 2814 1004 2850 consularem
1017 2811 1153 2851 tertiam
1165 2812 1207 2847 de

249 2866 394 2901 Othone
414 2864 559 2913 appellat
570 2865 627 2899 lib.
643 2877 672 2900 2.
684 2863 725 2899 ad
739 2865 808 2898 Att.
821 2876 887 2911 qua
899 2860 1063 2897 effessum
1076 2861 1124 2896 est
1135 2885 1144 2899 ‚
1167 2872 1206 2896 ut

246 2914 374 2951 Roscio
394 2912 566 2953 theatralis
589 2912 722 2950 au&ori
743 2910 824 2960 legis
839 2911 931 2958 plebs
949 2910 1124 2959 ignoverit
1137 2935 1145 2950 ‚
1172 2911 1206 2946 ὃ(

243 2960 399 3005 notatam
411 2962 442 2998 se
454 2962 648 2998 discrimine
660 2960 744 2996 sedis
757 2972 857 3009 aequo
869 2960 986 2995 animo
998 2959 1118 2995 tulerit
1129 2984 1139 2999 ‚
1168 2968 1206 2993 ut

241 3011 374 3047 'Plinius
387 3010 443 3046 lib.
451 3023 480 3056 7.
493 3022 563 3058 cap.
575 3022 625 3053 30-
639 3010 781 3046 testatur
795 3021 801 3044 :
819 3008 1018 3044 Plutarchus
1030 3021 1113 3044 vero
1126 3007 1204 3043 scri-

243 3059 295 3096 bit
314 3059 448 3108 plebem
470 3071 512 3095 ex
535 3059 607 3095 aede
618 3059 767 3094 Bellonae
782 3057 817 3092 in
838 3059 1010 3093 theatrum
1022 3057 1203 3096 reversam,

245 3109 382 3148 Othoni
405 3120 572 3156 magnum
594 3108 749 3156 plausum
772 3105 920 3145 dedisse,
944 3106 1032 3142 &de
1044 3104 1202 3142 ornando
1233 3138 1235 3140 i

1239 1153 1242 1184 l

1239 1189 1241 1217 Ι

1264 925 1302 950 ut
1324 914 1364 949 ad
1387 914 1557 963 populum
1581 914 1786 960 provocanti
1809 912 1896 947 nihil
1918 925 2015 961 aeque
2036 925 2073 948 ac
2090 912 2222 960 judicis

1262 963 1423 999 acerbitas
1437 961 1617 1011 profuerit.
1638 962 1769 1008 Populo
1780 961 1948 1009 appellato
1963 987 1971 1002 ,
1983 962 2126 997 comitia
2135 974 2220 998 cen—

1262 1022 1298 1047 tu
1305 1012 1385 1047 riata
1397 1038 1405 1052 ‚
1422 1011 1545 1059 quibus
1560 1011 1602 1045 de
1614 1009 2007 1058 perduellionejudicari
2022 1011 2146 1046 solebat
2159 1037 2168 1050 ‚
2180 1011 2220 1047 in

1262 1073 1384 1108 campo
1397 1060 1521 1095 Martio
1534 1059 1647 1094 habita
1661 1060 1737 1094 sunt
1749 1073 1755 1094 :
1768 1058 1827 1094 ubi
1839 1059 1958 1094 consul
1970 1059 2095 1094 Cicero
2104 1060 2219 1095 CRa-

1262 1109 1390 1145 birium
1404 1108 1557 1144 defendit
1570 1132 1579 1146 ‚
1593 1119 1669 1144 turn
1682 1111 1775 1157 quod
1788 1108 1919 1143 senatus
1932 1108 2078 1155 imperio
2089 1107 2221 1156 paruis-

1262 1158 1307 1193 set
1320 1182 1328 1196 ,
1341 1169 1417 1193 tum
1430 1157 1524 1206 quod
1538 1155 1643 1192 fidem
1657 1157 1830 1205 publicam
1844 1169 1917 1192 non
1930 1157 2083 1193 violasset
2093 1181 2102 1194 ,
2114 1169 2218 1205 quam

1238 1219 1241 1232 i
1263 1207 1392 1242 Marius
1406 1205 1476 1241 fine
1489 1208 1520 1243 S.
1536 1205 1576 1240 C·
1589 1206 1669 1243 dare
1682 1219 1755 1241 non
1770 1205 1940 1253 potuisset.
1968 1208 2020 1240 De
2041 1207 2103 1240 hac
2122 1205 2220 1241 causa

1229 1260 1230 1267 ¹
1262 1256 1298 1290 in
1314 1254 1470 1291 Pisonem
1483 1256 1556 1291 haec
1568 1254 1657 1290 dixit
1672 1268 1679 1290 ;
1708 1258 1784 1302 Ego
1796 1255 1833 1289 in
1846 1255 1886 1288 C.
1902 1254 2045 1290 Rabirio
2059 1254 2219 1302 perduel-

1263 1304 1362 1339 lionis
1376 1317 1435 1340 reo
1451 1316 1512 1339 XL·
1525 1303 1621 1339 annis
1633 1314 1711 1339 ante
1725 1316 1781 1339 nie
1792 1302 1970 1338 consulein
1982 1302 2220 1350 interpositam

1260 1353 1391 1389 senatus
1403 1353 1645 1389 auctoritatem
1658 1352 1800 1388 sustinui
1820 1363 1943 1387 contra
1954 1352 2121 1387 invidiam
2135 1376 2145 1390 ‚
2166 1363 2219 1387 at-

1259 1415 1326 1451 que
1337 1401 1485 1438 defendi.
1512 1402 1554 1437 de
1566 1401 1684 1437 eadem
1697 1402 1733 1436 in
1747 1403 1895 1436 Oratore
1910 1414 1917 1436 :
1940 1402 2001 1449 Jus
2014 1413 2121 1436 omne
2134 1401 2216 1436 reti-

246 1455 476 1504 ·tyrannidem
496 1455 681 1491 constituat
697 1469 703 1490 2
729 1455 811 1490 cum
832 1457 865 1490 &
878 1453 1081 1489 decemviris
1093 1466 1212 1488 crean-
1259 1451 1382 1487 nendae
1396 1450 1575 1505 majestatis
1588 1450 1719 1486 Rabirii
1733 1450 1828 1485 causa
1843 1450 2087 1485 continebatur
2099 1473 2107 1487 ‚
2131 1462 2216 1497 ergo

248 1505 302 1540 'dis
314 1505 507 1540 libertatem
520 1504 651 1553 populo
664 1503 802 1551 eripiat,
816 1503 896 1539 &in
911 1515 1074 1550 agrorum
1089 1501 1211 1538 vendi·
1228 1530 1230 1546 ,Ι

243 1553 349 1589 ‘tione
363 1564 464 1607 atque
477 1554 678 1601 emptione,
701 1552 989 1600 coloniarumque
1001 1551 1231 1588 dedudlionei
1257 1549 1369 1585 oratio
1393 1548 1579 1585 consularis
1601 1548 1668 1584 fuit
1692 1548 1734 1583 de
1756 1547 2028 1596 proscriptorum
2051 1545 2139 1582 filiis.
2178 1547 2215 1582 hi

1227 1609 1229 1612 ·
1258 1598 1336 1634 sunt
1346 1622 1355 1636 ‚
1368 1611 1456 1647 quos
1468 1598 1670 1633 Plutarchus
1681 1597 1717 1632 in
1729 1597 1806 1632 Cic.
1819 1596 1933 1631 scribit
1947 1621 1955 1636 ,
1968 1596 2042 1643 lege
2051 1595 2217 1632 Cornelia

1259 1500 1293 1535 in
1309 1513 1409 1536 omni
1429 1513 1555 1548 genere
1567 1497 1845 1548 amplificationis
1859 1498 2056 1534 exarsimus.
2084 1498 2218 1546 Qinta

1257 1647 1448 1683 honoribus
1458 1646 1626 1685 exclusos,
1637 1646 1719 1681 cum
1731 1658 1843 1693 neque
1854 1644 1996 1686 infirmi,
2006 1656 2118 1694 neque
2130 1657 2216 1692 pau·

1257 1696 1288 1730 ci
1302 1696 1418 1736 essent,
1430 1696 1603 1744 populum
1616 1694 1799 1731 concitasse
1813 1707 1819 1729 :
1835 1693 1970 1742 acjuste
1982 1694 2123 1741 quidem
2137 1692 2216 1728 Sul·

1260 1745 1298 1780 lae
1320 1745 1546 1794 tyrannidem
1569 1744 1732 1780 accusisse
1743 1769 1752 1783 ‚
1777 1755 1899 1779 verum
1924 1743 2035 1778 alieno
2058 1752 2216 1789 tempore

1258 1807 1364 1842 remp-
1378 1793 1592 1842 perturbasse.
1621 1791 1885 1828 Distatorenim
1900 1791 1994 1826 Sulla
2015 1804 2087 1826 non
2101 1790 2214 1826 solum

1257 1843 1415 1878 inimicos
1427 1843 1502 1879 suos
1516 1840 1719 1894 proscripsit,
1730 1840 1785 1876 sed
1799 1852 1923 1875 eorum
1936 1840 2038 1875 etiam
2050 1838 2140 1874 filios
2153 1851 2214 1887 pe-

1257 1891 1442 1927 tendorum
1457 1893 1634 1926 honorum
1644 1901 1725 1937 jure
1737 1890 1810 1936 lege
1823 1889 1887 1924 lata
1900 1888 2048 1936 privavit
2061 1912 2070 1925 ‚
2090 1888 2214 1924 auCto-

1258 1953 1308 1975 res
1330 1941 1408 1975 sunt
1423 1940 1624 1975 Plutarchus
1647 1951 1682 1973 in
1698 1938 1812 1975 Sulla,
1836 1937 2032 1972 Paterculus
2052 1937 2109 1971 lib.
2123 1948 2152 1971 2.
2178 1937 2214 1972 δί

1256 1988 1445 2036 Dionysius
1456 1986 1724 2024 Hasicarnaffeus
1738 1986 1785 2021 lib
1811 1991 1841 2020 ὅ.
1854 1985 1913 2033 qui
1927 1985 2019 2020 addit
2030 1985 2096 2020 illis
2109 1984 2215 2020 etiam

1256 2037 1387 2072 aditum
1399 2039 1434 2072 in
1448 2038 1602 2072 senatum
1617 2035 1834 2068 obsti-utstum
1848 2034 1957 2069 fuisse,
1967 2033 2083 2078 itaque
2093 2042 2215 2077 peten-

1254 2086 1348 2117 tibus
1361 2083 1426 2117 illis
1439 2107 1448 2121 ‚
1473 2093 1512 2116 ut
1529 2083 1601 2127 lege
1613 2081 1775 2114 Cornelia
1786 2080 1947 2126 abrogata
1959 2103 1970 2117 ,
1993 2079 2215 2128 capessendo-

1257 2143 1336 2165 rum
1348 2131 1526 2165 honorum
1540 2128 1680 2176 potestas
1695 2128 1753 2162 iihi
1765 2126 1874 2167 fieret,
1887 2128 2012 2163 Cicero
2025 2128 2145 2163 consul
2157 2140 2214 2163 re·

1256 2179 1341 2213 stitit
1354 2204 1361 2216 ‚
1376 2190 1444 2225 qua
1456 2177 1497 2212 de
1512 2191 1547 2212 re
1562 2176 1888 2224 Q=ntilianusiib.1
1905 2189 1911 2210 i
1924 2205 1930 2212 .
1944 2189 2040 2223 capi.
2062 2179 2096 2212 δε
2110 2177 2214 2212 Cice.-

1256 2240 1294 2262 ro
1319 2227 1355 2261 in
1369 2227 1547 2261 Pisonem:
1578 2229 1653 2272 Ego
1677 2224 1904 2260 adolescentes
1925 2225 2037 2260 bonos
2050 2225 2212 2266 &foi-tes,

1254 2275 1308 2310 {ed
1332 2275 1407 2310 usos
1427 2287 1465 2310 ea
1484 2274 1688 2309 conditione
1700 2273 1850 2308 fortunae
1863 2297 1872 2311 ‚
1897 2285 1935 2308 ut
1948 2273 1971 2308 si
1983 2272 2089 2309 essent
2101 2274 2211 2321 magi-

1255 2323 1377 2359 stratus
1399 2323 1511 2369 adepti
1536 2323 1616 2369 reip.
1628 2322 1753 2358 statum
1777 2322 1977 2357 convulsuri
2001 2323 2214 2361 viderentur,

1258 2372 1342 2407 meis
1353 2371 1544 2407 inimicitiis
1562 2395 1570 2409 ‚
1598 2371 1691 2406 nulla
1702 2371 1833 2406 senatus
1846 2371 1933 2406 mala
1945 2371 2052 2418 gratia
2064 2398 2072 2410 ‚
2094 2367 2212 2406 ‘comiv

1254 2421 1388 2457 tiorum
1410 2420 1542 2456 ratione
1564 2420 1708 2468 privavi.
1734 2420 1830 2455 -Hinc
1854 2420 1982 2455 Plinius
2002 2420 2212 2456 Ciceronem

1253 2469 1424 2517 appellans
1437 2495 1446 2510 ‚
1464 2470 1518 2504 Te
1529 2480 1649 2504 orante
1661 2493 1670 2506 ‚
1693 2469 1808 2517 inquit
1820 2492 1829 2506 ‚
1844 2469 2114 2517 proscriptorum
2127 2469 2213 2504 libe-

1256 2531 1310 2554 ros
1323 2519 1473 2553 honores
1485 2528 1598 2565 petere
1609 2517 1742 2565 puduit.
1767 2519 1906 2553 Sextam
1918 2517 2112 2553 orationem
2123 2529 2211 2553 con-

1255 2566 1397 2602 sularem
1411 2566 1602 2602 M·Tullius
1614 2566 1655 2601 ad
1670 2566 1823 2602 Atticum
1837 2577 1997 2602 numerat
2011 2592 2019 2606 ‚
2031 2579 2135 2615 quam
2147 2566 2209 2601 ha-

1253 2615 1352 2656 buit,
1371 2614 1453 2649 cum
1467 2615 1682 2663 provinciam
1699 2615 1734 2649 in
1748 2615 1919 2651 concione
1932 2615 2099 2662 deposuit.
2125 2616 2210 2649 Pro-

1256 2664 1385 2700 vincias
1408 2665 1538 2699 senatus
1560 2664 1755 2699 consulibus
1779 2664 1854 2710 lege
1867 2664 2070 2712 Sempronia
2090 2663 2209 2698 decre-

1256 2723 1350 2749 verat
1376 2713 1617 2748 Macedoniam
1641 2715 1675 2749 &
1695 2712 1841 2747 Galliam
1860 2713 2063 2760 cisalpinam.
2089 2714 2209 2747 Mace-

1254 2761 1396 2801 doniam
1420 2772 1458 2797 ut
1474 2762 1539 2797 Dio
1553 2762 1665 2797 scribit
1677 2786 1686 2799 ‚
1710 2761 1835 2797 Cicero
1849 2785 1858 2800 ‚
1879 2762 2024 2796 Galliam
2036 2760 2210 2796 Antonius

1256 2821 1327 2846 erat
1339 2810 1487 2846 sortitus.
1514 2809 1736 2846 commutatis
1747 2809 1872 2846 deinde
1884 2809 2071 2858 provinciis
2083 2834 2092 2849 ,
2104 2808 2208 2843 Cice-

1256 2873 1295 2895 ro
1308 2872 1370 2908 pro
1383 2859 1440 2894 illa
1452 2860 1540 2894 hanc
1553 2859 1678 2906 recepit
1691 2882 1701 2897 ‚
1724 2869 1966 2908 acceptamque
1986 2858 2021 2893 in
2036 2857 2210 2892 concione

1256 2907 1419 2957 deposuit.
1445 2908 1527 2943 hinc
1550 2908 1585 2943 in
1600 2907 1756 2942 Pisonem
1771 2934 1780 2948 ,
1802 2911 1881 2955 Ego
1903 2907 2016 2955 inquit
2030 2930 2040 2944 ‚
2062 2905 2209 2953 provin-

1257 2957 1344 2992 ciam
1358 2957 1504 2992 Galliam
1518 2957 1648 2992 senatus
1661 2956 1862 2992 auctoritate
1874 2982 1883 2998 ,
1899 2955 2058 2992 exercitu
2072 2980 2080 2994 ‚
2100 2956 2207 3001 &pe-

1255 3006 1356 3042 cunia
1367 3005 1568 3041 instru&am
1579 3031 1588 3045 ‚
1602 3007 1635 3041 ὃ(
1647 3016 1802 3040 ornatam
1815 3029 1823 3042 ‚
1837 3008 1869 3042 8<
1881 3017 1985 3052 quarn
1997 3016 2079 3039 cum
2095 3005 2208 3036 Anto-

1255 3056 1314 3090 nio
1347 3054 1606 3089 communicavi
1636 3053 1869 3100 [commutavi
1897 3054 2032 3089 fortasse
2058 3049 2204 3097 resinis]

1253 3103 1349 3152 quod
1361 3104 1407 3139 ita
1419 3102 1655 3140 existimabam
1667 3113 1823 3150 tempora
1834 3103 1917 3151 reip.
1929 3102 2017 3138 ferre
2029 3125 2039 3139 ‚
2061 3100 2096 3134 in
2117 3110 2205 3132 con-

2104 3147 2204 3183 cione

1719 3197 1826 3252 ἧκέ
