2297 3389
663 142 977 190 ORArio
1030 154 1115 190 PR

155 236 227 260 mus
237 247 246 262 ‚
257 225 361 258 eadem
367 222 433 266 J'rire
441 222 525 266 queri
533 219 701 264 possumus.
723 225 764 253 At
772 224 883 254 accusat
893 222 992 254 verbis
1001 223 1113 264 gravis-

155 269 248 301 simis.
271 271 346 299 Non
363 268 466 298 civitas
480 286 490 300 ‚
510 264 560 296 sed
575 265 710 305 imperiti
729 266 872 295 homines
883 285 891 299 ,
909 265 926 295 a
943 265 1109 295 Maeandrio

154 311 308 343 concitati.
331 312 400 349 (ξφ
410 309 480 338 loco
488 308 579 338 etiarn
589 327 598 340 ‚
619 316 706 347 atque
720 309 810 337 etiam
824 306 911 337 facite
925 315 959 337 ut
973 306 1112 342 recorde—

154 355 255 386 mini,
273 361 338 393 quae
357 349 391 380 fit
409 349 551 379 temeritas
566 348 776 383 multitudinis,
795 359 861 390 quae
878 349 982 378 levitas
995 349 1113 387 propria

156 396 330 424 Graecorum
341 411 349 425 ‚
390 391 442 421 uid
453 393 485 421 in
496 392 646 421 concione
657 390 795 421 seditiosa
804 391 900 421 valeat
909 391 1014 420 oratio.
1038 387 1109 422 Hic,

154 437 189 466 in
205 436 259 465 hac
273 434 352 475 gravi
378 442 439 463 ima
448 452 457 466 ,
480 433 514 463 &
524 430 759 463 moderatissima
768 434 888 463 civitate
897 451 907 466 ,
929 429 1001 462 cum
1012 429 1054 461 est
1063 429 1112 460 fo-

152 486 222 508 rum
230 475 356 515 plenum
362 474 550 515 judiciorum
562 495 571 508 ,
585 475 712 515 plenum
723 473 949 522 magistratuum
959 492 969 507 ,
982 473 1110 513 plenum
1125 489 1127 491 ·

151 519 340 558 optimorum
356 518 511 550 virorum,
533 517 566 547 &
580 518 695 547 civium
708 537 717 550 ,
735 525 808 546 cum
822 515 1003 556 speculatur,
1021 523 1109 555 atque

152 557 266 589 obsidet
274 558 366 589 rostra
374 558 488 589 vindex
498 560 672 589 temeritatis
681 579 690 592 ‚
701 558 735 588 &
745 558 929 588 moderatrix
939 555 1045 590 officii,
1055 566 1110 586 cu-

151 602 203 631 ria:
214 609 315 630 tamen
324 609 453 641 quantos
462 599 571 631 flustus
580 601 702 631 excitari
710 602 896 630 concionum
904 598 1026 628 videtis?
1034 597 1108 642 quid

149 651 206 672 vos
216 641 280 672 fieri
290 643 414 672 censetis
426 643 579 673 Trallibus
589 645 600 672 ?
617 641 695 672 anid
704 661 713 676 ,
725 642 806 683 quod
817 641 950 681 Pergami
960 642 970 669 ?
980 638 1036 685 nisi
1045 643 1108 668 ror-

149 683 181 714 te
199 684 244 714 hae
260 686 395 715 civitates
410 684 578 715 existimari
591 684 718 717 volunt,
738 681 858 713 facilius
873 691 932 711 una
948 681 977 727 se
993 679 1106 721 eptstola

150 725 335 756 Mithridatis
345 728 460 757 moveri
470 746 478 760 ‚
491 726 668 767 impellique
677 722 804 764 potuifl'e
813 742 822 757 ,
835 731 868 753 ut
875 723 1040 753 amicitiam
1050 731 1105 761 po-

147 767 316 807 puliRom.
337 772 347 787 ¹
358 766 450 799 fidem
462 769 563 801 suam,
578 767 755 806 juraomnia
764 762 859 794 officii
870 784 878 798 ,
894 764 1103 794 humanitatis-

145 819 206 850 que
216 810 367 840 violarcnt
377 821 387 844 3
400 810 490 851 quam
502 819 534 839 ut
543 808 642 838 filium
653 806 832 837 testimonio
841 805 983 836 laederent
992 825 1001 839 ‚
1016 807 1062 845 cuj
1068 814 1102 835 us

145 859 260 891 patrem
271 854 363 882 arn-iis
369 851 546 891 pellendum
556 851 615 880 suis
625 848 780 879 moenibus
791 845 980 878 censuissent.

145 893 244 923 nolite
265 894 343 923 mihi
361 892 415 923 ista
436 894 563 922 nomina
585 893 741 921 civitatum
761 889 916 920 nobilium
935 899 1100 929 opponere.

144 944 223 975 quos
232 937 315 964 enirn
325 933 414 970 besteis
423 935 486 964 haec
492 932 610 963 familia
617 930 776 963 contemsit
783 952 792 966 ,
801 941 970 972 numquam
979 931 1100 960 eosdem

144 975 230 1011 testeis
240 975 438 1016 pertimescet.
461 974 557 1005 Vobis
575 984 677 1005 autem
688 973 731 1005 est
742 972 953 1004 confitendum
964 993 973 1006 ,
992 971 1013 1002 fi
1023 982 1100 1002 con-

143 1016 216 1047 filiis
224 1019 395 1057 principum
408 1016 510 1047 vestrae
524 1019 658 1047 civitates
668 1025 810 1057 reguntur
822 1025 828 1044 z
848 1025 911 1045 non
926 1014 1101 1044 multitudi-

141 1060 190 1089 nis
206 1060 373 1089 temeritate
384 1079 393 1093 ,
413 1058 461 1089 sed
471 1060 652 1099 optimatum
663 1057 790 1088 consilio
801 1057 917 1087 bellum
930 1056 967 1086 ab
976 1055 1041 1086 istis
1055 1058 1099 1086 ci-

139 1099 283 1130 vitatibus
292 1110 363 1130 cum
373 1101 487 1141 populo
496 1103 641 1131 Romano
651 1098 709 1129 effe
719 1099 901 1139 susceptum.
916 1097 959 1128 sin
969 1098 1021 1128 ille
1032 1106 1097 1128 tum

138 1150 243 1172 motus
253 1141 296 1173 est
304 1144 468 1172 temeritate
477 1143 690 1182 imperitorum
698 1143 860 1172 excitatus:
879 1141 1036 1181 patiamini
1047 1149 1097 1170 me

76 1194 120 1227 25
140 1183 249 1214 deli&a
257 1184 340 1225 vulgi
350 1184 366 1214 a
375 1184 494 1224 publica
507 1184 591 1215 causa
601 1183 736 1223 separare.
759 1186 798 1213 At
809 1184 894 1212 enim
908 1181 995 1212 istam
1007 1191 1096 1221 pecu-

138 1227 224 1256 niam
236 1227 306 1256 huic
315 1236 417 1266 capere
429 1236 495 1256 non
504 1226 598 1257 licuit.
620 1224 734 1256 Utrum
750 1225 843 1255 vultis
859 1226 934 1264 patri
947 1224 1041 1254 Flacci
1057 1223 1098 1253 li—

138 1266 248 1301 cuiss'e,
263 1277 357 1298 necne
369 1272 379 1297 ?
395 1267 418 1297 si
427 1268 513 1298 licuit
522 1288 530 1302 ‚
542 1266 624 1298 ficuti
633 1267 712 1298 certe
721 1267 824 1297 licuit:
844 1266 879 1296 ad
890 1267 954 1306 ejus
964 1266 1096 1295 honores

137 1309 278 1340 collatam
290 1330 298 1343 ‚
317 1320 356 1340 ex
371 1310 482 1351 quibus
498 1310 560 1350 ipse
574 1309 652 1339 nihil
664 1309 814 1349 capiebat,
835 1309 924 1348 patris
936 1310 1095 1347 pecuniam

137 1350 219 1381 recle
230 1350 350 1381 abstulit
360 1350 450 1381 filius.
475 1350 495 1381 si
505 1362 569 1381 non
579 1352 665 1381 licuit
677 1361 682 1380 :
694 1360 795 1380 tamen
805 1350 862 1379 illo
873 1359 998 1379 mortuo
1008 1369 1017 1382 ,
1029 1359 1095 1379 non

136 1392 234 1423 modo
245 1391 344 1426 filius,
364 1392 414 1423 sed
430 1393 525 1434 quivis
540 1394 612 1422 heres
621 1388 786 1422 merissime
796 1390 1028 1431 potuitauferre.
1052 1394 1096 1422 Ac

136 1442 203 1465 tum
214 1434 337 1475 quidem
349 1434 514 1468 Tralliani,
534 1433 607 1465 cum
623 1433 677 1474 ipsi
686 1435 767 1475 gravi
783 1433 894 1464 faenore
904 1432 990 1463 istam
1002 1443 1094 1473 pecu—

135 1477 219 1506 niam
230 1476 344 1506 tnultos
354 1486 450 1506 annos
463 1474 684 1517 occupavissent
694 1495 703 1510 ,
722 1476 738 1507 a
749 1476 853 1506 Flacco
865 1484 965 1506 tamen
975 1477 1091 1509 omnia,

156 1527 200 1548 uae
210 1518 390 1552 voluerunt,
407 1519 643 1558 impetraverunt
660 1528 666 1547 z
683 1527 781 1558 neque
791 1526 852 1547 tam
860 1515 983 1547 fuerunt
991 1519 1093 1557 impu-

134 1527 240 1590 gentes
250 1579 260 1593 ‚
277 1568 311 1590 ut
324 1559 356 1590 id
367 1580 376 1593 ,
395 1559 476 1602 quod
485 1560 596 1590 Laelius
607 1560 707 1593 dixit,
727 1560 825 1589 dicere
835 1558 977 1589 auderent
987 1578 996 1593 ,
1017 1560 1093 1589 hanc

137 1601 175 1632 ab
193 1601 222 1631 se
239 1604 403 1641 pecuniam
419 1600 568 1633 abstulisse
580 1601 797 1632 Mithridatem.
820 1603 898 1642 Qiis
916 1602 1001 1631 enim
1021 1610 1092 1635 erat,

136 1644 191 1685 qui
207 1653 274 1673 non
292 1644 396 1679 sciret,
426 1645 458 1674 iri
476 1644 620 1674 ornandis
641 1641 851 1674 studiofiorem
871 1642 1093 1678 Mithridatem,

134 1684 225 1726 quarn
236 1685 271 1715 i'n
282 1685 446 1725 spoliandis
456 1686 619 1717 Trallianis
627 1684 715 1716 fuisse
727 1688 737 1715 ?
752 1688 825 1726 Qae
835 1684 959 1726 quidem
970 1684 986 1715 a
999 1695 1050 1715 me
1059 1683 1091 1719 sl,

133 1735 169 1757 ut
185 1726 311 1758 dicenda
330 1728 400 1759 sunt
418 1748 428 1762 ,
459 1728 647 1761 dicerentur,
666 1727 786 1769 gravius
804 1737 921 1769 agerem
935 1746 945 1760 ‚
962 1726 1090 1767 judices,

131 1767 226 1810 quam
245 1769 341 1800 adhuc
355 1772 403 1811 egi
416 1780 421 1799 :
441 1779 584 1811 quantam
596 1768 729 1800 Afiaticis
743 1768 867 1800 testibus
883 1768 975 1799 fidem
985 1768 1093 1799 habere

131 1819 191 1840 vos
202 1813 379 1842 conveniret
390 1823 395 1841 ε
413 1822 584 1843 revocarem
594 1812 716 1842 animos
725 1810 841 1842 vestros
849 1811 886 1841 ad
895 1811 1094 1842 Mithridatici

133 1850 209 1881 belli
224 1855 406 1884 memoriam
417 1873 426 1887 ‚
446 1853 482 1884 ad
492 1854 577 1885 illam
591 1854 802 1884 universorum
812 1854 927 1883 civium
937 1855 1030 1884 Rom.
1041 1863 1093 1893 pei·

134 1901 182 1924 tot
199 1893 296 1924 urbeis
310 1913 320 1928 ,
340 1905 394 1925 uno
408 1893 511 1936 pundi‘o
531 1897 655 1937 temporis
668 1915 677 1929 ,
697 1895 836 1925 miseram
852 1915 861 1929 ‚
880 1895 1093 1936 crudelemque

132 1934 247 1966 caedem
260 1946 266 1965 :
284 1945 425 1975 praetores
434 1936 554 1967 nostros
563 1937 681 1967 deditos
690 1956 699 1971 ,
722 1937 834 1978 legatos
845 1938 878 1966 in
887 1936 1008 1967 vincula
1016 1946 1093 1966 con-

131 1975 229 2018 je&os
240 1996 248 2010 ,
267 1978 406 2007 nominis
422 1978 514 2018 prope
524 1979 660 2008 Romani
677 1980 863 2008 memoriam
875 1988 946 2008 cum
963 1977 1091 2020 vestigio

133 2020 256 2058 imperii
267 2029 331 2049 non
342 2018 437 2050 modo
457 2022 472 2038 ²
481 2029 520 2049 ex
539 2019 652 2049 aedibus
664 2021 838 2050 Graecorum
849 2039 858 2053 ,
877 2029 984 2049 verum
998 2021 1089 2049 etiam

133 2070 173 2090 ex
183 2060 289 2090 litteris
298 2058 355 2090 effe
366 2060 505 2091 deletam.
528 2060 737 2091 Mithridatem
748 2080 757 2094 ,
776 2060 958 2090 deumillum
971 2068 1090 2101 patrem,

129 2101 222 2132 illum
235 2102 453 2142 conservatorem
464 2102 545 2143 ,Afiae
554 2122 562 2136 ‚
586 2102 699 2132 sillum
710 2102 820 2132 Evium
828 2121 838 2137 ‚
859 2102 980 2143 Nyssum
989 2121 998 2135 ‚
1018 2104 1092 2131 Bac-

130 2143 214 2173 chum
222 2163 231 2178 ,
243 2142 380 2173 Liberum
390 2145 599 2175 nominabant.
622 2154 720 2174 unum
731 2164 739 2178 ,
750 2152 837 2184 atque
846 2144 932 2174 idem
941 2153 1000 2174 erat
1009 2153 1089 2174 tem-

128 2194 185 2225 pus
194 2205 202 2219 ,
213 2184 286 2215 cum
296 2186 440 2216 L-Flacco
450 2186 566 2216 consuli
577 2195 676 2226 portas
686 2194 746 2216 tota
755 2185 821 2216 Asia
831 2185 1002 2216 claudebat:
1015 2188 1090 2225 Cap-

126 2226 274 2266 padocem
291 2236 391 2257 autem
409 2227 501 2256 illum
519 2237 583 2257 non
597 2226 693 2257 modo
705 2228 862 2268 recipiebat
876 2228 935 2258 suis
953 2226 1087 2260 urbibus,
1108 2243 1110 2260 -;

127 2267 238 2299 verum
248 2271 340 2298 etiam
350 2268 429 2299 uitro
439 2269 569 2299 vocabat.
597 2271 698 2299 Liceat
707 2270 770 2299 haec
780 2269 869 2299 nobis
879 2288 888 2303 ,
909 2267 930 2299 fi
948 2269 1089 2299 oblivisci
1107 2295 1109 2308 f

127 2319 194 2341 non
202 2308 369 2350 poffumus,
379 2319 407 2340 at
417 2318 524 2340 tacere:
535 2311 621 2340 liceat
629 2311 708 2340 mihi
717 2310 819 2351 potius
829 2311 864 2341 de
875 2311 995 2341 levitate
1005 2312 1087 2341 Grae—

126 2361 235 2383 corum
250 2354 336 2394 queri
349 2371 358 2387 ‚
379 2352 470 2394 quam
480 2352 516 2384 de
526 2351 711 2385 crudelitate⁹
734 2351 954 2384 Au&oritatem
972 2351 1021 2384 isti
1033 2353 1086 2384 ha-

165 2469 190 2487 1.
210 2461 362 2494 Fidemfimm
372 2481 381 2493 ,
393 2463 455 2495 jura
465 2465 541 2488 omm'a
553 2463 616 2495 efficii
625 2463 851 2497 humanitatisque]
873 2464 960 2489 Heiir.
974 2463 1083 2498 Stepha-

124 2505 173 2524 nus
185 2495 307 2532 producit
317 2500 331 2523 e
342 2496 436 2533 scripto
447 2497 492 2525 suo
505 2517 513 2530 ‚
523 2502 601 2524 omnm
610 2500 682 2532 officiii
688 2500 806 2533 Jiiciemtis
817 2500 1025 2533 humanitatisque.
1039 2498 1083 2525 sed

123 2532 158 2559 fic
168 2532 236 2558 nulli
246 2532 394 2560 nostrorum
406 2545 411 2560 :
430 2543 543 2570 quorum
554 2534 662 2570 quidam
672 2536 873 2569 humanitatesque
887 2544 894 2566 3
915 2544 1006 2562 omnes
1019 2536 1082 2562 vero

116 2568 270 2603 fidemficam
281 2588 288 2599 ,
300 2568 370 2604 quod
381 2570 408 2596 Sc
420 2570 447 2596 iii
457 2570 522 2596 olim
532 2570 608 2597 cusis.

159 2613 187 2630 2.
198 2608 239 2631 Ex
246 2605 332 2630 ‚edibm
341 2606 493 2640 Graecoraem]
507 2607 571 2633 Non
583 2606 680 2633 abeunt
690 2605 721 2632 ab
730 2605 777 2631 hac
787 2605 915 2642 scriptura
924 2606 981 2632 Pal}
988 2627 993 2632 .
1005 2607 1083 2633 3.Ψί-

121 2638 193 2666 ἑῖοῑ.
212 2641 294 2667 Grut.
313 2640 379 2667 alias
390 2640 543 2669 admisissem
549 2642 645 2675 sedibus
656 2661 664 2674 ,
684 2641 754 2678 quod
765 2642 792 2669 in
803 2651 856 2669 uno
866 2641 962 2677 scripto
973 2642 1083 2670 testatur

122 2676 139 2703 ὲ
149 2675 174 2703 se
183 2677 322 2711 inventum
335 2677 468 2703 Heni-icus
480 2678 567 2705 noster
577 2678 734 2714 Stephanus.

179 2732 185 2739 .
204 2713 273 2738 laum
282 2715 372 2739 Epium
384 2732 392 2745 ‚
402 2715 493 2747 Nystum
502 2733 511 2746 ‚
522 2715 651 2745 Bacchum,
661 2716 774 2740 Liberum
779 2714 800 2748 .]
815 2714 881 2741 Haec
890 2714 926 2741 est
936 2714 1077 2742 consonans

120 2746 249 2785 scriptura
259 2748 328 2775 Pall.
341 2749 368 2774 &
379 2748 537 2782 S.Vi&oris,
548 2759 627 2786 quam
638 2751 665 2776 &
677 2753 690 2776 'e
702 2750 752 2777 suis
764 2751 834 2776 eruit
845 2751 965 2777 Turneb.
977 2751 1076 2779 lib.xx.

121 2783 236 2812 Advers'.
247 2793 301 2820 cap.
313 2784 360 2812 28.
378 2784 522 2813 Lambinus
532 2786 584 2814 alia
592 2786 666 2814 nobis
678 2785 810 2813 substituit
820 2787 926 2814 nomina
936 2806 946 2820 ‚
964 2787 1006 2813 sed
1026 2798 1079 2815 non

119 2818 179 2848 sane
190 2823 205 2848 ὲ
216 2821 317 2847 [Αὀῑίε,

156 2864 185 2890 4.
203 2860 232 2883 In
240 2859 286 2883 hac
295 2859 368 2890 igitur
376 2858 584 2893 urbefijaffenr]
605 2859 647 2885 Ita
655 2858 712 2885 Pal.
724 2865 788 2885 tert.
799 2867 828 2885 ac
838 2858 903 2895 sept.
915 2858 986 2894 quod
997 2859 1078 2886 malui

120 2900 198 2928 quain
209 2893 436 2927 alteriinijassant.
456 2895 576 2929 quamvis
586 2904 638 2921 uon
649 2894 764 2921 multum
777 2894 893 2922 differat.

158 2936 184 2961 5.
201 2930 247 2954 Sed
260 2932 329 2954 vires
346 2930 496 2966 defuerunt]
515 2930 614 2957 Nescio
630 2940 663 2957 an
683 2930 848 2957 scribendum
868 2931 898 2957 sit
915 2930 1078 2958 au&oritate

119 2963 240 2990 omnium
250 2964 307 2991 mss.
319 2965 466 2992 nostrorum
479 2985 487 2997 ,
499 2967 545 2999 sed
560 2969 627 2992 vires
636 2968 767 2999 defecerunt
777 2967 806 2997 ,ζ’-γ
815 2968 949 3000 deficerunt.
969 2977 1000 2994 aii
1013 2969 1075 2994 vero

118 2999 299 3034 reponendum
311 3010 392 3027 unum
404 3020 412 3033 ‚
424 3002 556 3034 defecerunt
565 3022 573 3034 ,
589 3002 658 3038 quod
668 3002 818 3029 inusitatius
830 3003 908 3029 alteri
919 3002 997 3029 etiam
1009 3013 1075 3039 pra:-

119 3034 208 3061 buerit
217 3035 315 3062 locum.
333 3037 419 3072 prima
429 3037 514 3065 editio
523 3038 631 3074 praefert
642 3058 650 3071 ‚
661 3039 773 3073 deficiunt
781 3039 810 3070 ῤ’
819 3040 955 3072 defuerunt,
965 3040 1036 3076 quod
1047 3041 1075 3067 ὃ(

118 3069 147 3099 iu
161 3072 271 3097 Gruter-i
280 3071 386 3108 scripto.

156 3106 184 3132 6.
203 3109 320 3139 Ds'gnitati
328 3110 408 3134 horum
418 3116 551 3141 componam
553 3110 651 3144 fitam]
673 3110 754 3137 Haud
765 3109 844 3137 aliter
854 3110 934 3137 etiam
954 3110 1075 3147 plerique

116 3140 180 3169 libri
192 3142 272 3182 nostri
283 3151 291 3172 ς
312 3152 425 3178 quorum
435 3145 487 3172 fide
496 3145 544 3172 hac
552 3147 643 3173 eadem
655 3146 711 3173 sei-i:
724 3147 792 3173 linea
807 3147 882 3182 supra
901 3147 986 3183 scripsi
999 3167 1007 3180 ,
1026 3155 1076 3173 tum

116 3185 169 3205 mm:
178 3179 223 3208 lm.
243 3187 329 3215 neque
348 3179 419 3210 secus
438 3182 519 3211 etiam
537 3182 662 3218 primitus
680 3182 818 3219 publicati.
838 3182 882 3212 sed
892 3191 981 3213 tamen
993 3202 1003 3218 ,
1019 3192 1074 3213 non

1035 857 1101 877 Uare
1123 865 1125 872 ⁴

1137 158 1166 189 o
1224 141 1663 194 [irascens
2021 161 2120 215 429

1159 222 1250 253 beant
1258 222 1335 264 apud
1346 233 1396 254 eos
1409 243 1418 258 ,
1429 234 1506 265 quos
1515 223 1573 256 este
1581 226 1713 258 omnino
1722 226 1908 260 noluerunt?
1919 237 1991 260 nam
2003 249 2011 264 ‚
2022 233 2119 271 quos-

1158 274 1291 305 cumque
1308 274 1471 305 potuerunt
1489 287 1497 301 ,
1518 275 1632 309 togatos
1649 289 1658 304 ,
1677 271 1897 306 interemerunt
1912 282 1918 300 ε
1939 281 2055 303 nomen
2072 275 2117 304 ci-

1156 307 1244 335 vium
1257 309 1469 338 Romanorum
1479 329 1487 342 ‚
1512 319 1660 355 quantum
1678 312 1711 341 in
1727 310 1795 352 ipsis
1817 311 1895 346 fuit,
1920 312 2111 345 sustulerunt.

1155 349 1218 376 41n
1229 348 1284 378 hac
1298 350 1387 390 igitur
1406 349 1477 380 urbe
1489 350 1654 390 sejac‘tenn
1673 362 1764 394 quarn
1785 354 1913 385 oderunt
1932 358 1944 384 ?
1961 356 2037 396 apud
2048 366 2110 391 eos,

1155 397 1230 434 quos
1241 390 1331 419 inviti
1341 390 1466 421 vident?
1485 393 1519 422 in
1536 403 1568 423 ea
1582 404 1632 434 rep
1653 395 1690 425 ad
1700 405 1791 435 quam
1805 397 2035 436 opprimendam
2045 408 2113 430 non

1154 439 1275 459 animus
1285 432 1326 459 eis
1337 450 1345 464 ,
1361 435 1373 457 5
1384 432 1432 461 scd
1443 434 1521 463 vires
1531 433 1714 466 defuerunt?
1727 436 1772 466 Ad
1778 437 1901 477 spiciant
1910 439 1991 470 hunc
2001 438 2111 472 florem

1154 470 1320 517 legatorum
1333 491 1341 504 ,
1360 472 1606 517 laudatorumque
1617 479 1730 512 Flacci,
1751 489 1789 509 ex
1800 489 1866 510 vera
1876 500 1884 513 ‚
1901 489 1987 521 atque
1998 483 2111 523 integra

1155 514 1276 542 Graecia.
1300 520 1366 542 tum
1380 513 1404 542 se
1417 517 1470 553 ipii
1480 518 1661 555 expendant,
1672 527 1738 549 tum
1747 531 1817 551 cum
1828 523 1875 551 his
1887 522 1913 553 se
1922 519 2109 563 comparent:

1153 562 1220 584 tum
1232 574 1241 587 ,
1261 551 1283 583 si
1300 553 1453 584 audebunt
1468 575 1477 588 ‚
1499 555 1662 597 ⁶dignitati
1679 562 1789 593 horum
1807 573 1994 596 componant
2012 565 2106 597 suam.

1152 595 1271 626 Adsunt
1280 596 1474 642 ,athenienses
1486 617 1494 630 ,
1512 600 1594 629 unde
1602 601 1771 634 humanitas
1782 624 1791 637 ,
1811 598 1965 640 doffrina,
1986 607 2106 648 religio„

1151 636 1250 677 fruges
1262 657 1270 670 ,
1285 647 1352 677 jura
1361 657 1369 670 ‚
1381 637 1460 678 leges
1471 647 1543 668 ortae
1555 659 1563 673 ,
1575 650 1660 681 atque
1670 644 1703 672 in
1713 648 1832 676 omneis
1842 655 1931 678 terras
1941 648 2108 680 distributa:

1150 687 1304 718 putantur:
1327 678 1364 709 de
1374 688 1505 720 quorum
1524 686 1538 710 7
1550 683 1630 712 urbis
1638 684 1833 722 poffeffione,
1853 690 2108 734 propterpulchqi-

1149 719 1276 749 tudinem
1285 722 1376 751 etiam
1386 723 1464 751 inter
1473 721 1545 752 deos
1555 732 1705 755 certamen
1713 726 1798 758 fuisse
1807 730 1960 768 proditum
1970 731 2012 762 est
2023 744 2028 762 :
2039 742 2106 773 quac

1148 761 1291 792 vetustate
1303 772 1336 793 ea
1352 762 1395 792 est
1405 782 1413 796 ‚
1431 772 1463 793 ut
1472 764 1532 803 ipsa
1541 775 1579 795 ex
1589 765 1648 796 sese
1659 768 1727 797 suos
1737 771 1830 798 civeis
1838 771 1970 810 genuisse
1980 774 2106 805 dicatur:

1149 803 1181 833 &
1192 814 1298 834 eorum
1308 803 1414 834 eadem
1425 812 1497 835 terra
1506 815 1610 845 parens
1620 827 1629 841 ‚
1647 809 1735 838 altrix
1746 830 1755 842 ,
1773 814 1864 849 patria
1874 833 1883 846 .
1902 816 2030 845 dicatur:
2051 826 2105 847 au·-

1147 844 1283 875 &oritate
1293 854 1392 876 autem
1404 855 1482 877 tanta
1492 846 1534 878 cst
1544 868 1552 881 ‚
1572 857 1605 879 ut
1611 850 1674 888 jam
1683 849 1812 882 {mesum
1821 855 1913 893 prope
1925 875 1933 888 ,
1952 866 1983 886 ac
1993 856 2104 888 debili-

1145 895 1240 917 tatum
1251 888 1374 918 Graeciae
1384 898 1501 918 nomen
1512 909 1520 922 ‚
1543 891 1633 930 hujus
1649 892 1730 922 urbis
1744 893 1830 924 laude
1843 896 1964 925 nitatur.
1986 899 2106 932 Adsun:

1144 928 1379 960 Lacedaemonii
1408 932 1456 970 cuj
1462 941 1494 960 us
1510 932 1640 963 civitatis
1655 933 1779 974 spec‘tata
1791 956 1799 969 ,
1817 946 1850 966 ac
1866 937 2023 970 nobilitata
2037 943 2102 971 vir-

1137 979 1190 1001 tus
1199 990 1207 1004 ,
1217 981 1281 1001 non
1292 970 1391 1001 solum
1402 980 1509 1001 natura
1517 975 1721 1010 corroborata,
1731 976 1839 1008 verum
1851 981 1941 1009 etiarn
1953 980 2103 1023 disciplina

1141 1021 1277 1052 putatur:
1296 1015 1349 1054 qui
1364 1014 1421 1044 soli
1439 1023 1504 1044 toto
1517 1016 1589 1046 orbe
1603 1025 1746 1048 terrarum
1763 1019 1966 1060 septingentos
1979 1033 2037 1057 iam
2047 1034 2102 1054 an-

1142 1064 1198 1084 nos
1208 1055 1339 1095 amplius
1351 1058 1419 1085 unis
1429 1057 1566 1088 moribus
1578 1078 1586 1091 ,
1607 1059 1642 1089 &
1658 1070 1828 1101 numquam
1846 1059 2103 1104 mutatis'leg‘ibus

1140 1097 1260 1126 vivunt.
1284 1097 1402 1127 Adsunt
1418 1107 1457 1127 ex
1472 1100 1581 1138 Achaja
1596 1101 1704 1132 cunc‘ta
1721 1103 1812 1134 multi
1830 1104 1915 1145 legati
1938 1125 1947 1138 ,
1971 1107 2101 1140 Boeotra,

1141 1136 1309 1169 Thessalia:
1328 1138 1440 1180 quibus
1457 1139 1532 1170 lucis
1549 1151 1646 1182 nuper
1663 1144 1775 1184 legatus
1791 1148 1828 1176 L.
1841 1148 1960 1177 Flaccus
1972 1167 1980 1181 ,
1999 1150 2100 1189 impe«

1138 1188 1233 1210 ratore
1244 1181 1371 1211 Metello
1382 1200 1391 1215 2
1409 1180 1539 1221 praefuit.
1562 1185 1672 1225 Neque
1685 1186 1757 1216 vero
1770 1195 1809 1221 te,
1825 1186 1963 1223 Massilia,
1977 1199 2102 1229 pi-aetcra

1138 1231 1192 1255 eo,
1213 1217 1303 1263 Squae
1321 1224 1355 1253 L.
1368 1223 1507 1254 Flaccum
1529 1225 1661 1256 militem
1673 1248 1681 1260 ‚
1700 1229 1937 1270 quaestoremque
1945 1231 2098 1273 cognosti:

1137 1265 1223 1303 cujus
1243 1275 1298 1305 ego
1316 1267 1446 1296 civitatis
1464 1265 1670 1306 disciplinam„
1692 1280 1777 1310 atque
1790 1274 1964 1313 gravitatem
1976 1283 2039 1304 nou
2050 1274 2100 1304 so-

1116 1327 1119 1332 .
1138 1305 1204 1336 lum
1215 1308 1336 1337 Graeciae
1347 1326 1356 1341 ,
1378 1306 1428 1337 sed
1444 1308 1521 1338 haud
1536 1304 1597 1340 scio
1611 1320 1647 1341 an
1660 1312 1778 1343 cunfris
1790 1314 1929 1355 gentibus
1947 1319 1962 1342 9
1972 1325 2100 1356 antepo-

1137 1348 1268 1379 nendam
1276 1350 1342 1389 jure
1351 1349 1450 1380 dicam
1462 1360 1467 1379 :
1478 1361 1544 1392 quae
1557 1360 1616 1382 tam
1626 1354 1753 1393 procula
1766 1357 1942 1386 Graecorum
1952 1367 2098 1388 omnium

1137 1392 1312 1432 regionibus
1324 1411 1332 1424 ‚
1348 1391 1516 1431 disciplinis
1526 1414 1535 1426 ,
1554 1394 1715 1436 linguaque
1724 1396 1818 1428 divisa
1827 1418 1835 1431 ,
1854 1397 1926 1427 cum
1937 1400 1970 1428 iri
1979 1395 2098 1430 ultimis

1140 1434 1224 1462 terris
1233 1432 1330 1464 cincla
1340 1433 1497 1464 Gallorum
1507 1438 1647 1475 gentibus
1658 1457 1666 1471 ‚
1689 1438 1827 1469 barbariae
1844 1438 1988 1470 fluetibus
2004 1441 2099 1473 allua-

1137 1483 1184 1504 tur
1196 1494 1205 1508 ‚
1221 1473 1259 1505 fic
1269 1477 1452 1515 optimatum
1463 1475 1589 1507 consilio·
1598 1478 1777 1519 gubernatur
1787 1500 1796 1515 ,
1815 1490 1848 1510 ut
1858 1491 1966 1511 omnes
1976 1483 2040 1522 ejus
2050 1484 2098 1513 in-

1135 1515 1234 1547 stituta
1243 1515 1484 1555 laudarefacilit‘aes
1492 1517 1603 1558 possint
1613 1541 1622 1553 ‚
1646 1517 1735 1562 quam
1745 1522 1880 1552 amulam.
1903 1523 1994 1554 Hisce
2005 1525 2098 1555 utitur

1133 1557 1336 1589 laudatoribus
1347 1559 1469 1589 Flaccus
1481 1579 1490 1594 ,
1512 1561 1558 1589 his
1569 1563 1752 1594 innocentiae
1762 1563 1887 1595 testibus
1898 1585 1908 1599 ‚
1930 1573 1962 1595 ut
1973 1567 2096 1597 Graeco-

1133 1610 1202 1630 rum
1212 1600 1383 1641 cupiditati>
1399 1602 1575 1632 Graecorum
1585 1604 1700 1634 auxilio
1709 1604 1883 1636 resistamus.
1899 1609 2093 1649 Qamquam

1133 1642 1326 1684 quisignorat
1335 1663 1344 1677 ,
1356 1644 1409 1684 qui
1418 1642 1515 1673 modo
1527 1654 1672 1686 umquam
1683 1647 1876 1678 mediocriter
1885 1648 2009 1680 resistas
2021 1650 2092 1682 fitire

1133 1688 1248 1715 curavit
1256 1704 1266 1719 ,
1287 1687 1363 1726 quin
1381 1686 1435 1715 tria
1451 1687 1625 1717 Graecorum
1643 1698 1750 1730 genera
1768 1688 1823 1720 sint
1840 1691 1910 1720 vere
1928 1694 1939 1720 ?
1960 1701 2094 1733 quorum

1133 1728 1187 1756 uni
1197 1726 1267 1757 sunt
1276 1728 1490 1761 Athenienses,
1505 1738 1569 1769 quae
1580 1740 1653 1770 gens
1664 1733 1776 1761 Ionum
1788 1732 1951 1763 habebatur
1963 1744 1967 1762 :
1986 1735 2094 1765 AEoles

1131 1768 1215 1798 alteri
1226 1779 1232 1798 ι
1254 1771 1353 1799 Dores
1362 1770 1441 1799 tertii
1450 1771 1698 1803 nominabantur.
1721 1782 1809 1814 atque
1817 1775 1880 1804 haec
1889 1774 1996 1805 cuneka
2006 1778 2094 1806 Grae-

1130 1811 1174 1840 cia
1183 1829 1193 1844 ‚
1214 1820 1280 1852 quae
1289 1809 1369 1842 fama
1379 1831 1393 1859 ,¹
1409 1821 1474 1855 quae
1484 1812 1578 1853 gloria
1589 1833 1597 1847 ,
1617 1824 1684 1855 quae
1692 1814 1829 1846 doCtrina
1842 1836 1851 1850 ,
1872 1827 1939 1857 quae
1951 1818 2093 1857 plurimis

1133 1852 1246 1883 artibus
1255 1872 1264 1886 ‚
1278 1863 1345 1893 quae
1355 1862 1447 1884 etiam
1458 1855 1589 1894 imperio
1600 1875 1608 1889 ‚
1629 1856 1662 1886 ὃς
1674 1856 1779 1888 bellica
1787 1858 1872 1889 laude
1882 1857 1988 1889 floruit
1997 1879 2006 1893 ,
2021 1867 2094 1900 par-

1131 1904 1204 1922 vum
1212 1895 1350 1936 quendam
1358 1894 1449 1924 locum
1459 1915 1468 1928 ‚
1489 1905 1523 1926 ut
1536 1897 1643 1931 scitis,
1656 1901 1784 1939 Europae
1794 1909 1893 1934 tenet,
1913 1901 2091 1942 semperque

1129 1938 1236 1966 tenuit.
1265 1935 1340 1967 Asiae
1358 1939 1544 1968 maritimam
1561 1948 1643 1969 oram
1655 1959 1664 1974 ,
1684 1940 1766 1971 bello
1782 1941 1946 1981 superatam
1960 1962 1970 1976 ,
1989 1944 2091 1973 cinxit

1130 1977 1255 2007 urbibus
1265 1997 1277 2011 ,
1296 1981 1400 2008 ¹0non
1412 1987 1444 2008 ut
1456 1982 1607 2010 munitam
1618 2000 1628 2014 ,
1645 1981 1776 2011 coloniis
1784 1983 1871 2012 illam
1882 1993 2019 2024 augeret,
2038 1984 2091 2015 sed

1130 2027 1162 2048 ut
1176 2017 1321 2049 obse—flam
1335 2027 1459 2050 teneret·
1483 2022 1692 2062 Qiamobrem
1711 2023 1810 2063 quaeso
1829 2023 1846 2054 a
1863 2024 1952 2054 vobis
1965 2024 2088 2057 Asiatici

1130 2059 1237 2093 testes,
1255 2060 1328 2091 cum
1347 2060 1418 2091 vere
1434 2061 1580 2092 recordari
1598 2064 1709 2094 voletis
1720 2084 1729 2099 ,
1747 2074 1894 2105 quantum
1905 2065 2091 2098 auRoritatis

1131 2103 1164 2131 in
1181 2101 1333 2141 judicium
1353 2101 1479 2133 afferatis
1490 2123 1501 2137 ,
1516 2104 1687 2145 vosmetipsi
1703 2105 1873 2138 describatis
1882 2107 1998 2138 Asiam:
2017 2119 2087 2143 nec,

1128 2143 1204 2184 quid
1214 2144 1391 2186 alienigenae
1400 2144 1436 2174 de
1446 2145 1534 2175 vobis
1542 2145 1628 2187 loqui
1637 2147 1760 2181 soleant,
1772 2148 1820 2179 sed
1832 2149 1905 2190 quid
1916 2150 2090 2191 vosmetipsi

1128 2185 1165 2215 de
1175 2195 1283 2226 genere
1292 2185 1392 2216 vestro
1401 2185 1530 2217 statuatis
1540 2206 1549 2221 ,
1562 2190 1775 2219 memineritis.
1799 2193 1938 2232 Namque
1951 2212 1960 2226 ‚
1976 2201 2008 2222 ut
2018 2195 2088 2232 opi-

1130 2237 1188 2256 nor
1198 2247 1206 2260 ,
1219 2226 1286 2258 Asia
1295 2226 1388 2258 vestra
1396 2227 1510 2258 constat
1519 2238 1557 2258 ex
1568 2230 1709 2272 Phrygia,
1728 2230 1820 2271 Mysia
1829 2252 1837 2266 ‚
1856 2235 1938 2263 Caria
1951 2254 1960 2267 ,
1980 2235 2087 2274 Lydia.

1128 2267 1240 2298 Utrum
1253 2270 1342 2311 igitur
1351 2268 1489 2299 nostrum
1499 2269 1551 2304 est,
1566 2274 1591 2290 ¹¹
1606 2282 1643 2302 an
1652 2272 1797 2307 vestrum,
1811 2275 1868 2304 hoc
1878 2275 2087 2314 proverbium,

1107 2312 1108 2320 ¹
1130 2311 1265 2351 Phrygem
1279 2311 1368 2351 plagis
1379 2310 1446 2350 fieri
1459 2312 1544 2351 fhi‘ere
1564 2314 1730 2343 meliorem?
1754 2315 1836 2353 Qiid
1855 2316 1891 2346 de
1910 2325 1970 2347 tota
1981 2319 2089 2349 Caria?

1129 2362 1233 2384 nonne
1242 2352 1300 2384 hoc
1309 2352 1405 2385 vestra
1417 2363 1491 2385 voce
1506 2355 1659 2399 vulgatum
1671 2355 1713 2387 est
1721 2376 1730 2391 ,
1753 2356 1849 2400 fiquid
1866 2368 1937 2389 cum
1950 2361 2089 2400 periculo

1995 2411 2089 2441 expe-

1106 2483 1108 2496 ,
1123 2464 1207 2499 potest
1218 2464 1283 2490 mihi
1293 2463 1431 2500 displicere
1442 2464 1512 2499 quod
1523 2464 1579 2490 crui
1592 2475 1606 2490 e
1618 2464 1675 2492 Pal.
1687 2463 1812 2497 secundo,
1828 2466 2026 2498 dignitatihorum
2037 2473 2086 2490 au-

1125 2507 1252 2533 teponant5
1264 2500 1316 2526 sine
1326 2500 1420 2527 vocula
1425 2501 1507 2533 suam.

1161 2543 1189 2569 7.
1209 2536 1436 2571 L'rbespoſjiffmne.]
1453 2536 1528 2562 Prius
1538 2537 1652 2569 praſstiane,
1664 2535 1705 2562 sed
1718 2543 1811 2571 practer
1821 2536 1936 2562 alioruin
1947 2535 2004 2563 mss.
2015 2536 2084 2564 item

1127 2572 1226 2598 nostros
1238 2571 1261 2597 fe
1268 2576 1306 2598 re.
1326 2582 1385 2598 nam
1397 2572 1507 2598 Gruteri
1519 2572 1602 2598 codex
1614 2573 1729 2608 vulgatu:
1738 2572 1863 2598 adira-ret.

1163 2607 1189 2634 8.
1208 2610 1263 2641 Qae
1273 2611 1304 2634 L.
1315 2611 1422 2634 Flaccum
1432 2609 1527 2633 militem
1536 2608 1733 2642 qusstoremqne]
1750 2607 1894 2644 Adl'ci'ipsit
1905 2607 2082 2642 Gulielmius,

1125 2642 1196 2670 forte
1206 2644 1348 2675 legendum
1359 2645 1480 2669 tribunum
1488 2645 1587 2669 militum
1596 2655 1605 2676 ,·
1617 2644 1656 2669 uti
1667 2643 1702 2669 est
1712 2642 1782 2670 infra
1794 2653 1839 2680 cap
1850 2653 1897 2677 40.

1165 2688 1194 2715 9.
1214 2675 1418 2712 &nreponcndam
1427 2681 1486 2713 jure
1503 2680 1604 2712 dicam]
1626 2678 1770 2706 Lambinus
1780 2679 1880 2706 delevit
1890 2679 1962 2706 suasu
1973 2677 2080 2708 suorum

1115 2717 1174 2750 jure
1186 2735 1194 2747 ,
1212 2717 1241 2741 &
1251 2717 1336 2752 reperi
1347 2714 1404 2741 sanc
1416 2722 1521 2741 tautum
1541 2716 1567 2741 in
1579 2714 1635 2741 Pal.
1646 2714 1695 2742 sec.
1714 2719 1741 2742 ὃ(
1754 2716 1834 2744 Grut.
1853 2715 1959 2742 sednon
1974 2716 2081 2743 videtur

1123 2752 1226 2779 aliena:
1241 2756 1313 2778 certe
1325 2761 1375 2778 non
1386 2750 1422 2777 est
1433 2750 1571 2787 superflua.

1163 2797 1205 2814 io.
1223 2792 1283 2823 Qu
1293 2795 1319 2813 ut
1329 2790 1445 2813 munitam
1455 2787 1543 2813 coloniis
1555 2789 1618 2813 illam
1627 2795 1720 2821 augeret
1729 2788 1783 2821 :sed
1790 2788 1855 2822 ἐς]
1877 2788 1942 2814 Haec
1951 2788 1987 2815 est
1998 2788 2081 2816 icffio

1124 2823 1181 2849 Pal.
1193 2833 1233 2860 pr.
1245 2824 1332 2859 quint.
1344 2822 1486 2858 sexnscpt.
1498 2823 1655 2849 uanisec.&
1668 2825 1749 2850 Grut.
1768 2826 1831 2849 illam
1844 2832 1953 2857 gentem,
1974 2823 2080 2851 sedsine

1122 2868 1186 2886 voce
1197 2867 1290 2893 augeret
1302 2880 1309 2890 ,
1329 2869 1386 2895 quae
1397 2869 1480 2894 neque
1491 2859 1516 2885 in
1529 2867 1593 2885 tert.
1607 2860 1653 2895 qui
1664 2867 1750 2886 tamen
1763 2862 1776 2886 ii
1787 2861 1872 2896 primu
1890 2870 1968 2887 manu
1988 2861 2082 2888 habuit

1117 2903 1226 2930 gem-reu
1246 2895 1317 2932 quod
1327 2896 1409 2931 ipsum
1420 2895 1503 2920 adhuc
1514 2894 1594 2922 lia-ret
1604 2896 1630 2922 iii
1641 2904 1736 2931 quarto
1745 2896 1772 2921 Sc
1785 2895 1890 2923 ociavo.
1911 2897 2009 2932 placuit
2019 2898 2080 2923 Gu-

1121 2932 1225 2958 iielniio
1236 2932 1316 2958 leftio
1328 2930 1485 2963 §.Via-Tioris,
1496 2933 1697 2965 illamgcnerarct.
1717 2931 1759 2958 led
1770 2931 1837 2958 haud
1849 2933 1872 2958 ei
1883 2932 2076 2968 ·.1dquie.erim.

1121 2968 1209 3004 potius
1220 2967 1304 2994 adbuc
1315 2967 1461 2994 sustulerim
1474 2976 1564 2995 vocem
1575 2969 1656 3002 illum3
1678 2976 1706 2995 ut
1717 2968 1792 2995 fieret
1804 2987 1812 3000 ‚
1825 2979 1869 2994 mn
1879 2976 1904 2994 ni
1916 2972 2031 2994 numnam
2042 2979 2079 2995 cu-

1123 3005 1191 3030 loniis
1208 3011 1310 3037 auget-et.

1161 3049 1201 3066 11.
1212 3043 1251 3065 An
1262 3041 1364 3072 vestmmz
1373 3038 1593 3073 hacpro-rerhium]
1606 3039 1725 3076 Recepta
1736 3039 1817 3067 let‘lio
1828 3040 2022 3076 interposuerat
2032 3051 2080 3067 ve-

1119 3082 1159 3101 tue
1172 3095 1180 3107 ,
1190 3075 1232 3101 sed
1243 3076 1297 3109 ejus
1309 3076 1380 3101 vocis
1393 3094 1401 3107 ‚
1412 3075 1479 3101 nihil
1489 3075 1524 3103 est
1536 3075 1631 3111 reliqui
1643 3077 1668 3102 iii
1680 3075 1737 3102 iuss.
1749 3077 1842 3103 uostris
1857 3096 1864 3108 ,
1877 3077 1903 3103 in
1914 3076 2076 3103 editionibus

1118 3112 1238 3175 Enmigrm
1257 3110 1442 3148 amiquissimis
1458 3122 1465 3140 :
1487 3120 1572 3148 neque
1591 3112 1730 3142 iiecessar'ia
1747 3112 1800 3141 dici
1818 3113 1902 3150 potest
1914 3132 1922 3147 ‚
1943 3121 1971 3140 ut
1991 3123 1998 3137 x
2011 3112 2075 3140 istun

1145 3156 1185 3177 ain
1206 3156 1261 3176 mo.

1532 3219 1648 3256 Hlih3
2008 3227 2030 3246 1.
2049 3218 2076 3245 In

2135 356 2179 388 26

2116 1615 2160 1651 27
