2295 3400
155 168 253 229 460
560 156 1065 206 M-TULL11

158 249 261 280 limina
268 247 356 276 etiam
369 245 500 274 sororem
511 249 592 271 tuam
604 238 619 270 Ξι
629 247 657 269 te
666 238 846 268 abalienavit
855 257 865 269 .
875 246 970 266 omne
979 234 1116 265 frumen-

160 273 227 321 tum
237 291 384 328 privatum
398 304 406 317 ‚
427 285 459 313 δε
474 283 630 323 pubiicum
639 300 649 313 ‚
670 282 791 310 omneis
801 280 969 318 provincias
979 277 1117 306 frumen-

1129 155 1676 201 Cicenoaxs

1137 239 1143 327 g

1158 232 1352 264 libentissime
1367 234 1532 274 praedicabo
1543 255 1551 269 ,
1570 239 1625 266 Cn.
1636 235 1817 277 Pompejum
1825 233 1924 267 studio
1936 255 1946 270 ³
1963 235 2113 269 &auetcſs

1159 277 1244 306 ritate
1253 276 1336 316 aequi:
1348 295 1357 309 ,
1377 285 1408 305 ut
1419 286 1667 324 unumquemque
1677 277 1808 309 vestrum
1822 299 1829 312 ,
1844 278 1951 318 opibus
1961 298 1972 312 ‚
1982 289 2110 309 conten-

161 333 265 362 tari-is,
285 328 404 357 omneis
418 326 568 363 mancipes
580 343 588 356 ²
609 323 728 352 omneis
742 322 918 351 horreorum
932 319 1041 349 claveis
1054 317 1117 358 lege
1138 331 1141 357 g
1160 319 1262 351 tione,
1283 317 1436 357 pambus,
1456 319 1595 357 periculis
1614 320 1761 361 denique,
1781 320 1928 360 praecipue
1946 330 2000 360 pro
2021 321 2111 350 salute

163 381 211 402 tua
223 368 375 400 tradidisti.
398 377 455 408 qua
475 375 512 396 ex
531 375 561 394 re
579 362 713 404 primum
735 370 838 392 caritas
853 371 918 391 nata
932 360 990 391 est:
1008 358 1118 405 deinde

164 413 267 451 iuopia
285 422 289 439 :
317 407 510 449 impendebat
527 406 640 438 fames,
662 405 803 434 incendia
815 423 823 437 ‚
843 402 936 433 caedes
948 423 956 436 ,
976 401 1115 449 direptio:

166 452 345 484 imminebat
358 460 425 481 tuus
439 449 524 479 furor
537 449 679 478 omnium
693 445 826 476 fortunis
838 465 845 479 ,
867 445 899 474 ὃς
914 445 1012 474 bonis.
1036 445 1119 483 Qe-

163 505 235 525 rirur
245 503 333 524 etiam
345 495 518 532 importuna
526 489 616 530 pestis
626 509 634 522 ,
650 498 688 518 ex
699 498 750 518 ore
761 485 961 526 impuriffimo
971 488 1037 516 Sex.
1049 485 1121 514 Clo-
1140 489 1143 494 ·

165 536 207 567 dn
219 546 281 565 rein
291 534 516 564 frumentariam
528 529 584 561 esse
597 539 726 570 ereptam
738 549 746 562 ,
765 528 951 569 summisque
961 529 992 557 iii
1004 536 1120 567 pericu-

165 580 203 608 lis
215 597 225 611 ‚
243 578 305 616 ejus
318 578 374 606 viri
385 570 717 612 auxiliumimplomffe
727 580 820 610 remp.
840 570 855 600 a
875 580 935 610 quo
956 570 1028 609 saepe
1046 568 1072 598 sc
1087 568 1120 596 δε

162 620 305 651 servatam
317 639 327 651 ,
342 617 374 648 &
385 614 596 656 amplificatam
608 612 665 644 ess'e
676 610 868 643 metninisset.
885 614 972 642 Extra
982 610 1121 640 ordinem

163 660 235 692 ferri
246 660 324 690 nihil
334 660 428 699 placet
439 657 557 688 Clodio.
580 655 662 694 Qiid
672 657 680 683 ἓ
691 655 727 684 de
739 664 787 683 me
798 653 878 694 quod
890 652 987 683 tulisse
999 662 1024 682 te
1035 651 1121 683 dicis,

165 702 306 741 patricida
316 721 324 735 ‚
338 700 486 731 fratricida
494 719 502 732 ,
520 697 680 729 sororicida
691 716 700 730 ‚
720 706 823 726 nonne
834 704 916 725 exrra
926 694 1065 724 ordinem
1076 702 1122 721 tu-

165 743 250 774 listi?
271 746 319 773 An
334 743 371 773 de
388 742 468 782 peste
485 742 578 772 civis,
598 737 860 780 quemadmodum
873 745 979 766 omnes
995 737 1053 775 jam
1066 734 1120 766 dii,

166 794 252 826 atque
266 786 406 814 homines
417 783 642 823 judicaveiunt,
659 780 874 810 conservatoris
884 778 998 817 reipub.
1013 786 1122 817 quern-

167 826 335 858 admodum
346 835 445 856 autem
456 833 516 854 tute
528 824 588 862 ipse
599 820 754 853 confiteris
763 840 770 853 ‚
785 830 848 849 non
860 819 953 849 modo
967 819 1124 848 indemna-

169 871 192 900 ti
205 889 212 902 ,
228 868 275 898 sed
288 879 319 897 ne
328 867 454 906 accufhti
464 865 576 907 quidem
587 884 595 897 ‚
617 865 703 893 licuit
713 862 766 892 tibi
779 861 852 891 ferre
863 871 926 890 non
937 862 1034 901 legem
1045 878 1053 891 ‚
1075 857 1122 888 sed

167 909 320 941 nefarium
331 909 522 949 privilegium
533 927 541 940 ‚
562 907 679 945 lugente
690 905 789 934 senatu
802 923 809 936 ‚
826 901 1124 945 moerentibus-bonis

169 951 316 982 omnibus
327 971 335 984 ‚
356 952 446 980 totius
457 949 548 979 Italiae
566 946 704 987 precibus
713 944 871 984 repudiatis
883 964 891 976 ‚
910 941 1042 983 oppressa
1052 961 1061 975 ,
1078 951 1124 971 ca-

168 1003 275 1035 Ptaque
294 992 399 1032 repub.
411 1002 416 1020 t
437 991 514 1020 mihi
526 1010 534 1023 ,
555 987 668 1029 populo
684 989 777 1016 Rom.
798 986 977 1025 implorante
988 1004 996 1017 ‚
1022 984 1123 1013 senatu

169 1036 310 1076 poscente
322 1055 330 1067 ,
342 1032 529 1072 temporibus
539 1029 653 1069 reipub.
666 1027 866 1069 flagitantibus
876 1047 883 1059 ,
898 1031 906 1046 ¹
919 1036 982 1056 non
993 1027 1076 1055 licuit
1086 1025 1123 1054 de

171 1077 265 1108 salute
281 1075 386 1116 populi
396 1077 529 1104 Roman.
542 1072 718 1101 sententiam
732 1069 850 1099 dicere?
873 1070 937 1110 Qa
950 1067 1075 1108 quidem
1090 1069 1124 1095 in

168 1119 313 1149 sententia
321 1137 328 1150 ‚
345 1115 364 1145 si
373 1115 568 1154 Cn-Pompeii
578 1113 706 1154 dignitas
715 1110 799 1141 anna
810 1109 851 1140 est
860 1130 868 1143 ‚
879 1108 1041 1144 coniuncta
1050 1118 1121 1138 cum

167 1161 294 1190 utilitate
303 1157 482 1190 communi,
501 1155 580 1186 certe
589 1152 752 1184 laudandus
763 1150 854 1181 essem
865 1172 873 1185 ‚
886 1150 905 1180 si
915 1153 978 1191 ejus
989 1151 1126 1191 dignitati

171 1200 341 1241 suffiagatus
355 1198 488 1230 viderer,
504 1198 554 1238 qui
567 1205 642 1226 meae
653 1195 737 1225 saluti
748 1203 837 1233 opem
849 1213 857 1227 ‚
873 1194 906 1223 δε
916 1193 1066 1222 auxilium
1082 1200 1129 1220 tu-

172 1241 258 1272 lisset.
295 1240 458 1273 Desinant,
478 1237 612 1270 desinant
630 1238 772 1266 homines
789 1235 895 1265 iisdem
907 1235 1055 1264 machinis
1067 1232 1129 1271 spe-

170 1294 232 1315 rare
248 1293 298 1314 me
312 1281 478 1312 restitutum
489 1278 569 1321 poffe
579 1278 744 1309 labefafitari
757 1297 765 1310 ,
786 1276 895 1317 quibus
905 1275 990 1306 antea
1001 1273 1126 1304 stantem

173 1326 374 1367 perculerunt.
398 1322 489 1363 Qod
499 1325 582 1352 enim
595 1329 645 1362 par
661 1319 793 1348 amicitia
809 1317 971 1348 consularis
987 1316 1044 1346 fuit
1060 1325 1130 1345 um-

171 1377 263 1409 quam
280 1368 312 1396 in
327 1367 380 1396 hac
389 1366 507 1395 civitate
516 1361 709 1402 conjunffius
719 1380 727 1393 ,
748 1360 838 1400 quam
849 1358 964 1389 fuimus
975 1359 1051 1387 inter
1061 1367 1130 1390 nos,

174 1419 231 1450 ego
241 1429 249 1442 ‚
271 1408 304 1438 &
315 1410 369 1438 Cn.
381 1407 563 1446 Pompeius?
582 1406 649 1445 quis
662 1401 739 1442 apud
749 1401 898 1442 populum
909 1403 1003 1431 Rom.
1021 1403 1035 1418 2
1046 1399 1082 1429 dc
1093 1399 1130 1428 il-

172 1451 233 1481 lius
252 1450 394 1490 dignitate
411 1446 576 1478 industrius
592 1467 600 1479 ,
621 1447 687 1486 quis
705 1444 820 1475 senatui
838 1444 942 1482 saepius
961 1441 1060 1472 dixit?
1077 1442 1130 1482 qui

173 1501 271 1524 tantus
280 1493 339 1521 ruit
352 1490 434 1520 labor
442 1509 450 1524 ‚
465 1499 530 1530 qua:
540 1487 671 1518 simultas
682 1506 690 1520 ‚
704 1496 770 1527 qua:
780 1486 937 1515 contentio
949 1503 956 1517 ,
969 1492 1060 1524 quarn
1071 1492 1126 1523 ego

173 1545 239 1566 non
253 1543 306 1574 pro
320 1533 406 1562 illius
425 1531 568 1571 dignitate
584 1529 783 1568 susceperim?
800 1525 898 1567 quiab
907 1526 963 1555 illo
972 1527 1005 1555 in
1015 1535 1065 1554 me
1075 1526 1131 1554 lio-

175 1585 232 1607 nos
244 1595 252 1609 ,
273 1585 339 1616 quae
349 1573 517 1614 praedicatio
530 1572 566 1602 de
582 1580 649 1601 mea
662 1569 747 1599 laude
759 1588 768 1602 ,
787 1578 852 1608 quae
866 1568 1069 1597 remuneratio
1079 1566 1132 1596 be-

175 1618 352 1649 nivolentiae
374 1611 564 1655 praetermiss‘a
581 1611 623 1643 est
639 1616 649 1642 ?
683 1613 770 1641 Hanc
788 1608 920 1639 nostram
938 1607 1133 1648 conjuncciio*

178 1669 251 1690 nem
264 1678 272 1691 ‚
293 1659 367 1688 hanc
380 1656 634 1695 conspirationem
647 1654 679 1683 in
690 1651 791 1692 repub.
805 1651 879 1681 bene
892 1650 1019 1690 gerenda
1029 1670 1039 1683 ,
1059 1651 1134 1680 hanc

171 1697 420 1742 jucundissimam
441 1699 509 1727 vitae
525 1717 533 1729 ,
554 1705 639 1736 atque
660 1693 831 1724 officiorum
850 1693 992 1722 omnium
1011 1692 1133 1722 societa-

177 1751 240 1773 tem
251 1761 259 1776 ,
278 1742 349 1771 certi
367 1740 509 1769 homines
519 1736 595 1776 fidia·
608 1733 780 1777 firi-monibus
791 1754 800 1769 ‚
823 1735 854 1764 &
865 1732 942 1765 falfis
954 1732 1134 1763 criminibus

180 1784 368 1815 diremerunt
388 1791 393 1810 :
416 1781 487 1811 curn
500 1779 593 1810 iidem
604 1779 713 1812 illum,
737 1786 828 1807 utme
839 1784 1002 1809 metueret,
1027 1785 1076 1806 me
1086 1784 1134 1805 ca-

175 1834 268 1859 verer,
282 1831 462 1854 monerent:
478 1821 571 1852 iidem
582 1820 659 1861 apud
671 1829 719 1849 me
730 1839 738 1853 ‚
755 1820 832 1848 mihi
843 1819 932 1848 illum
943 1817 999 1848 efi'e
1010 1820 1063 1847 uni
1074 1819 1135 1846 ini-

180 1865 377 1899 miciffimum
386 1885 395 1899 ‚
407 1864 556 1894 dicerent:
575 1872 607 1893 ut
617 1872 713 1903 neque
725 1871 780 1902 ego
789 1881 797 1894 ‚
808 1861 844 1890 ab
854 1860 909 1890 illo
919 1869 985 1901 quae
996 1860 1072 1889 mihi
1082 1868 1135 1898 pe-

179 1908 268 1940 tenda
279 1906 389 1940 essent,
406 1907 471 1936 satis
481 1905 629 1935 audaciter
639 1913 740 1944 petere
751 1900 864 1942 poss'em
878 1912 883 1930 1
899 1911 995 1942 neque
1005 1901 1057 1930 ille
1069 1921 1080 1933 ,
1091 1909 1135 1929 tot

177 1949 397 1991 suspicionibus
407 1956 558 1978 certorum
569 1948 730 1976 hominum
745 1965 753 1977 ,
774 1945 807 1974 &
818 1944 922 1973 scelere
937 1943 1132 1975 exulceratus,

176 2002 243 2034 quae
261 2000 367 2021 meum
387 1998 504 2029 tempus
519 1987 696 2028 postularet,
717 1986 784 2015 satis
794 1985 913 2025 prolixe
923 1986 1000 2014 mihi
1032 1984 1137 2014 ollice-

176 2043 269 2065 retur.
291 2035 368 2062 Data
384 2040 499 2061 merces
512 2029 555 2060 est
565 2030 670 2060 erroris
681 2029 742 2057 mei
761 2036 865 2068 magna
877 2047 885 2059 ,
904 2028 990 2067 ponti
1017 2035 1062 2055 ces
1075 2045 1085 2059 ‚
1105 2034 1138 2055 ut

179 2085 230 2106 me
242 2085 306 2105 non
320 2071 420 2104 solam
433 2074 530 2113 pigeat
540 2071 671 2102 stultitiae
683 2069 821 2102 meae‚sed
831 2071 920 2098 ctiam
931 2068 1039 2108 pudeat
1051 2077 1056 2096 :
1070 2070 1136 2107 qui,

147 2121 150 2123 ’
178 2127 251 2148 cum
265 2126 314 2146 me
329 2125 393 2145 non
406 2115 599 2154 repentinum
612 2111 734 2152 aliquod
749 2120 853 2140 meum
867 2119 986 2150 tempus
997 2129 1005 2143 ‚
1025 2109 1074 2139 sed
1084 2119 1136 2138 ve-

179 2168 256 2190 teres
275 2157 374 2187 multo
391 2157 458 2187 ante
478 2155 603 2195 suscepti
615 2175 626 2187 ,
647 2154 679 2183 δε
695 2150 804 2192 provifi
824 2151 937 2182 labores
952 2171 960 2185 ‚
981 2160 1052 2181 cum
1070 2153 1137 2180 viro

141 2216 143 2219 ·
179 2197 361 2232 fortiffimo,
383 2198 416 2228 &
435 2195 594 2227 cianffimo
611 2192 856 2234 conjunxissent,
878 2191 932 2224 sim
949 2191 1046 2233 passus
1058 2192 1074 2222 a
1089 2192 1138 2222 tali

180 2243 315 2273 amicitia
322 2239 443 2270 distrahi
454 2249 459 2268 ι
480 2236 789 2278 nequeintellexerim
800 2254 808 2268 ‚
821 2234 930 2275 quibus
940 2243 990 2265 aut
1000 2243 1030 2264 ut
1039 2240 1137 2275 apertu

181 2283 301 2314 immicis
319 2280 489 2312 obsisterem
501 2299 510 2314 ,
527 2288 577 2310 aut
596 2288 629 2309 ut
639 2276 771 2318 insidiosis
783 2277 879 2304 amica
895 2286 960 2306 non
976 2276 1138 2306 crederem.

182 2324 311 2358 Proinde
325 2321 457 2353 desinant
469 2319 629 2361 aliquando
643 2328 693 2348 me
704 2317 811 2348 iisdem
823 2316 1011 2347 inflammare
1021 2316 1120 2347 verbis
1133 2326 1138 2345 :

185 2366 267 2407 Qid
286 2364 340 2395 sibi
357 2363 410 2394 iste
428 2364 516 2394 vult?
541 2363 655 2394 nescit,
674 2356 823 2400 quantum
843 2357 1016 2387 aritstoritate
1034 2358 1139 2390 valeat,

188 2418 259 2450 quas
270 2416 316 2438 res
329 2404 446 2447 gesserit
456 2424 464 2439 ,
475 2413 533 2445 qua
543 2403 686 2445 dignitate
697 2399 730 2430 fit
739 2399 900 2430 restitutus.
913 2409 965 2428 cur
975 2407 1059 2428 ornat
1069 2408 1139 2428 eum

185 2450 202 2481 ‘a
212 2459 274 2491 quo
284 2448 415 2478 desertus
425 2445 485 2477 est?
500 2449 563 2486 Ego
574 2443 644 2475 vero
655 2452 751 2483 neque
760 2450 885 2471 metum
896 2440 1043 2470 desertum
1054 2448 1141 2479 puto,

186 2493 236 2523 sed
246 2490 334 2531 paene
344 2488 500 2519 deditum:
515 2497 571 2517 nec
582 2507 591 2520 ,
604 2495 669 2527 quae
681 2482 736 2514 siut
747 2486 778 2513 in
789 2483 841 2513 illa
850 2484 923 2522 reip.
936 2480 1058 2512 flamma
1067 2480 1144 2523 gesta

188 2542 291 2563 tonna
300 2541 350 2562 me
360 2551 368 2565 ,
381 2540 479 2570 neque
488 2529 646 2570 quomodo
657 2547 665 2560 ,
681 2535 776 2566 neque
785 2534 836 2565 per
846 2534 922 2565 quos
933 2543 941 2558 ‚
960 2523 1142 2564 patefaciun-

188 2575 262 2605 dum
275 2574 352 2603 milii
363 2571 419 2602 effe
429 2572 564 2602 arbitror.
580 2572 609 2601 Si
619 2569 692 2599 utile
702 2577 773 2607 reip.
786 2566 862 2599 fuit,
875 2567 987 2595 haurire
997 2575 1045 2595 ine
1056 2575 1144 2593 unum

188 2624 236 2656 pro
253 2613 378 2644 omnibus
394 2613 481 2643 illam
496 2609 733 2653 indignissimam
747 2608 943 2638 calamitatem
957 2618 962 2636 z
984 2610 1073 2637 ctiam
1088 2608 1143 2636 lioc

190 2657 265 2687 utile
276 2654 308 2685 sit
320 2676 327 2689 ‚
347 2664 476 2696 quorum
495 2654 527 2683 id
543 2654 651 2684 scelere
667 2650 833 2682 conflatum
847 2648 879 2679 sit
890 2670 899 2682 ‚
923 2659 971 2679 me
983 2648 1142 2681 occultare,

190 2698 225 2729 ὃς
238 2707 341 2728 tacete.
365 2696 443 2726 nlud
461 2694 533 2725 verb
551 2694 595 2725 est
613 2695 749 2724 'nominis
767 2693 873 2733 ingrati
885 2710 894 2725 ,
916 2700 1019 2722 tacere.
1043 2692 1144 2730 Itaque
1165 2705 1167 2716 1

230 2835 253 2851 1.
274 2830 324 2852 Non
333 2828 399 2851 licuit
408 2826 516 2859 desalute
533 2826 608 2857 popula*
621 2826 684 2848 Rom.
700 2823 775 2848 dicere
781 2821 948 2855 finientium]
970 2819 1146 2846 Geniblacen-

1165 2587 1168 2608 ί

1166 2824 1169 2838 l

1164 369 1230 389 mea
1248 357 1396 389 laborass'e.
1441 361 1501 389 Hic
1513 362 1570 390 tuis
1582 380 1590 394 ,
1611 363 1799 396 P.Lentule,
1818 372 1888 392 cum
1899 371 1930 392 tu
1942 361 2112 392 nihilaliud.

1163 400 1245 434 dies,
1269 401 1301 430 δε
1320 399 1454 434 noCteis.
1473 399 1530 430 nisi
1546 401 1582 432 de
1601 403 1690 434 salute
1707 414 1773 434 mea
1789 407 1930 445 cogitares
1948 424 1956 438 ,
1980 402 2113 434 consiliis

1165 442 1309 472 omnibus
1321 440 1455 472 interfuit
1467 453 1471 470 z
1485 443 1533 472 hic
1543 444 1597 473 tibi
1607 443 1790 485 graviffimus
1799 445 1941 475 auetorad
1954 445 2114 475 instituen-

1164 484 1243 517 dam,
1257 482 1441 513 fideliffimus
1452 483 1548 514 socius
1556 485 1592 515 ad
1602 486 1831 526 comparandam
1843 507 1852 520 ‚
1871 485 2044 516 fortissimus
2061 486 2112 517 ad-

1162 527 1245 565 jutor
1255 525 1290 555 ad
1301 535 1364 555 rem
1375 523 1587 565 perficiendam
1597 526 1655 556 fuit
1666 538 1671 556 :
1684 529 1732 557 liic
1743 529 2115 568 municipia,coloniasque

1165 567 1254 597 adiit:
1275 568 1322 596 hic
1333 569 1423 597 Italia:
1435 569 1528 596 totius
1538 569 1687 598 auxilium
1696 570 1844 608 cupientis
1858 570 2046 608 imploravit:
2065 572 2115 600 hic

1166 611 1199 638 in
1216 608 1315 638 senatu
1334 611 1470 648 princeps
1488 609 1641 639 sententiae
1653 609 1728 639 fuit:
1749 610 1890 651 idemque
1899 621 1968 640 curn
1982 609 2117 644 dixisset,

1167 659 1232 680 tum
1244 652 1334 680 etiam
1344 661 1398 690 pro
1410 651 1499 680 salute
1509 660 1576 680 mea
1585 651 1731 691 populum
1741 654 1833 682 Rom.
1845 651 2020 682 obsecravit.
2034 654 2116 693 Qa-

1167 702 1195 721 re
1207 691 1292 722 istam
1303 694 1470 722 orationem
1483 712 1492 725 ‚
1511 702 1568 732 qua
1577 703 1608 722 es
1618 693 1685 723 usus
1696 713 1704 726 ,
1720 696 1841 724 omittas
1850 694 1919 724 licet
1931 704 1935 722 z
1954 693 2021 733 post
2029 694 2116 724 illam

1166 734 1362 767 sententiam,
1373 744 1462 775 quam
1473 734 1609 764 dixeram
1619 734 1655 765 de
1665 745 1795 769 annona,
1805 735 1986 775 pontificum
1998 737 2118 765 animos

1167 774 1224 804 effe
1235 785 1364 806 mutatos
1377 786 1381 804 :
1402 775 1524 815 peiinde
1537 795 1544 809 ,
1559 775 1638 816 quasi
1648 775 1696 806 isti
1705 786 1754 807 aut
1763 777 1799 806 de
1809 778 2013 817 Cn.Pompejo
2021 778 2117 811 aliter,

1167 826 1254 857 atque
1265 827 1320 857 ego
1330 816 1472 847 existimo
1483 837 1490 851 ‚
1511 817 1655 848 sentiant:
1673 827 1741 852 aut,
1759 819 1833 859 quid
1850 819 1929 848 mihi
1947 829 2001 858 pro
2013 818 2118 858 exspe-

1169 858 1300 887 &atione
1317 858 1422 898 populi
1432 861 1526 888 Rom.
1545 868 1598 899 pro
1612 862 1666 889 Cn.
1678 862 1816 899 Pompeii
1834 862 1950 890 meritis
1969 869 2034 900 erga
2053 870 2116 893 me,

1167 909 1222 939 pro
1235 901 1347 929 ratione
1363 901 1424 930 mei
1435 903 1578 940 temporis
1588 900 1758 931 faciendum
1769 901 1859 932 fuerit
1869 922 1877 936 ‚
1897 904 2035 942 ignorent
2047 911 2052 929 :
2069 910 2119 931 aut

1168 942 1258 970 etiam
1270 960 1278 974 ‚
1299 939 1319 970 fi
1335 943 1419 980 cujus
1439 940 1515 971 forte
1533 942 1686 986 pontificis
1698 945 1836 973 animum
1847 963 1855 977 ,
1875 941 2046 984 quodcerto
2056 943 2118 972 scio

1166 983 1251 1012 aliter
1261 980 1318 1012 esse
1328 1002 1336 1016 ‚
1357 993 1423 1014 mea
1433 983 1576 1013 sententia
1586 982 1713 1014 offendit
1725 1005 1733 1017 ,
1754 985 1816 1014 alio
1823 988 1917 1015 modo
1929 983 2121 1014 fitconstitu-

1170 1033 1270 1057 turus,
1282 1033 1331 1054 aut
1341 1024 1378 1054 de
1396 1025 1542 1066 religione
1561 1024 1763 1065 3p0ntificum
1776 1047 1786 1058 ,
1805 1036 1853 1056 aut
1866 1027 1901 1056 de
1915 1027 2015 1066 repub.
2027 1026 2120 1066 quam

1171 1075 1242 1094 eum
1261 1074 1311 1095 aut
1326 1068 1574 1096 caeremoniarum
1585 1068 1654 1107 jus,
1674 1077 1724 1097 aut
1742 1068 1869 1097 civitatis
1881 1068 1958 1108 fizlus
1976 1069 2119 1108 coegerit.

1170 1107 1311 1147 Intelligo
1324 1126 1332 1140 ‚
1343 1106 1500 1147 pontifices
1512 1128 1522 1142 ,
1534 1118 1584 1138 me
1593 1110 1676 1148 plura
1685 1118 1765 1140 extra
1774 1111 1888 1140 causam
1899 1107 2016 1143 dixisse,
2029 1109 2121 1149 quam

1169 1157 1217 1178 aut
1227 1150 1335 1187 opinio
1346 1149 1466 1182 tulerit,
1484 1159 1534 1180 aut
1545 1151 1684 1180 voluntas
1693 1161 1776 1180 mea:
1795 1151 1844 1181 sed
1863 1161 1935 1180 cum
1955 1161 2004 1180 me
2017 1159 2125 1191 purga-

1171 1198 1236 1219 tum
1257 1190 1346 1219 vobis
1364 1188 1420 1219 esse
1438 1199 1579 1229 cuperem
1591 1211 1598 1224 ‚
1619 1200 1685 1221 tum
1698 1193 1787 1221 etiam
1799 1191 1891 1221 vestra
1902 1194 1935 1221 in
1948 1201 1998 1221 me
2010 1191 2121 1222 attente.

1171 1230 1323 1261 audiendo
1340 1231 1509 1271 benignitas
1523 1234 1664 1271 provexit
1681 1235 1848 1262 orationem
1867 1242 1976 1262 meam.
2000 1233 2056 1263 Sed
2066 1234 2126 1263 hoc

2135 370 2177 395 12

1173 1272 1374 1312 compensabo
1385 1272 1529 1303 brevitate
1539 1274 1563 1313 ej
1569 1283 1602 1303 us
1612 1275 1765 1307 orationis,
1775 1285 1840 1315 quae
1850 1276 1978 1314 pertinet.
1986 1274 2130 1314 adipsam.
2168 1293 2170 1296 >

1171 1315 1381 1355 cognitionem
1395 1313 1522 1344 vestram
1536 1325 1541 1344 :
1553 1325 1618 1356 quae
1629 1314 1699 1347 curn
1715 1314 1748 1345 fit
1761 1318 1792 1345 in
1803 1317 1853 1356 jus
1865 1316 2078 1357 religionisff&
2092 1317 2126 1346 in

1170 1356 1220 1395 jus
1237 1355 1354 1395 reipub.
1374 1354 1547 1390 distributa,
1567 1357 1723 1398 religionis
1741 1366 1872 1397 partem,
1893 1368 1958 1398 quae
1971 1358 2070 1387 inulto
2085 1356 2130 1387 est

1172 1396 1324 1427 verbosior
1333 1416 1342 1431 ,
1361 1399 1590 1437 praetermittens
1603 1418 1612 1432 ‚
1633 1399 1669 1429 de
1686 1409 1752 1438 jure
1770 1399 1884 1440 reipub.
1905 1401 2012 1430 dicam.
2045 1398 2128 1440 Qid

1175 1438 1218 1470 est
1238 1440 1322 1469 enim
1342 1449 1391 1470 aut
1408 1448 1468 1470 tam
1487 1450 1622 1480 arrogans
1634 1461 1645 1474 ²
1664 1441 1755 1481 quam
1765 1441 1801 1471 de
1809 1442 1974 1482 religione,
1995 1441 2030 1471 de
2040 1441 2130 1470 rebus

1176 1481 1289 1511 divinis
1298 1500 1307 1515 ,
1325 1483 1515 1512 caeremoniis
1526 1502 1537 1514 2
1549 1482 1635 1512 sacris
1646 1502 1654 1516 ‚
1674 1481 1855 1522 pontificum
1867 1483 2029 1524 collegium
2039 1482 2130 1511 docere

1176 1533 1291 1554 conari:
1312 1532 1361 1553 aut
1368 1532 1428 1553 tam
1440 1522 1564 1553 stultum
1576 1543 1584 1557 ‚
1604 1525 1695 1564 quam
1707 1543 1716 1557 ,
1735 1523 1755 1553 fi
1768 1526 1834 1565 quis
1848 1525 1922 1564 quid
1932 1526 1965 1554 in
1974 1523 2079 1554 vestris
2090 1524 2131 1553 li-

1176 1563 1237 1595 bris
1247 1566 1397 1595 invenerit
1406 1585 1414 1598 ,
1430 1565 1462 1595 id
1473 1575 1588 1596 narrare
1599 1566 1705 1595 vobis:
1719 1575 1768 1596 aut
1778 1576 1838 1596 tarn
1848 1566 1999 1596 curiosum
2012 1586 2020 1598 ,
2034 1567 2131 1605 quarn.

1177 1616 1210 1636 ea
1224 1606 1295 1636 scire
1309 1606 1386 1636 velle
1397 1626 1409 1639 ,
1430 1606 1467 1636 de
1479 1607 1588 1646 quibus
1602 1608 1730 1647 majores
1743 1606 1838 1638 nostri
1852 1617 1907 1637 vos
1921 1608 2002 1638 solos
2012 1608 2044 1637 &
2054 1616 2130 1636 con-

1178 1648 1256 1681 suli,
1275 1648 1308 1678 &
1326 1648 1397 1678 scire
1414 1648 1598 1678 voluerunt?
1621 1651 1708 1689 Nego
1717 1648 1917 1688 potuiffejure
1926 1649 2048 1689 publico
2057 1667 2071 1681 ‚.
2087 1648 2133 1678 le-

1177 1690 1264 1731 gibus
1275 1691 1313 1720 iis
1324 1709 1332 1722 ,
1347 1688 1455 1730 quibus
1465 1688 1526 1720 haec
1535 1691 1639 1720 civitas
1651 1692 1754 1723 utitur,
1766 1699 1950 1730 quemquam
1960 1692 2058 1719 civem
2070 1689 2131 1720 ulla

1179 1731 1328 1767 eiusmodi
1338 1731 1503 1762 calamitate
1512 1730 1588 1762 affici
1601 1752 1609 1765 ,
1619 1731 1789 1773 finejudt'cio
1800 1742 1811 1758 .·
1831 1732 1888 1762 hoc
1897 1733 1970 1769 juris
1982 1733 2013 1761 in
2024 1732 2076 1762 hac
2085 1733 2130 1762 ci-

2153 1660 2194 1693 ¹3

1179 1776 1269 1804 vitate
1281 1793 1289 1807 ‚
1304 1775 1471 1803 etiamtum
1483 1793 1491 1807 ,
1506 1783 1576 1804 curn
1588 1783 1668 1815 reges
1677 1772 1769 1803 ess'ent
1780 1793 1788 1807 ,
1803 1773 1872 1802 dico
1882 1771 1987 1803 fuiss'e:
2007 1774 2063 1802 hoc
2074 1782 2132 1802 no-
2161 1783 2170 1791 ·

1179 1815 1226 1846 bis
1245 1814 1302 1845 ess'e
1317 1815 1332 1844 a
1348 1815 1661 1854 majoribustraditum
1674 1826 1678 1844 :
1700 1816 1758 1845 hoc
1769 1813 1828 1844 ess'e
1838 1815 1966 1855 denique
1977 1816 2134 1855 proprium

1179 1858 1280 1887 liberae
1289 1858 1415 1886 civitatis
1424 1876 1435 1889 2
1457 1867 1479 1886 u
1489 1867 1508 1886 τ
1532 1867 1553 1887 Ν
1567 1868 1577 1886 1
1588 1867 1610 1887 H
1621 1867 1631 1886 1
1643 1867 1664 1886 ι,
1687 1867 1707 1886 n
1717 1867 1736 1886 E
1757 1857 1851 1897 capite
1860 1860 1934 1886 civis
1946 1877 1958 1889 ,
1973 1865 2021 1886 aut
2030 1856 2067 1886 de
2077 1856 2135 1887 bo-

1181 1901 1229 1929 nis
1240 1919 1248 1932 ‚
1270 1897 1455 1938 sineJudicio
1465 1899 1580 1929 senatus
1594 1920 1603 1932 ,
1622 1899 1784 1938 autpopuli
1797 1919 1807 1932 ,
1825 1907 1874 1928 aut
1886 1908 1993 1928 eoru-m
2006 1918 2014 1931 ‚
2031 1899 2083 1938 qui
2094 1897 2134 1928 de

1179 1950 1295 1981 quaque
1308 1950 1337 1969 re
1349 1939 1504 1970 constituti
1515 1942 1524 1979 j
1530 1940 1630 1970 udices
1640 1939 1696 1970 sint
1707 1960 1716 1973 ,
1738 1939 1851 1970 detrahi
1861 1938 1956 1980 poffit.
1977 1944 1995 1966 4
2004 1939 2135 1970 Videsne

1183 1993 1233 2012 me
1253 1992 1316 2012 non
1333 1981 1474 2013 radicitus
1493 1982 1621 2012 evellere
1638 1983 1759 2012 omneis
1776 1981 1909 2011 aetiones
1928 1991 1989 2012 tuas
2003 1983 2014 2010 ?
2036 1990 2136 2021 neque

1181 2024 1256 2055 illud
1275 2033 1357 2063 agere
1368 2043 1377 2056 ,
1396 2023 1478 2064 quod
1495 2032 1632 2063 apertum
1648 2022 1690 2053 est
1701 2043 1710 2058 ,
1732 2032 1759 2053 te
1778 2026 1910 2053 omnino
1927 2023 2006 2053 nihil
2022 2021 2135 2064 geffiffe

1178 2068 1243 2107 jure
1254 2085 1265 2099 ,
1282 2075 1346 2095 non
1355 2063 1442 2095 fuisse
1454 2065 1611 2095 tribunum
1621 2065 1702 2106 pleb.
1714 2070 1725 2096 ?
1746 2069 1759 2092 5
1771 2065 1829 2095 hoc
1839 2064 1907 2095 dico
1917 2084 1926 2098 ‚
1948 2063 2006 2095 ess'c
2015 2065 2136 2104 parrici-

1182 2109 1270 2139 dium
1283 2118 1288 2135 :
1304 2107 1373 2136 dico
1383 2106 1458 2146 apud
1469 2105 1628 2146 pontifices
1639 2118 1643 2136 :
1656 2116 1779 2149 augures
1787 2107 1892 2137 adsunt
1902 2117 1907 2135 ;
1918 2106 2019 2136 versor
2028 2108 2060 2136 in
2070 2115 2138 2135 me—

1182 2150 1234 2180 dio
1242 2160 1252 2189 J
1258 2159 1308 2178 ure
1319 2149 1451 2188 publico.
1466 2149 1556 2190 Qod
1565 2148 1617 2183 est,
1628 2147 1785 2189 pontifices
1795 2168 1803 2182 ‚
1809 2150 1857 2187 jus
1868 2148 2036 2189 adoptionis?
2047 2156 2137 2177 nem-

1183 2201 1220 2232 pe
1231 2200 1262 2222 ut
1273 2192 1298 2220 is
1307 2190 1442 2230 adoptet,
1454 2200 1506 2230 qui
1515 2201 1613 2232 neque
1622 2200 1773 2231 procreare
1778 2191 1841 2229 jam
1851 2189 1962 2220 liberos
1971 2187 2057 2228 poffit
2067 2208 2076 2222 ‚
2088 2188 2133 2222 δε,

1184 2232 1256 2263 cum
1275 2233 1426 2272 potuerit,
1448 2231 1481 2262 sit
1494 2242 1640 2272 expertus.
1665 2234 1740 2273 Qae
1758 2231 1867 2261 deinde
1884 2230 1967 2260 causa
1979 2231 2088 2270 cuique
2101 2228 2136 2260 sit

1184 2275 1355 2314 adoptionis
1365 2293 1374 2306 ‚
1389 2283 1455 2313 quae
1466 2276 1540 2303 ratio
1551 2283 1695 2314 generum
1709 2293 1716 2305 ‚
1736 2283 1767 2302 ac
1776 2272 1926 2312 dignitatis
1938 2291 1946 2304 ‚
1965 2281 2031 2311 quae
2040 2271 2136 2301 sacro-

1185 2326 1253 2346 rum
1265 2335 1274 2348 ,
1293 2317 1385 2355 quaeri
1400 2317 1415 2343 a
1425 2313 1610 2345 Pontificum
1621 2314 1750 2354 collegio
1762 2313 1843 2343 solet.
1867 2313 1947 2354 Qid
1965 2312 2008 2342 est
2024 2314 2136 2342 horum

1186 2361 1218 2387 in
1238 2356 1291 2386 ista
1303 2355 1464 2394 adoptione
1476 2354 1654 2395 quaesitum?
1673 2355 1803 2394 Adoptat
1812 2364 1907 2384 annos
1922 2355 2028 2396 viginti
2040 2362 2137 2387 natus,

1188 2399 1277 2428 etiam
1297 2398 1417 2429 minor,
1437 2397 1612 2427 senatorem.
1645 2397 1864 2426 Liberorumne
1883 2397 1991 2426 causa?
2014 2399 2053 2425 At
2070 2405 2140 2435 pro-

1187 2448 1284 2469 creare
1293 2436 1399 2477 potest.
1424 2437 1511 2468 habet
1521 2447 1668 2468 uxorem:
1687 2436 1933 2477 ⁶suscepitetiam
1945 2437 2055 2467 liberos
2068 2448 2073 2466 z
2086 2447 2144 2467 ex³

1190 2480 1342 2510 heredabit
1359 2481 1448 2521 igitur
1463 2488 1544 2519 pater
1561 2478 1670 2510 filium.
1703 2479 1784 2520 Qid
1797 2486 1806 2510 ?
1819 2479 1894 2509 sacra
1912 2478 2026 2509 Clodiae
2043 2479 2143 2520 gentis

1189 2532 1242 2552 cur
1254 2524 1424 2554 intereunt,
1443 2521 1525 2562 quod
1544 2523 1577 2551 in
1594 2530 1622 2551 te
1640 2521 1702 2552 cst?
1721 2531 1786 2562 quae
1800 2523 1903 2550 omnis
1917 2522 2004 2550 notio
2017 2518 2144 2561 pontifi-

1190 2574 1272 2596 cum,
1282 2573 1352 2593 cum
1363 2562 1544 2602 adoptarere,
1557 2561 1615 2592 effe
1625 2563 1738 2593 debuit.
1758 2561 1823 2592 Nisi
1833 2561 1910 2592 forte
1921 2572 1959 2592 ex
1969 2571 1997 2592 te
2011 2565 2049 2593 ita
2059 2572 2145 2603 quae-

1193 2605 1282 2635 situm
1296 2604 1339 2634 est
1350 2625 1358 2637 ,
1379 2614 1455 2634 num
1465 2605 1630 2644 perturbare
1641 2605 1858 2644 rempublicam
1869 2603 2067 2634 seditionibus
2076 2603 2143 2634 vel-

1192 2649 1250 2676 les:
1268 2647 1301 2676 &
1312 2646 1351 2676 ob
1361 2656 1428 2676 eam
1438 2646 1554 2676 causam
1567 2651 1580 2674 7
1590 2647 1741 2686 adoptari,
1753 2655 1815 2676 non
1826 2654 1858 2675 ut
1868 2644 1947 2675 filius
1956 2644 2041 2678 effes,
2053 2645 2100 2676 sed
2111 2653 2146 2676 ut

1191 2688 1330 2719 tribunus
1338 2688 1435 2728 plebis
1444 2686 1529 2718 fieres
1539 2707 1548 2722 ‚
1561 2688 1738 2718 &funditus
1748 2696 1890 2718 everteres
1901 2690 2064 2717 civitatem.
2081 2689 2144 2758 Rp-

1986 2728 2105 2768 spondii
2121 2729 2144 2761 i,

1222 2827 1249 2851 4.
1270 2820 1365 2853 W-Iaefhc
1374 2829 1407 2844 me
1416 2828 1460 2845 mm
1471 2819 1588 2844 radicitus
1599 2837 1607 2849 ‚
1626 2818 1693 2852 dyc]
1714 2817 1859 2843 Lambinus
1871 2815 1971 2842 sustulit
1981 2814 2145 2848 negativam,

190 2861 441 2894 fis,snlutepubl1cam
459 2861 531 2886 dum
542 2862 606 2893 sent.
627 2866 656 2886 ut
665 2865 786 2895 appareat
806 2856 1000 2884 rescribendum
1014 2875 1022 2888 ‚
1040 2855 1148 2892 dempta
1167 2865 1169 2870 ·
1187 2855 1337 2882 nolentibus
1349 2854 1423 2882 libris
1435 2864 1443 2884 ς
1464 2855 1491 2880 ὅ(
1503 2855 1589 2880 statim
1600 2863 1648 2890 pro
1659 2863 1730 2887 neque
1739 2854 1806 2884 ishad,
1815 2851 1935 2878 rescribit
1947 2869 1954 2882 ‚
1965 2850 2072 2876 metauri.
2092 2859 2147 2876 non

192 2896 273 2924 litera
286 2916 292 2927 ,
302 2899 405 2928 publica.

231 2941 259 2959 2.
278 2935 382 2958 Deidim
402 2933 514 2964 dignitate
530 2930 686 2963 industrius]
710 2931 740 2956 P.
752 2929 888 2956 Manutius
899 2937 928 2955 ac
939 2927 1084 2955 Lambinus
1094 2929 1148 2953 ill«-

190 2971 276 3004 strias,
288 2967 328 2994 sed
343 2978 392 2993 non
405 2967 579 3002 stiffi-agantur
590 2966 650 2992 libri
662 2965 725 2993 edixi
739 2965 870 3002 striptire.

234 3013 260 3039 3.
279 3006 417 3037 Pontificum
428 3011 470 3028 aut
481 3004 506 3028 dc
517 3001 688 3036 republ.qm'1m
696 3011 756 3033 tum,
766 3002 834 3035 dja]
858 3002 943 3027 Locus
955 2999 1065 3026 minime
1078 2999 1147 3025 inte-

194 3049 253 3075 ger.
274 3048 333 3065 nam
345 3038 428 3065 editio
440 3046 513 3064 :etus
527 3039 553 3064 &
567 3037 756 3073 l‘all.pont1fici1
769 3057 777 3068 ‚
796 3044 838 3062 aut
849 3037 874 3061 dr
886 3044 934 3070 up.
944 3036 1089 3070 cujufipmm.
1103 3045 1148 3061 nc-

194 3085 245 3111 que
256 3074 334 3102 aliter
352 3074 487 3135 &VN-L?
958 3073 962 3076 '
1028 3072 1033 3076 ”

194 3110 260 3138 adeo
272 3119 300 3137 ut
312 3109 431 3136 videatur
442 3118 469 3136 re
483 3109 633 3136 cribendum
645 3118 703 3134 cum
716 3109 864 3135 (julielnuo
875 3127 883 3140 ‚
895 3115 937 3133 aut
946 3108 972 3132 dr
982 3109 1150 3140 relictionepnn-

194 3149 263 3179 ηζῖεκ,
274 3153 317 3171 aut
327 3147 352 3170 dc
362 3147 452 3180 rcpahl,
462 3146 530 3173 ‹rm-
542 3144 670 3173 sententia
679 3144 814 3174 simillima
822 3143 862 3174 illi
869 3163 877 3178 ‚
888 3153 965 3181 quam
976 3143 1054 3172 initio
1064 3142 1149 3171 statim

169 3205 171 3207 .
195 3181 257 3210 iibri
270 3183 366 3219 ‘ms-nt.

1188 2892 1256 2917 male
1268 2892 1283 2917 1}
1297 2892 1358 2917 licet
1371 2889 1474 2917 mitiori
1485 2889 1618 2925 adfingere
1628 2902 1637 2914 t
1648 2889 1699 2915 uod
1710 2888 1786 2914 libet.

1228 2937 1252 2961 5.
1273 2932 1319 2953 llor
1328 2928 1376 2953 dica
1385 2927 1425 2960 effe
1432 2926 1588 2960 patricium]
1612 2900 1700 2951 Placet
1710 2925 1793 2960 magis
1804 2921 1875 2959 quod
1893 2921 1971 2949 habet
1981 2922 2038 2948 Pal.
2050 2931 2147 2955 nonus,

1186 2964 1228 2997 effe
1236 2966 1376 2996 patrlcium,
1387 2961 1473 2995 cicero
1485 2961 1545 2993 illo,
1554 2963 1593 2986 hoc
1603 2962 1661 2986 dico.

1224 3000 1251 3025 6.
1272 2999 1373 3033 Suscepit
1382 3001 1452 3023 etiam
1463 2999 1557 3023 liberos.
1576 2995 1750 3030 exheredabit]
1773 2994 1824 3021 Fa,
1836 3002 1889 3020 vet.
1900 2995 1963 3020 item
1976 2993 2032 3019 Pal.
2043 3003 2068 3020 o.
2079 2995 2150 3020 exbo-

1168 3035 1291 3068 3redavlt.
1313 3033 1385 3070 quod
1396 3033 1535 3069 respondet
1555 3033 1636 3068 priori
1657 3031 1794 3058 clausulaez
1817 3040 1873 3066 quae
1885 3038 1972 3056 tamen
1994 3030 2027 3056 fic
2037 3030 2147 3056 habetur

1168 3124 1172 3167 l

1168 3170 1172 3209 [-
1190 3188 1234 3205 non
1246 3183 1272 3204 ut
1283 3180 1407 3213 eJmfila'm
1415 3178 1481 3213 effes.
1502 3176 1590 3205 forsan
1601 3175 1712 3204 rubus.

492 3083 549 3099 uam
561 3072 663 3108 quodis
679 3075 799 3107 pontifices
812 3092 819 3104 ,
839 3071 910 3108 quod
928 3079 1007 3098 etiam
1027 3081 1147 3097 innoxie.
1169 3070 1171 3119 l
1186 3071 1212 3096 iu
1233 3071 1288 3096 1‘211.
1308 3080 1379 3096 nono
1396 3078 1476 3105 atque
1497 3068 1608 3095 Erfurd.
1627 3069 1738 3103 fiefifrpm
1755 3077 1785 3093 :x
1802 3076 1830 3092 ta
1846 3068 1938 3092 liberos.
1970 3065 2042 3101 quod
2060 3064 2149 3093 forfiui

1189 3115 1284 3132 VCHUS·
1403 3129 1407 3132 .

1227 3151 1253 3176 7.
1273 3142 1405 3175 :Adoptari
1415 3161 1423 3173 ,
1442 3151 1486 3167 non
1495 3143 1600 3175 ntfisim
1609 3140 1689 3174 effes]
1710 3140 1738 3166 S.
1749 3137 1820 3167 vj&
1831 3139 1858 3165 8<
1870 3137 1928 3166 Pal.
1938 3147 2022 3166 nonus
2034 3157 2043 3171 ,
2062 3139 2150 3171 optari,

2075 3217 2098 3235 ι.
2114 3205 2156 3233 Vt!
