2360 3400
484 113 686 158 Emsr.
740 126 818 156 AD
862 111 1184 177 Qum-ori
1231 111 1578 165 FRATREM,
1626 111 1752 156 Lin.
1789 111 1883 160 111.

2062 127 2160 178 947

213 203 273 237 qne
292 194 357 226 sum
371 192 515 227 sollicitus
526 191 748 233 exspec‘tatione
760 203 803 228 ea,
815 192 905 235 quam
919 203 1015 225 metu·
1039 197 1086 226 Te
1095 193 1169 225 vero
1187 191 1191 209 l
1211 192 1343 224 verfibus
1363 194 1478 225 Caesar?
1501 203 1571 224 nam
1583 195 1716 234 primum
1733 193 1845 224 librum
1856 192 1991 235 selegisse
2008 194 2161 236 scripsit-ad

215 232 364 280 ι’πύῖεσιν
383 241 528 272 scribendi
546 244 691 284 egregiam
704 243 809 273 habere
817 243 921 274 video.
943 245 1029 283 Qos
1040 250 1073 272 tu
1085 240 1166 276 fitus,
1212 245 1262 266 me
1271 235 1340 267 ant&
1354 247 1359 266 ῑ
1378 236 1515 277 &prima
1526 255 1536 270 ³
1556 234 1610 270 fic,
1627 245 1660 266 ut
1669 244 1758 275 neget
1767 235 1796 266 se
1805 245 1843 266 ne
1854 237 1953 267 Graeca
1961 236 2084 278 quidem
2097 247 2163 268 me·

209 292 284 326 quas
293 292 408 314 naturas
421 292 518 313 rerum
531 283 564 314 &
576 285 725 318 locorum,
736 294 812 326 quos
821 294 919 316 mores
933 304 941 318 ‚
958 293 1029 326 quas
1039 285 1165 325 genteis,

211 333 283 366 quas
300 333 411 365 pugnas
427 344 437 359 ,
454 334 547 365 quem
557 325 629 357 vero
643 327 739 366 ipsum
751 330 962 367 imperatorem
974 325 1085 355 habes?
1101 327 1165 365 Ego

213 374 242 396 tc
252 365 378 396 libenter
388 387 397 400 ‚
418 375 450 396 ut
460 376 543 408 rogas
553 387 561 402 ,
582 368 690 409 quibus
701 368 788 399 rebus
798 370 845 399 vis
855 388 864 403 ‚
884 367 1034 408 adjuvabo
1045 386 1054 400 ‚
1066 366 1099 396 δε
1109 366 1163 396 tibi

207 413 309 445 versus
322 434 331 448 ,
341 424 417 456 quos
426 425 510 457 rogas
521 410 734 452 ,’γλαιδι(9ιεῖς
744 413 864 448 Aurae
874 418 1002 448 mittam.
1024 415 1082 447 Sed
1092 416 1163 445 heus

207 462 245 488 tu
255 474 264 491 ,
275 455 364 488 celari
374 457 479 489 videor
488 457 503 489 a
513 467 552 490 te.
575 458 807 500 quomodonam
817 478 826 494 ,
838 460 882 490 mi
891 457 989 493 frater,
1004 457 1040 488 de
1053 455 1163 489 nostris

509 555 1101 618 M.‘TULL11

1208 284 1285 316 liora
1302 285 1410 328 legiss'e.
1434 286 1563 326 Reliqua
1587 285 1622 316 ad
1640 286 1790 328 quendam
1808 286 1910 317 locum
1930 277 2161 326 5029vpm'veq9a.

1208 326 1266 357 hoc
1274 329 1357 358 enim
1369 330 1461 358 utitur
1469 328 1572 357 verbo.
1585 329 1646 359 Dic
1655 329 1733 358 mihi
1745 338 1861 362 verum,
1873 336 1948 358 num
1958 336 2008 358 aut
2016 336 2062 358 res
2074 337 2156 361 eum.

1203 384 1256 406 aut
1267 368 1435 416 χαρακτήρ
1447 386 1510 407 non
1521 376 1667 408 dele&at?
1685 377 1762 408 nihil
1773 376 1815 408 est
1826 398 1835 411 .
1852 376 1935 419 quod
1945 386 2074 408 vereare.
2097 380 2159 419 Ego

1207 417 1291 448 enim
1311 427 1349 447 ne
1368 417 1431 457 pilo
1441 418 1565 458 quidem
1577 417 1682 449 minus
1693 429 1742 449 me
1750 419 1861 450 amabo.
1885 421 1950 451 Hac
1959 417 1996 451 dc
2005 428 2034 450 tc
2046 422 2158 466 φιλοι-

1206 459 1323 499 aiem,
1339 466 1384 501 δε,
1395 474 1427 497 ut
1436 467 1524 501 soles,
1536 467 1629 499 scribe
1637 467 1774 500 fraterne.

1199 554 1808 620 CicERoNis

208 667 2155 787 EPISTOLARUM

618 855 998 909 LIBER
1113 854 1737 938 TERT1Us,

1121 953 1240 996 AD

438 1031 1120 1120 QurNTUM
1231 1047 1917 1109 FRATREM.

406 1173 618 1203 MARCUS
639 1174 679 1210 Q.
702 1173 916 1207 FRATRI,
940 1176 968 1205 s.

356 1221 367 1226 “
399 1218 408 1231 ³
466 1217 494 1243 G
507 1224 526 1244 o
545 1224 584 1244 ex
601 1224 721 1246 maenis
741 1224 774 1244 ca
787 1216 832 1245 ori
856 1224 890 1244 us
921 1216 1080 1246 nonenim
1095 1225 1160 1246 me-

299 1253 302 1256 *
333 1248 359 1255 ..
432 1223 445 1268 γ
652 1239 671 1256 0
698 1215 702 1219 ’
777 1215 784 1243 1
835 1214 854 1245 b
907 1215 917 1254 (

255 1258 267 1296 ’,ζ
357 1264 392 1313 h
405 1234 436 1288 Q
466 1257 616 1286 minimus
646 1256 787 1296 majores)
815 1258 848 1286 in
875 1259 1011 1297 Arpinati
1041 1258 1160 1288 summa

219 1289 267 1324 Q
308 1315 309 1318 =
365 1312 406 1355 g,
465 1307 535 1328 cum
549 1299 721 1369 aimtffnitate
732 1295 875 1368 gitliminis
896 1309 951 1369 σιξ)
964 1298 1055 1370 τὶεἱεεί
1072 1299 1159 1329 ludo-

261 1346 265 1358 1
337 1357 339 1359 -
432 1346 437 1366 ι
466 1349 533 1369 rum
576 1341 600 1368 ie
624 1349 658 1368 us
706 1341 728 1369 P
753 1340 875 1369 iotimo
894 1343 929 1370 tri
954 1342 995 1370 ui
1020 1351 1053 1370 us
1073 1350 1158 1370 com-

312 1380 314 1383 ’
337 1335 428 1415 ’,ζῶ
464 1380 624 1411 mendatis.
646 1358 682 1410 In
694 1381 883 1411 Arcanoa.d.
899 1391 909 1410 1
920 1391 985 1411 111.
1000 1382 1070 1411 Idus
1080 1385 1156 1422 Sept,

319 1428 331 1454 ζ
356 1418 401 1456 ,ἶ
417 1415 427 1452 -Ῐ
462 1422 516 1452 fui.
528 1422 572 1451 ibi
585 1420 756 1452 Messidium
769 1431 839 1451 cum
851 1423 1159 1463 Philoxeno,aquam-

206 1463 266 1508 que
276 1487 285 1502 ‚
295 1461 576 1508 quam'ii‘ducebant
587 1472 648 1492 non
660 1463 710 1493 lon
735 1463 750 1493 ὲ
759 1462 773 1493 a
782 1463 854 1494 villa
865 1485 873 1497 ‚
886 1464 966 1494 belle
976 1465 1044 1494 sane
1055 1465 1150 1495 fluen-

206 1517 270 1540 tem
284 1508 347 1539 vidi
361 1526 369 1542 ‚
384 1506 545 1546 praesertim
559 1507 691 1536 maxima
712 1506 825 1535 recitate
839 1515 844 1534 ·.
863 1505 1094 1547 uberioremque
1102 1506 1155 1536 ali-

203 1559 318 1592 quanto
329 1549 387 1580 sese
397 1546 577 1579 collesturos
593 1544 651 1576 effe
662 1546 811 1577 dicebant.
843 1547 920 1585 apud
940 1549 1055 1577 Herum
1072 1547 1154 1578 ‘reete

204 1600 278 1623 erat.
303 1595 313 1611 ¹
326 1593 363 1621 In
373 1589 529 1620 Manliano
540 1586 655 1618 offendi
668 1588 830 1629 Diphilum
840 1589 972 1629 Diphilo
982 1589 1153 1619 tardiorem.

202 1633 252 1664 sed
271 1642 372 1664 tamen
389 1632 504 1662 nihilei
522 1629 645 1660 restabat
659 1639 764 1670 praeter
780 1629 928 1661 balnearia
939 1650 946 1664 ‚
967 1630 1001 1662 ὃς
1019 1631 1156 1662 ambula-

196 1675 319 1715 tionem
332 1694 341 1708 ,
361 1674 559 1704 &aviarium.
582 1671 662 1702 Villa
673 1671 842 1702 mihivalde
852 1673 963 1712 placuit
973 1693 982 1708 ‚
999 1682 1156 1713 propterea

199 1715 284 1757 quod
301 1716 450 1746 summam
460 1713 636 1755 dignitatem
652 1716 853 1753 pavimentata
868 1716 1002 1753 porticus
1020 1715 1153 1746 habebat:

198 1756 285 1799 quod
297 1757 375 1787 mihi
385 1755 515 1796 denique
526 1756 671 1795 apparuit,
692 1754 924 1795 posteaquam&
942 1756 1001 1793 ipsa
1020 1765 1080 1787 tota
1100 1766 1152 1797 pa—

197 1807 245 1829 tet
255 1818 264 1832 ‚
285 1797 318 1829 δε
332 1797 484 1828 columnae
494 1797 595 1843 politae
606 1797 682 1827 sunt.
705 1799 822 1827 Totum
833 1798 864 1826 in
876 1807 912 1826 eo
923 1797 966 1828 est
983 1797 1076 1838 (quod
1091 1801 1152 1828 rni-

200 1840 236 1870 hi
249 1841 304 1870 erit
322 1839 425 1878 curae‚)
446 1837 631 1868 2ῑεέίὶοῑὶιιιῃ
649 1847 682 1868 ut
698 1838 885 1869 concinnum
905 1836 948 1868 sit.
983 1840 1152 1879 pavimenta

199 1880 282 1912 τεᾶὲ
302 1879 366 1911 fieri
384 1880 569 1911 videbantur.
609 1889 738 1910 cameras
762 1878 902 1920 quasdam
922 1889 986 1909 non
1012 1880 1148 1920 probavi,

200 1925 371 1964 mutarique
386 1919 462 1961 juffi.
491 1923 562 1963 Qo
577 1921 685 1951 locoin
697 1922 816 1961 porticu
835 1929 862 1951 te
877 1921 1000 1951 scribere
1019 1922 1104 1961 ajunt
1119 1931 1150 1952 ut

199 1965 343 1995 atriolum
356 1962 422 1996 fiat,
446 1964 544 1997 mihi,
563 1972 594 1993 ut
604 1961 646 1993 est
659 1982 667 1996 ‚
688 1964 781 2004 magis
789 1962 931 2003 placebat.
954 1973 1050 2004 neque
1061 1965 1145 1994 enim

195 2005 269 2036 satis
279 2007 336 2036 loci
347 2003 404 2035 effe
414 2004 564 2036 videbatur
577 2005 699 2035 atriolo:
720 2014 816 2045 neque
834 2003 895 2035 fere
918 2005 1010 2039 solet,
1041 2003 1096 2035 nifi
1115 2007 1146 2035 in

197 2047 248 2077 his
263 2046 400 2078 aedificiis
417 2045 481 2077 fieri
495 2066 505 2081 ‚
521 2047 556 2077 in
580 2045 689 2087 quibus
701 2045 744 2077 est
757 2048 864 2076 atrium
884 2047 995 2086 majus:
1020 2056 1076 2077 nec
1097 2048 1148 2078 ha-

196 2088 267 2119 bere
289 2098 401 2129 poterat
422 2087 560 2126 adjunklm
577 2087 714 2118 cubicula
731 2109 740 2122 ,
771 2089 803 2119 ὃς
832 2087 983 2128 ejusmodi
1003 2087 1148 2119 membra.

196 2133 214 2158 ³
225 2140 308 2161 nunc
330 2131 388 2161 hoc
402 2130 451 2160 vel
467 2128 620 2160 honestate
630 2128 805 2164 testudinis,
825 2130 874 2160 vel
883 2129 969 2160 valde
985 2129 1145 2161 boniaesti-

192 2180 269 2202 vum
289 2173 390 2202 locum
409 2171 568 2202 obtinebit.
601 2180 744 2202 tutamen
757 2170 777 2201 fi
796 2172 879 2202 aliter
889 2171 997 2205 sentis.
1019 2171 1145 2202 rescribe

190 2223 285 2255 quam
304 2216 449 2253 primum.
472 2216 508 2243 In
528 2213 704 2247 balneariis,
724 2211 780 2244 assa
796 2215 829 2243 in
845 2214 970 2244 alterum
981 2213 1146 2254 apodyterii

192 2256 337 2296 angulum
365 2257 524 2296 promovi,
550 2264 705 2295 propterea
721 2254 804 2296 quod
823 2257 863 2286 ita
882 2265 963 2285 erant
983 2253 1093 2295 posita,
1116 2263 1148 2286 ut

193 2306 302 2327 eorum
321 2307 527 2337 vaporarium,
550 2307 589 2326 ex
598 2299 746 2339 quoignis
760 2298 906 2338 erumpit,
927 2296 1027 2328 ¹resset
1047 2297 1148 2336 subje-

190 2337 281 2368 &um
298 2339 457 2369 cubiculis.
480 2338 642 2379 subgrande
659 2339 832 2369 cubiculum
851 2347 951 2369 autem
963 2358 972 2372 ‚
992 2338 1025 2369 &
1045 2338 1143 2369 hiber-

193 2389 271 2410 num
286 2381 382 2411 altum
401 2380 486 2410 valde
496 2381 618 2420 probavi
631 2401 638 2414 ‚
657 2379 740 2421 quod
755 2380 789 2410 &
799 2381 897 2421 ampla
907 2389 988 2411 erant
999 2401 1008 2415 ,
1023 2380 1057 2411 &
1075 2380 1144 2411 loco

189 2419 284 2460 posita
294 2422 508 2452 ambulationis
522 2431 584 2452 uno
599 2422 705 2456 latere,
727 2432 782 2456 eo.
802 2421 884 2463 quod
901 2421 943 2453 est
964 2424 1141 2463 proximum

191 2462 360 2493 balneariis.
383 2464 549 2494 Columnas
560 2474 656 2505 neque
667 2463 780 2498 reRas3
799 2463 922 2505 nequet}
943 2466 1066 2505 regione
1086 2466 1144 2494 Di-

190 2504 292 2544 philus
314 2504 482 2535 collocarat.
504 2515 552 2536 eas
565 2506 675 2536 scilicet
692 2504 884 2536 demolietur.
907 2505 1068 2547 aliquando
1077 2515 1144 2546 per-

186 2545 372 2586 pendiculo,
397 2547 430 2577 ὃς
441 2546 521 2578 linea
530 2547 622 2578 discet
632 2549 686 2578 uti.
709 2549 848 2577 Omnino
857 2547 940 2588 spero
947 2550 1048 2588 paucis
1056 2557 1145 2579 men-

339 1388 350 1396 x,
363 1394 370 1401 r

348 1403 367 1424 fs.

186 2709 199 2729 ι
206 2699 271 2754 ,IN
277 2701 403 2726 Manliano
411 2699 494 2732 offridi
501 2700 630 2731 Diphilum,
640 2696 707 2731 dra]
729 2697 797 2725 Pau.
808 2699 955 2725 Maniliano.
974 2698 1136 2727 Gulielmius

244 2735 406 2770 corrigebat,
416 2738 443 2760 171
452 2737 567 2760 Amiano.

1155 2701 1160 2751 l

1183 1200 1184 1215 ζ
1200 1173 1277 1205 sibus
1295 1184 1370 1216 opus
1392 1175 1513 1216 Diphili
1529 1175 1696 1217 perfeetum
1716 1175 1791 1208 fore.
1820 1185 1903 1208 curat
1919 1177 2004 1208 enim
2023 1178 2154 1220 diligenv

1200 1216 1310 1247 tiffime
1329 1216 1437 1248 Caefius
1451 1238 1459 1252 ‚
1482 1221 1535 1259 qui
1553 1228 1619 1249 tum
1639 1229 1762 1250 mecum
1779 1218 1845 1249 fuit.
1880 1221 1927 1249 Ex
1945 1228 1982 1248 eo
1992 1219 2060 1250 loco
2071 1220 2147 1253 rear
2173 1225 2187 1248 2

1202 1258 1347 1289 Vitularia
1372 1261 1420 1290 via
1446 1258 1574 1300 profe6ti
1604 1261 1707 1291 sumus
1730 1262 1763 1290 in
1785 1259 1976 1291 Fufidianum
2004 1260 2148 1295 fundum,

1198 1310 1289 1340 quem
1298 1300 1352 1331 tibi
1363 1303 1512 1341 proximis
1523 1303 1746 1342 nuntiisArpini
1756 1301 1979 1332 deFufidioH-s
1990 1312 2147 1334 coerano¹

1197 1352 1379 1372 emeramus.-
1417 1345 1480 1383 Ego
1500 1343 1603 1373 locum
1618 1343 1715 1374 aestate
1735 1343 1953 1374 umbrosiorem
1974 1344 2039 1374 vidi
2057 1355 2148 1375 num>

1197 1393 1306 1424 quam:
1325 1385 1483 1423 permultis
1494 1385 1566 1415 locis
1587 1395 1694 1426 aquam
1713 1384 1914 1426 profluentem
1927 1405 1935 1420 ‚
1955 1385 2063 1416 &eam
2077 1387 2147 1418 ube-

1197 1435 1270 1454 rem.
1305 1425 1377 1466 quid
1404 1428 1532 1467 quaeris?
1556 1428 1662 1468 Jugera
1691 1437 1720 1457 L.
1744 1429 1818 1467 prati
1835 1425 1942 1458 Caefius
1959 1428 2145 1468 irrigaturum

1196 1465 1283 1496 facile
1304 1476 1330 1497 te
1342 1465 1541 1498 arbitrabatur.
1573 1468 1725 1509 Equidem
1745 1471 1801 1499 hoc
1823 1488 1832 1502 ‚
1858 1468 1939 1508 quod
1957 1468 2069 1498 melius
2097 1472 2148 1500 in—

1195 1508 1298 1548 telligo
1309 1528 1318 1543 ‚
1341 1507 1460 1538 affirmo
1472 1528 1480 1542 ,
1507 1507 1634 1539 mirifica
1663 1510 1802 1540 suavitate
1833 1517 1862 1540 te
1895 1509 2001 1540 villam
2029 1510 2148 1541 habitu—

1196 1554 1286 1579 rum?
1304 1550 1437 1589 piscina,
1450 1550 1666 1581 &salientibus
1683 1550 1791 1581 additis
1803 1571 1812 1584 ,
1834 1550 1983 1590 palaestra,
2002 1555 2016 1579 5
2035 1551 2149 1582 &fiiva

1195 1590 1358 1621 viridicata.
1381 1591 1523 1621 Fundum
1534 1591 1623 1622 audio
1635 1601 1663 1622 te
1677 1593 1759 1622 hunc
1770 1592 1963 1622 Bovillanum
1982 1592 2061 1621 velle
2077 1595 2148 1622 reri-

1195 1641 1275 1662 nere.
1298 1632 1334 1662 de
1351 1641 1387 1662 eo
1410 1632 1483 1673 quid
1494 1632 1644 1667 videatur,
1670 1633 1732 1674 ipse
1755 1632 1928 1664 constitues.
1958 1633 2069 1664 Calvus
2087 1637 2147 1674 aje-

1196 1673 1245 1704 bat
1255 1693 1264 1708 ,
1284 1672 1481 1715 aqua'd'emta‚
1494 1674 1527 1704 &
1539 1676 1604 1715 ejus
1613 1682 1694 1716 aquae
1703 1675 1769 1715 jure
1777 1674 1941 1706 constituto
1952 1695 1960 1708 ‚
1977 1674 2012 1705 δε
2022 1675 2149 1706 servitu-

1195 1723 1222 1746 te
1240 1714 1393 1746 fundoilli
1405 1715 1560 1756 imposita,
1582 1726 1683 1747 tamen
1697 1727 1754 1747 nos
1771 1718 1906 1757 pretium
1926 1716 2038 1747 servare
2050 1716 2146 1757 posse,

1192 1755 1212 1787 fi
1225 1757 1354 1788 vendere
1367 1758 1525 1788 vellemus.
1549 1756 1723 1789 Meffidium
1743 1767 1864 1788 mecum
1874 1758 1973 1788 habui.
1997 1759 2023 1788 is
2041 1759 2070 1790 se
2090 1768 2148 1790 ter-

1191 1800 1240 1828 nis
1257 1801 1395 1829 nummis
1412 1801 1444 1829 in
1452 1799 1561 1840 pedem
1579 1808 1680 1830 tecum
1691 1798 1855 1840 transegisse
1871 1799 2005 1830 dicebat:
2022 1800 2084 1831 sese
2093 1811 2146 1831 au·

1192 1848 1254 1870 tem
1279 1841 1418 1870 mensum
1451 1840 1578 1881 pedibus
1607 1839 1622 1860 ⁶
1641 1841 1738 1881 ajebat
1753 1839 1890 1881 paffuum
1918 1850 1955 1871 xv
1967 1850 2037 1872 cra.
2067 1844 2148 1875 mihi

1189 1880 1257 1920 plus
1274 1881 1373 1912 visum
1389 1881 1443 1912 est.
1467 1881 1516 1912 sed
1535 1881 1678 1922 praestabo
1690 1902 1700 1917 ‚
1723 1883 1856 1913 sumtum
1875 1883 2021 1924 nusquam
2033 1883 2147 1915 melius

1189 1920 1271 1962 poste
1287 1926 1372 1962 poni.
1396 1923 1558 1953 Chilonem
1578 1921 1781 1955 arceffiveram
1801 1922 1944 1954 Venafro:
1966 1924 2015 1955 sed
2027 1935 2064 1956 eo
2078 1926 2144 1966 ipso

1188 1963 1238 1993 die
1258 1973 1399 2005 quattuor
1418 1965 1482 2004 ejus
1500 1965 1681 1999 conservos,
1701 1965 1735 1997 δε
1753 1965 1915 2006 discipulos
1924 1965 2046 1998 Venafri
2062 1969 2143 1997 cuni-

1188 2005 1266 2035 culus
1283 2003 1467 2047 oppresserat.
1490 2006 1594 2037 Idibus
1613 2009 1690 2048 Sept.
1708 2009 1742 2037 in
1760 2009 1880 2038 Laterio
1899 2006 1958 2038 fui.
1979 2009 2061 2040 viam.
2075 2019 2143 2050 per-

1191 2047 1291 2087 spexi,
1313 2057 1379 2088 quae
1394 2049 1473 2078 mihi
1485 2049 1526 2079 ita
1537 2049 1666 2087 placuit,
1690 2058 1724 2080 ut
1737 2058 1812 2089 opus
1820 2049 1978 2089 publicum
1994 2050 2144 2081 videretur
2178 2071 2188 2083 ,

1189 2087 1267 2122 effe,
1287 2098 1392 2130 praeter
1409 2098 1462 2119 cr„
1482 2089 1553 2129 pass.
1572 2090 1639 2121 sum
1657 2090 1942 2131 enimipsemensus
1959 2091 1996 2121 ab
2016 2101 2053 2122 eo
2062 2101 2142 2132 pon·

1188 2131 1281 2162 ticulo
1292 2151 1301 2165 ‚
1325 2132 1378 2172 qui
1397 2130 1441 2162 est
1450 2130 1485 2162 ad
1501 2134 1619 2162 Furinae
1630 2153 1639 2166 ‚
1659 2134 1804 2163 Satricum
1816 2132 1927 2163 versus.
1946 2143 1983 2163 eo
1993 2133 2061 2164 loco
2070 2135 2141 2174 pul-

1187 2173 1252 2206 vis,
1273 2182 1338 2204 non
1355 2173 1449 2214 glarea
1459 2172 1569 2213 injech
1579 2172 1636 2204 est:
1659 2173 1692 2204 δε
1709 2174 1893 2204 mutabitur:
1912 2174 1946 2205 &
1958 2184 1991 2205 ea
2006 2177 2063 2206 via:
2073 2185 2142 2215 pars

1186 2213 1272 2244 valde
1290 2215 1410 2245 acclivis
1427 2213 1478 2245 est.
1502 2215 1550 2246 sed
1568 2215 1706 2246 intellexi
1725 2216 1810 2247 aliter
1826 2215 1896 2246 duci
1914 2225 1978 2247 non
1997 2215 2137 2257 potuisse,

1185 2255 1348 2296 praesertim
1367 2255 1438 2287 cum
1451 2265 1482 2287 tu
1491 2266 1588 2297 neque
1598 2266 1651 2297 per
1666 2256 1801 2288 Locustae
1814 2277 1823 2292 ‚
1845 2267 1942 2298 neque
1958 2267 2012 2298 per
2027 2261 2138 2289 Varro-

1188 2299 1236 2327 n-is
1256 2297 1349 2328 velles
1371 2297 1489 2329 ducere.
1520 2299 1668 2329 Veluinus
1688 2308 1758 2329 ante
1779 2299 1864 2329 suum
1887 2300 2017 2330 fundum
2038 2299 2136 2341 prope.

1187 2341 1345 2370 munierat.
1368 2339 1496 2371 Locusta
1510 2347 1574 2371 non
1584 2343 1716 2382 attigerat
1730 2351 1735 2370 :
1749 2350 1839 2382 quem
1851 2350 1906 2381 ego
1916 2343 2025 2372 Romae
2034 2351 2134 2383 aggre-

1183 2380 1268 2416 diar,
1297 2381 1330 2412 &
1344 2400 1354 2416 ‚
1375 2391 1408 2413 ut
1424 2381 1566 2416 arbitror,
1584 2383 1811 2417 commoveb03
1830 2382 1862 2412 ὃ(
1875 2381 1962 2413 fimul
1986 2384 2028 2413 M.
2052 2386 2136 2415 Tau-

1185 2432 1271 2458 rum,
1290 2432 1382 2464 quem
1403 2423 1457 2454 tibi
1467 2422 1750 2464 audiopromisrffe,
1773 2426 1826 2465 qui
1844 2433 1926 2455 nunc
1944 2426 2052 2455 Romae
2063 2435 2135 2463 erat,

1187 2464 1222 2494 de
1233 2474 1305 2506 aqua
1313 2474 1366 2505 per
1380 2464 1512 2496 fundum
1520 2466 1585 2506 ejus
1594 2465 1729 2496 ducenda
1739 2466 1857 2506 rogabo.
1887 2471 1901 2494 7
1911 2467 2137 2506 Nicephorum,

1184 2506 1323 2538 villicum
1344 2516 1429 2538 tuum
1441 2527 1451 2541 ‚
1474 2507 1542 2538 sane
1552 2507 1693 2547 probavi:
1713 2505 1891 2548 quaesrvique
1900 2517 1939 2537 ex
1950 2508 1988 2537 ed
1998 2519 2007 2542 ;
2025 2511 2134 2550 ecquid

1186 2549 1215 2579 ei
1233 2548 1269 2579 de
1289 2549 1340 2580 illa
1357 2548 1605 2581 aedificauuncun
1619 2550 1752 2583 Laterii,
1774 2547 1811 2579 de
1833 2558 1890 2590 qua
1907 2558 2028 2581 mecum
2046 2551 2134 2582 locu-

2088 2601 2136 2624 tus

1214 2710 1242 2736 4.
1262 2703 1457 2736 Efferficbjefflam
1465 2698 1603 2733 cubiculis]
1621 2700 1663 2726 Ita
1677 2698 1733 2725 mss.
1745 2699 1863 2727 Turnebi
1877 2718 1885 2731 ,
1896 2709 1979 2736 neque
1988 2701 2058 2729 secus
2071 2702 2129 2730 Pal.

1175 2737 1227 2764 sec.
1247 2748 1305 2764 nam
1316 2738 1397 2764 ceteri
1409 2738 1540 2771 fiaebjeflum
1556 2737 1666 2761 cubiculi.
1685 2735 1799 2771 ineptius
1816 2736 1902 2763 adhuc
1921 2744 1993 2764 retro
2013 2737 2127 2774 vulgati,

221 2781 250 2799 2.
267 2772 394 2797 Tellurium
403 2778 429 2796 ut
437 2770 633 2804 concinmcmfit]
655 2769 721 2796 Pali.
733 2769 864 2806 plerique,
874 2771 1001 2795 concinium
1012 2789 1021 2802 ‚
1032 2770 1072 2796 vel
1085 2770 1138 2797 tale
1170 2775 1215 2806 sub
1225 2777 1309 2799 reHnm
1319 2775 1430 2800 cubiculi.
1441 2772 1553 2809 Joseph.
1565 2771 1682 2812 Scaliger
1691 2770 1723 2798 ad
1735 2771 1873 2798 Catullum
1892 2773 2016 2800 emendat
2027 2793 2035 2806 ,
2054 2776 2127 2801 cubili

206 2807 261 2834 uid.
300 2809 351 2833 uod
362 2816 420 2833 cum
434 2806 516 2833 fimile
527 2805 590 2842 quid
600 2806 626 2832 in
641 2804 691 2832 suis
702 2805 774 2833 forte
793 2805 932 2832 invenisset
943 2806 974 2832 Ρ.
985 2807 1135 2840 Manutius,

199 2844 249 2870 ecit
258 2815 319 2870 in‘le
328 2846 461 2869 continuum
464 2843 507 2876 fir.
1012 2868 1014 2871 y

224 2887 237 2914 3
243 2898 250 2905 .
269 2883 338 2905 Nunc
347 2881 385 2905 hoc
394 2881 438 2905 vel
443 2880 556 2912 honestate
563 2878 682 2911 testudim'c
693 2897 701 2911 ‚
719 2878 837 2904 velvahle
847 2879 899 2903 boni
906 2879 1007 2910 xstiwm
1015 2879 1087 2903 locum
1096 2879 1137 2904 ob-

179 2914 294 2949 sinesin]
314 2916 354 2941 lta
363 2915 421 2942 Pal.
429 2924 472 2951 pr.
482 2916 510 2941 ὃς
522 2915 586 2941 olim
597 2914 658 2940 cufi.
679 2924 737 2941 nam
748 2913 798 2940 sec.
809 2915 834 2939 St
848 2920 910 2940 tert.
920 2914 1055 2944 honestatem
1063 2916 1134 2946 reflu-

185 2950 258 2982 dim's,
268 2951 311 2975 vel
317 2952 389 2977 valde
397 2953 479 2977 honum
492 2953 606 2984 aflivum,
617 2951 668 2981 ὼε.
689 2957 775 2986 quart.
787 2952 878 2983 honestae
886 2949 1005 2982 testudinis
1014 2951 1056 2974 vel
1062 2950 1136 2975 valde

181 2987 294 3013 henim.
312 2985 383 3022 quod
394 2987 421 3012 δε
430 2986 463 3013 dc
472 2986 592 3021 conjectu
598 2995 625 3013 ra
643 2993 782 3013 annotarat
791 2985 822 3013 ad
833 2994 907 3012 oram
918 2984 1014 3011 codicis
1026 2984 1061 3011 sui
1073 2987 1130 3011 Gu—

1165 2810 1307 2844 fiaburunde.
1317 2809 1387 2836 idem
1397 2816 1474 2837 antea
1482 2808 1567 2840 delet,
1578 2815 1625 2834 ceu
1635 2807 1762 2843 spurium,
1772 2816 1802 2834 ex
1810 2817 1852 2843 quo
1861 2809 1919 2842 ignis
1927 2812 2037 2842 erumpit.

1214 2869 1239 2894 5.
1259 2860 1359 2892 Ensis-m
1366 2857 1528 2893 vii-idicem]
1549 2857 1592 2884 Sic
1602 2857 1669 2884 Pau.
1681 2864 1745 2883 tres.
1765 2865 1825 2884 nam
1837 2866 1877 2894 pr.
1887 2857 2020 2884 virdieara.
2040 2859 2123 2886 Lam-

1173 2894 1249 2923 binus
1260 2895 1344 2922 edidit
1352 2895 1481 2921 vindicata
1490 2913 1498 2926 ‚
1510 2901 1600 2921 natum
1611 2893 1657 2920 sub
1665 2892 1785 2920 Tui-nebi
1795 2902 1873 2920 manu
1886 2912 1894 2926 ,
1904 2902 1963 2921 cum
1973 2894 2124 2923 offendisset

1173 2932 1199 2959 in
1211 2931 1375 2958 Memmiano
1384 2931 1506 2957 viridam.
1517 2929 1640 2958 videatur
1647 2928 1676 2956 d.
1685 2938 1742 2966 mp.
1753 2937 1800 2965 39.

1207 2980 1235 3007 6.
1254 2981 1338 3013 Ajebat
1350 2980 1459 3013 paffimm
1470 2979 1601 3014 umora]
1620 2978 1724 3006 Placuit
1734 2978 1768 3005 fic
1776 2977 1916 3006 restribere
1928 2999 1936 3012 ‚
1955 2989 2014 3007 cum
2034 2980 2121 3008 offen-

185 3020 314 3047 liclmius.
333 3022 363 3048 Ρ.
375 3023 523 3055 Manutius,
533 3023 670 3058 ingeniose
680 3023 831 3050 divinabat:
843 3026 921 3056 ‘Kane
928 3022 968 3046 hoc
976 3023 1049 3046 velin
1058 3023 1133 3054 ‘state
1170 3014 1261 3042 diffem
1272 3016 1298 3042 in
1310 3015 1377 3043 Pali.
1387 3023 1432 3042 aut
1440 3016 1515 3042 ‘vidus
1523 3015 1645 3049 autjudus
1654 3033 1663 3048 ‚
1673 3014 1732 3042 loco
1743 3023 1912 3043 numerorum
1923 3016 2044 3050 illorum,
2061 3017 2121 3044 vul-

176 3056 313 3089 aecstudinis,
322 3059 364 3082 ve!
369 3059 439 3083 hieme
447 3060 548 3090 estivam
554 3061 626 3084 locum
634 3061 752 3086 obtinebit.
771 3058 893 3084 Lambini
904 3056 1054 3083 emendatio
1065 3056 1130 3083 ridi-

184 3091 243 3119 cula
252 3092 298 3118 est.
309 3092 580 3124 Turneb 1ib.x,x1v.
596 3103 652 3131 cap.
663 3103 710 3131 39.
719 3093 939 3122 Adversariorum
952 3112 960 3125 ‚
971 3093 1078 3130 putabat
1088 3094 1130 3121 lo-

183 3135 243 3156 cum
253 3127 442 3165 redintegrari,
452 3128 470 3156 fi
484 3128 672 3159 rescriberetur
682 3138 800 3165 tantum,
810 3132 862 3159 boui
870 3131 952 3166 asti-ai.

1170 3058 1232 3088 gata
1242 3051 1321 3078 nimis
1331 3051 1560 3086 enormispaffimm
1569 3059 1655 3078 cccc.
1665 3059 1727 3078 cm.

1205 3102 1234 3130 7.
1252 3096 1406 3128 Nicephorum
1415 3097 1517 3121 villicum
1525 3093 1619 3129 raum]
1638 3093 1731 3122 Editio
1748 3101 1825 3126 vetus
1835 3095 1864 3123 &
1874 3095 1941 3125 Pau.
1951 3095 2039 3133 plures
2050 3098 2120 3122 Mea—

1164 3132 1274 3167 phorum,
1285 3131 1356 3168 quod
1367 3139 1468 3160 tantum
1479 3130 1599 3196 pgizegag
1606 3130 1768 3195 ngli'plmio.
2039 3174 2063 3193 L
2074 3167 2120 3192 w,
