2337 3400
184 119 280 167 600
588 111 1093 160 M.TULL11

187 198 231 226 tio
242 190 460 224 dubitationem
473 186 666 218 belliafl'cret.
691 187 800 215 Bam
813 194 913 216 autem
925 185 1018 215 dubio
1029 204 1037 218 ,
1058 182 1140 225 quod

183 235 280 278 potest
292 233 422 264 studium
434 230 490 260 css'c
502 229 658 259 delebitis?
681 228 888 269 Qamobrem
905 247 913 260 ,
932 230 966 257 P.
976 229 1008 256 C.
1032 227 1145 266 legato-

186 288 255 307 rum
272 282 463 304 mentionem
474 271 589 301 nullam
599 270 706 300 censeo
721 269 888 299 faciendam
903 279 908 298 :
928 278 992 298 rem
1012 268 1146 297 admini-

184 317 332 349 strandam
347 315 473 344 arbitror
487 311 545 342 sine
560 312 619 341 ulla
633 321 717 340 mora
728 331 736 344 ,
757 311 789 340 &
799 309 959 340 confestim
972 309 1144 351 gerendam:

185 358 350 390 tumultum
362 356 480 385 decerni
493 375 501 387 ‚
519 353 671 393 justitium
683 353 776 382 indici
789 373 798 386 ,
816 353 878 393 saga
888 353 965 382 sumi
975 352 1043 381 dico
1055 361 1146 391 opor—

186 410 246 431 tere
258 419 264 432 ‚
278 397 430 428 dele&um
444 396 554 428 haberi,
575 395 695 425 sublatis
705 395 910 424 vacationibus
920 396 953 423 in
963 393 1035 423 urbe
1046 412 1054 426 ,
1071 394 1146 423 &in

185 442 279 473 Italia,
292 448 429 480 praeterca
441 438 538 467 Gallia
549 446 618 467 tota.
642 446 707 477 quse
719 435 738 464 sl
750 435 940 466 eruntfac‘ta:
955 437 1062 475 opinio
1073 435 1142 474 ipsa,

187 484 220 513 &
231 482 308 512 sama
318 480 420 510 vestrae
431 480 591 509 severitatis
604 478 711 509 obruet
721 478 850 508 scelerati
861 477 1030 519 gladiatoris
1040 486 1146 507 arnen-

185 527 271 555 tiam.
297 523 401 553 sentiet
417 520 467 550 sibi
484 521 599 550 bellum
613 530 682 551 cum
701 529 759 559 rcp-
776 518 833 549 effe
850 518 1015 559 susceptum
1029 529 1034 548 :
1055 528 1146 558 expe-

186 568 279 596 rietur
289 564 503 594 consentientis
515 563 629 592 senatus
641 571 760 594 nervos,
772 570 858 601 atque
867 563 968 592 vireis.
983 571 1053 591 nam
1066 570 1147 590 nunc

188 607 313 647 quidem
334 606 461 646 partium
484 605 683 633 contentionem
704 602 762 633 ess'e
779 602 905 634 distitat.
938 612 1065 644 quarum
1084 612 1148 644 par-

189 652 293 680 tium?
313 649 396 678 alteri
406 645 479 676 vich
491 646 557 676 sunt
568 666 576 679 ‚
598 646 681 675 alteri
693 645 760 675 sunt
770 644 786 674 ὲ
798 645 908 675 mediis
919 645 1076 675 ccaesaris
1086 653 1150 684 par-

188 691 281 722 tibus.
310 688 364 719 nisi
374 688 450 718 forte
464 687 585 717 Caesaris
598 689 704 728 parteis
722 687 737 717 a
755 688 844 717 Pansa
855 707 864 721 ,
885 687 918 717 δε
929 688 1030 717 Hirtio
1040 686 1148 716 consu-

189 733 270 762 libus
280 752 288 764 ‚
310 731 342 761 δε
356 731 372 760 a
390 728 457 759 filio
469 732 501 759 C.
513 729 630 759 Caesaris
645 730 808 768 oppugnari
822 738 972 769 putamus.
998 731 1065 758 Hoc
1079 726 1151 757 vero

189 775 309 804 bellum
324 782 388 802 non
403 770 444 801 est
458 781 497 801 ex
511 769 690 802 dissensione
703 772 832 810 partium
845 791 853 804 ,
874 771 924 801 sed
935 780 973 800 ex
984 769 1095 800 nefaria
1104 771 1152 809 spe

190 813 459 856 pei-ditissimorum
471 814 585 843 civium
596 814 771 842 excitatum:
781 812 891 852 quibus
902 812 994 845 bona,
1007 811 1154 841 fortunae-

189 868 247 898 que
261 856 367 887 nostr-a:
381 864 488 886 notata:
500 855 579 887 sunt,
592 855 624 884 &
633 855 694 893 jam
705 854 740 884 ad
750 855 892 894 cuiusque
902 855 1082 894 opinionem
1094 853 1155 883 dis-

191 899 321 931 tributae.
354 899 428 937 Legi
450 895 605 936 epistolam
621 897 750 925 Antonii
761 915 769 929 ,
788 905 878 936 quam
895 897 930 925 ad
946 895 1096 936 quendam
1111 895 1155 924 se-

191 943 391 982 ptemvirum,
404 939 557 978 capitalem
571 939 744 969 hominem,
756 938 900 977 collegam
914 938 1011 970 suum,
1025 937 1154 967 miserat.

192 987 286 1023 Qtn
301 990 527 1011 coxcuprscas
541 1000 548 1012 ,
575 989 620 1009 τυ
640 988 778 1009 VIDERIS
796 989 801 1007 z
834 988 924 1016 quon
945 987 1155 1009 coucumvn-

194 1035 249 1054 nis
261 1045 269 1058 ,
295 1032 403 1053 cauria
424 1031 577 1052 imni-:313-
603 1022 683 1050 Hem
698 1040 705 1053 ‚
720 1020 755 1050 ad
766 1030 856 1061 quem
867 1021 977 1062 legatos
988 1023 1153 1050 mittamus:

192 1068 241 1097 cui
253 1066 367 1096 bellum
381 1073 535 1093 moremur
546 1061 719 1103 inferretqui
729 1072 766 1091 ne
778 1062 847 1092 sorti
858 1063 981 1103 quidem
1000 1066 1009 1082 ¹
1019 1062 1154 1092 fortunas

194 1107 310 1138 nostras
324 1105 457 1136 destituit
467 1124 475 1137 ‚
498 1104 548 1134 sed
563 1103 684 1133 libidini
699 1104 842 1144 cujusque
852 1114 908 1134 nos
919 1106 958 1134 ita
967 1104 1099 1136 addixit,
1123 1111 1154 1131 ut

195 1160 235 1180 ne
256 1148 308 1178 fibi
319 1147 441 1188 quidem
453 1146 618 1187 quidquam
631 1146 784 1186 integrum
797 1166 804 1179 ‚
820 1146 901 1186 quod
914 1156 977 1175 non
987 1147 1076 1175 alicui
1087 1154 1156 1183 pro·

194 1188 391 1228 miss'unijam
403 1187 446 1221 sit,
460 1188 621 1228 reliquerit.
645 1197 714 1217 cum
727 1188 784 1217 hoc
795 1207 803 1221 ,
817 1190 883 1218 Rc.
896 1188 987 1220 bello,
1002 1187 1094 1219 bello,
1108 1188 1155 1215 in·

191 1242 294 1274 quam,
305 1230 518 1261 decertandum
528 1228 570 1259 est
579 1249 586 1262 ‚
599 1228 689 1270 idque
701 1228 874 1259 confestim.
888 1230 1055 1268 legatorum
1066 1227 1156 1257 tardi—

193 1283 235 1305 tas
246 1272 429 1313 repudianda
438 1271 693 1312 est.Qapropter,
705 1281 742 1300 ne
753 1271 848 1300 multa
858 1271 946 1300 nobis
956 1270 1092 1311 quotidie
1104 1269 1150 1298 de-

192 1315 343 1346 cernenda
352 1313 425 1344 sint:
447 1313 623 1344 consulibus
642 1321 734 1342 totam
752 1313 888 1352 rempub.
900 1311 1154 1342 committendam

194 1358 315 1391 cense0,
327 1357 429 1397 hisque
440 1355 679 1396 permittendum
690 1375 698 1388 ,
712 1364 742 1384 ut
752 1365 848 1394 remp.
860 1353 1024 1384 defendant
1034 1374 1042 1386 ,
1054 1354 1156 1393 provi-

194 1400 343 1439 deantque
353 1418 362 1431 ‚
373 1408 411 1428 ne
422 1397 494 1438 quid
505 1397 578 1436 resp.
591 1396 765 1426 detrimenti
775 1397 898 1435 accipiat
909 1407 914 1424 1
924 1396 1091 1436 censeoque
1102 1414 1110 1428 ,
1123 1403 1157 1424 ut

196 1442 235 1471 iis
247 1461 256 1474 ‚
276 1442 374 1481 quiin
388 1448 522 1469 exercitu
532 1440 659 1468 Antonii
672 1438 735 1468 sunt
748 1459 756 1471 ‚
778 1449 815 1468 ne
832 1437 865 1468 sit
882 1448 914 1468 ea
932 1448 975 1467 res
992 1437 1110 1470 fraudi,
1131 1435 1152 1465 fi

195 1492 264 1513 ante
277 1481 426 1512 Kalendas
440 1481 525 1511 Febr.
541 1481 576 1510 ab
594 1490 630 1510 eo
641 1479 814 1519 disccffirint.
840 1482 913 1510 Haec
932 1478 952 1508 fi
970 1479 1154 1511 censueritis,

195 1533 292 1566 patres
309 1524 488 1562 conscripti,
512 1522 595 1552 brevi
613 1531 750 1561 tempore
764 1522 930 1551 libertatem
947 1522 1155 1561 populiRom.

196 1565 463 1605 aufiloritatcmque
481 1563 608 1594 vestram
628 1564 845 1603 recuperabitis.
876 1562 918 1593 sin
938 1573 1039 1593 autem
1056 1563 1155 1592 lenius

198 1609 290 1649 agetis
304 1618 309 1637 2
321 1617 422 1638 tamen
434 1606 549 1639 eadem,
561 1605 608 1635 sed
619 1603 736 1635 fortass‘e
744 1605 835 1634 serius
845 1604 1020 1635 decernetis.
1036 1607 1084 1634 De
1093 1613 1156 1643 rep.

138 1658 178 1691 13
199 1650 297 1691 quoad
316 1647 475 1681 retulistis,
498 1648 564 1677 satis
585 1645 747 1677 decrevisse
764 1647 878 1676 videor.
901 1647 999 1676 Altera
1013 1656 1059 1677 res
1070 1644 1112 1675 est
1121 1646 1158 1675 de

199 1690 384 1723 honoribus:
410 1689 446 1719 de
467 1689 578 1730 quibus
596 1688 734 1728 deinceps
753 1689 891 1728 intelligo
909 1687 966 1718 ess‘e
983 1688 1155 1718 dicendum.

199 1733 258 1765 Sed
277 1734 329 1773 qui
351 1731 427 1761 ordo
442 1734 474 1760 in
486 1732 641 1761 sententiis
651 1731 790 1771 rogandis
800 1730 904 1760 servari
914 1730 1005 1763 solet,
1026 1729 1156 1760 eundem

199 1775 310 1806 tenebo
327 1776 360 1804 in
378 1775 450 1803 viris
463 1772 590 1802 fortibus
603 1772 796 1802 honorandis.
819 1775 844 1802 A
857 1774 946 1802 Bruto
956 1774 1063 1812 igitur,
1085 1781 1159 1801 con-

198 1818 261 1848 sule
271 1815 438 1857 designato,
460 1824 545 1843 more
555 1814 705 1853 majorum
715 1816 867 1853 capiamus
877 1814 1055 1843 exordium:
1075 1814 1160 1852 cujus

199 1868 234 1889 ut
251 1859 396 1898 superiora
409 1865 549 1885 omittam
560 1875 568 1889 ,
589 1865 655 1895 quae
668 1856 736 1885 sunt
746 1856 938 1885 maximailla
946 1855 1070 1896 quidem
1083 1874 1091 1887 ‚
1110 1854 1160 1884 sed

202 1901 300 1931 adhuc
324 1901 488 1928 hominum
512 1899 606 1937 magis
620 1897 753 1936 judicias,
779 1897 870 1937 quam
892 1896 1014 1937 publice
1036 1896 1158 1927 laudata:

199 1941 382 1983 quibusnam
402 1940 501 1970 verbis
519 1940 584 1978 ejus
596 1939 695 1969 laudes
707 1939 794 1978 hujus
804 1937 891 1978 ipsius
901 1940 1046 1978 temporis
1056 1938 1161 1969 conse-

200 1985 255 2019 qui
274 1981 451 2023 poss'umus?
471 1991 567 2021 neque
585 1983 670 2011 enim
685 1981 776 2011 ullam
788 1980 958 2011 mercedem
968 1990 1047 2010 tanta
1055 1982 1161 2013 virtus,

199 2020 306 2067 pi'aeter
314 2025 390 2054 hanc
398 2023 671 2064 laudis,gloriaeque
682 2021 831 2053 desiderat.
854 2033 911 2064 qua
920 2025 1010 2053 etiam
1021 2021 1040 2052 fi
1052 2031 1155 2056 careat,

201 2076 304 2098 tamen
324 2065 358 2096 sit
376 2066 467 2106 seipsa
480 2074 621 2095 contenta
632 2085 640 2099 ‚
660 2073 746 2106 atque
758 2067 789 2094 in
801 2067 948 2095 memoria
956 2074 1109 2107 gratorum
1119 2066 1162 2094 ci-

201 2111 289 2138 vium
302 2128 310 2142 ,
330 2117 482 2149 tamquam
494 2108 522 2136 in
531 2107 591 2136 luce
602 2127 610 2140 ,
625 2106 847 2147 positalaetetur.
871 2108 936 2137 laus
944 2107 1162 2148 igiturjudicii,

203 2149 433 2190 testimoniique
452 2148 560 2183 vestri,
581 2149 742 2179 tribuenda
760 2151 852 2179 Bruto
871 2148 922 2179 est.
954 2149 1162 2190 Qamobrem

202 2193 253 2221 his
261 2192 377 2224 verbis,
393 2194 459 2221 P-C.
472 2190 942 2222 senatusconsultumfaciendum
953 2191 1060 2220 censeo
1072 2201 1077 2220 :
1089 2199 1163 2220 CUM

205 2235 386 2264 D.Bnurus
398 2253 406 2266 ,
426 2234 499 2272 imp.
511 2243 573 2262 cos.
584 2231 749 2274 designatus
761 2253 769 2266 ‚
791 2235 978 2272 provinciam
990 2233 1119 2263 Galliam
1131 2234 1164 2261 in

205 2275 323 2306 senatus
335 2294 343 2308 ,
358 2275 522 2314 populique
532 2277 625 2304 Rom.
634 2273 776 2314 potestate
786 2283 884 2304 teneat
894 2285 899 2303 z
910 2284 1041 2315 cumque
1050 2275 1162 2303 exerci-

205 2325 274 2347 tum
293 2325 408 2346 tantum
421 2335 429 2349 ,
450 2324 510 2345 tam
521 2316 604 2345 brevi
614 2324 749 2354 tempore
759 2335 767 2349 ,
789 2316 911 2345 summo
923 2315 1021 2345 studio
1033 2317 1165 2345 munici-

204 2360 329 2400 piorum
341 2379 350 2391 ‚
370 2358 619 2398 coloniarumque
627 2359 790 2396 provinciae
800 2357 905 2386 Galliae
917 2377 925 2389 ,
947 2358 1062 2396 optime
1073 2356 1109 2386 de
1120 2366 1174 2385 re-1

206 2400 282 2442 pub.
305 2401 420 2429 meritae
434 2419 443 2432 ‚
465 2399 665 2438 merentisque
676 2417 683 2431 ,
697 2398 917 2438 conscripserit,
929 2399 1123 2437 compararit:
1135 2397 1165 2426 id

208 2451 279 2472 eum
291 2441 370 2471 reste
381 2461 390 2475 ,
406 2441 438 2470 &
448 2440 553 2471 ordine
565 2460 574 2474 ,
588 2450 685 2480 exque
695 2440 798 2479 repub.
808 2436 925 2470 fecisse:
939 2439 1027 2480 idque
1038 2440 1166 2468 D.Bruti

208 2481 480 2523 praestantiffimum
502 2484 645 2511 meritum
664 2483 697 2511 in
718 2491 812 2522 remp.
836 2482 949 2512 senatui
960 2501 968 2514 ,
993 2481 1165 2521 populoque

209 2527 305 2555 Rom.
320 2534 435 2566 gratum
455 2523 532 2557 effe,
549 2523 665 2553 &fore
687 2525 784 2563 itaque
795 2524 946 2556 renatum,
959 2524 1165 2563 populumque

209 2568 302 2596 Rom.
326 2565 497 2596 existimare
508 2585 516 2599 ‚
541 2567 666 2595 D.Bruti
678 2584 686 2598 ,
712 2567 787 2604 imp.
812 2575 877 2595 cos.
900 2563 1041 2606 designati
1066 2574 1165 2604 opera,

210 2607 337 2637 consilio
349 2628 358 2642 ,
377 2610 486 2637 virtute
500 2627 509 2641 ,
524 2607 754 2647 incredibilique
765 2606 864 2636 studio
875 2627 884 2640 ‚
897 2607 929 2636 &
940 2607 1086 2636 consensu
1097 2615 1167 2646 pro-

210 2652 319 2679 vinciae
340 2650 445 2679 Galliae
455 2669 464 2683 ,
484 2651 556 2688 reip.
574 2649 736 2688 difficillimo
755 2657 873 2689 tempore
893 2646 951 2678 css‘e
969 2648 1162 2678 subventum.

211 2693 294 2721 Huic
304 2701 384 2721 tanto
394 2694 504 2721 merito
515 2692 616 2724 Bruti,
628 2693 694 2721 P.C.
705 2700 846 2731 tantoque
856 2692 887 2720 in
899 2700 995 2730 remp.
1008 2688 1167 2724 beneficio,

209 2735 279 2773 quis
290 2732 331 2762 est
342 2742 439 2762 tantus
449 2734 558 2766 honos,
568 2735 620 2773 qui
630 2742 694 2762 non
703 2731 842 2762 debeatur
852 2736 862 2758 ἓ
872 2742 941 2762 nam
953 2732 973 2761 si
985 2733 1169 2761 M-Antonio

210 2773 348 2815 patuisset
358 2776 454 2804 Gallia
464 2795 472 2808 ,
495 2773 515 2804 fi
526 2772 665 2815 oppreffis
675 2775 851 2814 municipiis
861 2794 870 2808 ,
884 2775 915 2805 &
927 2775 1058 2804 coloniis
1073 2776 1170 2813 impa-

213 2818 283 2846 ratis
295 2836 303 2848 ,
319 2817 442 2845 inillam
453 2817 591 2846 ultimam
603 2816 730 2846 Galliam
743 2825 893 2855 penetrare
903 2814 1060 2856 potuislet:
1076 2825 1170 2856 quan-

214 2865 262 2888 tus
274 2867 345 2896 rcip-
358 2866 450 2887 terror
458 2858 644 2898 impenderet
653 2860 663 2886 ?
673 2857 821 2888 dubitaret
833 2879 841 2891 ,
852 2858 951 2891 credo,
964 2859 1057 2887 homo
1067 2867 1172 2886 amen-

215 2897 343 2929 tissimus
355 2919 362 2931 ,
374 2909 458 2939 arque
469 2900 610 2929 omnibus
622 2898 754 2929 consiliis
764 2909 893 2939 praeceps
904 2920 911 2933 ‚
928 2900 960 2929 &
970 2899 1076 2929 devius
1087 2919 1095 2933 ,
1108 2908 1172 2928 non

214 2940 315 2972 solum
326 2950 396 2969 cum
408 2943 537 2970 exercitu
548 2942 600 2971 suo
610 2961 619 2976 ,
641 2941 690 2971 sed
702 2944 791 2972 etiarn
802 2952 872 2972 cum
884 2943 971 2972 omni
983 2943 1172 2971 immanitate

1173 110 1732 158 C1cERON18

1192 182 1331 214 barbariae
1340 182 1456 213 bellurn
1467 183 1574 215 inferre
1585 186 1674 216 nobis
1686 196 1691 215 :
1713 194 1746 216 ut
1753 183 1779 225 ej
1783 194 1816 215 us
1826 182 1959 216 furorem
1972 193 2009 216 ne
2019 185 2145 227 Alpium

1192 225 1314 265 quidem
1331 235 1409 254 muro
1422 226 1562 256 cohibere
1575 226 1736 267 poffemus.
1761 229 1833 258 ch
1844 229 1932 270 igitur
1942 228 2076 259 habenda
2083 239 2148 269 gra-

1192 275 1231 296 tia
1240 266 1282 297 est
1294 268 1427 296 D.Bruto
1436 286 1445 300 ‚
1466 269 1631 308 quiillum,
1648 269 1787 300 nondum
1798 268 1968 310 interposita
1976 269 2151 301 austeritate

1191 307 1285 339 vestra
1298 329 1305 341 ‚
1321 309 1373 338 suo
1386 307 1513 338 consilio
1523 329 1532 342 ,
1544 306 1753 350 atquejudicio
1765 332 1773 346 ,
1790 322 1854 342 non
1864 321 1896 341 ut
1903 312 2059 342 consulem
2070 321 2151 342 rece-

1192 352 1254 390 pit,
1275 350 1324 381 sed
1335 369 1343 382 ,
1363 358 1396 379 ut
1406 349 1522 380 hostem
1534 371 1542 384 ,
1566 355 1659 382 arcuit
1669 353 1784 388 Gallia3
1800 354 1886 395 seque
1898 353 2044 388 obsideri,
2058 353 2152 395 quam

1194 394 1269 422 hanc
1289 391 1412 425 urbem,
1432 392 1549 422 maluit.
1572 393 1764 436 Habeatergo
1776 396 1866 435 hujus
1877 397 1948 426 tanti
1963 395 2034 425 fasti
2046 416 2055 428 ,
2071 404 2152 426 tam-

1192 444 1250 474 que
1276 433 1408 473 praeclari
1431 433 1550 464 decreto
1573 434 1671 465 vestro
1697 436 1906 467 testimonium
1927 437 2127 478 sempiternum
2138 446 2152 465 .-

1194 476 1347 516 Galliaque
1358 494 1366 507 ‚
1387 485 1452 516 quae
1470 475 1586 515 semper
1597 474 1729 516 praefidet
1739 498 1747 511 ,
1767 488 1854 518 atque
1863 480 1996 519 praesedit
2006 480 2076 510 huic
2090 480 2153 509 im-

1192 519 1275 557 perio
1288 537 1296 550 ‚
1319 517 1508 558 libertatique
1521 521 1699 553 communi,
1721 519 1849 554 merito,
1867 531 1995 562 vereque
2006 521 2152 555 laudetur,

1193 558 1275 600 quod
1290 559 1330 591 se,
1345 559 1360 588 s
1357 559 1463 599 uasquc
1474 561 1563 589 vireis
1573 569 1638 589 non
1648 560 1778 594 tradidit,
1792 561 1840 591 sed
1851 563 1990 602 opposuit
2002 564 2151 593 Antonio.

1194 605 1290 641 Atque
1302 602 1390 630 etiam
1403 603 1446 630 M.
1457 600 1574 641 Lepido
1587 611 1641 641 pro
1660 602 1724 641 ejus
1741 605 1865 644 egregiis
1878 606 1910 633 in
1928 614 2023 644 remp.
2035 606 2152 634 meritis

1193 642 1397 672 decernendos
1418 644 1550 672 honores
1565 643 1657 684 quam
1676 642 1874 683 amplissimos
1894 646 2011 676 censeo.
2034 647 2152 687 semper

1195 684 1247 714 ille
1262 685 1411 724 populum
1421 685 1595 715 R-liberum
1606 685 1717 718 voluit,
1730 687 1961 726 maximumque
1971 685 2087 728 signum
2097 689 2153 721 illo

1198 726 1246 756 die
1256 727 1339 756 dedit
1349 727 1510 756 voluntatis
1521 746 1529 760 ‚
1540 726 1690 766 &judicii
1701 727 1744 757 sui
1755 746 1762 761 ‚
1773 726 1856 760 cum,
1870 730 2007 758 Antonio
2017 729 2155 766 diadema

1199 768 1304 798 Caesari
1322 770 1499 807 imponente
1510 789 1518 802 ‚
1542 769 1571 799 se
1582 771 1687 798 avertit
1696 788 1704 803 ‚
1725 771 1898 810 gemituque
1910 770 1943 800 δε
1953 769 2094 801 moestitia
2103 770 2156 800 dc-

1198 810 1318 839 claravit
1330 830 1338 842 ,
1360 819 1507 850 quantum
1517 810 1634 841 haberet
1652 810 1760 840 odium
1773 810 1940 850 servituris:
1956 813 2046 852 quam
2057 821 2157 852 popu-

1198 851 1263 881 lum
1274 854 1368 881 Rom.
1379 852 1509 882 liberum
1520 861 1656 892 cuperet:
1675 852 1765 893 quam
1776 853 1828 883 illa
1839 873 1848 886 ‚
1869 863 1933 894 quae
1944 854 2066 887 tulerat,
2078 863 2157 883 tem-

1197 903 1308 933 porum
1327 895 1421 934 magis
1442 892 1606 924 neceffitate
1617 914 1625 926 ,
1647 896 1739 935 quam
1754 894 1870 934 judicio
1888 893 2008 925 tuliss'et.
2039 898 2158 937 Qanta

1198 934 1271 965 vero
1282 937 1307 965 is
1319 937 1526 965 moderatione
1536 935 1604 965 usus
1615 935 1648 965 sit
1656 946 1690 966 in
1701 937 1757 966 illo
1767 946 1900 977 tempore
1910 939 2038 967 civitati-s
2048 957 2056 970 ,
2071 936 2155 978 quod

1198 976 1264 1016 post
1274 986 1405 1007 mortem
1419 977 1537 1007 Caesaris
1548 978 1742 1008 consecutum
1753 977 1795 1008 est
1808 998 1815 1011 ‚
1836 988 1902 1018 qnis
1920 977 2057 1009 nostrum
2074 979 2155 1009 obli-

1199 1018 1271 1047 visci
1282 1018 1400 1058 potest?
1423 1021 1532 1060 Magna
1543 1020 1624 1049 haec:
1643 1019 1690 1050 sed
1709 1020 1745 1049 ad
1763 1021 1877 1058 majora
1894 1030 2029 1060 properat
2047 1022 2154 1051 oratio.

1199 1059 1281 1099 Qid
1302 1061 1384 1089 enim
1398 1079 1406 1093 ‚
1425 1059 1457 1099 (ὃ
1478 1062 1520 1090 dii
1540 1062 1726 1091 immortales
1740 1064 1745 1090 1
1757 1063 1766 1101 )
1785 1061 1990 1092 admirabilius
2009 1062 2156 1093 omnibus

1197 1101 1427 1142 gentibuS‚quid
1438 1103 1567 1141 optatius
1577 1103 1691 1141 populo
1701 1103 1927 1133 Romaccidere
1935 1104 2155 1145 potuit‚quam.

1197 1142 1269 1172 cum
1289 1142 1405 1172 bellum
1423 1143 1514 1172 civile
1532 1147 1704 1173 maximum
1724 1142 1795 1173 efl'et
1813 1164 1821 1178 ,
1844 1146 1929 1185 cujus
1947 1146 2018 1175 belli
2036 1148 2156 1176 exitum

1198 1192 1306 1213 omnes
1317 1186 1503 1217 timeremus,
1511 1184 1655 1225 fhpientia.
1665 1186 1727 1225 ejus
1736 1185 1766 1214 id
1777 1184 1879 1225 potius
1889 1186 2050 1228 exstingui,
2062 1187 2155 1228 quam

1199 1227 1288 1255 armis
1300 1245 1309 1258 ,
1331 1224 1365 1255 &
1381 1224 1460 1255 ferro
1476 1235 1540 1255 rem
1558 1228 1590 1255 in
1608 1225 1771 1256 discrimen
1787 1226 1929 1258 adducere
1943 1232 1954 1257 ἓ
1977 1228 2067 1267 Qod
2078 1227 2159 1259 flea-

1198 1267 1268 1297 dem
1279 1269 1352 1297 ratio
1364 1268 1484 1298 Caesaris
1493 1266 1593 1298 fuiss'et
1603 1287 1611 1301 ,
1631 1269 1665 1297 in
1681 1269 1736 1298 illo
1754 1277 1837 1298 taetro
1849 1289 1858 1302 ,
1880 1269 2050 1311 miseroque
2063 1270 2156 1300 bello:

1199 1317 1229 1339 ut
1239 1311 1379 1339 omittam
1388 1319 1502 1349 patrem
1513 1329 1522 1343 ,
1539 1309 1616 1339 duos
1627 1312 1681 1340 Cn.
1693 1312 1830 1350 Pompeii
1842 1331 1850 1345 ,
1866 1312 1998 1346 summi,
2011 1312 2044 1342 ὃς
2054 1310 2156 1353 fingu-

1197 1351 1264 1381 laris
1274 1353 1331 1380 viri
1343 1370 1351 1384 ‚
1366 1350 1445 1381 filios
1456 1352 1640 1382 incolumeis
1649 1352 1826 1382 haberemus
1838 1364 1843 1382 :
1861 1353 1972 1394 quibus
1980 1353 2058 1384 certe
2064 1355 2156 1396 pietas

1195 1392 1292 1422 fraudi
1306 1391 1363 1422 esse
1378 1403 1442 1423 non
1457 1393 1553 1423 debet.
1578 1396 1705 1424 Utinam
1717 1396 1837 1424 omneis
1847 1395 2033 1436 M.Lepidus
2042 1393 2158 1426 servare

1197 1432 1345 1474 potuiss'et.
1368 1434 1519 1465 fad'turum
1537 1434 1624 1465 fuiffe
1642 1436 1799 1467 declaravit
1815 1438 1848 1466 in
1867 1447 1903 1466 eo
1917 1457 1926 1471 ‚
1945 1436 2027 1478 quod
2045 1439 2154 1477 potuit;

1199 1475 1270 1506 cum
1286 1479 1412 1507 Sextum
1427 1478 1609 1519 Pompejum
1622 1477 1750 1508 restituit
1762 1479 1895 1513 civitati,
1919 1481 2089 1510 maximum
2104 1489 2157 1509 or-

1199 1527 1377 1548 namentum
1397 1519 1571 1559 reipublicae
1592 1539 1600 1553 ,
1625 1518 1820 1550 clariffimum
1839 1530 2076 1551 monumentum
2094 1521 2157 1551 cle-

1200 1561 1321 1590 mentiae
1339 1560 1408 1590 suae.
1431 1562 1527 1601 gravis
1541 1562 1591 1591 illa
1601 1560 1720 1591 fortuna
1729 1563 1835 1602 populi
1844 1564 1977 1594 Romani
1988 1583 1996 1597 ,
2015 1573 2101 1603 grave
2111 1562 2158 1593 fa-

1198 1610 1277 1632 tum.
1301 1603 1447 1642 Pompejo
1460 1604 1545 1632 enim
1562 1612 1659 1642 patre,
1679 1605 1759 1643 quod
1778 1605 2158 1644 imperiipopuliRomani

1201 1645 1305 1674 lumen
1316 1643 1375 1673 fuit
1387 1664 1395 1677 .
1415 1643 1566 1674 exstincto
1577 1665 1585 1678 ‚
1601 1644 1775 1675 interfectus
1786 1645 1828 1675 est
1836 1649 1926 1685 patris
1936 1646 2107 1676 simillimus
2119 1644 2157 1675 fi-

1201 1686 1270 1716 lius.
1294 1689 1308 1704 2
1318 1685 1374 1716 Sed
1385 1688 1491 1716 omnia
1502 1687 1578 1716 mihi
1589 1686 1730 1717 videntur
1740 1687 1865 1717 deorum
1877 1687 2157 1727 immortaliumju-

1203 1727 1285 1757 dicio
1303 1729 1437 1767 expiata,
1459 1731 1530 1758 Sex.
1545 1729 1691 1768 Pompejo
1703 1730 1777 1769 reip.
1791 1729 1973 1759 conservato.
2028 1739 2096 1759 uam
2116 1728 2156 1759 ob

1201 1770 1317 1799 caustm
1326 1768 1434 1808 justam
1447 1789 1456 1802 ‚
1471 1778 1557 1810 atque
1568 1779 1707 1811 magnam
1720 1791 1729 1804 ,
1744 1770 1867 1811 &quod
1877 1771 2044 1811 periculosii
2057 1780 2156 1801 imum

1202 1812 1292 1841 civile
1311 1811 1425 1840 bellum
1438 1831 1446 1844 ,
1467 1814 1698 1852 maximumque
1710 1833 1719 1846 ,
1742 1814 1928 1843 humanitate
1938 1832 1947 1846 ,
1967 1813 1999 1842 ὅτ.
2019 1813 2160 1852 sapientia

1204 1853 1253 1883 sua
1264 1852 1444 1893 M.Lepidus
1454 1852 1488 1882 ad
1498 1863 1601 1893 pacem
1612 1873 1620 1887 ,
1631 1854 1884 1894 concordiamque
1894 1856 2044 1885 convertit
2053 1874 2062 1888 ‚
2076 1854 2161 1885 sena-

1203 1894 1422 1924 tusconsultum
1441 1895 1488 1924 his
1508 1895 1608 1925 verbis
1622 1896 1730 1926 censeo
1745 1896 1990 1936 perscribendum
2023 1898 2115 1928 CUM
2136 1904 2161 1926 Α

1206 1939 1386 1970 Μιεριοο,
1398 1938 1472 1976 imp.
1481 1935 1626 1977 pontifice
1635 1947 1716 1967 max.
1725 1936 1933 1978 saepenumero
1943 1938 2015 1979 resp.
2026 1938 2058 1970 &
2068 1936 2160 1971 bene,

1207 1979 1241 2008 &
1250 1978 1378 2008 feliciter
1386 1978 1464 2020 gesta
1473 1978 1506 2009 fit
1518 1999 1527 2012 ,
1540 1979 1727 2020 populusque
1737 1982 1820 2010 Rom
1827 2002 1834 2008 .
1845 1980 2027 2010 intellexerit
2038 2000 2047 2014 ‚
2067 1981 2094 2010 ei
2104 1979 2162 2010 do-

1208 2022 1360 2050 minatum
1370 2022 1486 2062 regium
1496 2021 1633 2051 maxime
1646 2021 1801 2062 displicere
1813 2033 1818 2050 :
1839 2031 1969 2063 cumque
1983 2023 2049 2062 ejus
2060 2031 2161 2062 opera,

1207 2065 1327 2096 virtute,
1337 2062 1463 2093 consilio
1473 2083 1482 2096 ,
1492 2061 1687 2106 singularique
1697 2064 1860 2094 clementia
1869 2084 1877 2098 ,
1890 2064 1923 2094 &
1933 2063 2162 2095 mansuetudine

1208 2105 1324 2135 bellum
1334 2103 1553 2135 acerbiffimum
1562 2106 1652 2136 civile
1662 2104 1696 2135 sit
1705 2105 1891 2136 restinctum:
1900 2106 2062 2147 Sextusque
2069 2107 2162 2136 Pom-

1207 2148 1292 2187 pejus
1301 2167 1310 2181 ‚
1334 2149 1390 2177 Cn·
1401 2150 1434 2178 F.
1447 2149 1576 2188 Magnus
1586 2167 1595 2181 ‚
1615 2147 1705 2187 hujus
1714 2147 1830 2178 ordinis
1843 2147 2017 2178 auEtoritate
2025 2147 2062 2176 ab
2070 2147 2162 2176 armis

1210 2187 1370 2219 discesserit
1381 2209 1390 2223 ‚
1404 2189 1436 2219 &
1446 2189 1463 2219 a
1473 2191 1519 2218 M.
1532 2188 1648 2229 Lepido
1657 2209 1666 2223 ,
1678 2191 1754 2230 imp.
1764 2198 1849 2230 pont.
1858 2199 1939 2220 max.
1949 2190 2068 2219 summa
2077 2188 2163 2218 sena-

1210 2240 1256 2261 tus
1267 2249 1275 2263 ‚
1290 2231 1455 2272 populique
1465 2233 1560 2261 Rom.
1571 2232 1724 2261 voluntate
1733 2233 1846 2261 civitati
1854 2230 2006 2261 restitutus
2015 2228 2064 2259 sit:
2079 2229 2163 2259 sena-

1211 2282 1276 2303 tum
1289 2293 1297 2306 ,
1316 2274 1525 2313 populumque
1541 2275 1636 2303 Rom.
1656 2283 1710 2312 pro
1727 2274 1872 2302 maximis
1884 2292 1893 2306 ,
1915 2271 2111 2312 plurimisque
2130 2272 2165 2301 in

1209 2324 1304 2354 remp¹
1316 2315 1479 2353 M.Lepidi
1493 2316 1627 2347 meritis,
1647 2324 1788 2354 magnam
1804 2313 1886 2353 spem
1906 2315 1940 2343 in
1957 2313 2022 2352 ejus
2040 2321 2162 2346 virtute,

1209 2354 1383 2385 austoritate
1391 2374 1400 2388 ‚
1412 2356 1553 2385 felicitate
1562 2374 1570 2387 ,
1583 2358 1724 2393 reponere
1734 2356 1807 2388 otii,
1819 2356 1897 2394 pacis
1909 2375 1917 2389 ,
1927 2354 2096 2385 concordiae
2106 2374 2115 2389 ‚
2128 2355 2167 2384 li-

1211 2397 1346 2426 bertatis:
1364 2397 1486 2439 ejusque
1495 2397 1528 2425 in
1539 2405 1631 2435 remp.
1647 2397 1826 2427 meritorum
1837 2397 1969 2427 senatum
1981 2416 1990 2430 ,
2001 2398 2167 2437 populum-

1210 2447 1268 2478 que
1278 2439 1372 2467 Rom.
1383 2447 1554 2467 memorem
1564 2435 1638 2471 fore,
1652 2439 1737 2478 eique
1743 2436 1873 2473 statuam
1887 2437 2035 2480 equestrem
2051 2441 2168 2469 inaura-

1212 2489 1272 2509 tam
1284 2481 1316 2508 in
1327 2478 1460 2513 Rostris,
1479 2488 1599 2519 autquo
1611 2480 1671 2509 alio
1685 2481 1752 2510 loco
1765 2482 1798 2509 in
1809 2480 1877 2510 foro
1886 2482 1997 2514 vellet,
2019 2491 2058 2512 ex
2077 2481 2167 2520 hujus

1210 2520 1328 2551 ordinis
1340 2521 1484 2551 sententia
1494 2520 1579 2552 statui
1589 2521 1715 2561 placere.
1737 2524 1789 2562 qui
1799 2523 1898 2552 honos
1910 2542 1919 2556 ,
1931 2525 1960 2553 P.
1971 2525 2003 2553 C.
2015 2524 2091 2553 mihi
2103 2532 2168 2552 ma-

1212 2564 1315 2593 ximus
1326 2562 1444 2592 videtur
1452 2562 1588 2603 primum
1599 2585 1609 2597 ‚
1629 2563 1802 2604 quiajustus
1816 2563 1868 2594 est.
1893 2574 1956 2595 non
1969 2567 2053 2595 enim
2067 2563 2170 2595 solum

1213 2605 1297 2634 datur
1305 2613 1424 2644 propter
1433 2605 1515 2645 spem
1526 2613 1700 2645 temporum
1709 2607 1893 2646 reliquorum
1904 2626 1913 2639 ‚
1926 2606 1973 2637 sed
1982 2617 2037 2646 pro
2047 2604 2173 2646 amplis-

2175 610 2217 643 ¹4

2178 1734 2221 1767 15

1215 2645 1296 2676 simis
1323 2648 1438 2676 meritis
1447 2646 1580 2677 redditur
1594 2658 1600 2676 ;
1619 2656 1674 2677 nec
1685 2646 1756 2677 vero
1766 2650 1906 2688 cuiquam
1916 2647 2072 2688 postumus
2081 2657 2171 2679 corn-
2200 2666 2203 2668 -

1215 2697 1381 2718 memorare
1392 2689 1474 2718 hunc
1482 2688 1768 2720 honorem‘asenatu
1788 2691 1933 2720 tributum
1950 2690 2066 2729 judicio
2086 2689 2170 2719 sena-

1215 2739 1263 2760 tus
1275 2730 1421 2764 solut0,&
1429 2729 1535 2760 libero.
1548 2732 1648 2760 Venio
1657 2731 1692 2760 ad
1704 2732 2022 2772 C.Caesarem,P.C.qui
2030 2729 2086 2761 nisi
2095 2731 2170 2761 fuis-

1217 2773 1277 2806 set,
1297 2774 1364 2813 quis
1383 2771 1521 2802 nostrum
1540 2770 1596 2801 eflie
1616 2771 1758 2812 potuiss‘et
1774 2774 1784 2799 ἓ
1805 2773 1960 2804 advolabat
1977 2772 2012 2803 ad
2029 2773 2133 2804 urbem
2154 2775 2171 2805 ὲ.

1219 2813 1374 2844 Brundisio
1385 2816 1479 2845 homo
1488 2813 1752 2854 impotentiffimus
1762 2835 1771 2848 ,
1781 2815 1886 2844 ardens
1896 2815 1968 2844 odio
1978 2834 1986 2848 ,
1997 2816 2104 2844 animo
2114 2817 2171 2846 ho-

1219 2855 1278 2886 stili
1288 2858 1320 2886 in
1331 2857 1451 2886 omneis
1462 2855 1558 2885 bonos
1569 2875 1577 2888 ,
1597 2865 1666 2885 cum
1679 2858 1810 2885 exercitu
1821 2876 1828 2889 ‚
1847 2858 2010 2886 Antonius.
2032 2857 2105 2896 quid
2115 2859 2174 2889 hu-

1218 2899 1266 2938 jus
1275 2898 1401 2928 audaciae
1413 2917 1421 2931 ‚
1441 2897 1583 2931 &sceleri
1592 2906 1704 2936 poterat
1714 2899 1847 2936 opponi?
1865 2898 2005 2927 nondum
2020 2899 2099 2927 ullos
2116 2899 2174 2931 du-

1221 2950 1270 2970 ces
1281 2940 1463 2972 habebamus
1472 2959 1481 2974 ,
1495 2948 1559 2970 non
1568 2940 1668 2978 copias
1680 2941 1816 2969 :nullum
1836 2948 1894 2969 erat
1903 2938 2064 2969 consilium
2073 2941 2175 2980 publi-

2088 2993 2172 3019 cum,

253 3052 276 3069 1.
297 3046 412 3068 Fbrttmas
426 3045 515 3075 nostrar
525 3045 651 3079 Asturam]
674 3047 739 3071 Haec
749 3047 783 3072 est
794 3045 875 3072 lectio
888 3046 994 3080 vulgata
1005 3063 1013 3076 ‚
1036 3046 1171 3082 maluique

211 3087 292 3114 quain
304 3080 496 3109 l·‘er1·ai·i·.uia1n‚
508 3080 643 3111 destinavit,
665 3081 722 3107 l'al.
733 3081 782 3108 sce.
794 3082 850 3107 heic
860 3081 951 3108 ddicit
961 3091 1045 3117 neque
1057 3082 1127 3108 redit
1137 3081 1170 3107 ad

212 3113 329 3141 officium
343 3134 350 3146 ,
371 3114 415 3141 nisi
427 3115 556 3141 Oratione
567 3116 686 3150 septima.
705 3125 731 3145 at
741 3127 783 3154 pr.
802 3118 1015 3154 lubetdestinmt:
1033 3117 1066 3145 de
1077 3127 1129 3155 quo
1140 3125 1169 3148 tu

212 3151 323 3184 Meurfi,
335 3157 363 3178 tu
373 3150 465 3179 Sibere
476 3151 640 3188 cogitabitis.

1256 3055 1284 3071 ι.
1293 3046 1339 3070 Sed
1347 3048 1424 3070 omnia
1433 3046 1500 3075 mihi,
1510 3044 1576 3077 elya]
1590 3044 1614 3069 A
1626 3053 1783 3079 quocunque
1793 3044 1847 3070 hacc
1858 3045 1888 3071 fit
1899 3044 1991 3077 lenio,
2002 3047 2090 3082 potior
2101 3049 2173 3073 certe.

1218 3081 1253 3108 est
1263 3081 1328 3107 olim
1342 3081 1447 3144 {pig-Ata
1457 3090 1466 3113 5
1486 3081 1531 3108 Sed
1537 3083 1614 3108 onmia
1623 3082 1683 3108 misai
1691 3081 1764 3115 sabla
1772 3082 1888 3108 videntur
1896 3084 1964 3109 Deor.
1974 3085 2015 3108 im.
2020 3083 2076 3120 jud.
2087 3084 2115 3115 ὼ
2123 3085 2173 3116 pie-

1219 3124 1270 3144 tate
1278 3121 1332 3145 Sex.
1364 3124 1422 3153 omp-

1632 3142 1649 3151 ,ν

2044 3199 2067 3218 x.
2078 3193 2172 3219 Genera

2193 2721 2235 2756 16
