2316 3395
159 1141 203 1185 36

170 2148 211 2182 37

211 141 302 206 138
640 128 1136 183 M.TULL11

207 224 309 258 Scauri
324 220 404 252 libri.
427 222 512 251 Tum
522 219 627 249 Brutus
639 238 647 251 ,
659 216 739 246 Mihi
749 212 873 256 quidem
884 222 939 242 nec
949 209 1002 241 iste
1012 218 1102 241 notus
1113 207 1166 243 est,

209 277 265 298 nec
278 266 323 295 illi
335 275 340 294 ;
353 268 361 284 ¹
375 263 423 294 sed
435 264 495 292 liaec
505 271 571 291 mea
581 260 665 299 culpa
676 257 725 288 est.
745 264 913 296 numquam
925 254 1052 284 enimin
1063 261 1171 281 manus

210 307 391 340 inciderunt.
416 308 508 334 Nunc
518 311 619 332 autern
631 302 663 330 δε
673 302 687 329 a
700 309 725 329 te
738 299 855 328 sumam
867 317 875 330 ,
889 296 921 325 <Sc
931 296 1107 336 conquiram
1118 292 1172 324 ista

210 349 332 391 posthac
341 345 489 378 curiosius.
506 346 573 374 Fuit
584 344 675 382 igitur
684 343 715 370 in
726 339 832 370 Catulo
844 339 941 368 sermo
953 339 1077 367 Latinus
1089 347 1093 364 :
1105 345 1172 376 quae

213 393 276 422 laus
289 389 408 420 dicendi
420 397 481 417 non
493 385 652 415 mediocris
662 383 696 413 ab
708 380 873 412 oratoribus
883 379 1030 420 plerisque
1041 377 1175 420 negleEta

214 433 267 464 est.
292 441 362 462 nam
381 431 416 459 de
434 430 508 459 sono
522 428 623 458 vocis,
645 425 678 455 8:
690 425 826 454 suavitate
836 422 1078 462 appellandarum
1093 422 1173 449 litte-

215 484 314 505 raruni
326 493 333 506 ‚
355 473 500 512 quoniam
520 467 621 498 filium
640 464 807 507 cognovisti
820 485 828 497 ,
849 464 914 494 noli
924 462 1092 503 exspeEtare
1102 460 1174 502 quid

216 516 325 546 dicam.
349 520 529 553 quamquam
546 508 625 538 filius
635 507 758 550 quidem
770 517 834 537 non
844 505 942 537 i'uitin
952 513 1106 535 oratorum
1118 513 1176 532 nu-

217 566 320 589 mero,
341 555 389 584 sed
407 563 471 583 non
489 552 586 582 deerat
606 553 634 581 ei
656 560 756 580 tamen
772 551 804 578 in
816 549 960 579 sententia
969 545 1175 577 dicendactim

216 598 388 639 prudentia,
409 604 474 625 tum
495 594 612 634 elegans
627 591 781 633 quoddam
792 611 800 624 ‚
823 591 855 620 ὃς
866 589 1019 621 eruditum
1031 588 1175 618 orationis

216 649 320 682 genus.
345 640 411 667 Nec
429 636 545 666 habitus
566 633 608 664 est
627 643 729 664 tamen
746 642 826 673 pater
841 632 899 672 ipse
910 632 1031 662 Catulus
1039 632 1177 670 princeps

216 685 250 712 in
261 690 389 710 numero
398 686 610 719 patronorum:
632 676 680 706 sed
691 684 749 705 erat
760 675 823 705 talis
836 695 843 707 ‚
866 682 898 703 ut
909 694 918 708 ,
941 672 1012 703 cum
1031 671 1176 713 quosdam

218 723 335 753 audires
346 742 354 755 ,
367 722 494 761 quitum
506 724 586 749 erant
596 716 762 757 praestantes
775 737 782 750 ,
807 715 959 746 videretur
968 713 1024 744 effe
1034 713 1178 743 inferior:

217 764 289 795 cum
310 772 409 793 autem
430 762 521 807 {psam
538 760 648 789 audires
666 757 725 789 fine
745 758 987 797 comparatione,
1009 766 1072 785 non
1084 752 1178 784 modo

218 813 380 836 contentus
391 802 474 837 estes,
488 802 535 833 sed
546 802 655 832 melius
667 811 729 831 non
740 809 895 841 quaereres.

218 887 301 930 quod
312 886 384 918 ess'et
393 887 453 917 illis
463 888 535 917 viris
544 906 552 920 ‚
582 886 614 915 &
625 884 772 915 consulari
783 883 919 924 dignitati
928 882 1005 912 satis*
1029 883 1073 910 M.
1086 883 1181 910 Aure-

216 931 277 961 lius
296 933 419 961 Scaurus
431 938 495 959 non
506 929 579 967 saepe
598 926 733 960 dicebat,
753 925 801 955 sed
812 924 922 964 polite:
946 922 1053 953 Latine
1064 920 1181 952 veroin

219 973 327 1013 primis
344 971 387 1001 est
404 971 552 1010 eleganter
571 969 701 999 locutus.
726 969 800 1008 Qae
817 968 879 996 laus
891 965 994 995 eadem
1006 967 1039 994 in
1049 963 1181 994 A.Albi-

220 1024 263 1044 no
280 1013 355 1043 bene
366 1011 509 1053 loquendi
519 1009 586 1040 fuit.
619 1012 701 1040 Nam
713 1007 826 1039 flamen
837 1007 966 1037 Albinus
976 1008 1067 1036 etiarn
1078 1008 1111 1035 in
1122 1015 1179 1035 nu-

220 1065 307 1086 mero
317 1054 360 1084 est
370 1055 487 1084 habitus
497 1053 688 1082 disertorum.
712 1051 852 1090 Qetiam
864 1050 964 1089 Caepio
976 1068 984 1082 ,
995 1050 1042 1078 vir
1051 1057 1134 1081 acer,
1148 1047 1181 1077 &

219 1097 307 1128 fortis
320 1116 328 1130 ‚
341 1096 511 1135 cuiforruna
523 1093 594 1125 belli,
607 1094 730 1123 crimini
743 1102 747 1120 :
768 1091 882 1121 invidia
890 1091 1006 1130 populi,
1021 1090 1182 1120 calamitati
1201 1098 1203 1105 ³

220 1138 289 1169 fuit.
333 1141 417 1168 Tum
427 1138 517 1166 etiam
530 1138 561 1165 C.
574 1135 607 1165 ὃς
619 1136 657 1164 L.
670 1135 815 1164 Memmii
827 1153 835 1166 ‚
845 1132 967 1162 fuerunt
976 1140 1104 1162 oratores
1117 1140 1182 1160 rne-

221 1181 348 1213 diocres,
361 1179 539 1209 accusatores
549 1186 627 1206 acres
638 1196 645 1210 ‚
657 1184 743 1217 atque
753 1175 860 1206 acerbi.
882 1175 980 1214 itaque
991 1175 1023 1203 in
1029 1172 1182 1213 judicium

221 1224 325 1262 capitis
345 1221 457 1250 multos
476 1226 678 1251 vocaverunt,
708 1227 762 1257 pro
779 1218 837 1247 reis
857 1225 921 1246 non
938 1216 1012 1255 saepe
1030 1214 1181 1244 dixerunt.

222 1267 270 1304 Sp.
288 1265 402 1293 Torius
413 1262 477 1292 satis
487 1261 581 1291 valuit
590 1261 623 1289 in
632 1259 770 1299 populari
785 1267 891 1299 genere
907 1256 1048 1289 dicendi,
1067 1258 1091 1285 is
1103 1276 1111 1288 ,
1132 1257 1184 1296 qui
1202 1259 1204 1282 !

222 1315 325 1347 agrum
335 1304 493 1344 publicum
505 1302 612 1332 vitiosa
625 1320 634 1334 ‚
657 1301 689 1331 δε
699 1300 866 1339 inutililege
876 1319 883 1332 ‚
907 1297 1046 1340 vestigali
1064 1298 1182 1327 levavit.

222 1349 268 1377 M.
281 1346 440 1377 Marcellus
454 1344 606 1374 AEsernini
616 1351 697 1383 pater
707 1363 715 1376 ‚
727 1352 791 1372 non
801 1342 852 1371 ille
862 1340 987 1381 quidem
996 1342 1028 1369 in
1039 1340 1183 1379 patronis,
1203 1361 1206 1369 .

223 1388 274 1420 sed
283 1389 358 1419 &in
366 1388 493 1427 promtis
503 1394 615 1417 tamen,
630 1385 735 1414 &non
746 1384 946 1413 inexercitatis
961 1381 996 1411 ad
1007 1380 1183 1413 dicendum,

223 1430 295 1463 fuit,
311 1438 343 1459 ut
354 1428 433 1458 filius
443 1438 517 1466 ejus,
533 1430 565 1457 P.
578 1426 734 1456 Lentulus.
748 1427 782 1455 L.
792 1427 882 1455 etiam
893 1427 978 1454 Cotta
988 1443 996 1456 ‚
1017 1424 1183 1462 praetorius,

224 1474 258 1502 in
270 1471 472 1501 mediocrium
483 1478 637 1499 oratorum
648 1478 690 1497 nu
696 1465 919 1499 mero‚dicendi
930 1475 994 1495 non
1004 1467 1044 1494 ita
1052 1465 1186 1494 multum

223 1513 311 1544 laude
320 1510 503 1552 processerat,
517 1510 564 1540 sed
575 1509 612 1538 de
622 1508 766 1539 industria
777 1529 784 1541 ‚
804 1507 876 1538 cum
888 1506 986 1537 verbis
997 1526 1005 1540 ,
1019 1514 1085 1536 turn
1095 1507 1185 1535 etiam

223 1556 290 1595 ipso
301 1555 376 1585 sono
387 1551 465 1594 quasi
477 1551 642 1582 subrustico
651 1550 880 1591 prosequebatur
892 1569 900 1582 ,
919 1557 1005 1588 atque
1016 1547 1189 1577 imitabatur

223 1597 443 1636 antiquitatem.
476 1597 573 1633 Atque
593 1602 648 1633 ego
666 1592 742 1622 &in
754 1593 810 1621 hoc
818 1591 880 1630 ipso
892 1593 978 1620 Cotta
990 1610 998 1623 ‚
1021 1589 1053 1619 &
1071 1591 1104 1618 in
1123 1589 1188 1618 aliis

224 1638 374 1679 pluribus,
385 1636 534 1677 intelligo,
547 1644 596 1664 me
606 1635 721 1664 nonita
730 1633 852 1663 disertos
864 1633 1004 1661 homines
1015 1631 1048 1661 ὃς
1056 1628 1188 1660 retulisse

225 1683 260 1710 in
271 1688 424 1709 oratorum
434 1686 609 1709 numerum,
623 1675 655 1705 &
665 1675 836 1705 relaturum.
850 1675 901 1704 Est
910 1675 993 1703 enim
1003 1670 1188 1712 propositum

226 1722 368 1762 colligere
379 1730 430 1750 eos
440 1739 448 1753 ,
460 1720 511 1760 qui
521 1719 580 1748 hoc
589 1727 715 1747 munere
726 1718 760 1746 in
767 1717 885 1746 civitate
893 1714 992 1744 funEli
1004 1713 1059 1743 sint
1069 1733 1078 1747 ‚
1101 1722 1135 1743 nt
1144 1722 1190 1751 te-

224 1771 333 1794 nerent
342 1770 494 1792 oratorum
503 1760 606 1789 locum:
616 1768 747 1800 quorum
757 1757 880 1798 quidem
892 1760 905 1776 2
916 1767 981 1797 quae
991 1755 1080 1786 fuerit
1089 1755 1191 1785 ascen-

225 1803 269 1835 fio
279 1825 289 1839 ,
309 1804 342 1835 &
359 1803 449 1845 quam
471 1804 504 1832 in
518 1801 662 1832 omnibus
672 1799 759 1830 rebus
770 1798 902 1829 difficilis
915 1800 1023 1838 optimi
1033 1796 1189 1837 perfeffim

228 1854 316 1887 atque
333 1845 482 1876 absolutio
493 1864 502 1877 ‚
523 1853 562 1873 ex
584 1852 620 1872 eo
633 1863 640 1875 ,
661 1841 742 1882 quod
760 1840 858 1871 dicam
869 1861 877 1875 ,
901 1839 1066 1870 existimari
1083 1837 1191 1878 potest.

229 1888 332 1930 Qam
353 1887 444 1917 multi
462 1887 546 1915 enim
561 1886 623 1924 jam
647 1891 777 1913 oratores
796 1883 1030 1913 commemorati
1050 1881 1118 1910 sunt
1129 1900 1138 1914 ,
1157 1880 1190 1910 &

227 1932 320 1970 quam
331 1928 384 1958 diu
394 1930 426 1958 in
443 1937 550 1957 eorum
570 1927 796 1956 enumeratione
817 1924 967 1954 versamur
978 1943 986 1957 2
1008 1922 1080 1953 cum
1090 1931 1191 1952 tamen

230 1969 316 2011 spiss'e
325 1990 334 2003 2
357 1978 445 2011 atque
454 1971 510 1999 vix
521 1988 530 2002 ‚
550 1976 583 1998 ut
592 1966 708 1997 dudum
719 1966 753 1996 ad
764 1964 1006 1996 Demosthenem
1017 1965 1050 1994 &
1061 1965 1191 2004 Hyperi-

228 2013 300 2043 dem
314 2032 323 2045 ,
341 2011 379 2041 fic
398 2020 480 2041 nunc
493 2009 527 2040 ad
547 2010 718 2040 Antonium
728 2027 737 2041 ,
767 2006 960 2048 Crassumque
977 2008 1171 2047 pervenimus
1185 2007 1191 2035 1

228 2057 312 2085 Nam
323 2064 378 2094 ego
388 2052 425 2083 sic
434 2051 577 2082 existimo
587 2071 595 2085 ‚
619 2051 674 2080 hos
683 2059 814 2080 oratores
825 2048 912 2079 fuisse
924 2050 1076 2078 maximos
1087 2068 1095 2081 ‚
1118 2047 1193 2077 &in

228 2097 277 2126 his
294 2094 431 2136 primum
447 2104 518 2124 cum
539 2096 714 2123 Graecorum
726 2092 820 2132 gloria
829 2090 936 2122 Latine
946 2089 1066 2120 dicendi
1075 2092 1193 2129 copiam

236 2146 390 2178 aequatam.
435 2137 547 2166 Omnia
563 2133 726 2164 veniebant
739 2134 875 2162 Antonio
886 2134 919 2162 in
929 2140 1065 2162 mentem
1077 2142 1082 2160 :
1102 2140 1193 2170 eaque

232 2181 285 2210 suo
295 2188 418 2219 quaeque
428 2177 494 2209 loco,
507 2176 558 2206 ubi
569 2173 738 2216 plurimum
749 2172 943 2213 proficere,&
952 2173 1047 2203 valere
1057 2170 1176 2211 possent
1188 2182 1193 2200 :

231 2231 265 2251 ut
275 2220 310 2250 ab
321 2222 499 2259 imperatore
508 2221 636 2258 equites,
644 2215 769 2256 pediteS,
781 2215 855 2244 levis
865 2222 1009 2244 armatura
1021 2223 1026 2242 z
1046 2213 1084 2242 sic
1094 2213 1128 2243 ab
1139 2212 1194 2242 illo

231 2264 266 2293 in
284 2260 421 2292 maxime
441 2260 618 2300 opportunis
636 2259 780 2288 orationis
802 2256 932 2295 partibus
960 2254 1193 2285 collocabantur.

232 2307 301 2336 Erat
311 2304 460 2332 memoria
471 2303 588 2332 summa
597 2320 605 2334 ‚
625 2300 709 2330 nulla
719 2297 925 2328 meditationis
936 2297 1079 2336 suspicio:
1100 2297 1196 2335 impa-

232 2354 311 2376 ratus
322 2345 437 2385 semper
447 2342 564 2385 aggredi
583 2342 618 2372 ad
637 2340 801 2371 dicendum
820 2338 990 2370 videbatur:
1010 2337 1059 2367 sed
1077 2338 1118 2367 ita
1138 2344 1198 2366 erat

232 2396 360 2428 paratus,
374 2395 406 2416 ut
413 2387 425 2426 j
430 2386 530 2416 udices
541 2404 549 2418 ‚
565 2384 621 2413 illo
631 2383 769 2415 dicente=2,
782 2389 1015 2421 nonnumquam
1025 2378 1198 2409 viderentur

234 2439 300 2459 non
318 2429 385 2458 satis
402 2428 493 2468 parati
511 2426 547 2456 ad
558 2424 725 2455 cavendum
735 2421 832 2453 fuiss‘e.
865 2423 962 2452 Verba
973 2421 1033 2461 ipsa
1043 2440 1051 2454 ,
1072 2429 1135 2451 non
1146 2420 1197 2449 illa

232 2471 357 2512 quidem
369 2467 584 2511 elegantiffimo
598 2467 753 2497 sermone:
774 2466 872 2506 itaque
889 2464 1049 2504 diligenter
1068 2462 1195 2502 loquen-

232 2513 265 2543 di
284 2511 368 2542 laude
385 2512 478 2541 caruit
490 2520 495 2539 t
515 2518 612 2550 neque
632 2516 734 2538 tamen
755 2506 798 2537 est
809 2505 976 2537 admodum
985 2504 1139 2545 inquinate
1151 2504 1196 2533 lo—

232 2562 328 2584 cutus:
342 2553 462 2586 sedilia,
474 2561 539 2592 quae
549 2550 669 2592 proprie
679 2549 741 2579 laus
750 2550 876 2579 oratoris
886 2546 929 2577 est
938 2549 971 2577 in
982 2547 1080 2576 verbis
1092 2555 1098 2574 :
1111 2544 1194 2583 (nam

234 2596 335 2635 ipsum
346 2594 452 2624 Latine
463 2594 558 2634 loqui,
569 2592 612 2622 est
621 2591 697 2621 illud
707 2590 830 2631 quidem
840 2609 848 2624 ‚
861 2589 904 2628 (ut
913 2588 1015 2629 paullo
1025 2586 1092 2617 ante
1103 2585 1194 2626 dixi,)

236 2639 271 2668 in
282 2646 389 2678 magna
398 2635 483 2665 laude
493 2634 687 2674 ponendum:
706 2633 755 2663 sed
767 2642 831 2662 non
841 2640 901 2662 tani
911 2632 928 2661 s
926 2641 961 2661 ua
971 2630 1072 2670 sponte
1082 2648 1090 2662 ‚
1104 2627 1196 2669 quani

236 2677 319 2720 quod
328 2677 371 2707 est
387 2677 403 2707 ἐι
422 2677 570 2717 plerisque
589 2674 770 2715 negleeium.
802 2677 879 2704 NON
899 2682 989 2703 ENiM
1008 2680 1069 2702 tam
1080 2670 1198 2711 praecla-

237 2730 308 2751 rum
319 2718 361 2749 est
372 2719 441 2749 scire
451 2717 571 2750 Latine,
584 2720 673 2758 quam
686 2725 769 2756 turpe
782 2717 894 2747 nescire
906 2726 910 2744 :
923 2724 1019 2755 neque
1029 2713 1129 2743 tamid
1140 2713 1199 2742 mi-

239 2762 273 2801 hi
292 2762 416 2791 oratoris
433 2760 507 2790 boni
519 2779 528 2792 ,
547 2769 638 2799 quam
658 2761 734 2788 civis
750 2760 884 2788 Romani
895 2758 1051 2797 proprium
1059 2753 1200 2793 videturz)

240 2803 291 2834 sed
302 2812 402 2833 tamen
411 2803 562 2831 Antonius
573 2803 605 2830 in
616 2800 714 2830 verbis
726 2800 757 2830 &
767 2800 923 2841 eligendis,
942 2799 1050 2839 (neque
1062 2796 1092 2826 id
1103 2796 1202 2836 ipsum

241 2852 304 2876 tam
315 2843 424 2884 leporis
433 2843 517 2873 causa
525 2862 532 2876 ‚
553 2842 642 2883 quarn
653 2842 806 2882 ponderis)
817 2841 1040 2872 &collocandis
1052 2858 1060 2873 ‚
1073 2838 1105 2868 δε
1114 2847 1200 2868 com-

240 2884 437 2928 prehensione
447 2884 654 2914 devinciendis
664 2903 672 2917 ‚
693 2884 770 2915 nihil
781 2893 845 2913 non
855 2882 890 2913 ad
901 2883 1049 2912 rationem
1061 2900 1070 2915 ‚
1092 2880 1124 2910 &
1135 2888 1199 2910 tan-

242 2937 333 2969 quam
343 2926 378 2958 ad
388 2935 480 2957 artem
490 2925 633 2967 dirigebat
645 2936 650 2954 z
671 2923 779 2956 verum
789 2925 889 2956 multo
899 2925 994 2965 magis
1003 2924 1062 2953 hoc
1070 2921 1155 2953 idem
1165 2923 1197 2951 in

911 797 1100 838 QMetellus
1112 799 1180 826 Nu·
1199 805 1200 811 ¹

218 848 369 879 midicus,
390 845 423 875 &
442 846 505 885 ejus
524 844 638 885 collega
658 845 700 871 Ml
712 844 848 874 Silanus,
870 840 1007 870 dicebant
1026 839 1061 869 de
1075 837 1179 878 repub.
1199 856 1201 865 .

1218 122 1745 169 C1cERoN15

1212 202 1427 233 sententiarum
1438 202 1635 235 ornamentis,
1648 201 1680 231 &
1690 197 1995 231 conformationibus.
2015 186 2077 243 quo
2085 203 2176 244 gene-⁴

1215 254 1245 274 re
1256 246 1326 284 quia
1335 242 1447 283 praestat
1457 243 1601 272 omnibus
1612 242 1844 277 Demosthenes,
1856 243 1969 274 idcirco
1979 244 1995 274 a
2004 244 2103 274 doens
2114 254 2177 273 ora-

1215 295 1307 317 torum
1318 284 1804 328 estprincepsjudicatuslpffluffih
1815 284 1898 318 enim
1907 298 1971 328 quae
1982 290 2177 318 vocantGiae-

1216 340 1242 360 ci
1254 350 1262 364 ‚
1282 340 1316 360 ea
1325 332 1462 359 maxime
1472 338 1579 358 ornant
1590 337 1739 359 oratorem
1752 340 1757 358 :
1785 340 1876 370 eaque
1887 340 1951 359 non
1964 339 2024 360 tam
2036 332 2068 359 in
2078 329 2176 360 verbis

1216 371 1375 412 pingendis
1388 372 1497 401 habent
1507 370 1733 411 pondus,quam
1745 373 1777 401 in
1787 371 1996 401 illuminandis
2006 372 2173 401 sententiis.

1216 414 1273 444 Sed
1283 413 1353 443 cum
1365 414 1428 442 haec
1438 423 1545 453 magua
1556 414 1589 442 in
1600 415 1736 443 Antonio
1747 433 1756 447 ,
1768 421 1832 442 tum
1843 411 1916 442 ac'tio
1928 411 2081 454 singularis
2093 423 2098 441 z
2109 422 2176 453 quae
2198 406 2244 455 38¹⁴

1218 454 1239 485 si
1257 454 1409 495 partienda
1427 454 1468 484 est
1486 465 1519 484 in
1538 453 1654 495 gestum
1668 474 1676 488 ‚
1695 463 1782 495 atque
1793 465 1899 484 vocem
1912 464 1917 483 :
1936 455 2032 496 gestus
2043 463 2103 484 erat
2113 463 2180 484 non

1216 497 1305 527 verba
1324 498 1495 536 exprimens
1507 516 1515 530 ‚
1535 496 1583 526 sed
1602 507 1673 526 cum
1684 497 1841 527 sententiis
1851 506 2018 537 congruens
2032 507 2037 525 t
2059 505 2179 529 manus,

1218 540 1350 571 humeri,
1365 540 1462 572 latera,
1475 536 1623 578 supplosio
1633 538 1729 578 pedis,
1741 538 1841 571 status,
1853 536 1980 567 incefi'us
1991 558 1999 572 ,
2018 537 2180 578 omnisque

1218 589 1320 610 motus
1328 590 1398 610 cum
1408 579 1506 609 verbis
1517 600 1525 613 ‚
1538 580 1749 621 sententiisque
1759 580 1950 610 consentiens
1964 590 1969 608 ;
1989 589 2051 609 vox
2063 588 2179 619 perma-

1219 632 1294 652 nens
1307 642 1315 656 ‚
1334 620 1441 652 verum
1461 621 1601 652 subrauca
1617 631 1735 652 natura:
1758 622 1807 652 sed
1818 623 1875 652 hoc
1884 623 1994 652 vitium
2004 622 2073 651 huic
2084 622 2137 650 uni
2146 621 2181 651 in

1219 665 1338 694 bonu-m
1348 663 1546 694 convertebat.
1571 664 1696 694 habebat
1705 665 1789 693 enirn
1801 662 1902 693 flebile
1911 662 2055 704 quiddam
2065 664 2097 692 in
2107 672 2182 702 que·-

1222 705 1380 739 stionibus‚
1393 714 1555 746 aptumque
1565 705 1636 735 cum
1647 706 1681 735 ad
1694 704 1786 736 fidem
1796 704 1964 735 faciendam
1977 725 1985 737 ,
1998 713 2063 734 tum
2074 704 2109 734 ad
2120 705 2183 734 mi·-

1221 747 1412 778 sericordiain
1423 748 1680 778 commovendam
1691 758 1697 777 z
1717 756 1749 777 ut
1757 757 1864 777 verum
1873 746 2023 777 videretur
2032 748 2065 775 in
2075 747 2133 776 hoc
2144 745 2186 774 il-

1222 789 1273 819 lud
1286 809 1294 822 ‚
1312 788 1647 834 quod-Demosthenem
1658 789 1757 819 ferunt
1768 791 1795 819 ei
1806 809 1814 824 ‚
1836 790 1887 829 qui
1899 787 2074 828 quaesiviffet
2086 807 2094 820 ,
2114 785 2188 828 quid

1218 839 1344 872 primum
1353 829 1424 860 esset
1434 833 1466 860 in
1476 830 1616 865 dicendo,
1629 830 1783 861 aditionem
1797 841 1801 859 :
1813 829 1887 871 quid
1898 829 2073 863 secundum,
2086 829 2183 861 idem.

1223 873 1256 902 Sc
1267 872 1348 902 idem
1360 874 1482 902 tertium
1493 892 1501 906 ‚
1521 871 1712 913 respondisse.
1743 873 1838 902 Nulla
1849 881 1893 902 res
1904 873 1998 912 magis
2008 879 2141 911 penetrat
2150 872 2184 900 in

1222 916 1342 945 animos
1353 933 1360 947 ,
1374 914 1484 955 eosque
1495 912 1582 955 fingit
1591 936 1599 948 ‚
1619 913 1732 944 format
1741 934 1749 947 ,
1771 913 1882 944 fleffit:
1905 914 2044 954 taleisque
2054 920 2185 943 oratores

1222 956 1318 1001 videri
1330 975 1339 989 ‚
1350 954 1435 990 facit,
1453 957 1566 997 qualeis
1576 955 1629 996 ipfi
1639 956 1668 986 se
1678 956 1774 986 videri
1783 956 1904 986 volunt.
1930 957 2011 985 Huic
2020 955 2071 984 alii
2080 962 2182 994 parem

1223 997 1281 1028 esse
1292 997 1447 1031 dicebant,
1458 999 1510 1028 alii
1520 997 1742 1038 anteponebant
1751 1000 1785 1027 L.
1800 996 1944 1028 Craflhm.
1967 996 2048 1026 Illud
2059 995 2184 1036 quidem

1223 1040 1299 1071 certe
1311 1041 1432 1069 omneis
1442 1041 1481 1069 ita
1487 1039 1662 1079 judicabant
1671 1059 1679 1073 ‚
1698 1049 1857 1069 neminem
1867 1037 1925 1069 effe
1938 1058 1945 1071 ‚
1957 1040 2009 1078 qui
2021 1039 2131 1067 horum
2141 1037 2186 1066 al-

1222 1089 1335 1112 terutro
1347 1089 1473 1121 patrono
1483 1101 1492 1115 ‚
1512 1082 1688 1122 cujusquam
1708 1083 1870 1122 ingenium
1887 1083 2057 1121 requireret.
2091 1080 2188 1119 Equi-

1224 1123 1294 1153 dem
1304 1142 1313 1156 ,
1333 1132 1516 1163 quamquam
1527 1125 1664 1153 Antonio
1675 1132 1792 1153 tantum
1803 1122 1902 1152 tribuo
1913 1141 1921 1154 ‚
1945 1130 2090 1161 quantum
2103 1119 2188 1160 supra

1202 1179 1203 1209 ζ
1224 1164 1308 1197 dixi,
1330 1173 1431 1194 tamen
1449 1164 1548 1194 Craffo
1567 1165 1646 1194 nihil
1668 1163 1765 1194 statuo
1784 1162 1848 1193 fieri
1867 1161 1992 1203 potuifle
2011 1161 2187 1202 perietibus,

1224 1215 1283 1236 erat
1294 1207 1311 1236 s
1308 1203 1411 1236 umma
1419 1208 1555 1245 gravitas,
1567 1214 1627 1236 eiat
1635 1216 1706 1235 cum
1717 1207 1858 1246 gravitate
1864 1203 1989 1244 jun&us
1999 1203 2185 1237 facetiarum,

1225 1248 1258 1277 δε
1268 1248 1442 1277 urbanitatis
1453 1249 1679 1281 oi·atorius,non
1688 1247 1827 1280 scurrilis,
1839 1246 1918 1288 lepos.
1939 1245 2047 1276 Latine
2057 1246 2186 1291 loquen-

1224 1289 1256 1319 di
1266 1297 1406 1321 accurata,
1419 1288 1451 1318 &
1460 1287 1520 1318 fine
1531 1287 1668 1319 molestia
1676 1288 1804 1329 diligens
1815 1288 1977 1329 elegantia:
1997 1289 2031 1318 in
2042 1286 2188 1317 difleren-

1224 1331 1264 1360 do
1274 1333 1350 1360 mira
1359 1330 1520 1369 explicatio
1532 1340 1537 1359 :
1549 1328 1621 1360 cum
1632 1330 1742 1370 dejure
1752 1330 1848 1363 civili,
1859 1328 1932 1360 cum
1943 1329 1979 1359 de
1988 1338 2077 1370 aequo
2088 1329 2121 1359 &
2130 1327 2188 1358 bo-

1224 1382 1265 1401 no
1285 1371 1480 1411 disputaretur
1490 1391 1498 1404 ,
1516 1381 1765 1411 argumentorum
1775 1391 1783 1405 ,
1805 1372 1838 1402 &
1847 1369 2081 1401 similitudinum
2091 1371 2186 1409 copia.

1226 1416 1307 1443 Nam
1320 1432 1328 1446 ,
1348 1421 1380 1442 ut
1398 1415 1550 1443 Antonius
1569 1412 1741 1453 conjedhira
1750 1412 1921 1446 movenda,
1943 1421 1993 1443 aut
2001 1411 2126 1443 sedanda
2136 1411 2185 1441 su-
2207 1411 2254 1456 39¹

1226 1456 1360 1494 spicione
1372 1474 1381 1487 ,
1393 1463 1441 1484 aut
1451 1454 1608 1485 excitanda
1619 1475 1627 1488 ,
1638 1454 1849 1486 incredibilem
1858 1456 1925 1485 vim
1935 1454 2059 1484 habebat
2072 1464 2078 1483 z
2102 1451 2186 1483 sicin

1227 1495 1460 1536 interpretando,
1471 1499 1504 1526 in
1514 1495 1700 1530 definiendo,
1712 1498 1744 1526 in
1754 1495 1928 1537 explicanda
1937 1497 2074 1537 aequitate
2086 1515 2094 1529 ‚
2105 1494 2186 1524 nihil

1227 1547 1287 1568 erat
1297 1536 1395 1568 Crasso
1403 1536 1552 1578 copiosius
1565 1549 1571 1567 :
1589 1538 1679 1579 idque
1689 1537 1761 1568 cum
1772 1537 1847 1578 saepe
1859 1538 1939 1571 alias,
1951 1546 2018 1567 tum
2027 1536 2104 1577 apud
2113 1546 2186 1566 cen-

1228 1581 1378 1610 tumviros
1396 1580 1429 1608 in
1450 1582 1493 1609 Μ.
1507 1581 1589 1610 Curii
1608 1580 1691 1611 causa
1703 1582 1860 1621 cognitum
1869 1578 1921 1609 est.
1944 1582 1988 1609 Ita
1998 1581 2082 1608 enim
2092 1577 2190 1609 multa

1228 1630 1294 1652 tum
1312 1629 1415 1651 contra
1433 1621 1575 1662 scriptum
1587 1629 1638 1663 pro
1649 1632 1722 1663 aeqno
1733 1620 1840 1654 &bono
1851 1620 1952 1654 dixit,
1975 1628 2008 1650 ut
2023 1621 2187 1650 hominem

1229 1661 1440 1697 acutissimum,
1453 1664 1678 1703 QScaevolam,
1690 1663 1723 1694 δε
1735 1665 1769 1693 in
1776 1664 1787 1704 j
1792 1664 1890 1697 ure‚in
1900 1672 1960 1703 quo
1969 1662 2021 1693 illa
2029 1661 2112 1692 causa
2120 1670 2188 1692 ver-

1229 1704 1352 1738 tebatur,
1364 1704 1579 1744 paiatissiinum
1589 1726 1599 1740 ‚
1609 1705 1748 1736 obrueret
1755 1713 1999 1746 argumentorum
2011 1723 2019 1738 ‚
2031 1703 2189 1743 exemplo—

1228 1756 1356 1787 rumque
1373 1748 1459 1786 copia
1471 1757 1476 1776 :
1495 1755 1583 1787 atque
1601 1749 1642 1777 ita
1660 1755 1726 1777 tum
1744 1747 1781 1777 ab
1797 1748 1845 1776 his
1860 1747 1994 1786 patronis
2013 1745 2187 1786 aequalibus,

1229 1790 1321 1819 etiam
1336 1788 1541 1819 consularibus
1551 1808 1561 1821 ,
1579 1789 1663 1819 causa
1682 1789 1734 1818 illa
1752 1787 1832 1819 dista
1850 1787 1893 1818 est
1903 1808 1911 1820 ‚
1935 1785 2007 1817 cum
2018 1796 2140 1827 uterque
2149 1795 2190 1817 ex

1228 1831 1373 1860 contraria
1382 1838 1461 1870 parte
1472 1831 1517 1868 jus
1527 1830 1618 1860 civile
1627 1829 1800 1862 defenderet
1810 1851 1818 1865 ,
1836 1838 1869 1860 ut
1879 1829 2068 1870 eloquentium
2070 1827 2191 1867 jurispe-

1228 1871 1375 1912 ritzffimus
1386 1870 1510 1905 Crassus,
1520 1872 1745 1911 jurisperitorum
1755 1870 1986 1913 el'oquerthfirnm
1996 1870 2126 1901 Scaevola
2134 1879 2191 1910 pu-

1229 1923 1340 1944 taretur
1351 1924 1356 1943 :
1376 1915 1428 1954 qui
1437 1913 1562 1954 quidem
1571 1916 1643 1944 cum
1653 1923 1807 1954 peracutus
1818 1911 1889 1943 effet
1897 1912 1933 1943 ad
1942 1911 2190 1954 excogitandum.

1229 1955 1303 1996 quid
1312 1957 1345 1986 in
1352 1957 1429 1996 jure,
1437 1964 1487 1985 aut
1497 1957 1529 1985 in
1539 1966 1626 1996 aequo
1636 1965 1743 1986 verum
1753 1964 1804 1985 aut
1812 1954 1895 1988 ess'et,
1905 1962 1956 1984 aut
1963 1964 2028 1984 non
2037 1952 2188 1987 essentum

1229 1997 1327 2028 verbis
1345 2006 1406 2027 erat
1421 1997 1457 2027 ad
1474 2007 1539 2027 rem
1549 2007 1620 2027 cum
1630 1997 1748 2028 summa
1757 1997 1898 2027 brevitate
1907 1996 2083 2026 mirabiliter
2093 2004 2191 2035 aptus·

1231 2043 1326 2080 Qare
1337 2037 1372 2070 fit
1381 2039 1469 2069 nobis
1480 2048 1579 2069 orator
1590 2041 1622 2069 in
1632 2040 1690 2069 hoc
1699 2038 1926 2078 interpretandi,
1937 2036 2190 2077 explanandique,

1232 2082 1265 2112 &
1283 2079 1442 2111 differendi
1451 2090 1558 2120 genere
1567 2080 1714 2111 mirabilis
1723 2100 1732 2113 ‚
1752 2079 1792 2109 sic
1802 2088 1834 2109 ut
1842 2078 1939 2108 simile
1947 2079 2027 2107 nihil
2036 2077 2165 2107 viderim
2179 2087 2188 2107 z

1231 2125 1265 2153 in
1283 2122 1420 2163 augendo
1430 2142 1439 2156 ‚
1460 2125 1494 2151 in
1503 2121 1637 2152 ornando
1648 2141 1657 2155 ‚
1677 2122 1711 2150 in
1719 2119 1886 2150 refellendo
1897 2121 1991 2159 magis
2000 2118 2190 2149 existimator

1232 2163 1413 2194 metuendus
1424 2182 1432 2196 ,
1450 2162 1541 2203 quam
1551 2161 1742 2192 admirandus
1751 2170 1858 2192 orator.
1880 2161 1998 2190 Verum
2008 2161 2043 2191 ad
2055 2159 2190 2191 Crassum

1232 2213 1422 2235 revertamur.
1466 2207 1551 2234 Tum
1559 2206 1665 2233 Brutus
1679 2222 1687 2237 ‚
1697 2202 1756 2234 Etsi
1765 2204 1831 2233 satis
1840 2223 1848 2236 ‚
1859 2205 1968 2243 inquit,
1979 2204 2057 2232 mihi
2066 2202 2189 2233 videbar
2207 2199 2257 2243 40⁴

1233 2246 1338 2276 habere
1348 2246 1505 2285 cognitum
1514 2246 1677 2275 Scaevolam
1687 2255 1725 2275 ex
1735 2247 1772 2274 iis
1782 2245 1881 2278 rebus,
1891 2255 1963 2285 quas
1972 2244 2127 2275 audiebam
2137 2244 2189 2275 sae-

1231 2298 1267 2328 pe
1279 2297 1316 2316 ex
1326 2289 1358 2317 C.
1370 2287 1488 2317 Rutilio
1500 2306 1508 2320 ‚
1528 2297 1588 2327 quo
1599 2286 1734 2317 utebatur
1744 2295 1861 2326 propter
1869 2285 2102 2316 familiaritatem
2112 2289 2190 2317 Scae-

1233 2329 1310 2360 vol-az
1319 2327 1430 2362 nostri,
1448 2327 1611 2358 tamenista
1621 2329 1700 2358 mihi
1709 2329 1733 2368 ej
1739 2338 1772 2358 us
1786 2328 1906 2358 dicendi
1921 2337 1998 2358 tanta
2017 2328 2078 2358 laus
2089 2347 2098 2361 ‚
2119 2335 2191 2358 nota

1235 2381 1299 2402 non
1315 2379 1383 2400 erat.
1412 2373 1512 2410 Itaque
1530 2373 1595 2410 cepi
1613 2371 1797 2410 voluptatem
1807 2390 1815 2403 ‚
1838 2379 1899 2400 tam
1918 2378 2057 2399 ornatum
2075 2371 2190 2403 virum,

1233 2423 1353 2453 tamque
1362 2412 1512 2442 excellens
1522 2413 1680 2452 ingenium
1690 2410 1775 2442 fuiffe
1788 2414 1819 2441 in
1836 2411 1935 2442 nostra
1952 2421 2012 2450 rep.
2045 2413 2106 2441 Hic
2122 2420 2189 2452 ego,

1235 2455 1310 2500 Noli
1320 2474 1328 2488 ,
1349 2456 1474 2495 inquam
1485 2472 1493 2487 ‚
1514 2456 1623 2488 Brute,
1640 2453 1810 2484 existimare
1824 2474 1834 2487 ‚
1845 2455 1890 2483 his
1900 2453 2016 2483 duobus
2026 2453 2190 2494 quidquam

1232 2495 1319 2526 fuifie
1339 2497 1370 2525 in
1388 2494 1487 2525 nostra
1505 2496 1622 2526 civitate
1641 2495 1835 2536 praestantius.
1858 2505 1930 2525 nam
1940 2515 1948 2529 ,
1969 2503 2001 2524 ut
2011 2495 2112 2535 paullo
2120 2493 2191 2524 ante.

1233 2538 1298 2569 dixi
1310 2557 1318 2571 ‚
1331 2537 1539 2568 consultorum
1548 2537 1674 2567 alterum
1684 2536 1918 2570 disertissimum,
1930 2536 2109 2567 disertorum
2119 2536 2192 2566 alte-

1234 2590 1302 2611 rum
1311 2577 1563 2609 consultiffimum
1572 2577 1659 2609 fuiss'e
1668 2600 1676 2613 ‚
1693 2578 1731 2609 fic
1742 2581 1774 2609 in
1784 2579 1908 2620 reliquis
1917 2579 2004 2609 rebus
2015 2580 2054 2608 ita
2063 2575 2192 2608 diffimi-

1234 2623 1277 2652 les
1297 2630 1379 2652 erant
1398 2622 1474 2651 inter
1493 2620 1552 2650 sese
1563 2641 1571 2655 ,
1595 2619 1718 2651 statuere
1729 2630 1761 2651 ut
1771 2630 1871 2651 tamen
1880 2630 1945 2650 non
1955 2618 2050 2661 posses
2061 2621 2152 2650 utrius
2162 2627 2192 2649 te

1236 2665 1340 2695 malles
1358 2661 1546 2693 similiorem.
1578 2661 1691 2693 Crasliis
1714 2671 1773 2694 erat
1797 2663 1978 2704 elegantium
1997 2660 2191 2702 pai-ciffimus‚

1237 2706 1366 2738 Scaevola
1375 2714 1531 2745 parcorum
1542 2703 1781 2746 elegantiffimus.
1804 2703 1918 2735 Crass'us'
1927 2706 1961 2734 in
1969 2704 2086 2734 summa
2095 2704 2194 2733 comi-

1237 2758 1293 2780 tate
1303 2748 1425 2778 habebat
1435 2748 1524 2777 etiam
1536 2746 1694 2777 severitatis
1706 2747 1773 2778 satis
1786 2757 1792 2776 t
1815 2747 1953 2777 Scaevolae
1964 2747 2058 2776 multa
2066 2747 2100 2775 in
2111 2745 2195 2775 seve-

1237 2793 1320 2821 ritate
1329 2799 1394 2820 non
1403 2788 1501 2819 deerat
1510 2797 1610 2819 tamen
1619 2790 1758 2819 comitas.
1788 2790 1874 2819 Licet
1891 2790 1997 2818 omnia
2010 2789 2067 2818 hoc
2077 2786 2174 2816 modo
2185 2795 2192 2814 t

1237 2832 1286 2864 sed
1297 2841 1400 2863 vereor
1411 2851 1420 2865 ‚
1430 2841 1467 2861 ne
1479 2829 1551 2871 fingi
1562 2830 1717 2860 videantur
1725 2832 1788 2861 haec
1798 2850 1806 2865 ‚
1823 2834 1836 2857 3
1848 2838 1879 2860 ut
1889 2830 2023 2860 dicantur
2031 2830 2047 2861 a
2057 2839 2106 2859 me
2116 2837 2196 2869 quo-

1241 2873 1419 2906 dammodo:
1436 2883 1482 2903 res
1491 2873 1520 2903 se
1532 2882 1632 2902 tamen
1642 2871 1679 2902 slc
1689 2873 1786 2906 habet,
1798 2870 1869 2902 cum
1880 2873 1982 2901 omnis
1992 2872 2086 2901 virtus
2097 2868 2130 2900 sit
2138 2887 2147 2903 ,
2161 2877 2194 2900 ut

1237 2918 1348 2952 vestra,
1367 2918 1456 2947 Brute
1466 2934 1475 2949 2
1486 2922 1571 2946 vetus
1583 2914 1741 2947 Academia
1752 2914 1831 2946 dixit
1839 2934 1849 2948 ,
1861 2913 2033 2943 mediocritas
2042 2923 2054 2941 .·
2072 2920 2197 2952 uterque
2237 2942 2242 2948 ,

2084 2955 2196 2984 horum

285 3062 308 3080 i.
327 3053 373 3078 Sed
379 3055 424 3079 hac
432 3062 483 3078 mea
492 3054 560 3085 culpa
569 3051 628 3086 enh]
649 3052 772 3087 Con-'iecit
782 3053 879 3079 Rivius
893 3073 901 3085 ,
915 3053 960 3087 fid
966 3061 1007 3078 nec
1017 3070 1025 3083 ‚
1036 3051 1200 3087 arripuitque
1246 3049 1325 3086 vulgo
1336 3056 1392 3076 erat
1402 3049 1501 3082 affinfio.

243 3089 332 3125 Ι11311111
342 3088 558 3123 Lainbiiius.ego
569 3087 685 3115 nonduin
696 3088 791 3120 audem
803 3099 861 3116 cuin
874 3090 901 3116 Sc
910 3089 987 3116 alteri
997 3088 1130 3125 scripturae
1141 3086 1200 3114 suus

238 3125 277 3155 >fit
288 3124 385 3157 sensus,
395 3125 423 3150 ὃς
434 3123 540 3160 quidem
553 3134 604 3150 nou
616 3125 777 3152 invenustus.

1279 3094 1306 3121 3.
1324 3089 1354 3111 Ut
1363 3084 1499 3112 dicantur-21
1509 3093 1544 3110 me
1552 3082 1737 3118 quodammodffl
1749 3081 1924 3110 Emendatuin
1936 3080 1962 3108 in
1971 3079 2030 3107 Pal.
2041 3088 2118 3106 manu
2128 3078 2196 3106 alie·-

1243 3132 1287 3153 na,
1297 3122 1456 3156 ‹prodammodo
1464 3128 1491 3146 ut
1501 3122 1611 3147 dicamur
1620 3119 1635 3146 ἃ
1646 3129 1689 3146 me.
1709 3128 1735 3146 at
1746 3119 1795 3153 Cuj
1800 3119 1850 3145 acii
1859 3118 1926 3145 liber
1937 3116 2045 3144 habebat
2057 3135 2066 3150 ,
2076 3119 2103 3143 m'
2111 3116 2196 3142 aliem-

279 3170 309 3190 2.
328 3162 462 3197 Qaefimit
472 3161 592 3196 ascmsto]
613 3160 655 3189 Sic
665 3170 697 3189 ex
708 3160 756 3188 xiib}
767 3161 851 3189 Rivio
861 3178 871 3193 ‚
882 3160 1024 3198 firmatque
1034 3160 1093 3190 Pal.
1103 3159 1201 3189 noster.
1240 3165 1281 3186 mr
1290 3157 1306 3184 ἃ
1317 3167 1351 3186 me
1359 3158 1456 3197 quadriga
1465 3157 1526 3186 modo
1533 3168 1543 3192 ,-
1553 3155 1625 3192 quod
1634 3166 1687 3185 non
1699 3154 1850 3191 displicebat
1860 3153 2018 3183 Gulielmio.

2126 3187 2231 3216 idae.
