2379 3400
218 127 341 183 „75
617 110 1120 161 M.Tv1,r,r·r

214 206 363 235 nentium.
388 203 461 230 Item
480 196 567 236 igitur
581 212 588 225 ,

1199 103 1737 154 Cicznours

610 202 637 221 si
654 199 730 220 sius.
742 193 972 218 οινιΝΑτιοΝε
983 191 1046 212 non
1063 177 1159 220 potest
1195 182 1291 215 rionis,
1313 180 1346 212 &
1357 181 1460 220 manu)
1472 190 1536 210 tum
1555 180 1627 211 verb
1645 191 1696 216 ea,
1714 193 1779 224 quae
1791 183 1918 220 ἇκςὸςικις
1931 182 2060 218 dicitur,
2074 179 2158 216 tffin·

215 246 364 275 officium,
376 242 406 270 δε
419 246 527 268 munus
538 233 734 264 divinationis
743 227 864 258 exstare,
875 223 1077 265 potestautem
1088 221 1159 251 οὑπὶ
1197 224 1337 262 deinceps
1353 225 1371 249 4
1381 231 1418 252 ex
1429 224 1534 261 primis
1544 223 1645 253 versus
1655 223 1760 254 litteris
1770 226 1883 266 aliquid
1891 224 2083 257 conneaitur
2094 244 2104 257 ,
2119 232 2156 256 ut

217 296 282 328 quis
294 283 511 314 divinationem
523 275 625 305 habeat
634 293 642 306 ‚
655 281 746 302 errare
755 270 916 308 aliquando
927 285 936 299 ‚
958 274 1013 295 nec
1023 273 1090 293 vera
1099 271 1160 293 cer—

216 337 287 358 nes?
300 337 303 353 :
864 354 867 355 γ
888 348 896 357 x
970 350 974 354 ,
1004 349 1007 353 Ι
1035 344 1043 350 ·
1087 348 1089 351 ι

217 367 287 408 quid
307 368 344 394 im
362 361 418 392 csse
435 361 603 390 divinatum
617 376 624 389 ,
645 354 723 384 nihil
734 361 764 382 ut
779 350 904 381 fortuito
916 346 1054 394 cecidisie
1063 346 1162 392 videa-

219 418 272 439 tur
299 407 364 436 sunt
377 411 474 433 autem
486 402 549 437 ejus
559 405 675 438 generis
685 391 926 424 innumerabilia.
949 387 1007 419 effe
1018 397 1108 430 igitur
1117 386 1163 416 di-

216 450 400 479 vinationem
421 441 630 474 confitendum
651 436 703 467 est.
736 433 851 465 Festive
864 452 873 466 ‚
892 432 925 462 &
944 431 1086 461 breviter.
1116 427 1163 459 sed

216 491 288 520 cum
300 489 344 518 bis
357 483 456 516 sumsit
465 482 546 524 quod
557 482 654 511 voluit
664 499 672 512 ‚
691 479 780 508 etiam
792 473 811 504 fi
823 474 936 505 facileis
946 481 1002 503 nos
1010 471 1047 502 ad
1057 480 1163 501 conce-

217 530 350 562 dendum
364 528 497 557 habuerit
510 535 515 552 :
533 524 562 552 id
572 530 671 552 tamen
682 539 689 552 ‚
703 517 785 559 quod
794 514 914 547 affumit
924 535 931 549 ‚
945 512 1070 545 concedi
1080 511 1167 542 nullo

218 571 311 603 modo
322 568 428 611 potest.
450 569 479 597 Si
491 586 498 600 ‚
509 565 607 605 inquit
617 583 624 595 ‚
635 560 795 601 aliquando
806 558 888 588 oculi
897 565 1018 597 peccent
1028 574 1036 588 ‚
1053 562 1165 586 tamen,

217 616 286 655 quia
303 611 382 642 reike
403 607 561 648 aliquando
578 605 707 634 viderint
728 622 737 635 ,
765 598 840 630 inest
863 602 895 629 in
913 601 949 628 iis
969 599 1014 627 vis
1034 594 1167 626 videndi.

220 659 297 686 Item
311 674 319 687 ,
343 657 352 672 “
366 651 385 682 si
395 653 460 691 quis
472 648 562 679 semel
572 645 684 686 aliquid
695 641 804 673 dixerit
816 662 824 675 ‚
839 643 862 670 is
872 642 962 670 etiam
973 638 1041 669 cum
1052 645 1166 678 peccet,

157 707 201 739 53
221 705 322 728 tamen
333 690 548 724 existimandus
560 687 592 717 fit
603 687 708 716 habere
717 687 782 714 vim
793 678 1167 719 divinandi.Vide,quaeso‚

223 740 356 776 Cratippe
369 733 466 765 noster
476 752 483 765 ‚
495 731 585 772 quam
602 728 657 758 fint
670 726 722 757 ista
735 724 851 755 similia.
876 733 945 754 narn
960 723 1037 752 mihi
1049 730 1113 751 non
1123 720 1170 748 vi-

221 781 338 810 dentur.
362 773 441 806 oculi
450 776 535 803 enim
547 780 615 801 vera
625 777 779 800 cernentes
789 787 796 800 ,
807 775 932 796 utuntur
942 771 1046 793 natura
1056 782 1065 795 ,
1084 769 1170 801 atque

219 822 264 861 sen
281 830 320 848 u:
337 819 430 848 animi
448 813 468 844 si
486 812 606 855 quando
624 812 673 842 vel
693 807 883 839 vaticinando
896 827 904 840 ,
925 806 973 835 vel
991 803 1171 847 somniando

223 871 291 893 vera
309 859 463 890 viderunt,
484 853 526 886 usi
545 855 613 885 sunt
623 853 761 892 fortuna,
790 859 876 889 atque
893 848 970 878 casu.
1007 843 1172 892 Nisi-*forte

222 899 408 935 concessuros
417 899 472 929 tibi
483 895 635 928 existimas
645 903 697 924 eos
708 914 716 926 ‚
731 894 783 933 qui
794 891 911 922 somnia
922 898 975 929 pro
987 889 1112 918 somnus
1125 886 1173 915 ha-

223 946 296 975 bent
307 963 316 976 ‚
335 941 355 971 si
365 940 484 982 quando
494 937 616 978 aliquod
626 936 780 966 somnium
792 941 897 962 verum
907 930 1050 973 evaserit,
1069 937 1132 957 non
1143 926 1172 956 id

219 983 349 1016 fortuito
366 979 512 1013 accidisse.
537 979 591 1010 Sed
602 978 709 1007 demus
721 975 774 1005 tibi
788 973 853 1004 istas
864 972 1112 1011 dtiasfumriones,
1130 978 1173 1000 ea,

223 1037 289 1068 quae
299 1025 414 1056 λήμμκῦ·
421 1023 568 1063 appellant
577 1018 726 1049 diaieffici
739 1027 744 1046 :
765 1015 813 1046 sed
828 1024 882 1045 nos
895 1013 1001 1044 Latine
1014 1012 1100 1051 loqui
1113 1019 1178 1040 ma-

225 1070 326 1099 lumus
338 1086 346 1099 ,
364 1069 378 1084 ²
391 1064 561 1106 praefismptio
579 1069 678 1092 tamen
692 1079 700 1093 ,
722 1067 810 1098 quam
820 1055 939 1091 πρὸληψιν
952 1054 1045 1084 iidem
1059 1060 1177 1084 vocant,

222 1119 291 1140 -non
309 1107 435 1138 dabitur.
459 1103 589 1135 Assumit
607 1111 708 1132 autem
721 1099 875 1138 Cratippus
894 1098 951 1126 hoc
967 1094 1079 1125 modo:
1103 1093 1179 1122 Sunt

229 1159 325 1180 aurem
344 1145 555 1178 innumerabiles
570 1142 748 1185 prasenfiones
761 1151 812 1169 non
825 1138 963 1179 fortuita.
987 1140 1025 1167 At
1044 1144 1100 1177 ego
1111 1134 1179 1164 dico

226 1193 352 1223 nullam.
383 1189 480 1223 Vide,
501 1195 608 1228 quanta
626 1183 660 1215 sit
675 1179 884 1214 controversia.
914 1180 981 1220 Jam
1000 1175 1179 1207 assumtione

228 1243 291 1264 non
303 1229 453 1264 concessa,
475 1230 556 1259 nulla
570 1224 720 1258 conclusio
737 1223 788 1254 est.
812 1226 852 1253 At
862 1221 1052 1261 impudentes
1064 1219 1179 1264 sumus,

227 1280 243 1303 -3
257 1278 328 1316 qui,
347 1282 418 1304 cum
436 1281 495 1302 tam
514 1270 702 1310 perspicuum
717 1265 770 1300 sit,
791 1274 854 1294 non
863 1261 1075 1308 concedamus.
1099 1258 1180 1308 Qid

228 1317 271 1348 est
280 1316 466 1357 perspicuum
479 1316 489 1342 ?
504 1312 598 1342 Multa
606 1320 689 1343 vem,
703 1309 801 1348 inquit
811 1327 818 1340 ‚
831 1304 964 1335 evadere.
987 1302 1068 1343 Qid
1080 1322 1088 1335 ,
1100 1300 1181 1348 quod

227 1359 329 1388 multo
347 1357 432 1397 plui-a
450 1355 541 1384 falsa?
559 1362 664 1383 nonne
684 1351 744 1391 ipsa
763 1349 909 1380 varietas,
929 1354 995 1386 qua:
1009 1343 1050 1374 est
1062 1351 1181 1383 propria

232 1400 372 1431 fortunat.
395 1397 548 1428 fortunam
561 1415 568 1429 ,
581 1393 639 1425 effe
648 1392 764 1424 causam
776 1411 784 1425 ,
800 1399 863 1421 non
873 1395 1007 1419 naturam
1017 1384 1074 1416 effe
1084 1384 1183 1415 docet?

231 1441 339 1472 deinde
351 1461 360 1474 ‚
381 1438 401 1469 si
414 1449 463 1470 tua
479 1438 531 1469 ista
546 1434 699 1468 conclusio
711 1454 719 1469 ‚
739 1436 873 1473 Cratippe
885 1451 893 1465 ,
911 1440 979 1462 vera
988 1427 1030 1459 est
1043 1438 1048 1457 ;
1069 1427 1181 1466 (tecum

232 1484 318 1514 enim
333 1482 410 1513 mihi
422 1490 467 1511 res
477 1479 530 1519 est)
543 1488 644 1509 nonne
664 1477 805 1517 intelligis
818 1473 923 1504 eadem
940 1473 984 1502 uti
996 1468 1077 1511 poffe
1088 1469 1120 1498 &
1132 1469 1182 1497 ha—

232 1525 362 1564 mspices
373 1542 382 1556 ,
406 1522 438 1552 &
451 1521 645 1562 fulguratores
656 1539 664 1552 ,
686 1519 717 1548 &
732 1520 904 1556 interpretes
922 1513 1107 1544 ostentorum
1120 1530 1128 1544 ,
1152 1509 1183 1539 &

233 1573 377 1605 augures,
396 1563 430 1593 &
447 1563 618 1602 sortilegos,
637 1561 670 1590 &
689 1558 868 1590 Chaldaeos?
889 1564 1018 1596 quorum
1039 1560 1184 1593 generum

235 1607 356 1637 nullum
367 1603 410 1634 est
419 1623 427 1637 ‚
439 1613 477 1633 ex
488 1612 549 1643 quo
560 1612 623 1632 non
633 1600 744 1640 aliquid
756 1620 763 1632 ‚
779 1598 849 1628 sicut
858 1595 1035 1636 praedifitum
1046 1592 1080 1623 sit
1091 1612 1099 1626 ,
1119 1601 1185 1621 eva-

235 1648 315 1679 serit.
340 1649 416 1686 Ergo
433 1654 484 1674 aut
500 1654 532 1674 ea
547 1652 667 1684 quoque
682 1650 787 1683 genera
798 1637 956 1669 divinandi
971 1638 1055 1668 sunt,
1074 1643 1140 1675 quae
1155 1641 1186 1662 tu

236 1686 394 1720 reffiffime
405 1685 554 1726 improbas
565 1695 571 1714 :
584 1694 650 1717 aut,
663 1682 683 1713 si
692 1692 725 1713 ea
734 1691 796 1712 non
806 1680 873 1711 sunt
882 1700 890 1713 ,
902 1688 966 1709 non
976 1677 1124 1716 intelligo,
1135 1684 1188 1704 cur

235 1732 300 1760 kiaec
310 1729 370 1759 duo
380 1727 436 1757 sint
444 1748 453 1760 ‚
487 1737 531 1757 uae
540 1726 695 1766 relinquis.
715 1733 773 1764 qua
783 1732 852 1763 ergo
864 1722 977 1751 ratione
987 1720 1048 1748 haec
1057 1717 1186 1749 inducis,

239 1770 341 1802 eadem
357 1770 406 1799 illa
418 1737 537 1808 poliunt
548 1766 606 1797 effe
617 1787 626 1800 ,
644 1776 708 1806 quae
722 1765 814 1794 tollis.
858 1761 939 1802 Qid
954 1759 1025 1791 vero
1039 1759 1126 1788 habet
1137 1766 1189 1787 au—

235 1810 471 1850 &oriturissuror
480 1809 532 1839 iste
543 1828 551 1842 ‚
561 1817 651 1849 quern
660 1807 793 1835 divinum
804 1806 929 1836 vocatis,
941 1811 973 1831 ut
981 1821 989 1834 ‚
1000 1810 1064 1841 quae
1075 1800 1190 1838 sapiens

240 1863 304 1886 non
314 1853 412 1882 videat
423 1872 431 1885 ,
454 1861 486 1880 ea
496 1850 594 1880 videat
605 1849 726 1878 insanus
736 1866 744 1880 ,
762 1847 830 1876 &is
841 1865 849 1878 ‚
866 1846 919 1884 qui
931 1844 1078 1872 humanoe
1090 1840 1189 1869 sensus

236 1895 381 1927 amiserit,
392 1893 513 1923 divinos
523 1889 669 1921 assecutus
681 1887 713 1918 sit
724 1891 735 1917 ?
747 1887 869 1926 Sibyllae
878 1885 978 1915 versus
987 1882 1190 1914 observamus,

238 1947 315 1979 quos
335 1936 385 1965 illa
397 1935 497 1974 furens
510 1931 613 1972 fudiffe
629 1931 746 1960 dicitur.
785 1936 916 1969 quorum
934 1928 1077 1964 interpres
1096 1932 1191 1962 nuper

236 1979 309 2010 falsa
318 1977 453 2019 quaedam
465 1976 628 2004 hominum
640 1972 719 2002 fama
727 1969 864 2001 dffiturus
874 1970 906 1998 in
917 1968 1015 1998 senatu
1025 1964 1189 2006 putabatur,

241 2030 310 2050 eum
324 2040 332 2052 ‚
344 2027 433 2059 quem
445 2027 471 2046 re
481 2026 547 2045 vera
557 2025 646 2056 regem
655 2012 821 2042 habebamus
830 2031 838 2045 ‚
850 2008 1059 2050 appellandum
1070 2016 1190 2047 quoque

237 2060 299 2092 ess'e
310 2069 408 2101 regem
421 2079 429 2093 ‚
449 2058 468 2088 fi
487 2058 559 2088 salvi
578 2056 634 2086 esse
653 2056 810 2086 vellemus.
834 2049 985 2082 Hocfiest
995 2052 1027 2079 in
1036 2049 1120 2079 libris
1132 2067 1141 2082 ‚
1160 2049 1191 2077 in

239 2112 329 2144 quem
343 2103 500 2131 hominem
512 2119 520 2133 ,
534 2099 608 2129 &in
618 2097 700 2138 quod
710 2104 826 2136 tempus
838 2093 879 2124 est
889 2096 899 2123 ἒ
908 2091 1013 2123 callide
1025 2093 1108 2136 enirn
1120 2109 1128 2123 ,
1140 2091 1192 2131 qui

240 2144 292 2175 illa
301 2143 489 2183 composuit,
502 2140 624 2180 perfecit
633 2159 640 2173 ‚
653 2148 700 2172 ut,
715 2137 927 2178 quodcumque
937 2132 1086 2169 accidisset
1096 2151 1104 2165 ,
1117 2141 1192 2172 prae-

241 2185 359 2216 dietum
380 2183 548 2215 videretur,
567 2183 730 2211 hominum
743 2199 751 2212 ,
772 2178 805 2208 &
823 2185 994 2216 temporum
1015 2173 1193 2205 definitione

241 2227 361 2258 sublata.
393 2224 542 2255 Adhibuit
559 2225 649 2253 etiam
666 2221 806 2252 latebram
826 2218 1010 2249 obscuritatis
1022 2236 1031 2250 ,
1051 2225 1081 2247 ut
1099 2215 1192 2246 iidem

239 2269 340 2298 versus
358 2266 429 2297 alifis
445 2268 479 2296 in
496 2266 584 2295 aliam
603 2273 666 2294 rem
683 2261 765 2303 posse
778 2259 1001 2291 accommodari
1014 2257 1193 2288 viderentur.

242 2312 317 2340 Non
328 2307 385 2339 esi'e
398 2317 496 2338 autem
510 2305 586 2336 illud
601 2314 721 2336 carmen
732 2303 859 2334 furentis
870 2321 878 2335 ,
898 2300 969 2332 cum
981 2299 1078 2340 ipsum
1089 2299 1197 2339 po'e'ma

242 2352 366 2382 declarat
378 2349 433 2390 (est
447 2351 532 2380 enim
547 2349 641 2389 magis
656 2347 738 2380 artis,
761 2345 794 2375 ὃς
804 2343 954 2384 diligentia
964 2361 973 2376 ,
991 2350 1082 2383 quarn
1094 2341 1198 2370 incita-

285 2451 308 2468 ι.
325 2447 349 2467 6¹1
367 2451 418 2475 qun
431 2442 503 2474 kael
519 2439 611 2473 aliquid
629 2438 743 2471 dix-erin]
765 2436 873 2471 Vulgati
893 2436 919 2461 'iii
939 2435 1008 2460 hunc
1019 2433 1099 2468 usque
1108 2433 1192 2464 diem,

243 2479 285 2504 alit
294 2478 368 2503 uldin
378 2478 522 2503 divinatione
531 2476 629 2501 dixerit.
651 2472 693 2500 sed
703 2472 791 2499 delevi
800 2470 939 2507 glossulam
949 2469 1023 2497 illam
1034 2468 1194 2495 audior-itate

244 2488 357 2539 Palatini
367 2513 445 2548 primi
458 2531 466 2544 ‚
477 2511 521 2539 ubi
531 2511 587 2545 ejus
598 2519 645 2536 nee
656 2509 726 2541 vola,
736 2517 785 2539 nec
797 2507 946 2543 vestigium.
967 2506 994 2531 &
1006 2504 1081 2539 supra
1092 2503 1194 2536 notavi,

244 2550 319 2574 dicere
329 2548 397 2574 idern
409 2547 459 2575 esse
470 2546 540 2583 quod
549 2547 680 2580 pradicere.

281 2593 309 2609 2.
327 2585 473 2617 Praeficmpiio
482 2590 558 2608 tamen
570 2601 578 2614 ‚
588 2591 659 2617 quarn
668 2579 789 2616 ffgsitnssw
800 2599 808 2611 ,
825 2579 892 2613 die]
913 2577 939 2604 Si
951 2576 1031 2603 libros
1044 2576 1157 2607 nostros,
1167 2576 1195 2602 ὅτ

248 2620 274 2645 S.
284 2619 413 2650 ViEioris,
423 2620 478 2645 imo
490 2619 506 2645 si
516 2617 600 2645 editos
612 2619 628 2644 ii.
638 2615 771 2647 Vmor-io,
780 2615 900 2642 sturmio
914 2633 921 2644 .
932 2612 1098 2643 Carnem-io,
1111 2612 1135 2637 se
1156 2611 1197 2637 ui-

247 2662 326 2685 rum-3
346 2654 535 2681 rescribendum
544 2654 598 2680 enit
615 2653 693 2689 plane
702 2653 832 2686 praefinfio:
850 2649 921 2687 quod
932 2652 998 2676 item
1017 2647 1119 2682 reposui
1143 2656 1197 2679 em,

248 2689 295 2716 nisi
308 2690 422 2717 iterasset
433 2690 528 2716 Cicero
539 2690 606 2716 linea
617 2689 746 2724 sequenti.

286 2733 312 2760 3.
331 2727 377 2759 ΩΨ·
386 2735 435 2751 cum
444 2733 493 2751 ram
501 2726 694 2759 perspicuumfit,
702 2724 769 2758 ἀνι]
790 2722 910 2758 Vulgati‚
921 2725 961 2756 qui
970 2721 1038 2756 quod.
1049 2719 1090 2747 secl
1101 2725 1198 2756 praeter

249 2759 317 2786 Pan.
328 2769 419 2821 ἵκηται·
429 2763 456 2787 S.
467 2761 584 2788 Victoris
596 2780 604 2793 ,
617 2767 713 2796 praetcr
725 2759 798 2786 Petri
808 2759 922 2785 Victorii
933 2757 1078 2784 editionem
1091 2775 1100 2788 ‚
1118 2764 1198 2791 quam

250 2803 324 2830 :quc
352 2797 390 2822 cic
399 2795 467 2832 sequi
483 2804 585 2831 poterat
596 2796 764 2822 Camerarius
774 2804 803 2822 :sc
813 2794 958 2825 sturmius,
969 2794 1050 2829 quam
1062 2792 1148 2827 supra.

288 2837 316 2862 4.
336 2834 373 2856 Ex
387 2833 467 2863 primis
476 2834 562 2865 versus
579 2831 679 2866 literis]
701 2833 788 2858 Notet
798 2829 924 2857 curiosior
942 2830 1043 2857 exstare
1053 2829 1080 2855 in
1091 2828 1199 2864 PaLpr.

254 2865 282 2891 &
296 2866 344 2891 sec.
354 2870 433 2898 primi,
445 2877 494 2893 iion
503 2869 597 2900 primis.

291 2909 320 2934 ς.
340 2903 414 2937 Qu
435 2903 558 2929 Erimus
578 2903 700 2937 facin]
721 2901 839 2940 Express‘i
858 2900 930 2938 quod
949 2907 1006 2928 erat
1024 2899 1050 2927 in
1068 2899 1137 2927 Pau.
1156 2898 1202 2926 alii

255 2936 358 2962 ”munt
370 2954 378 2966 2
397 2939 430 2968 ἐξ
442 2940 533 2962 Eri-nius
545 2957 552 2968 ,
569 2937 603 2964 de
621 2948 673 2973 quo
689 2938 808 2965 videatur
822 2938 908 2964 Henr.
919 2937 1064 2973 Stephanus
1082 2936 1110 2962 in
1122 2935 1203 2961 Sche-

255 2971 505 3010 diastnateJanuzirii
517 2971 564 2999 sui.
584 2973 747 3001 Clarissimus
759 2974 798 3001 vir
809 2973 908 3001 Claud.
919 2974 1051 3000 Puteanus
1062 2971 1148 2999 isthaec
1158 2971 1205 2998 ha-

257 3006 335 3035 bebat
346 3016 393 3043 pro
403 3005 506 3041 spuriis.

291 3043 320 3069 6.
340 3045 416 3076 Atque
425 3045 450 3067 in
458 3042 594 3075 Sibjsse'nisff
615 3043 708 3070 Forsan
720 3048 812 3079 μεμε
821 3048 859 3076 ln,
869 3045 920 3075 &aa

288 3086 319 3114 7.
338 3080 458 3110 Exprimo
467 3078 537 3110 versu
548 3078 654 3112 cujusque
658 3080 775 3111 semenn'ae
780 3081 863 3113 primis
872 3081 947 3107 lircri'e
955 3079 1142 3111 illimsememt'ae
1150 3086 1205 3104 ear·—

1202 267 1233 295 in
1244 263 1424 306 quibusdam
1436 265 1582 293 Ennianis
1595 283 1603 296 ‚
1617 268 1630 291 5
1640 274 1699 306 qua
1712 266 1904 307 Enniucfecit.
1928 268 1958 297 id
1971 276 2048 297 certe
2059 267 2155 305 magis

329 325 392 354 sitis
403 319 443 350 cst
454 319 487 348 ad
496 313 733 347 confirmandam
745 311 965 340 divinationem
977 326 985 340 ,
1007 304 1097 335 semel
1109 304 1163 334 ali·
1200 306 1242 337 est
1251 308 1355 336 attenti
1365 307 1461 334 animi
1471 324 1479 338 ,
1490 306 1580 345 quam
1591 305 1727 336 furentis,
1748 304 1764 326 6
1776 311 1872 347 Atque
1883 310 1913 338 in
1925 309 2081 349 Sibyll-mis
2091 312 2104 336 7
2114 315 2154 337 ex

1201 350 1301 389 primo
1315 347 1402 377 versu
1416 347 1558 387 cujusque
1573 347 1726 377 sententia:
1738 349 1846 388 primis
1864 349 1969 380 litteris
1987 350 2068 380 illius
2089 348 2158 379 sen·-

1201 391 1303 420 rentiae
1319 397 1441 434 carmen
1459 398 1553 418 omne
1571 391 1751 428 praetexirur.
1777 391 1845 420 Hoc
1858 390 1994 431 scriptoris
2013 389 2073 424 est,
2093 399 2158 420 non

1194 432 1314 471 furentu
1323 441 1334 457 .·
1346 429 1513 460 adhibentis
1524 430 1711 470 diligentiam
1724 451 1733 464 ‚
1747 440 1811 460 non
1823 431 1927 461 insani.
1950 431 2156 473 Qiamobrem

1202 473 1347 512 Sibyllam
1368 471 1492 513 quidem
1511 471 1664 511 sepositam
1676 492 1685 506 ‚
1707 472 1904 502 &conditam
1915 472 2092 507 habeamus,
2115 482 2159 507 ut,

1206 514 1236 544 id
1254 513 1335 555 quod
1350 513 1505 553 proditum
1518 513 1561 543 est
1576 512 1591 543 a
1607 513 1771 552 majoribus
1784 533 1792 547 ‚
1812 512 1923 551 injuffu
1938 513 2053 543 senatus
2065 524 2103 544 ne
2117 515 2163 544 le-

1205 565 1309 598 gantur
1327 554 1451 594 quidem
1472 555 1540 584 libri
1560 574 1569 588 ‚
1594 555 1770 596 valeantque
1786 555 1822 585 ad
1838 554 2031 595 deponendas
2047 555 2162 594 potius,

1206 598 1295 638 quam
1307 597 1342 626 ad
1354 596 1551 636 suscipiendas
1565 597 1725 636 religiones
1741 606 1827 627 :cum
1839 595 2020 627 antistitibus
2030 605 2163 635 agamus,

1208 649 1239 669 ut
1258 637 1378 679 quidvis
1397 637 1498 677 potius
1518 647 1555 667 ex
1573 639 1635 667 illis
1654 637 1737 668 libris
1749 657 1757 671 ,
1777 637 1867 678 quarn
1889 647 1988 676 regem
2003 636 2164 677 proferant:

1207 690 1298 721 quem
1311 681 1420 710 Romae
1429 677 1496 719 post
1508 680 1570 708 haec
1581 689 1636 708 nec
1646 679 1709 713 dii,
1724 689 1779 709 nec
1790 681 1929 709 homines
1939 677 1996 710 effe
2006 680 2164 719 patientur.

1209 726 1248 752 At
1258 721 1347 752 multi
1357 721 1430 761 saepe
1440 730 1507 749 vcra
1517 721 1674 749 vaticinari
1685 740 1692 754 ‚
1706 730 1739 751 ut
1750 718 1904 752 Caffandra
1914 739 1925 755 ‚

1302 762 1430 803 Jamque
1438 763 1511 791 mari
1521 771 1631 802 magno.
1652 778 1713 785 ----

1212 804 1383 844 Eademque
1393 804 1493 844 paullo
1504 802 1586 844 post:

1304 847 1383 876 Eheu
1397 846 1498 875 videre.

1213 891 1299 918 Num
1320 890 1409 929 igitur
1427 897 1477 917 me
1489 891 1572 929 cogis
1586 888 1676 918 etiam
1688 887 1796 918 fabulis
1805 888 1944 919 credere?
1961 898 2027 930 quae
2037 885 2170 918 delcita·

1211 932 1304 959 tionis
1314 929 1457 963 habeant,
1471 939 1617 969 quantum
1629 929 1728 960 voles:
1744 930 1842 960 verbis
1852 951 1860 964 ,
1877 931 2043 963 sententiis,
2057 932 2170 960 nume-

1215 974 1255 1002 ris
1266 991 1274 1005 ‚
1285 971 1421 1001 cantibus
1431 971 1625 1009 adjuventur:
1643 971 1845 1000 aueronratem
1858 972 1980 1012 quidem
1993 971 2108 1001 nullam
2117 970 2171 1000 de-

1216 1013 1321 1043 bemus
1333 1031 1342 1045 ,
1357 1011 1508 1050 necfidem
1516 1013 1736 1042 commentitiis
1746 1013 1833 1042 rebus
1843 1014 2011 1053 adjungere.
2037 1012 2172 1042 Eodem-

1217 1064 1273 1094 que
1292 1053 1387 1083 modo
1407 1063 1461 1083 nec
1477 1062 1533 1092 ego
1545 1053 1683 1083 Publicio
1696 1054 1796 1083 nescio
1809 1064 1857 1083 cui
1870 1074 1878 1087 ‚
1898 1064 1952 1084 nec
1963 1056 2078 1084 Martiis
2090 1055 2170 1083 vati-

1215 1095 1289 1128 bus,
1311 1105 1366 1124 nec
1376 1094 1529 1134 Apollinis
1540 1097 1652 1133 opertis
1662 1094 1846 1124 credendum
1857 1095 2015 1125 existimo:
2035 1104 2168 1136 quorum

1218 1138 1327 1177 partim
1340 1134 1408 1166 fieta
1420 1135 1516 1174 aperte
1528 1154 1538 1168 ‚
1558 1137 1663 1175 partim
1676 1134 1790 1166 effutita
1805 1137 1916 1166 temere
1927 1156 1936 1170 ‚
1956 1145 2120 1177 numquam
2130 1145 2172 1166 ne

1219 1178 1366 1208 mediocri
1375 1177 1500 1218 quidem
1510 1178 1650 1218 cuiquam
1662 1197 1670 1210 ‚
1690 1187 1754 1207 non
1765 1177 1860 1207 modo
1873 1177 2010 1217 prudenti
2023 1197 2031 1210 ‚
2051 1177 2174 1217 probata

1218 1220 1294 1250 sunt.
1318 1219 1418 1260 Qid?
1430 1219 1566 1259 inquies:
1579 1228 1683 1249 remex
1694 1219 1744 1248 ille
1754 1218 1790 1249 de
1800 1217 1886 1249 classe
1896 1220 2046 1259 Coponii,
2067 1227 2176 1248 nonne

1220 1271 1252 1291 ea
1261 1260 1415 1301 praedixit,
1429 1270 1494 1301 quae
1504 1259 1579 1290 faeta
1588 1261 1677 1291 sunt?
1698 1261 1753 1290 Ille
1762 1260 1832 1291 verb
1842 1280 1849 1293 ,
1868 1261 1901 1291 &
1911 1271 1944 1290 ea
1952 1260 2076 1301 quidem
2085 1279 2094 1293 0
2109 1269 2175 1299 quae

1219 1312 1328 1333 omnes
1341 1312 1378 1332 eo
1392 1312 1526 1342 ternpore
1535 1321 1545 1336 ,
1565 1312 1604 1333 ne
1613 1302 1780 1333 acciderent
1787 1301 1966 1332 timebamus.
1989 1300 2078 1332 castra
2088 1303 2174 1331 enim

1222 1347 1253 1375 in
1265 1342 1414 1375 Theffalia
1428 1342 1527 1374 castris
1540 1344 1647 1374 collata
1659 1343 1852 1374 audiebamus
1865 1355 1870 1373 ;
1891 1343 2103 1383 videbaturque
2117 1352 2178 1372 no·

1220 1387 1266 1417 bis
1285 1385 1558 1417 exercitusCaesaris
1577 1386 1610 1416 δε
1628 1385 1750 1414 audaciae
1769 1386 1840 1425 plus
1856 1385 1980 1418 habere,
1993 1386 2111 1425 *quippe
2120 1384 2176 1423 qui

1220 1431 1317 1469 patriae
1333 1428 1449 1458 bellurn
1468 1426 1634 1458 intulisset:
1658 1428 1692 1458 &
1709 1426 1825 1460 robora,
1846 1436 1968 1467 propter
1987 1425 2176 1456 vetustatem.

1222 1470 1331 1501 Casum
1346 1478 1448 1500 autem
1467 1469 1565 1508 proelii
1577 1489 1586 1502 .
1607 1478 1700 1499 nemo
1710 1467 1846 1499 nostrum
1857 1478 1917 1498 erat
1927 1488 1936 1502 ‚
1958 1469 2032 1508 quin
2046 1469 2178 1497 timeret:

1223 1512 1271 1542 sed
1280 1513 1337 1545 ita,
1349 1519 1379 1540 ut
1389 1509 1595 1540 constantibus
1605 1510 1785 1539 hominibus
1795 1519 1844 1549 par
1853 1518 1929 1543 erat,
1940 1520 1992 1538 non
2001 1515 2105 1550 aperte.
2119 1507 2178 1538 Ille

1222 1562 1322 1584 autern
1343 1554 1463 1582 Graecus
1478 1550 1551 1590 quid
1572 1552 1686 1581 mirum
1699 1569 1707 1584 ,
1729 1549 1748 1579 si
1761 1549 1967 1592 magnitudine
1986 1551 2124 1583 timoris,
2144 1556 2179 1579 ut

1221 1595 1397 1633 plerumque
1406 1591 1440 1622 fit
1449 1611 1458 1625 ‚
1478 1592 1494 1622 a
1504 1591 1679 1625 constantia,
1692 1600 1778 1632 atque
1791 1592 1807 1621 a
1821 1601 1922 1621 mente
1932 1610 1941 1625 ,
1952 1600 2037 1631 atque
2050 1591 2067 1620 a
2080 1589 2181 1629 seipse

1224 1633 1366 1665 discessit?
1385 1644 1442 1674 qua
1451 1633 1672 1672 perturbatione
1683 1634 1778 1664 animi
1790 1652 1798 1666 ‚
1813 1642 1879 1673 qua:
1890 1653 1898 1666 ,
1913 1633 1999 1663 sanus
2010 1631 2079 1662 cum
2093 1630 2176 1665 effer,

1224 1676 1348 1707 timebat
1367 1685 1405 1705 ne
1427 1676 1582 1704 evenirent
1596 1693 1607 1708 2
1637 1682 1670 1704 ea
1689 1673 1794 1703 demens
1813 1682 1956 1704 eventura
1972 1672 2030 1703 effe
2052 1673 2182 1703 dicebat.

1227 1717 1337 1748 Utrum
1350 1715 1470 1746 tandem
1480 1725 1532 1755 per
1542 1716 1614 1745 deos
1625 1735 1634 1748 ‚
1645 1724 1731 1755 atque
1741 1716 1884 1744 homines
1895 1734 1903 1748 ‚
1915 1716 2009 1755 magis
2018 1713 2181 1744 verisimile

1226 1757 1268 1788 est
1279 1778 1287 1791 ‚
1302 1757 1444 1787 vesanum
1455 1758 1601 1797 remigem
1611 1775 1620 1789 ,
1637 1766 1676 1785 an
1684 1756 1816 1796 aliquem
1828 1754 1964 1786 nostrum
1975 1775 1983 1789 ,
1997 1756 2050 1796 qui
2060 1755 2103 1785 ibi
2112 1764 2179 1785 tum

1227 1807 1364 1832 eramus,
1386 1807 1455 1832 rne,
1476 1800 1624 1828 Catonem
1637 1817 1645 1831 ‚
1664 1800 1832 1828 varronem
1844 1817 1852 1830 ,
1871 1798 2049 1837 Coponium
2067 1796 2180 1836 ipsum.

1224 1838 1346 1911 consilciia
1365 1839 1493 1869 deorum
1511 1839 1733 1871 immortalium
1752 1833 1937 1880 8perspicere
1956 1836 2104 1879 potuiffe?
2124 1837 2182 1869 Sed

1224 1892 1288 1923 Jam
1298 1891 1312 1912 a
1345 1890 1372 1911 te
1381 1891 1484 1915 venio,

1317 1925 1334 1951 9
1343 1925 1366 1951 0
1374 1921 1586 2005 [ιηῗὲαίροίίο
1598 1943 1606 1958 ,
1617 1922 1670 1965 qui
1680 1922 1850 1954 umbilicum
1860 1929 1970 1953 sertum
1983 1929 2122 1952 terrarum
2130 1919 2182 1952 ob-

1431 1989 1435 1999 ,
1445 1975 1454 1994 ι
1475 1975 1500 1993 es
1509 1985 1518 1999 ‚

1319 2006 1400 2037 Unde
1403 2005 1560 2048 superstitio
1558 2007 1581 2047 s
1575 2017 1593 2035 a
1600 2004 1725 2048 primt‘cm
1737 2006 1942 2048 ¹0skvaevafir
1951 2016 2007 2036 vox
2011 2004 2085 2047 fera.

1229 2050 1306 2080 Tuis
1323 2051 1406 2079 enim
1425 2049 1554 2079 oraculis
1563 2047 1741 2089 Chrysippus
1759 2059 1857 2080 totum
1876 2049 2024 2079 volumen
2043 2047 2186 2088 implevit

1225 2093 1333 2132 partim
1344 2088 1421 2121 falsis
1437 2111 1445 2124 ‚
1464 2099 1497 2120 ut
1507 2100 1562 2132 ego
1573 2093 1683 2130 opinor
1693 2110 1701 2124 ,
1720 2093 1826 2131 partim
1836 2091 1901 2121 casu
1911 2092 1988 2120 veris
1997 2110 2006 2124 ,
2022 2093 2048 2109 ¹¹
2061 2098 2094 2120 ut
2107 2088 2140 2120 fit
2151 2090 2188 2120 in

1228 2135 1315 2163 omni
1327 2134 1462 2162 oratione
1472 2131 1627 2172 saepiffime
1640 2144 1648 2166 3
1666 2135 1774 2172 partim
1787 2131 1963 2173 flexiloquis
1973 2152 1982 2166 ‚
1994 2132 2027 2162 &
2037 2130 2186 2165 obscuris.

1232 2184 1263 2205 ut
1272 2176 1416 2214 interpres
1425 2183 1507 2215 egeat
1517 2176 1676 2213 interprete
1687 2193 1695 2207 ‚
1711 2174 1743 2204 ὃς
1754 2174 1815 2204 sors
1824 2174 1885 2214 ipsa
1895 2173 1930 2204 ad
1941 2174 2045 2203 sorteis
2056 2171 2188 2203 referen-

1227 2216 1263 2248 da
1271 2214 1306 2246 sit
1316 2217 1444 2255 &partim
1454 2215 1615 2256 ambiguis,
1627 2216 1660 2245 &
1670 2225 1735 2256 quae
1746 2219 1774 2235 ¹²
1785 2215 1820 2245 ad
1829 2214 2023 2246 dialefficum
2033 2212 2186 2245 referenda

1230 2256 1298 2289 fint.
1321 2259 1402 2288 Nam
1412 2257 1484 2287 cum
1495 2257 1555 2287 sors
1567 2257 1620 2287 illa
1628 2257 1706 2288 edita
1717 2257 1758 2288 est
1767 2255 1992 2296 opulentiffimo
2002 2258 2063 2297 regi
2072 2253 2157 2289 Afiae,

1325 2301 1472 2331 citemus
1490 2301 1622 2329 HALYM
1645 2308 1840 2329 PENETRANS
1861 2306 2016 2329 MAGNAM
2038 2305 2190 2327 PERVERq

1451 2350 1514 2373 τΕ-ι·
1535 2350 1630 2371 orosa
1654 2350 1722 2372 vm
1733 2352 1740 2370 :

1668 851 1685 865 ἱ

2051 2378 2189 2409 hostium

1232 2433 1295 2458 dum
1307 2432 1465 2458 eniaculata.
1486 2434 1618 2458 Puteanus
1628 2433 1768 2459 adnotarat
1780 2451 1786 2462 ‚
1800 2439 1933 2467 repertum
1943 2431 1970 2457 in
1984 2430 2065 2457 veteri
2075 2429 2189 2465 scripto,

1231 2477 1262 2493 ex
1276 2469 1360 2501 primia·
1368 2468 1479 2501 verfimm
1498 2468 1605 2502 cujusque
1616 2469 1738 2501 sententia
1755 2469 1828 2493 literis
1840 2486 1849 2499 ,
1870 2466 2064 2502 videndumque
2076 2463 2189 2500 Dionys.

1236 2503 1467 2530 Halicarnaffieum
1480 2522 1488 2535 ,
1508 2502 1577 2530 libro
1590 2513 1613 2530 i.
1624 2503 1721 2539 Antiq.
1732 2503 1816 2530 Rom.
1827 2504 1855 2530 ὅ(
1869 2502 2010 2529 Eusebium
2027 2502 2055 2529 in
2066 2501 2191 2529 oratione

1234 2539 1265 2567 ad
1276 2539 1451 2566 Christianos.

1269 2575 1297 2602 8.
1317 2578 1452 2609 Perspicere
1465 2575 1586 2609 poruiffi]
1606 2575 1632 2601 Si
1644 2574 1766 2616 antiquos
1779 2573 1860 2602 libros
1879 2573 1950 2610 sequi
1962 2579 2088 2610 oportet,
2105 2572 2188 2608 longe

1233 2610 1283 2638 alia
1294 2612 1433 2637 exorietur
1445 2629 1453 2643 ,
1475 2611 1503 2636 &
1514 2610 1609 2637 melior
1619 2610 1690 2637 forte
1702 2611 1839 2637 sententis.
1860 2610 1957 2637 habent
1974 2610 2044 2636 enim
2056 2610 2084 2635 S.
2094 2607 2191 2634 Vigin-

1235 2647 1282 2679 ris,
1293 2651 1364 2717 ebe-rte
1377 2646 1445 2674 Pau.
1456 2653 1569 2682 quatuor
1579 2649 1708 2682 respicere.-
1725 2645 1852 2674 secundus
1863 2653 1990 2683 praterea
2002 2664 2011 2678 ,
2029 2646 2138 2679 respicere
2145 2651 2192 2670 nm

1234 2690 1299 2717 potu!
1318 2693 1339 2709 e.

1269 2728 1300 2754 9.
1318 2724 1335 2746 ο
1343 2720 1427 2745 sanae
1435 2719 1536 2753 Apum]
1557 2719 1646 2746 Prima
1655 2719 1734 2746 litera
1754 2718 1841 2746 versus
1851 2716 2027 2755 expungenda
2036 2715 2123 2752 potius
2135 2733 2144 2746 a
2161 2720 2195 2741 ut

1236 2755 1283 2782 fiat
1293 2755 1439 2782 trochaicus
1451 2764 1459 2785 5
1480 2757 1561 2790 quam
1573 2763 1603 2782 ut
1612 2765 1671 2782 cum
1682 2755 1814 2782 Lambino
1823 2753 1992 2781 rescribamus
2004 2771 2014 2786 ,
2028 2750 2144 2778 carmine
2155 2749 2196 2777 se-

1238 2791 1324 2818 cundo
1333 2797 1426 2818 contra
1436 2789 1517 2818 libros
1529 2802 1535 2818 ε
1559 2792 1622 2817 Unde
1630 2791 1848 2825 haecsuperstitiosa.

1279 2837 1321 2854 ιο.
1339 2831 1406 2853 Sera
1416 2828 1489 2860 evasit
1498 2828 1633 2861 voxfera]
1648 2828 1761 2863 Junior,
1771 2824 2015 2860 coiijiciebam‚saepe
2023 2824 2096 2856 ιτα-βε
2105 2823 2199 2862 ava-fo-

2178 731 2226 764 55

2197 1836 2244 1879 56

1240 2873 1292 2890 ras.
1313 2872 1382 2890 nunc
1393 2882 1402 2895 ‚
1413 2863 1483 2889 malo
1493 2863 1593 2899 aliquid
1605 2863 1821 2898 nonintelligere
1833 2880 1842 2893 ,
1852 2861 1931 2897 quani
1942 2858 2017 2885 indul
2038 2867 2082 2884 ere
2091 2858 2197 2884 divina-
2219 2873 2224 2878 ·

1221 2922 1223 2946 ¹.
1241 2899 1511 2962 ιΐίοιιίᾒιιιαὶὲςὲηῇυες
1525 2901 1606 2935 quam
1615 2898 1711 2926 debere
1721 2897 1835 2934 ingeniis
1846 2895 1965 2923 melioris
1975 2893 2010 2920 do
2029 2893 2107 2921 trinae
2120 2893 2201 2930 fruge

1255 2942 1337 2962 aturis
1361 2945 1374 2961 u
1398 2945 1405 2961 ι
1426 2943 1506 2961 rium.

1282 2980 1292 2998 ι
1301 2979 1323 2997 ι.
1343 2973 1411 3005 Utfit
1429 2973 1455 2997 in
1464 2972 1526 2996 omni
1534 2973 1638 2997 oratione
1648 2967 1781 3002 faepffen25
1797 2969 1887 3000 partim
1889 2965 2049 3001 flexiloquis]
2069 2965 2143 2992 Idem
2155 2965 2204 2993 ha-

1245 3006 1372 3039 riolabar,
1383 3009 1446 3041 utfit
1455 3009 1481 3032 in
1488 3004 1733 3040 partimflexisoquis5
1754 3002 1852 3030 omiffis
1864 3003 1956 3029 inediis
1965 3021 1972 3034 ,
1983 3009 2108 3039 tauquam
2120 3003 2136 3029 ὁ.
2146 3009 2204 3030 ma·

1246 3053 1281 3070 nu
1292 3043 1526 3078 interpolatorum.
1547 3049 1617 3066 nunc
1627 3047 1712 3065 taceo.

1285 3087 1329 3104 ¹2.
1347 3078 1388 3104 Ad
1397 3077 1543 3103 Aialefflcum
1552 3073 1751 3108 reserendafinr]
1765 3074 1826 3101 Duo
1836 3074 1949 3101 Palatini
1961 3073 2088 3105 veriores,
2097 3073 2206 3106 defleren-

254 3123 317 3146 men,
329 3113 397 3147 ἀι]
419 3112 474 3139 Pal.
485 3120 526 3147 pr.
538 3121 588 3138 non
599 3113 815 3149 agnoscit,primis
825 3116 899 3141 literis
908 3115 1105 3148 iwmsentemiae.
1126 3115 1154 3140 δε
1165 3122 1208 3140 re·
1226 3117 1228 3134 Ι
1246 3114 1333 3147 ausim
1344 3133 1353 3145 ‚
1371 3121 1456 3150 neque
1464 3111 1543 3141 aliter
1552 3109 1638 3140 edidit
1647 3109 1794 3142 Vistoiius.
1813 3111 1893 3140 etiam
1911 3112 1939 3139 S.
1950 3109 2066 3139 valoris
2076 3108 2146 3138 liber
2162 3108 2205 3134 de-

250 3150 351 3189 fipipnt
361 3148 420 3178 sane
438 3147 538 3184 aliquid
549 3147 616 3176 falsi.
637 3149 756 3185 quamvis
773 3150 801 3177 in
812 3149 944 3186 prioribus
954 3151 1044 3179 emnia
1054 3150 1127 3178 sorte
1141 3158 1210 3178 rion-
1225 3137 1230 3176 l

1243 3149 1358 3184 ferenda,

2126 3188 2137 3208 ι
2144 3198 2150 3206 .
2158 3178 2204 3208 sea
