2297 3389
667 135 977 180 ORAT10
1047 149 1181 181 PRO
1250 135 1322 183 M.
1373 137 1662 185 COEL10.

198 215 324 259 ineptias
337 237 345 253 ‚
365 214 572 258 fiprodierint.
594 213 663 248 sed,
684 213 766 244 fime
776 215 917 249 audiant,
938 224 1050 246 navent
1063 216 1153 247 aliam

195 270 336 300 operam,
357 260 445 290 aliam
453 259 556 288 ineant
563 258 703 298 gratiam,
724 258 757 286 in
773 258 838 287 aliis
849 258 877 287 se
887 257 974 287 rebus
987 256 1154 288 ostentent:

195 304 317 342 vigeant
341 300 419 342 apud
438 298 524 329 istam
555 299 717 328 mulierem
747 298 924 330 venustate:
957 299 1154 329 dominentur

197 343 361 374 sumtibus:
383 343 521 374 haereant,
529 339 858 379 jaceant‚dese1·viant:
881 342 969 381 capiti
979 338 1153 370 11610111ῃο-

134 391 180 424 29
197 386 310 417 centis,
330 382 637 422 8εΕο11111113Ρ3163111.
660 385 700 412 At
712 379 779 412 furit
796 383 873 412 servi
892 383 939 412 illi
954 381 990 412 de
1007 390 1152 422 cognato·
1171 415 1173 421 ‚

197 436 264 458 rum
284 425 427 455 sententia
445 422 704 454 nobiliffimorum
716 444 724 457 ,
749 424 782 454 &
799 423 1027 454 clarissimorum
1048 424 1152 452 hoini-

196 476 285 500 num‚
297 464 465 504 manumzffi-
491 469 500 484 ¹
513 465 653 496 Tandem
665 466 778 506 aliquid
792 467 968 496 invenimus
980 485 989 499 ,
1008 464 1089 505 quod
1099 464 1151 495 ista

196 507 308 539 mulier
315 507 352 537 de
364 507 485 537 suorum
497 510 749 549 propinquorum,
760 506 989 538 fortissimorum
999 509 1147 539 virorum,

194 550 349 582 sententia,
360 557 445 589 atque
454 548 734 580 au6t01·1tatefeciffe
745 549 886 580 videatur.
897 549 955 579 Sed
965 549 1037 579 scire
1047 549 1147 588 cupio,

193 590 266 631 quid
278 590 557 636 habeatargumenti
566 591 619 622 ista
629 590 839 622 manumissioz
861 593 894 621 in
903 600 961 631 qua
973 598 1022 620 aut
1031 591 1148 619 crimen

193 631 237 662 est
246 632 344 662 Coelio
354 636 507 673 quaelitum
520 653 528 666 ,
540 643 589 664 aut
601 633 726 674 quaestio
735 634 882 664 sublevata
892 653 900 666 ,
921 641 971 662 aut
983 631 1146 661 multarum

191 683 293 704 rerum
303 675 430 705 consciis
439 675 529 705 servis
538 686 608 706 cum
625 677 708 706 causa
716 676 875 716 praemiuni
886 673 1084 713 persolutum.
1107 674 1147 702 At

189 717 367 756 propinquis
376 717 495 756 placuit.
518 727 570 748 cur
578 728 641 748 non
652 718 778 757 placeret
786 735 794 748 ‚
811 714 883 745 cum
894 723 959 744 rem
969 723 1030 744 tute
1040 712 1075 743 ad
1092 723 1144 743 eos

191 766 256 787 non
265 757 302 787 ab
311 758 376 787 aliis
387 758 441 788 tibi
451 759 566 789 allatam
579 780 587 792 ‚
609 759 657 789 sed
672 759 687 789 a
698 767 724 788 te
735 758 793 797 ipsa
802 765 990 803 compertam
999 774 1007 788 ,
1027 753 1142 802 deferre

190 797 303 829 diceres
315 802 326 828 ἓ
338 798 397 829 Hic
406 802 495 830 etiam
510 803 665 834 miramur,
678 799 698 829 fi
706 799 789 828 illam
800 805 1043 827 commentitiam
1054 806 1143 843 pyiti-

188 839 260 870 dem
271 840 490 872 obscoeniffima
507 841 539 871 sit
549 841 648 871 fabula
656 841 832 871 consecuta?
855 839 945 869 Nihil
962 837 1005 868 est
1014 838 1095 879 quod
1108 848 1140 868 in

187 882 337 921 ejusmodi
349 884 509 912 mulierem
518 893 581 913 non
591 882 692 913 cadere
700 881 844 912 videatur.
868 884 881 900 ²
891 880 1000 910 Audita
1012 901 1019 913 ,
1033 881 1065 910 &
1075 890 1141 920 per—

185 923 331 954 celebrata
347 924 536 954 sermonibus
552 933 597 953 res
613 923 664 954 est.
688 925 839 964 percipitis
861 924 993 955 animis,
1011 922 1139 962 judices,
1159 953 1160 963 γ
1327 963 1332 968 ι

1159 965 1160 976 ’
1176 965 1361 1004 compressae,
1375 967 1407 996 &
1417 967 1585 998 constrifitae
1599 967 1721 999 fuerunt
1732 989 1739 1003 ,
1752 969 1850 1000 subito
1862 971 1890 1000 se
1900 981 2133 1012 nonnumquam

183 965 364 1005 jamdudum
373 965 445 1006 quid
456 965 613 998 velim,vel
622 967 736 1005 potius,
744 965 818 1005 quid
828 965 927 1008 nolim
938 963 1045 994 dicere.
1055 964 1138 1011 quod

185 1005 307 1037 etiamfi
324 1006 486 1037 esttastum
498 1026 506 1040 ‚
525 1007 603 1037 certe
621 1008 638 1038 a
657 1008 754 1038 Coelio
769 1017 834 1036 non
852 1005 1033 1036 611136111111.
1057 1005 1138 1047 Qd

184 1049 270 1078 enim
288 1048 430 1079 attinebat
443 1052 455 1078 ἓ
478 1048 531 1079 Est
545 1051 630 1079 enim
645 1049 682 1080 ab
698 1049 800 1089 aliquo
811 1047 928 1078 fortasse
939 1047 1137 1081 adolescente,

182 1099 319 1120 1101113111
337 1090 468 1123 insulso,
489 1090 580 1131 quam
591 1101 656 1121 non
673 1090 854 1121 verecundo.
878 1088 1031 1120 sinautem
1042 1088 1085 1119 est
1103 1087 1137 1119 fi-

183 1130 284 1161 ἃυῑῐιε
311 1135 323 1158 3
336 1141 400 1161 non
411 1131 487 1162 illud
496 1132 621 1173 quidem
633 1131 805 1163 modestum
816 1152 824 1166 ,
843 1131 892 1162 sed
909 1140 1012 1162 tamen
1021 1130 1064 1161 est
1075 1141 1137 1161 non

183 1171 341 1203 inficetum
352 1173 644 1215 mendacium.quod
651 1173 789 1215 profesio
798 1184 966 1214 numquam
975 1174 1141 1203 hominum

184 1214 284 1244 sermo
297 1234 305 1248 ,
323 1224 409 1256 atque
419 1218 526 1256 opinio
545 1215 754 1259 comprobaffit,
775 1214 830 1245 nisi
847 1217 951 1245 omnia
962 1235 971 1249 ,
988 1225 1055 1256 quae
1065 1225 1136 1245 cum

184 1256 370 1296 turpitudine
381 1258 478 1299 aliqua
487 1257 658 1289 dicerentur
668 1278 675 1292 ,
688 1261 721 1288 in
732 1257 817 1288 istam
828 1257 967 1298 quadrare
977 1257 1042 1297 apte
1054 1257 1139 1304 vide-

184 1307 294 1328 rentur.
317 1298 409 1329 Di&a
418 1299 460 1330 est
469 1301 485 1330 a
493 1310 544 1330 me
552 1301 637 1330 causa
646 1320 655 1333 ,
667 1300 793 1338 judices,
807 1300 840 1328 &
848 1307 989 1337 perorata.
1010 1299 1079 1338 Jam
1088 1308 1138 1328 in-

183 1339 244 1369 telli
268 1341 327 1374 itis,
338 1351 484 1381 quantum
490 1341 641 1380 judicium
649 1340 828 1373 sustineatis,
839 1348 947 1380 quanta
956 1349 1000 1369 res
1010 1338 1044 1368 fit
1052 1349 1139 1369 com-

181 1350 270 1411 millga
279 1382 375 1411 vobis.
399 1385 447 1412 De
457 1383 488 1412 vi
497 1384 639 1422 quaeritis.
662 1393 728 1423 quae
736 1383 786 1412 lex
796 1382 832 1411 ad
841 1382 1015 1421 imperium,
1028 1380 1063 1411 ad
1073 1391 1139 1412 ma-

175 1422 316 1462 jestatem
326 1442 334 1456 ‚
351 1423 388 1453 ad
397 1423 504 1453 statum
512 1425 612 1463 patriae
622 1444 631 1457 ‚
650 1425 685 1454 ad
695 1424 819 1455 salutem
830 1425 974 1453 omnium
989 1424 1134 1463 pertinet:

180 1473 273 1504 quam
282 1465 378 1505 legem
390 1468 429 1503 Q.
441 1466 562 1496 Catulus
579 1469 597 1492 4
605 1475 715 1496 armata
725 1464 905 1496 dissensione
921 1466 1037 1495 civium
1048 1485 1056 1498 ,
1078 1467 1136 1495 rei-

177 1505 306 1545 publicae
323 1506 407 1546 paene
427 1509 570 1537 extremis
586 1507 774 1547 temporibus
793 1507 862 1537 tulit
883 1518 889 1536 :

174 1588 335 1630 jurationis
344 1590 501 1621 exstinxit.
522 1593 586 1621 Hac
596 1593 679 1621 enim
691 1592 754 1633 lege
765 1591 855 1621 Coelii
864 1591 1062 1621 adolescentia
1071 1601 1135 1621 non

177 1630 213 1661 ad
222 1631 393 1671 reipublicae
403 1642 506 1673 poenas
517 1652 525 1667 ,
544 1632 594 1663 sed
605 1633 640 1663 ad
650 1634 786 1663 mulieris
796 1633 938 1663 libidines
949 1653 958 1667 ‚
970 1633 1002 1663 &
1013 1632 1136 1663 delicias

119 1676 163 1710 30
177 1672 354 1713 deposcitur.
365 1677 462 1715 Atque
472 1676 532 1705 hoc
541 1676 632 1705 etiam
642 1675 712 1705 loco
720 1677 911 1709 MCamurri,
924 1675 956 1705 &
968 1678 982 1702 5
992 1675 1135 1705 C.Eserni

176 1714 330 1745 damnatio
338 1717 521 1755 praedicatur.
541 1715 557 1736 ⁶
564 1719 590 1746 Ο
599 1716 797 1747 stultitiamne
805 1717 915 1750 dicam,
926 1727 964 1747 an
972 1717 1136 1757 impuden-

175 1757 250 1787 tiam
260 1756 436 1797 singularem
452 1761 458 1788 !
477 1758 631 1789 audetisne
642 1779 651 1793 2
670 1769 741 1789 curn
761 1759 797 1789 ab
814 1769 848 1789 ea
866 1759 993 1789 muliere
1007 1760 1135 1789 veniatis

176 1796 273 1828 facere
282 1799 411 1829 istorum
423 1801 588 1830 hominum
607 1804 821 1831 mentionem?
844 1800 996 1831 audetisne
1006 1802 1135 1831 excitare

177 1841 253 1870 tanti
262 1838 367 1880 flagitii
375 1851 539 1871 memoriam
547 1861 556 1875 ,
568 1852 632 1872 non
642 1842 822 1873 exstinetam
833 1843 917 1873 illam
926 1843 1052 1884 quidem
1064 1863 1073 1876 ‚
1085 1842 1135 1873 sed

174 1879 333 1921 repressam
351 1882 513 1914 vetustate?
534 1886 604 1925 Qo
622 1887 707 1914 enim
723 1885 770 1914 illi
786 1886 934 1918 crimine,
952 1893 1133 1925 peccatoque

173 1924 347 1962 perierunt?
370 1933 481 1964 nempe
501 1925 584 1966 quod
602 1925 737 1964 ejusdem
761 1926 898 1955 mulieris
915 1926 1056 1956 dolorem
1070 1947 1078 1960 ,
1101 1926 1134 1956 &

173 1964 318 2003 injuriam
329 1968 470 1996 Vettiano
486 1966 603 1996 nefario
612 1967 679 1996 sunt
696 1966 796 2007 stupro
813 1968 968 2007 persecuti.
992 1971 1071 2008 Ergo
1081 1988 1090 2001 ,
1102 1976 1135 1997 ut

172 2005 322 2036 audiretur
331 2009 426 2037 Vettii
439 2017 554 2038 nomen
563 2008 687 2039 incausa
698 2028 707 2042 ,
718 2018 750 2038 ut
761 2008 813 2039 illa
831 2017 915 2038 vetus
933 2014 947 2037 7
957 2008 1081 2038 Afrania
1090 2008 1134 2038 fa—

173 2046 244 2077 bula
257 2047 443 2079 refricaretur
451 2069 460 2083 ‚
480 2049 592 2080 idcirco
603 2052 757 2083 Camurti,
777 2050 810 2080 &
821 2050 924 2081 Eserni
935 2050 1017 2080 causa
1035 2049 1078 2080 est
1088 2059 1134 2079 re-

174 2092 304 2120 novata?
324 2092 378 2131 qui
397 2100 580 2132 quamquam
597 2092 662 2133 lege
672 2091 710 2121 de
726 2093 757 2122 vi
767 2091 846 2122 certe
863 2101 929 2122 non
943 2091 1132 2125 tenebantur,

171 2140 210 2160 eo
219 2130 371 2162 maleficio
382 2142 482 2163 tamen
497 2142 579 2163 erant
589 2133 737 2173 implicati
748 2153 757 2167 ‚
778 2143 811 2164 ut
821 2143 860 2163 ex
869 2134 983 2164 nullius
1000 2134 1074 2174 legis
1091 2133 1133 2163 la-

170 2174 256 2213 queis
275 2174 436 2204 emittendi
460 2174 641 2205 viderentur.
672 2177 717 2205 M.
732 2174 805 2206 vero
821 2176 934 2206 Coelius
953 2186 1005 2206 cur
1022 2177 1055 2205 in
1074 2175 1133 2206 hoc

168 2213 322 2254 judicium
330 2219 474 2246 vocatur?
496 2218 545 2246 cui
556 2227 653 2258 neque
663 2219 821 2257 proprium
832 2217 1006 2258 quaestionis
1014 2218 1130 2247 crimen

174 2255 334 2296 objicitur,
355 2267 412 2287 nec
421 2257 493 2288 vero
503 2259 617 2298 aliquid
627 2259 796 2297 ejusmodi,
822 2254 836 2278 8
848 2259 932 2300 quod
947 2258 980 2289 sit
989 2259 1004 2290 a
1014 2260 1078 2300 lege
1089 2259 1132 2289 se-

166 2296 311 2338 311Πᾶ11111
328 2319 338 2333 ,
364 2299 397 2329 &
415 2309 486 2329 cum
511 2299 607 2330 vestra
630 2301 783 2331 severitate
800 2300 1014 2341 conjunCtum.
1045 2302 1092 2341 cuj
1097 2310 1130 2331 us

166 2340 262 2381 prima
272 2348 335 2370 atas
352 2340 451 2371 dedita
468 2341 637 2381 disciplinis
655 2341 731 2376 fuit,
751 2342 845 2383 iisque
864 2343 976 2372 artibus
987 2363 996 2376 ‚
1018 2343 1130 2383 quibus

169 2380 349 2412 instruimur
361 2382 397 2413 ad
406 2384 488 2414 hunc
501 2383 590 2414 usum
601 2382 753 2415 forensem
764 2404 773 2419 ‚
787 2383 822 2414 ad
831 2382 1038 2424 capessendam
1047 2394 1129 2414 rem-

145 2448 155 2462 ]
168 2423 320 2463 publicam
331 2444 338 2457 ,
360 2424 396 2455 ad
405 2425 556 2455 honorem
567 2445 576 2459 ‚
596 2426 725 2466 gloriam
736 2446 745 2460 ,
765 2425 956 2467 dignitatern.
980 2428 1017 2456 iis
1026 2434 1127 2456 autem

168 2463 228 2495 fuit
238 2467 378 2496 amicitiis
389 2468 540 2506 majorum
553 2477 623 2498 natu
637 2487 646 2501 ‚
664 2477 797 2508 quorum
811 2469 923 2498 imitari
932 2467 1123 2502 industriam,

168 2508 449 2549 continentiamque
460 2509 594 2539 maxime
613 2510 686 2539 velit
698 2520 703 2539 ι
726 2511 764 2539 iis
773 2509 937 2550 aequalium
947 2509 1052 2540 studiis
1063 2530 1073 2543 ,
1093 2518 1127 2540 ut

168 2548 300 2578 eundem
312 2569 320 2583 ‚
332 2559 426 2590 quem
433 2552 543 2590 optimi
554 2571 563 2585 ,
575 2561 606 2582 ac
616 2549 807 2584 nobiliffimi‚
822 2559 920 2591 petere
931 2552 1050 2581 cursum
1062 2552 1126 2581 lau-

116 2584 122 2595 ¹
167 2589 215 2620 dis
225 2590 384 2621 videretur.
408 2590 486 2622 Cum
496 2601 593 2623 autem
605 2592 741 2633 paullum
759 2594 821 2632 jam
840 2592 957 2622 roboris
970 2591 1124 2623 acceffiffet

165 2634 290 2666 aetati‚in
301 2631 432 2664 Africam
445 2633 657 2673 profefflmsest,
670 2635 859 2674 Qompcjo
870 2635 1042 2674 proconsuli
1051 2645 1126 2665 con—

166 2673 328 2704 tubernalis
340 2695 348 2709 ,
359 2674 517 2706 castiffimo
526 2678 592 2707 viro
601 2696 609 2710 ,
623 2685 708 2717 atque
719 2678 823 2706 omnis
835 2674 929 2706 officii
939 2675 1127 2718 diligentiffi-

169 2725 242 2746 mo:
267 2718 300 2746 in
311 2726 367 2757 qua
379 2719 536 2756 provincia
552 2717 624 2749 cum
636 2729 681 2748 res
699 2727 798 2752 erant,
820 2718 852 2748 δε
865 2716 1056 2757 poffeffiones
1076 2728 1126 2758 pa—

167 2765 276 2793 ternae,
296 2767 361 2789 tum
381 2760 473 2789 etiam
492 2760 562 2790 usus
584 2760 708 2801 quidam
728 2760 922 2801 provincialis
939 2779 948 2794 ,
975 2770 1040 2790 non
1065 2759 1126 2790 fine

923 1517 1049 1548 quaeque
1064 1506 1115 1536 lex
1125 1527 1134 1541 ,
1156 1541 1157 1550 ἵ

176 1547 273 1578 sedata
283 1547 335 1578 1113
346 1547 469 1579 flamma
477 1549 648 1580 consulatus
659 1551 721 1579 mei
733 1570 740 1582 ,
757 1548 901 1579 fumantis
911 1550 1051 1589 reliquias
1061 1559 1135 1579 con-
1155 1563 1157 1567 ·

2061 157 2119 203 52
2127 163 2158 212 3·

1195 217 1277 248 causa
1287 216 1302 247 ὲ
1313 218 1478 258 majoribus
1489 221 1559 250 huic
1567 221 1645 251 aetati
1659 219 1807 252 tributu&v
1822 220 1948 253 disceffit
1962 221 2047 252 illinc
2056 226 2150 253 Pom-

1193 259 1378 298 pejijudicio
1387 260 1607 301 probatiffimus
1618 283 1627 296 ,
1650 271 1682 293 ut
1694 262 1784 303 ipsius
1795 262 1974 294 testimonio
1987 265 2149 305 cognosce-

1194 301 1241 330 tis.
1265 301 1363 332 voluit
1373 312 1471 333 vetere
1490 303 1647 338 instituto,
1669 314 1777 335 eorum
1795 305 2029 336 adolescentium
2043 315 2149 336 exem-

1192 341 1244 379 plo
1255 361 1263 374 ,
1276 345 1327 382 qui
1338 343 1405 383 post
1415 346 1446 374 in
1460 347 1577 376 civitate
1590 346 1702 377 summi
1711 349 1767 377 viri
1781 367 1789 381 ‚
1806 347 1839 377 δε
1847 346 2086 378 clariffimicives
2096 356 2149 377 ex-

1192 380 1346 417 stiterunt,
1367 385 1545 417 industriam
1563 388 1646 418 suam
1666 388 1682 419 a
1702 389 1815 429 populo
1831 391 1976 420 Romano
1995 399 2033 420 ex
2052 389 2149 430 aliqua

1192 422 1292 458 iuustri
1300 427 1475 465 accusatione
1487 430 1637 474 cognosci.
1662 431 1782 460 Vellem
1791 429 1852 461 alio
1864 433 1966 471 potius
1982 441 2052 462 eum
2063 433 2149 471 cupi·
2168 436 2182 469 3
2195 437 2205 452 ⁴*

1193 463 1267 494 ditas
1282 466 1385 505 gloria:
1403 468 1562 500 detuliflet.
1585 471 1634 501 sed
1657 472 1731 502 abiit
1749 472 1839 512 hujus
1862 481 1980 513 tempus
2005 474 2146 514 querelae.

1189 507 1347 537 Accusavit
1360 510 1391 537 C⁴
1405 512 1586 545 Antonium,
1602 513 1748 553 collegam
1760 524 1864 544 meum
1876 525 1881 543 τ
1892 518 1941 545 cui
1951 516 2061 545 misero
2071 524 2146 555 prae-

1186 548 1257 577 clari
1271 550 1303 578 in
1314 550 1531 589 rempublicam
1542 552 1681 584 beneficii
1692 558 1842 586 memoria
1850 556 1926 586 nihil
1936 556 2053 597 profuit
2062 576 2070 590 ‚
2086 566 2145 586 no-

1167 602 1168 609 1
1186 591 1249 618 cuit
1259 590 1347 631 opinio
1358 590 1637 636 maleficiicogitati.
1660 596 1759 634 postea
1769 599 1885 627 nemini
1896 597 2143 639 conceffitaequa-

1185 630 1274 664 lium,
1285 632 1352 670 plus
1364 642 1394 662 ut
1404 634 1438 662 in
1447 636 1515 663 1010
1525 655 1533 667 ,
1548 641 1614 674 pius
1625 645 1656 666 ut
1666 647 1697 666 in
1708 641 1836 679 negotiis
1846 640 2006 670 versaretur
2017 660 2026 674 ,
2037 638 2142 670 causis-

1184 681 1241 711 que
1250 674 1419 704 amicorum
1433 694 1440 707 ,
1461 676 1527 714 plus
1547 685 1579 705 ut
1589 677 1699 708 valeret
1709 681 1785 709 inter
1807 681 1872 710 suos
1882 684 1980 722 gratia.
2003 692 2068 722 quae
2082 680 2139 712 nist

1183 714 1353 754 vigilanteis
1367 716 1578 750 homines‚nifi
1591 718 1748 752 sobriimisi
1759 721 1905 756 industrii,
1915 724 2058 764 consequi
2070 733 2134 753 non

1181 753 1313 794 possunt,
1325 759 1430 787 omnia
1441 757 1530 787 labore
1539 779 1547 792 ‚
1564 759 1596 789 &
1604 760 1759 800 diligentia
1770 762 1812 792 est
1821 765 2006 794 consecutus.
2030 769 2066 795 ln
2077 767 2134 794 hoc

1182 795 1264 826 flexu
1274 797 1352 838 quasi
1360 801 1453 829 aetatis
1464 800 1554 838 (nihil
1565 803 1647 831 enim
1659 803 1825 836 occultabo,
1836 804 1925 835 sretus
1938 808 2133 839 humanitate.

1180 847 1212 868 ac
1222 838 1364 879 sapientia
1372 840 1476 881 vestra)
1487 841 1565 872 fama
1575 843 1769 874 adolescentis
1780 846 1915 884 paullum
1927 847 2006 877 haeslt
2016 848 2050 878 ad
2068 858 2135 878 me*

1178 888 1219 911 tas
1230 883 1339 912 notitia
1350 892 1427 912 nova
1437 884 1575 914 mulieris
1586 906 1593 918 ,
1615 885 1774 916 &infelici
1787 888 1941 917 vicinitate
1952 909 1960 921 ‚
1977 889 2009 918 &
2020 890 2137 929 influen-

1179 922 1224 950 tia
1236 923 1436 963 voluptatum.
1459 936 1605 966 quaecum
1618 927 1737 958 inclusae
1747 927 1862 958 diutius
1873 948 1882 961 ,
1901 929 1932 959 &
1942 932 2037 969 prima
2051 941 2136 962 aetate

1176 1005 1381 1045 profundunt,
1399 1017 1486 1049 atque
1496 1011 1621 1049 ejiciunt
1635 1012 1790 1041 universae.
1814 1022 1872 1053 qua
1882 1022 1920 1042 ex
1934 1015 1994 1043 vita
2005 1033 2012 1046 ‚
2030 1015 2076 1043 vel
2088 1014 2133 1043 di-

1175 1057 1240 1078 cam
1260 1068 1268 1081 ,
1298 1059 1360 1090 quo
1379 1060 1417 1080 ex
1439 1051 1578 1081 sermone
1604 1052 1803 1094 (nequaquam
1824 1056 1907 1084 enim
1926 1063 2043 1085 tantum
2063 1065 2131 1091 erat¹

1174 1098 1322 1130 quantum
1342 1092 1486 1122 homines
1499 1093 1706 1134 loquebantur)
1723 1095 1831 1125 verum
1851 1106 1890 1126 ex
1909 1106 1965 1130 eo,
1987 1097 2137 1138 quidquid

1175 1140 1252 1165 erat,
1274 1131 1411 1168 emersit,
1430 1142 1590 1176 totumque
1603 1135 1629 1165 se
1639 1136 1743 1176 ejecit,
1758 1146 1844 1177 atque
1855 1138 1977 1168 exrulit:
1999 1147 2133 1168 tantum-

1175 1182 1233 1214 que
1247 1173 1327 1205 abest
1338 1175 1374 1205 ab
1389 1175 1473 1206 illius
1482 1175 1691 1208 familiaritatis
1704 1177 1829 1210 infamia
1839 1198 1846 1212 ‚
1861 1188 1892 1209 ut
1903 1180 2037 1219 ejusdem
2051 1190 2132 1211 nunc

1176 1216 1213 1245 ab
1226 1215 1285 1246 sese
1295 1218 1474 1248 inimicitias
1483 1238 1491 1252 ,
1507 1218 1672 1260 odiumque
1682 1220 1839 1260 propulset.
1865 1224 1962 1262 Atque
1973 1230 2006 1252 ut
2018 1221 2133 1252 1116111-

1177 1256 1331 1297 terpofitus
1342 1259 1439 1289 sermo
1449 1260 1623 1291 deliciarum
1635 1281 1643 1293 ,
1657 1261 1833 1303 desidiaeque
1844 1272 2012 1293 moreretur
2021 1284 2030 1297 ‚
2051 1263 2135 1303 (fecit

1177 1308 1228 1328 me
1238 1300 1408 1330 mehercule
1421 1304 1521 1332 invito
1532 1323 1540 1336 ,
1563 1302 1596 1333 &
1607 1304 1740 1333 multum
1750 1313 1932 1345 repugnante
1945 1326 1954 1339 ,
1973 1305 2023 1336 sed
2034 1315 2136 1338 tamen

1177 1338 1260 1380 fecit)
1271 1350 1388 1372 nomen
1397 1344 1489 1372 amici
1503 1343 1612 1374 meide
1623 1345 1739 1375 ambitu
1756 1346 1883 1376 detulit:
1907 1357 1999 1387 quem
2016 1348 2137 1378 absolu-

1177 1390 1242 1411 tum
1255 1383 1430 1424 insequitur,
1445 1394 1578 1416 revocat:
1601 1386 1868 1417 1161111111110111ὐ111
1880 1387 2081 1428 obtemperat:
2093 1389 2138 1423 est

1177 1423 1328 1453 violentior
1338 1445 1347 1459 ,
1367 1426 1458 1466 quiim
1469 1427 1590 1457 vellem.
1613 1428 1669 1458 Sed
1679 1438 1735 1470 ego
1747 1438 1812 1459 non
1821 1429 1930 1470 loquor
1937 1429 1977 1459 de
1985 1430 2136 1470 sapientia,

1175 1475 1241 1506 quae
1256 1476 1321 1496 non
1342 1467 1420 1498 cadit
1432 1469 1466 1497 in
1485 1469 1560 1499 hanc
1572 1477 1699 1498 atatem:
1721 1470 1758 1500 de
1769 1472 1885 1510 impetu
1901 1473 1999 1501 animi
2017 1472 2139 1513 loquor,

1175 1507 1212 1537 de
1222 1508 1383 1548 cupiditate
1391 1510 1547 1543 vincendi,
1561 1511 1597 1541 de
1611 1511 1713 1541 ardore
1724 1515 1837 1542 mentis
1851 1513 1886 1543 ad
1899 1513 2026 1554 gloriam
2042 1524 2048 1542 :
2070 1524 2139 1555 quae

1175 1548 1272 1580 studia
1281 1551 1314 1580 in
1327 1551 1374 1580 his
1385 1552 1448 1590 J'am
1460 1552 1594 1582 aetatibus
1604 1552 1715 1583 nostris
1727 1553 1927 1584 6011113811013
1939 1553 1997 1584 esse
2007 1555 2119 1585 debent
2131 1567 2136 1585 ε

1175 1593 1209 1620 in
1219 1591 1417 1623 adolescentia
1435 1593 1507 1623 vero
1519 1614 1527 1628 ‚
1549 1603 1690 1635 tanquam
1701 1597 1735 1625 in
1745 1595 1845 1625 herbis
1855 1615 1864 1629 ‚
1878 1594 2059 1638 significant,
2072 1607 2138 1638 qua:

1175 1635 1295 1663 virtutis
1310 1636 1462 1665 maturitas
1475 1655 1484 1669 ‚
1506 1636 1539 1666 &
1550 1645 1666 1677 quantae
1678 1635 1774 1677 fruges
1783 1636 1937 1668 industriae
1953 1637 2010 1668 sint
2018 1638 2137 1670 futurae„

1176 1677 1300 1712 Etenim
1314 1677 1429 1716 semper
1444 1687 1565 1707 MAGNO
1581 1688 1726 1708 INGENIO
1744 1678 1946 1710 adolescentes
1966 1679 2136 1712 refrenandi

1174 1716 1277 1756 potius
1288 1717 1426 1759 agloria,
1443 1719 1838 1760 quiimincitandifueiunt:
1855 1722 2035 1762 amputanda
2052 1723 2137 1763 plura

1176 1758 1400 1794 suntilliaetati,
1417 1759 1566 1802 siquidem
1578 1761 1737 1792 efflorescit
1749 1764 1866 1804 ingenii
1879 1763 2027 1798 laudibus,
2042 1764 2135 1806 quam

1175 1801 1339 1832 inserenda.
1365 1804 1481 1844 Qare,
1502 1802 1523 1833 si
1534 1805 1583 1834 cui
1600 1806 1737 1834 nimium
1755 1803 1900 1835 efferviffe
1911 1805 2031 1836 videtur
2045 1808 2137 1847 hujus

1175 1843 1267 1873 velin
1280 1844 1495 1884 suscipiendis,
1516 1846 1565 1875 vel
1584 1848 1618 1875 in
1634 1845 1772 1886 gerendis
1786 1847 1958 1876 inimicitiis
1974 1849 2039 1882 vis,
2054 1848 2137 1878 fero-

1174 1886 1265 1918 citas,
1289 1887 1465 1924 pertinacia:
1488 1886 1602 1928 fiquem
1621 1890 1712 1918 etiam
1725 1889 1930 1920 minimorum
1949 1889 2061 1920 horum
2079 1891 2136 1921 ali-

1174 1926 1247 1966 quid
1257 1925 1386 1957 offendit
1395 1947 1404 1962 ‚
1429 1926 1450 1957 fi
1458 1938 1594 1969 purpurae
1602 1939 1696 1970 genus
1705 1949 1714 1962 ,
1738 1927 1760 1958 fi
1771 1932 1941 1960 amicorum
1951 1939 2074 1962 catervae
2083 1952 2091 1966 ‚
2110 1930 2132 1962 fi

1174 1968 1333 2006 splendor,
1354 1968 1486 1999 finitor:
1506 1973 1570 2010 jam
1589 1970 1643 2001 ista
1652 1970 1852 2001 deferverint:
1872 1972 1933 2008 jam
1941 1979 2008 2001 ‘aeras
2025 1975 2131 2007 omnia,

1166 2008 1232 2047 jam
1241 2008 1293 2045 ista
1301 2009 1360 2038 dies
1369 2011 1525 2051 mitigarit.
1549 2012 1728 2042 conservate
1737 2014 1830 2053 igitur
1845 2013 2017 2053 reipublicae
2027 2035 2035 2048 ‚
2047 2015 2132 2055 judi-
2153 2018 2196 2051 32

1172 2060 1233 2084 ceS‚
1242 2052 1341 2081 civem
1354 2052 1502 2083 bonarum
1517 2055 1636 2087 artium,
1648 2053 1798 2084 bonarum
1811 2057 1943 2095 partium
1954 2075 1963 2089 ‚
1976 2055 2131 2088 bonorum

1174 2093 1321 2122 virorum.
1344 2096 1495 2125 Promitto
1507 2095 1564 2125 hoc
1574 2095 1680 2129 vobis,
1708 2096 1741 2126 &
1758 2097 1932 2136 reipublicae
1942 2097 2095 2138 spondeo,
2110 2097 2131 2129 fi

1174 2132 1271 2163 modo
1285 2144 1342 2164 nos
1356 2134 1408 2175 ipsi
1421 2136 1592 2176 reipublicae
1608 2136 1804 2168 satisfecimus
1815 2158 1824 2172 ‚
1842 2148 2011 2180 numquam
2021 2141 2103 2171 hunc
2116 2140 2133 2171 εὶ

1174 2174 1282 2206 nostris
1295 2178 1463 2208 rationibus
1483 2179 1522 2217 sej
1528 2177 1655 2209 11116111111
1667 2178 1744 2209 fore.
1766 2181 1849 2221 quod
1871 2179 1945 2211 cum
1962 2180 2056 2212 fretus
2074 2193 2133 2213 no-

1174 2216 1230 2248 stra
1241 2216 1442 2249 familiaritate
1451 2222 1599 2260 promitto
1608 2240 1617 2254 ‚
1640 2229 1705 2251 tum
1715 2220 1797 2262 quod
1807 2221 1969 2253 duriffimis
1979 2224 2008 2254 se
2017 2225 2078 2264 ipse
2088 2225 2132 2254 le-

1172 2259 1259 2300 gibus
1266 2261 1329 2299 jam
1340 2259 1487 2302 obligarit.
1498 2272 1597 2303 neque
1609 2265 1693 2292 enim
1703 2263 1811 2303 potest,
1822 2265 2044 2305 quihominem
2055 2276 2132 2297 con-

1172 2301 1298 2331 sularem
1309 2322 1318 2335 ,
1329 2302 1412 2343 quod
1423 2303 1459 2333 ab
1468 2314 1505 2334 eo
1516 2304 1732 2344 rempublicam
1744 2307 1886 2336 violatam
1899 2306 2009 2338 diceret
2018 2328 2026 2341 ‚
2039 2310 2072 2338 in
2079 2310 2090 2348 j
2095 2318 2131 2338 u-

1172 2342 1286 2373 dicium
1298 2346 1412 2374 vocarit
1421 2364 1430 2379 ,
1450 2345 1512 2385 ipse
1522 2344 1580 2376 effe
1599 2348 1633 2376 in
1652 2347 1803 2387 republica
1820 2350 1896 2378 civis
1921 2349 2110 2380 turbulentus
2123 2360 2129 2379 ;

1171 2394 1235 2414 11011
1245 2384 1343 2424 potest
1352 2406 1361 2419 ‚
1380 2388 1432 2428 qui
1441 2387 1557 2418 ambitu
1569 2398 1607 2418 ne
1620 2388 1792 2420 absolutum
1809 2389 1935 2431 quidem
1952 2393 2061 2431 patitur
2070 2390 2129 2422 esse

1169 2426 1338 2457 absolutum
1349 2447 1357 2461 ,
1375 2429 1437 2468 ipse
1459 2429 1585 2469 impune
1606 2440 1750 2472 umquam
1770 2430 1829 2461 esse
1847 2433 1976 2472 largitor.
2001 2433 2099 2463 Habet
2111 2433 2129 2464 ὲ

1171 2470 1215 2498 Μ.
1228 2469 1326 2500 Coelio
1337 2470 1514 2510 respublica,
1522 2473 1533 2511 j
1538 2471 1639 2502 udices
1649 2492 1658 2506 ,
1669 2473 1741 2503 duas
1750 2473 1950 2504 accusationes
1960 2493 1969 2507 ,
1989 2475 2039 2504 vel
2049 2474 2129 2505 obfi-

1170 2510 1221 2540 des
1230 2512 1365 2551 periculi,
1379 2512 1427 2542 vel
1435 2514 1552 2554 pignora
1564 2513 1729 2543 voluntatis.
1753 2518 1849 2556 Qare
1859 2525 1924 2549 oro,
1935 2515 2128 2558 obtestorque

1169 2562 1224 2583 vos
1235 2572 1244 2586 ‚
1259 2553 1370 2587 iudices
1382 2575 1390 2587 ,
1405 2563 1437 2584 ut
1447 2565 1505 2595 qua
1519 2557 1552 2585 in
1564 2557 1682 2586 civitate
1693 2558 1792 2596 paucis
1802 2557 1849 2586 his
1859 2556 1963 2587 diebus
1973 2560 2042 2588 Sex.
2054 2560 2127 2589 Clo-

1170 2593 1237 2625 dius
1247 2595 1398 2625 absolutus
1407 2594 1441 2626 sit
1451 2617 1459 2629 ‚
1483 2607 1575 2638 quem
1584 2607 1640 2627 vos
1657 2607 1709 2637 per
1719 2598 1881 2628 biennium
1890 2607 1940 2629 aut
1950 2599 2125 2632 ministrum

1170 2636 1326 2667 seditionis
1337 2657 1344 2671 ,
1366 2646 1416 2668 aut
1425 2638 1533 2668 ducem
1543 2638 1679 2669 vidistis:
1701 2641 1754 2680 qui
1764 2639 1853 2670 aedeis
1865 2640 1971 2674 sacras,
1991 2645 2044 2683 qui
2054 2653 2126 2673 cen-

1172 2678 1238 2708 sum
1249 2680 1353 2718 populi
1364 2681 1458 2710 Rom.
1480 2683 1532 2721 qui
1544 2682 1726 2711 memoriam
1739 2681 1893 2721 publicam
1908 2682 1966 2713 suis
1984 2684 2128 2716 manibus

1173 2720 1307 2750 incendit
1317 2741 1325 2753 ,
1337 2721 1498 2752 hominem
1510 2721 1607 2752 sinere
1618 2743 1626 2756 ,
1644 2721 1704 2752 sine
1714 2722 1772 2753 fide
1784 2743 1793 2757 ,
1815 2722 1874 2754 fine
1887 2724 1936 2764 spe
1947 2745 1955 2758 ‚
1975 2724 2035 2756 fine
2046 2726 2125 2761 sede,

1172 2759 1232 2791 sine
1243 2761 1389 2792 fortunis:
1410 2774 1460 2794 ore
1472 2784 1481 2798 ‚
1497 2764 1598 2806 lingua
1609 2785 1618 2798 ‚
1630 2774 1721 2795 manu
1731 2785 1741 2799 ‚
1751 2767 1812 2796 vita
1821 2769 1909 2796 omni
1918 2767 2103 2808 inquinatum
2113 2780 2126 2797 .-

2070 2813 2124 2852 qui
2168 2818 2170 2821 ·

205 2891 216 2908 ι
225 2902 230 2908 .
248 2883 348 2909 Tandem
358 2883 451 2916 aliquid
458 2885 604 2913 invenimus,
613 2883 683 2917 quod,
693 2883 980 2916 &c.ftc1ffev1'dea!ur.]
1002 2882 1123 2909 Debetur
1148 2902 1149 2905 ¹
1167 2892 1228 2920 gata
1239 2885 1308 2911 enim
1321 2887 1424 2919 Ceserni.

166 2916 223 2944 haec
241 2917 392 2946 emendatio
406 2918 474 2944 1²:211.
495 2918 554 2945 Erf.
574 2918 683 2946 Gembl.
705 2919 813 2955 vulgata
831 2919 937 2945 inficeti.-
950 2938 959 2951 ‚
978 2921 1124 2945 immittam·
1147 2916 1150 2958 Q

1147 2971 1149 2991 μ
1169 2960 1249 2992 quani
1263 2958 1399 2993 vulgatum
1411 2966 1484 2985 retro
1496 2971 1502 2986 :
1525 2961 1674 2993 Ostuln'n'am
1684 2966 1693 2987 .'

167 2953 238 2989 quod,
247 2955 297 2986 &a
313 2955 390 2988 fectffie
399 2954 505 2981 dicatur.

205 2998 234 3016 2.
251 2990 358 3018 audita
367 2990 562 3022 &percelebrata
574 3009 582 3022 ‚
600 2991 668 3025 dim]
689 2990 783 3027 Abjeci
793 3001 899 3027 quoque
913 3010 921 3024 ,
936 2992 965 3023 ὠ·
971 2993 1125 3025 per-vulgata,

169 3025 242 3060 quod
251 3025 340 3052 aberat
351 3026 418 3052 Pall.
428 3028 456 3052 S.
468 3026 539 3052 Vist.
551 3028 634 3053 Grut.

208 3069 236 3095 3.
257 3065 308 3087 Non
323 3062 383 3087 illud
391 3063 482 3096 quieiem
501 3065 612 3095 molt-stum
630 3064 689 3098 effi]
711 3065 753 3091 Ita
771 3063 832 3091 libri
844 3064 901 3091 mss.
919 3064 1125 3100 praestaiitiore3‚
1146 3085 1148 3091 ,

171 3105 226 3124 non
235 3098 364 3130 modestum,
375 3097 445 3132 quod
457 3098 483 3124 in
494 3098 619 3125 hasstcnus
633 3100 758 3135 vulgatis.

207 3139 235 3164 4.
254 3136 373 3159 <Armata
382 3134 508 3166 dffnfione
518 3137 631 3169 chium]
654 3138 681 3162 S.
692 3136 809 3163 Vitioris
819 3137 884 3162 alias
895 3137 1028 3170 dtsccffione.

212 3176 238 3203 5.
258 3170 287 3194 C:
296 3169 406 3204 Eserm']
428 3170 488 3196 Hoc
497 3170 605 3204 maluit,
617 3172 648 3198 P.
659 3172 809 3206 Manutius,
820 3173 847 3200 Sc
860 3173 1052 3209 Pantagathus.
1064 3172 1126 3200 vul-

1203 2921 1232 2947 6.
1253 2923 1402 2955 ostulrm'am
1413 2932 1440 2947 m
1458 2924 1534 2949 dicam
1546 2942 1554 2956 ‚
1573 2933 1606 2949 an
1623 2925 1789 2959 impud.&c.]
1811 2926 1973 2953 Concinnius
1992 2927 2058 2954 istud
2078 2927 2127 2959 est.

1706 2963 1864 2995 stultitiamne
1873 2963 1960 2995 dicam,
1970 2973 2023 2994 (jc.
2039 2973 2126 3001 neque

1168 2994 1301 3028 reperitur
1312 2995 1337 3020 in
1349 2994 1410 3020 edd.
1421 2996 1547 3027 exoletiS,
1559 2996 1655 3023 nedum
1667 2998 1724 3024 mss.
1736 2999 1901 3025 melioribus.

1203 3037 1231 3063 7.
1252 3030 1462 3064 vsftaniafabula
1473 3033 1650 3067 refricaretur]
1672 3032 1733 3060 Mss.
1746 3034 1825 3061 nostri
1835 3036 1938 3068 Aftaria
1948 3037 2037 3069 sabula
2047 3038 2126 3070 rejice-

1169 3073 1252 3097 retum·
1273 3075 1357 3101 neque
1377 3066 1544 3094 :iliteretiam
1564 3068 1675 3095 Erfurd.
1694 3070 1804 3097 Gembl.
1824 3072 1851 3097 S.
1866 3071 1937 3098 x'iSt.
1958 3072 2127 3107 quiultiuius

1169 3101 1232 3127 alias
1245 3101 1321 3127 habet
1331 3105 1419 3129 arai-ia
1430 3105 1518 3137 fabula
1530 3107 1668 3139 referretur.

1206 3136 1233 3163 8.
1253 3139 1319 3170 Qud
1328 3140 1361 3171 stt
1370 3138 1384 3164 ,1
1396 3141 1572 3174 legefijunflum
1584 3161 1592 3173 ,
1611 3142 1679 3176 dim]
1702 3141 1883 3179 Leodcgarius
1895 3143 1910 3170 3
1922 3144 2031 3179 chcu
2043 3143 2128 3177 conji-

1169 3173 1218 3208 cit,
1227 3174 1288 3209 quod
1295 3176 1386 3211 nonsit,
1395 3176 1447 3208 &c-

1560 3214 1637 3241 Vvv
1659 3222 1675 3240 2
2053 3216 2128 3243 ι.Ε.1·
