2295 3400
140 151 259 217 ·4'-40

122 2318 169 2343 20

567 146 1068 196 M.TU1.1„11
1149 136 1691 186 C1cnnonis

166 239 264 272 neque
275 226 513 270 suspicabamini.
534 235 590 265 ego
601 223 689 254 restra
703 222 824 266 prasidio
843 220 931 251 firmo
941 220 1120 250 amicorum,
1141 213 1144 241 ἱ
1167 217 1231 256 ejus
1240 226 1302 246 rem
1316 235 1324 249 ‚
1340 214 1519 256 &gerente,
1529 217 1668 258 plurimis
1678 239 1687 253 ‚
1706 216 1740 248 &
1753 217 1965 257 pulcherrimis
1975 220 2006 250 P.
2017 218 2116 250 Cincii

169 272 304 303 Catilina,-
324 280 388 300 tum
402 289 409 302 ‚
429 270 462 298 Sc
479 269 620 298 Autronii
636 268 735 306 copias
750 285 758 298 ‚
778 264 810 294 &
833 271 976 293 conatum
995 257 1122 299 repreffi.
1142 255 1144 282 l
1166 258 1285 298 praediis
1295 257 1427 288 venditis
1441 277 1449 291 ,
1469 268 1508 289 aes
1517 260 1650 290 alienum
1662 260 1795 299 ejusdem
1805 259 1980 291 diffolufflm
1990 261 2050 291 est:
2069 270 2114 295 ut,

171 316 257 342 Num
269 314 335 351 quis
347 310 388 340 cst
406 312 495 340 icitur
507 330 516 342 ,
539 310 591 349 qui
604 303 669 338 t'urn
681 307 801 336 dicatin
811 313 951 344 campum
971 299 1124 341 adspirasse
1143 292 1145 354 ἰ
1165 310 1231 341 quae
1249 299 1331 329 causa
1347 308 1462 329 ceteros
1476 299 1512 330 ad
1530 299 1646 331 facinus
1663 303 1805 341 impulit,
1822 302 1960 342 cupiditas
1976 302 2118 332 retinenda

172 355 306 386 Sullam?
329 335 459 382 Atciui⁵fi
486 360 551 381 tum
570 350 597 380 se
614 359 685 379 cum
706 348 833 378 Catilina
851 346 985 376 societate
1008 342 1125 373 sceleris
1164 340 1336 381 posfi’ffionm
1360 351 1393 370 ca
1406 343 1513 371 Cincio
1531 352 1595 372 non
1607 341 1697 373 fuerit
1712 343 1831 383 praediis
1851 345 2026 374 deminuti&
2047 345 2117 385 Jam

170 397 367 434 conjunxerat
377 383 388 426 ,Δ
397 403 448 423 cur
457 393 492 422 ab
502 402 538 422 eo
549 391 738 422 discedebat?
759 399 810 418 cur
820 397 890 417 curn
903 386 1052 416 Autronio
1063 393 1127 413 non
1167 382 1238 413 vcro
1249 382 1325 412 illud
1334 383 1425 423 quam
1435 383 1631 414 incredibile?
1649 385 1740 425 quam
1751 385 1909 416 absurdum
1921 389 1932 415 ?
1944 388 1996 427 qui
2006 388 2117 416 Romae

170 439 249 467 crat?
261 436 350 465 curin
359 435 423 476 pari
432 435 516 474 causa
527 443 590 463 non
598 434 676 472 paria
686 430 763 473 figna
773 432 959 470 reperiuntur
969 427 1126 457 criminis?
1145 445 1146 462 r
1165 424 1278 455 caedem
1288 424 1395 457 facere,
1405 426 1457 464 qui
1469 425 1544 455 hanc
1552 425 1659 456 urbem
1670 425 1858 457 inflammare
1867 428 1978 462 vellet,
1997 437 2067 457 eum
2075 425 2120 457 fa-

170 477 227 508 Sed
239 478 384 517 quoniam
396 476 555 506 Cornelius
570 475 629 514 ipsc
639 476 729 503 etiarn
749 482 830 502 nunc
840 471 876 501 dc
895 468 1056 500 indicando
1069 467 1127 497 du-
1145 476 1147 497 t
1168 464 1404 496 miliariffimum
1414 466 1501 496 suum
1517 466 1669 497 dimittere
1680 467 1716 497 ab
1730 467 1757 498 se
1769 488 1777 501 ,
1801 468 1833 499 ὅ(
1853 469 1992 499 mandare
2002 470 2035 498 in
2047 468 2120 498 ulti-

172 520 247 549 bitat
258 539 266 551 ‚
280 527 312 548 ut
323 518 422 548 dicitis
433 538 440 550 ‚
462 516 604 547 informat·
616 515 650 546 ad
664 517 722 544 hoc
736 514 946 544 adumbratum
962 510 1126 542 indicium,
1145 502 1147 524 l
1167 518 1229 537 mas
1239 510 1342 537 terras?
1369 516 1470 538 utrum
1480 506 1542 548 quo
1551 507 1669 538 facilius
1679 511 1788 539 Romae
1799 520 1830 539 ea
1844 528 1852 543 ‚
1873 520 1938 550 quae
1949 510 2118 542 conabatur,

174 559 288 589 filium:
315 559 386 600 quid
399 559 519 589 tandem
532 558 568 588 de
588 558 638 587 illa
649 556 738 587 nobie
755 556 846 588 dicit,
869 553 940 584 curn
952 551 1129 582 interfalca-
1146 533 1148 566 l
1165 548 1306 582 efficeret,
1323 547 1385 578 siin
1398 549 1541 588 Hispania
1551 550 1702 580 turbatum
1713 548 1806 582 effet?
1829 554 1866 581 At
1878 553 1940 581 haec
1953 552 2011 591 ipsa
2028 552 2119 591 perse

172 611 233 632 rios
253 601 287 631 ad
299 603 342 630 M.
354 603 480 631 Leccam
492 599 581 630 noste
592 610 643 632 ea,
665 609 729 640 quae
745 598 901 628 consecuta
918 595 960 625 est
976 592 1128 634 posterum
1146 596 1148 609 '³
1171 589 1231 621 fine
1250 591 1310 620 ulla
1319 590 1538 630 conjundfione
1546 591 1717 632 agebantur.
1740 594 1831 622 Anin
1842 594 1930 623 tantis
1941 593 2026 622 rebus
2038 611 2046 626 ,
2058 602 2120 623 tam

172 643 254 673 diem
270 652 419 672 nonarum
431 641 588 672 Novemb.
599 651 647 671 me
661 640 784 670 consule
797 660 805 673 ,
825 639 959 668 Catilina:
970 636 1131 666 denuntia-
1147 637 1148 664 ἓ
1167 635 1255 663 novis
1266 631 1410 665 consiliis,
1421 642 1481 662 tam
1489 631 1658 672 periculosis
1668 653 1676 666 ,
1690 642 1750 663 tam
1759 634 1948 668 turbulentis,
1961 635 2122 665 hominem

174 687 258 715 tione
273 687 436 715 convenit?
458 694 524 725 quae
536 693 599 713 nox
610 684 751 713 omnium
764 689 935 720 temporum
947 678 1131 717 conjuratio-
1147 670 1149 692 '¹
1166 672 1402 704 amantiffimum
1412 674 1468 707 sui,
1481 673 1743 705 familiarissimum
1757 695 1764 708 ‚
1775 675 2056 716 conjunstiffimum
2073 675 2121 706 of-

174 728 222 756 nis
240 728 380 756 acerrima
393 725 449 756 fuit
463 746 471 760 ,
490 734 576 766 atque
593 720 783 754 acerbillima.
807 726 891 752 Tum
913 720 1049 751 Catilina:
1066 717 1131 747 dics
1148 709 1149 742 ἶ
1168 715 1259 749 ficiis,
1274 716 1327 746 usu
1339 736 1347 750 .
1366 716 1601 750 consuetudine,
1618 715 1833 747 dimittendum
1845 716 1903 747 effe
1913 717 2122 748 arbitraretur?

174 767 318 800 exeundi,
331 777 396 797 tum
406 769 509 798 ceteris
520 766 662 797 manendi
675 765 823 797 conditio,
833 773 899 794 tum
910 762 1069 801 descriptio
1083 768 1131 789 to-

175 819 234 839 tam
247 819 296 849 per
317 809 423 839 urbem
442 808 530 839 caedis
543 829 551 842 ‚
568 817 654 848 atque
667 806 879 837 incendiorum
900 802 1058 833 constituta
1070 799 1129 844 esp:

175 860 247 882 tunc
258 860 324 880 tuus
338 859 428 890 pater,
445 851 576 883 Corneli,
590 850 620 878 id
634 848 716 889 quod
727 847 846 878 tandem
861 844 1021 886 aliquando
1030 844 1133 890 *conti-

175 901 253 922 tetur
264 912 273 925 ‚
295 892 377 922 illam
402 891 455 922 sibi
483 890 647 922 officiosam
669 891 856 930 provinciam
877 885 1050 926 depoposcit
1062 895 1066 912 :
1085 891 1129 927 ut.

176 944 250 965 cum
265 935 362 973 prima
379 935 442 964 luce
454 933 611 964 consulem
622 932 777 962 salutatum
789 932 904 959 veniret
915 948 923 961 ,
944 923 1132 972 intromisius

180 985 252 1006 meo
265 985 362 1009 more,
375 976 478 1015 &jure
487 975 620 1003 amicitiae
630 994 638 1007 ,
651 975 743 1002 mein
756 982 826 1002 meo
838 969 949 1001 lectulo
961 967 1129 999 trucidaret.

137 1052 150 1058 ι
181 1019 250 1048 Hoc
262 1026 397 1056 tempore
408 1037 417 1050 ‚
435 1016 507 1047 cum
518 1016 629 1046 arderet
638 1014 779 1045 acerrime
791 1013 976 1053 conjuratio:
989 1010 1060 1039 cum
1077 1010 1132 1037 Ca-

180 1059 267 1090 tilina
276 1059 461 1100 egrederetur
473 1058 508 1088 ad
527 1059 711 1086 exercitum:
734 1055 883 1086 Lentulus
902 1056 934 1083 in
953 1052 1023 1082 urbe
1040 1051 1134 1080 relin-

177 1110 320 1141 queretur
335 1111 339 1129 :
364 1098 472 1130 Cassius
482 1098 642 1132 incendiis,
657 1098 804 1139 Cethegus
812 1096 884 1126 caedi
895 1101 1133 1140 praeponeretur:

178 1144 348 1174 Autronio,
372 1151 404 1171 ut
421 1149 576 1180 occuparet
594 1142 742 1170 Etruriam
769 1138 1005 1179 praescriberetur
1027 1145 1032 1163 :
1059 1142 1135 1180 ⁴curn

180 1186 288 1214 omnia
298 1183 523 1216 ordinarentur,
542 1181 786 1214 instituerentur,
805 1187 991 1223 pararentur}
1015 1176 1137 1205 ubituit

180 1226 281 1257 Sulla,
300 1224 441 1254 Corneli?
460 1234 535 1254 num
549 1226 678 1254 Romae?
696 1222 800 1252 Immo
812 1220 902 1262 longe
912 1218 1015 1249 abfuit.
1038 1221 1047 1236 ¹
1061 1225 1136 1263 num

179 1267 260 1296 iniis
274 1266 446 1306 regionibus
457 1286 465 1299 ‚
483 1276 544 1307 quo
556 1266 583 1295 se
595 1265 724 1295 Catilina
742 1263 905 1294 inferebat?
928 1260 1028 1290 multo
1044 1266 1135 1288 etiam

180 1306 313 1348 longius.
337 1317 411 1338 num
423 1309 455 1337 in
465 1317 533 1348 agro
545 1308 684 1339 Camerti,
696 1308 818 1338 Piceno,
830 1304 947 1334 Gallico
963 1312 969 1331 t
991 1310 1062 1342 quas
1073 1308 1136 1329 oras

180 1349 318 1379 maxime
337 1348 416 1389 quali
438 1349 563 1379 morbus
580 1348 702 1389 quidam
722 1348 805 1377 illius
823 1345 933 1375 furoris
950 1342 1137 1387 pervaserat?

180 1389 342 1421 nihilverb
354 1393 466 1421 minus.
488 1390 659 1424 fiiitenim,
679 1390 780 1429 utjam
795 1387 863 1418 ante
883 1387 969 1419 dixi,
990 1383 1136 1429 Neapoli:

181 1432 240 1462 'r'ziit
250 1434 284 1462 in
305 1442 336 1462 ea
354 1442 433 1472 parte
452 1432 543 1462 Italiae
556 1452 564 1466 ‚
582 1442 648 1473 quae
667 1430 801 1461 maxime
821 1440 854 1459 ea
867 1428 1017 1468 suspicione
1035 1432 1136 1456 caruit.

182 1473 266 1515 Qid
277 1484 346 1515 ergo
364 1474 490 1508 indicat,
509 1483 558 1504 aut
577 1474 650 1514 quid
660 1472 753 1505 affert,
765 1480 814 1502 aut
823 1472 883 1511 ipse
894 1469 1051 1499 Cornelius
1062 1487 1070 1501 ,
1090 1474 1138 1496 aut

181 1525 239 1545 vos
249 1535 257 1548 ‚
273 1525 325 1555 qui
338 1515 374 1545 ab
385 1526 421 1546 co
432 1517 493 1546 haec
508 1516 645 1546 mandata
655 1513 776 1545 defertis
788 1517 799 1543 Ξ
825 1511 1010 1543 Gladiatores
1020 1517 1138 1548 emptos

184 1555 254 1590 ess'e,
266 1556 363 1587 Fausti
374 1556 573 1591 simulatione,
586 1557 621 1587 ad
632 1556 746 1587 caedem
755 1565 786 1585 ac
797 1553 975 1584 tumultum.
999 1554 1042 1582 Ita
1054 1559 1140 1597 pror-

183 1599 248 1629 sus:
264 1597 429 1639 interpositi
443 1599 706 1640 suntgladiatores,
722 1606 799 1638 quos
809 1595 986 1626 testamento
994 1602 1083 1634 patris
1093 1602 1139 1621 vi-

184 1640 291 1670 demus
304 1640 415 1670 deberi.
438 1643 452 1660 ²
463 1643 584 1680 Arrepta
598 1639 641 1670 est
656 1639 786 1670 familia:
809 1647 875 1678 quae
893 1635 914 1665 fi
927 1634 997 1666 effer
1017 1642 1138 1674 praeter·

184 1680 273 1711 miss'a
283 1702 291 1715 ‚
312 1680 407 1723 posset
416 1682 470 1712 alia
480 1681 595 1712 familia
604 1680 701 1712 Fausti
718 1689 829 1710 munus
848 1678 986 1719 praebere.
1011 1678 1137 1707 Utinam

183 1723 310 1764 quidem
323 1725 385 1754 haec
403 1724 464 1763 ipsa
485 1733 550 1753 non
566 1722 662 1753 modo
679 1724 855 1763 iniquorum
874 1719 1016 1751 invidiae2
1037 1717 1087 1748 sed
1106 1716 1139 1746 δε

185 1775 342 1806 aequorum
354 1764 570 1804 exspeftasioni
581 1763 744 1795 satisfacere
761 1761 863 1804 posset.
886 1765 1077 1801 Properatum
1087 1768 1139 1788 ve-

184 1808 341 1837 hementer
351 1826 359 1840 ‚
370 1805 442 1836 cum
454 1807 543 1847 longe
555 1816 672 1846 tempus
685 1807 819 1835 muneris
831 1802 948 1834 abeffet.
970 1800 1059 1843 Qasi
1069 1810 1140 1830 vero

183 1856 306 1888 ternpus
323 1848 411 1878 dandi
431 1850 566 1878 muneris
586 1858 650 1878 non
668 1847 754 1877 valde
771 1847 1027 1887 appropinquaret.
1060 1845 1140 1889 Nec-

183 1892 327 1929 opinante
338 1889 443 1920 Fausto
452 1909 461 1923 ,
472 1889 542 1919 cum
554 1892 578 1919 is
589 1899 685 1930 neque
698 1890 792 1922 sciret,
803 1897 899 1928 neque
908 1886 1010 1918 vellet,
1024 1884 1141 1915 familia

168 1930 228 1961 .cst
237 1941 411 1971 comparata.
435 1934 474 1961 At
483 1931 586 1961 litterae
599 1932 667 1961 sunt
677 1930 785 1963 Fausti,
798 1940 850 1970 per
863 1937 934 1969 quas
944 1927 995 1956 ille
1004 1926 1139 1966 precibus

184 1971 201 2003 ὲ
213 1976 242 2003 Ρ.
254 1974 334 2003 Sulla
346 1975 436 2013 petit,
448 1982 480 2002 ut
493 1981 572 2003 emat
584 1972 756 2014 gladiatores
771 1992 779 2004 ‚
802 1971 835 2001 ὃς
846 1979 878 2000 ut
889 1971 942 1999 hos
954 1969 1032 2008 ipsos
1043 1975 1138 1997 emat:

183 2024 286 2055 neque
296 2015 394 2045 solum
407 2015 441 2045 :id
451 2015 564 2045 Sullam
576 2013 669 2044 missae
681 2035 689 2047 ,
703 2013 751 2044 sed
761 2013 797 2043 ad
808 2014 842 2042 L.
857 2011 1001 2042 Caesarem
1012 2030 1022 2043 ‚
1042 2012 1142 2050 Qin-

186 2065 253 2086 turn
264 2057 454 2096 Pompeium,
467 2059 500 2086 C.
513 2058 716 2086 Memmium:
737 2064 868 2096 quorum
879 2053 914 2083 de
927 2053 1072 2083 sententia
1082 2060 1142 2081 tota

185 2107 233 2128 res
241 2097 318 2139 gesta
327 2097 380 2128 est.
404 2101 443 2128 At
451 2097 569 2138 praefuit
578 2098 701 2128 familiae
712 2097 880 2127 Cornelius.
902 2095 970 2139 Jam
979 2092 998 2123 si
1009 2095 1042 2123 in
1055 2103 1141 2123 corn-

188 2139 315 2179 paranda
328 2139 442 2170 familia
456 2140 582 2180 suspicio
595 2138 638 2169 est
647 2139 747 2168 nulla:
771 2136 852 2179 quod
862 2138 982 2177 praeiuit
992 2155 1000 2169 ‚
1016 2136 1094 2165 nihil
1107 2134 1142 2164 ad

185 2190 251 2210 rem
266 2183 404 2220 pertiner-
427 2181 482 2212 Sed
494 2190 595 2211 tamen
605 2190 714 2209 munere
727 2180 826 2219 sei-viii
843 2178 953 2208 obtulit
964 2178 992 2207 se
1005 2177 1039 2207 ad
1052 2176 1143 2207 ferra—

185 2231 291 2252 menta
306 2222 510 2262 prospicienda
522 2234 527 2252 :
550 2221 669 2263 praefuit
689 2220 760 2251 vero
784 2229 940 2260 nunquam
953 2230 958 2248 z
988 2229 1080 2260 eaque
1096 2227 1142 2247 res

190 2267 204 2291 3
215 2273 266 2303 per
277 2264 402 2294 Balbum
415 2264 510 2294 Fausti
521 2264 675 2296 libertum.
686 2264 774 2292 omni
789 2271 924 2301 tempore
940 2259 1144 2290 administrata

188 2305 240 2336 est.
262 2309 279 2332 4
293 2309 331 2335 At
341 2308 424 2335 enim
436 2307 557 2336 Cincius
567 2305 610 2336 est
619 2305 656 2334 ab
665 2306 765 2334 hocin
779 2304 953 2332 ulteriorem
964 2302 1140 2341 Hispaniam

190 2346 297 2377 miss'us
308 2367 317 2381 ,
340 2357 371 2377 ut
382 2357 446 2377 eam
453 2348 632 2387 provinciam
646 2343 829 2386 perturbaret.
852 2345 987 2385 Primum
1009 2344 1142 2374 Cincius,

185 2388 315 2429 judices,
328 2391 364 2419 L.
374 2389 459 2430 Julio
469 2408 478 2422 ,
491 2391 523 2418 C.
533 2389 640 2429 Figulo
652 2408 660 2421 ,
672 2386 846 2418 consulibus
858 2405 865 2418 ,
876 2383 1026 2424 profectus
1036 2382 1078 2413 est
1092 2383 1146 2413 ali-

186 2440 299 2471 quanto
307 2439 373 2461 ante
384 2429 518 2460 furorem
531 2430 666 2460 Catilinae
675 2449 683 2463 ‚
707 2428 740 2458 δε
749 2437 815 2458 ante
833 2427 1034 2466 suspicionem
1054 2426 1143 2464 hujus

185 2472 405 2511 conjurationis
419 2472 543 2502 :deinde
553 2471 595 2502 est
604 2469 753 2511 profe&us
769 2479 834 2500 non
849 2478 913 2498 turn
927 2466 1060 2507 primum
1076 2487 1084 2501 ,
1097 2466 1144 2496 sed

188 2523 260 2543 cum
272 2516 303 2544 in
322 2514 430 2544 iisdem
442 2514 516 2544 locis
526 2514 679 2553 aliquanto
695 2512 763 2542 ante
776 2511 879 2541 eadem
892 2509 928 2540 de
940 2510 1023 2540 causa
1032 2510 1146 2549 aliquot

189 2565 285 2585 annos
295 2554 402 2586 fuiss‘et.
426 2565 457 2585 ac
466 2554 617 2595 profe-&us
630 2554 673 2585 est
683 2563 746 2584 non
758 2553 853 2583 modo
863 2551 903 2582 ob
913 2551 1093 2585 causam,sed
1103 2559 1146 2595 et-

188 2598 250 2625 iam
261 2596 450 2627 necessariam
459 2607 509 2627 cau
515 2597 573 2627 sam
582 2617 590 2630 ‚
614 2600 626 2624 5
638 2606 744 2636 magna
753 2597 868 2625 ratione
880 2603 950 2624 cum
961 2595 1146 2623 Mauritaniae

186 2646 253 2678 rege
264 2638 421 2669 contracta.
443 2641 527 2670 Tum
536 2648 647 2672 autern,
659 2639 714 2668 illo
725 2635 872 2679 profedlm,
886 2636 966 2666 Sulla
972 2643 1147 2676 procurante

1148 748 1149 777 i
1165 755 1179 778 ⁶
1195 756 1355 788 verisimile
1367 768 1431 787 non
1443 757 1495 791 est,
1513 767 1546 787 ut
1557 776 1565 792 ,
1579 768 1671 803 quem
1681 760 1714 788 in
1727 758 1862 789 secundis
1872 759 1958 790 rebus
1967 779 1975 793 ,
1986 769 2077 800 quem
2088 761 2121 788 in

1168 802 1233 830 otio
1246 800 1345 829 secum
1357 799 1470 839 semper
1479 798 1624 829 habuisset
1634 820 1642 834 ,
1654 801 1734 830 hunc
1743 802 1775 830 in
1784 799 1908 831 adversis
1920 821 1929 834 ‚
1941 801 1974 831 ὃς
1984 804 2016 830 in
2027 811 2063 831 eo
2074 810 2123 831 tu-

1170 841 1278 874 multu,
1291 851 1383 881 quem
1395 842 1454 880 ipse
1462 841 1660 880 comparabat,
1675 842 1711 871 ab
1722 842 1749 872 se
1761 842 1938 872 dimitteret.
1949 843 2013 882 Ipse
2023 852 2123 872 autem

1170 885 1293 912 Cincius
1305 891 1382 921 gnon
1398 884 1482 912 enim
1500 883 1745 913 mihidesei·end.1
1765 883 1807 914 est
1817 884 1900 914 causa
1917 885 2005 913 amici
2015 891 2122 917 veteru,

1149 953 1151 967 ⁴
1169 933 1254 964 atque
1265 924 1401 963 hospitis]-
1413 926 1436 954 is
1450 925 1545 954 homo
1556 923 1610 958 est,
1625 934 1676 955 aut
1686 935 1719 955 ea
1727 924 1842 956 familia
1851 946 1860 960 ,
1871 936 1902 956 ac
1912 926 2078 966 disciplina,
2091 935 2125 957 ut

1170 967 1227 995 hoc
1242 965 1322 995 credi
1332 964 1436 1005 possit3
1454 970 1469 994 7
1478 976 1549 996 eum
1561 966 1674 996 bellum
1684 967 1855 1007 reipublicae
1864 967 1956 998 facere
1974 964 2101 998 voluiss'c
2113 972 2126 999 ἓ

1172 1017 1203 1037 ut
1213 1027 1221 1040 ,
1241 1008 1326 1046 cujus
1343 1017 1424 1047 pater
1444 1017 1515 1037 cum
1534 1009 1624 1038 ceteri
1643 1006 1801 1039 deficerent
1824 1008 1949 1039 finitimi
1965 1019 1997 1039 ac
2017 1009 2123 1041 vicini,

1150 1058 1153 1087 q
1170 1047 1308 1089 singulari
1320 1048 1466 1079 exstiterit
1475 1052 1507 1079 in
1518 1049 1667 1089 rempubl.
1680 1049 1810 1080 nostiam
1821 1050 1923 1081 officio
1938 1071 1946 1084 ,
1959 1051 1992 1081 &
2002 1049 2061 1080 side
2076 1070 2084 1083 ,
2101 1058 2126 1079 is

1172 1088 1225 1119 sibi
1237 1089 1385 1120 nefarium
1395 1090 1511 1120 bellurn
1522 1100 1625 1121 contra
1634 1094 1756 1131 patriam
1767 1092 1988 1132 suscipiendum
1999 1094 2124 1133 putaret?

1171 1132 1256 1172 cujus
1270 1142 1299 1159 as
1307 1131 1432 1160 alienum
1442 1132 1592 1166 videmus,
1602 1133 1728 1171 judices,
1739 1143 1803 1163 non
1814 1134 1941 1164 libidine
1952 1153 1960 1166 2
1973 1134 2021 1164 sed
2032 1143 2124 1174 nego-

1174 1175 1208 1202 tii
1219 1173 1340 1214 gerendi
1353 1173 1452 1203 studio
1461 1171 1519 1202 effe
1535 1174 1724 1204 conti‘aEtum
1739 1185 1743 1203 :
1767 1176 1817 1215 qui
1838 1177 1879 1205 ita
1887 1178 1998 1205 Romae
2013 1175 2127 1206 debuit,

1174 1223 1206 1244 ut
1216 1218 1247 1244 in
1259 1216 1424 1254 provinciis
1436 1234 1444 1248 ‚
1456 1214 1488 1244 &
1501 1217 1533 1244 in
1543 1217 1640 1256 regnis
1651 1217 1794 1246 maximae
1805 1218 1973 1256 eipecuniae
1983 1216 2130 1246 deberen-

1174 1265 1220 1286 tur
1233 1267 1237 1285 :
1261 1266 1332 1297 quas
1341 1255 1413 1286 cum
1422 1264 1550 1296 peteret,
1563 1266 1626 1286 non
1634 1255 1787 1287 commisit
1799 1278 1807 1291 ,
1819 1267 1852 1287 ut
1862 1258 1907 1287 sui
1922 1265 2130 1298 procuratores

1152 1304 1154 1318 ¹
1174 1298 1337 1338 quidquam
1347 1300 1447 1328 oneris
1457 1317 1465 1332 ,
1485 1298 1604 1328 absente
1618 1298 1645 1328 se
1653 1318 1661 1332 ,
1692 1297 1886 1329 sustinerent:
1908 1301 2009 1330 venire
2019 1307 2130 1330 omnes

1175 1341 1237 1370 suas
1245 1338 1448 1380 posl'effiones,
1460 1339 1493 1368 &
1503 1342 1688 1379 patrimonio
1698 1340 1727 1370 se
1737 1339 1926 1371 ornatissimo
1937 1341 2055 1381 spoliari
2064 1351 2131 1373 ma-

1172 1382 1239 1416 luit,
1251 1382 1341 1422 quam
1352 1383 1440 1411 ullam
1448 1391 1556 1410 moram
1565 1384 1705 1423 cuiquam
1719 1380 1783 1412 fieri
1797 1382 1979 1413 creditorum
1990 1383 2128 1414 suorum.

1175 1427 1202 1453 A
1211 1433 1272 1464 quo
1283 1423 1406 1464 quidem
1417 1433 1532 1464 genere,
1539 1424 1551 1462 j
1556 1423 1657 1453 udices
1669 1443 1677 1457 ,
1689 1433 1744 1465 ego
1756 1434 1923 1465 numquam
1934 1427 2023 1455 timui
2035 1446 2044 1459 ,
2056 1424 2129 1456 cum

1174 1467 1207 1495 in
1217 1466 1268 1495 illa
1279 1465 1449 1505 reipublicae
1463 1463 1632 1504 tempestate
1642 1466 1781 1495 versarer.
1806 1466 1881 1496 illud
1892 1475 1952 1497 erat
1967 1477 2062 1507 genus
2072 1468 2130 1498 ho-

1175 1508 1298 1536 minum
1316 1506 1460 1536 horribile
1470 1526 1479 1540 ‚
1499 1506 1533 1536 &
1550 1506 1822 1546 pertimescendum
1833 1528 1842 1541 ,
1865 1509 1917 1548 qui
1934 1517 2016 1538 tanto
2026 1519 2130 1539 amore

1173 1549 1237 1579 suas
1250 1545 1440 1589 poss'effiones
1456 1548 1588 1588 amplexi
1607 1548 1767 1582 tenebant,
1787 1558 1820 1579 ut
1837 1549 1874 1579 ab
1893 1550 1938 1579 his
1948 1549 2071 1579 membra
2082 1550 2130 1581 di-

1174 1590 1246 1621 velli
1261 1592 1349 1621 citius
1360 1609 1368 1623 ,
1387 1600 1420 1620 ac
1430 1589 1550 1620 distrahi
1568 1589 1651 1629 poss'e
1670 1589 1790 1619 diceres.
1816 1592 1940 1621 Cincius
1958 1601 2128 1633 numquam

1175 1631 1228 1662 sibi
1239 1634 1452 1673 cognationem
1470 1641 1540 1663 cum
1549 1631 1667 1670 praediis
1676 1630 1734 1660 ess'e
1745 1630 1929 1662 existimavit
1937 1632 2008 1663 suis.
2029 1635 2130 1675 itaque

1178 1674 1205 1703 se
1217 1683 1282 1705 non
1293 1673 1388 1703 modo
1399 1683 1437 1704 ex
1447 1673 1615 1713 suspicione
1626 1675 1699 1703 tanti
1715 1673 1832 1703 sceleris
1843 1693 1852 1707 ,
1874 1683 1979 1704 verum
1989 1677 2079 1706 etiam
2089 1685 2129 1706 ex

1177 1718 1264 1746 omni
1274 1717 1437 1746 hominum
1447 1715 1602 1747 sermone,
1616 1724 1680 1744 non
1690 1716 1779 1745 armis
1788 1734 1798 1749 ,
1817 1715 1866 1747 sed
1874 1717 2058 1755 patrimonio
2075 1717 2129 1747 suo

1177 1758 1351 1788 vindicavit.
1374 1758 1443 1798 Jam
1462 1754 1535 1786 verb
1545 1776 1554 1789 ‚
1575 1756 1657 1796 quod
1674 1756 1812 1794 subjicit,
1833 1759 2033 1798 Pompejanos
2044 1757 2102 1789 effe
2111 1758 2129 1789 a

1177 1800 1257 1829 Sulla
1267 1798 1396 1840 impulfhs
1407 1818 1415 1832 ,
1428 1807 1461 1828 ut
1473 1798 1508 1828 ad
1518 1797 1604 1828 istam
1613 1799 1854 1838 conjurationem
1865 1818 1874 1834 ,
1892 1799 1925 1830 &
1934 1799 1969 1829 ad
1978 1801 2036 1831 hoc
2046 1799 2131 1830 nefa-

1178 1843 1258 1871 rium
1269 1840 1384 1871 facinus
1394 1840 1579 1870 accederent:
1601 1839 1632 1869 id
1643 1841 1690 1880 cuj
1695 1840 1815 1870 usmodi
1826 1838 1861 1870 sit
1870 1860 1878 1874 ,
1890 1842 2057 1883 intelligere
2065 1852 2132 1873 non

1177 1881 1306 1923 possum.
1330 1885 1379 1912 An
1390 1882 1445 1912 tibi
1462 1881 1638 1921 Pompejani
1650 1883 1719 1921 conj
1723 1880 1814 1913 urass‘e
1822 1882 1983 1913 videntur?
1995 1885 2063 1925 quis
2072 1885 2132 1915 hoc

1180 1934 1326 1966 umquam
1338 1924 1416 1954 dixit
1426 1927 1435 1953 ?
1444 1932 1493 1955 aut
1503 1933 1568 1964 qua:
1577 1922 1635 1953 fuit
1644 1922 1729 1954 istius
1739 1925 1781 1953 rei
1790 1924 1837 1954 vel
1849 1926 1979 1955 minima
1988 1926 2132 1966 suspicio?

1178 1966 1340 2004 disjunxit,
1350 1967 1460 2006 inquit,
1472 1975 1524 1996 eos
1533 1965 1548 1995 a
1558 1965 1677 1995 colonis
1687 1985 1696 1999 ,
1709 1973 1742 1995 ut
1751 1967 1808 1996 hoc
1817 1965 1943 1996 discidio
1953 1987 1962 1999 ‚
1973 1977 2006 1998 ac
2018 1965 2133 1998 diffen-

1179 2007 1260 2038 sione
1276 2007 1353 2037 faeta
1363 2027 1372 2042 ,
1385 2007 1532 2047 oppidum
1542 2008 1576 2037 in
1586 2007 1635 2037 sua
1643 2006 1785 2048 potestate
1794 2005 1888 2047 posset
1900 2027 1909 2041 ‚
1931 2008 1964 2038 &
1974 2009 2133 2050 Poinpeja-

1181 2060 1238 2080 nos
1248 2050 1365 2080 habere.
1379 2052 1527 2083 Primum,
1543 2051 1644 2079 omnis
1655 2049 1923 2089 Pompejanorum,
1934 2050 2135 2081 colonorum-

1179 2102 1237 2133 que
1247 2089 1396 2125 distensio,
1407 2091 1502 2121 delata
1510 2090 1545 2121 ad
1554 2099 1695 2131 patronos
1706 2091 1748 2121 est
1759 2111 1767 2125 ,
1779 2090 1850 2121 cum
1858 2092 1922 2131 jam
1933 2090 2131 2126 inveterass'et‚'

1181 2144 1213 2164 ac
1225 2134 1338 2163 multos
1351 2143 1445 2163 annos
1464 2131 1535 2163 effen
1554 2135 1713 2175 exagitata:
1735 2132 1844 2163 deinde
1856 2136 1895 2163 ita
1913 2132 2068 2173 apatronis
2084 2143 2132 2164 res

1179 2177 1299 2217 cognita
1309 2174 1352 2205 est
1361 2195 1370 2209 ,
1391 2184 1424 2204 ut
1433 2175 1517 2204 nulla
1527 2178 1559 2204 in
1570 2184 1599 2204 re
1608 2178 1624 2205 a
1634 2183 1803 2205 ceterorum
1821 2175 1975 2205 sententiis
1984 2176 2064 2206 Sulla
2072 2175 2134 2205 dis-

1183 2218 1304 2248 senserit
1316 2227 1322 2246 :
1344 2215 1498 2257 postremo
1517 2216 1620 2246 coloni
1638 2215 1691 2256 ipsi
1709 2214 1746 2246 sic
1756 2216 1948 2256 intelligunt,
1965 2226 2031 2246 non
2039 2219 2133 2248 Pom·

1179 2260 1303 2299 pejanos
1313 2258 1328 2288 a
1338 2259 1420 2288 Sulla
1432 2260 1536 2298 magis,
1547 2257 1637 2297 quarn
1647 2258 1705 2287 sese
1717 2255 1774 2287 effe
1782 2256 1928 2286 defensos.
1951 2260 2050 2327 Attique
2063 2258 2131 2293 hoc,

1179 2303 1190 2339 j
1197 2301 1315 2333 udices,
1328 2309 1367 2329 ex
1384 2298 1616 2338 hacfrequentia
1634 2299 1814 2328 colonorum
1825 2316 1833 2331 ‚
1853 2297 1973 2328 honesti
1998 2309 2134 2331 imorum

1181 2342 1357 2373 hominum,
1368 2340 1537 2380 intelligere
1546 2338 1670 2378 potestis
1681 2349 1686 2368 ;
1698 2340 1750 2379 qui
1761 2339 1877 2373 adsunt,
1889 2340 2039 2371 laborant:
2051 2342 2133 2372 hunc

1180 2390 1340 2421 patronum
1354 2400 1362 2415 ,
1382 2379 1570 2410 defensorem
1581 2399 1590 2413 ‚
1610 2379 1766 2411 custodem
1785 2381 1867 2411 illius
1885 2382 2015 2412 coloniae
2025 2402 2035 2416 ‚
2061 2381 2082 2412 fi
2099 2385 2134 2415 in

1182 2425 1269 2453 omni
1279 2422 1398 2453 fortuna
1409 2441 1417 2456 ,
1429 2431 1516 2463 atque
1527 2424 1614 2452 omni
1624 2423 1739 2453 honore
1749 2423 1939 2454 incolumem
1948 2423 2056 2456 habere
2068 2434 2136 2456 non

1182 2474 1360 2505 potuerunt,
1380 2466 1412 2495 in
1422 2466 1480 2495 hoc
1490 2474 1590 2496 tamen
1599 2465 1665 2496 casu
1676 2485 1684 2500 ,
1702 2475 1764 2506 quo
1773 2464 1901 2496 afflictus
1917 2466 1994 2505 jacet
2009 2476 2061 2507 per
2077 2475 2136 2497 vos

1183 2509 1281 2540 tutari,
1293 2508 1523 2548 conservareque
1533 2509 1666 2547 cupiunt.
1689 2507 1808 2538 Adsunt
1819 2509 1881 2547 pari
1895 2506 1994 2539 studio
2003 2512 2135 2550 Pompe-

1180 2550 1255 2589 jani,
1267 2551 1319 2589 qui
1330 2549 1364 2579 ab
1373 2549 1435 2578 illis
1445 2552 1535 2579 etiam
1545 2551 1579 2579 in
1590 2559 1706 2579 crimen
1716 2558 1876 2580 vocantur:
1890 2544 1905 2568 8
1935 2552 1965 2580 ui
1974 2552 2014 2580 ita
2022 2550 2059 2581 de
2068 2560 2135 2582 am-

1186 2592 1350 2624 bulatione,
1362 2591 1394 2620 &
1404 2591 1439 2620 de
1451 2589 1596 2631 suffragiis
1607 2591 1665 2621 suis
1676 2601 1746 2621 cum
1755 2592 1874 2621 colonis
1884 2560 2091 2626 dissenserunt,
2101 2600 2135 2623 ut

1183 2633 1265 2664 idem
1276 2632 1311 2664 de
1322 2633 1461 2662 communi
1467 2632 1561 2675 salute
1570 2633 1723 2663 sentirent.
1730 2636 1773 2664 Ac
1781 2643 1820 2664 ne
1829 2634 1892 2664 haec
1901 2633 2024 2675 quidem
2034 2634 2135 2665 P.Sul·

2011 2676 2048 2706 1ae
2061 2677 2139 2707 mihi

225 2752 235 2768 ι
245 2763 250 2768 t
270 2748 333 2769 Num
342 2747 367 2769 in
376 2744 405 2768 iis
415 2745 542 2777 regionibus
556 2763 562 2773 ,
582 2744 655 2778 quase
665 2746 771 2770 Catilina
781 2743 921 2777 inscrebat]
942 2742 1031 2777 Vulgo
1050 2742 1138 2774 resere-

185 2781 239 2811 Iniae,
251 2778 291 2804 sed
302 2787 393 2805 contra
403 2779 458 2806 inss.
470 2780 569 2806 nostros
583 2789 674 2806 omnes
686 2801 694 2812 ,
704 2781 731 2806 in
743 2779 836 2816 quibus
849 2787 935 2805 tamen
947 2777 1060 2804 hcm-ebat
1070 2775 1136 2803 'illud

188 2824 245 2841 ret-c
256 2822 321 2841 »tuin
332 2817 454 2848 ligionibur
466 2835 473 2847 ,
490 2825 538 2851 pro
549 2825 602 2851 quo
619 2816 700 2843 malui
711 2817 823 2843 alterurn
836 2834 844 2847 ‚
863 2815 1001 2842 inventum
1020 2813 1139 2849 alioquin

186 2851 214 2877 in
228 2825 301 2876 libris
313 2851 423 2877 aliorum
435 2851 580 2887 plumariis.

227 2895 255 2912 2.
275 2891 393 2918 clla-epta
405 2890 440 2912 ef?
450 2887 577 2920 familia]
597 2887 754 2919 Lambinus,
764 2890 797 2914 At
807 2894 882 2920 empta
891 2887 992 2919 msam.
1004 2884 1095 2912 invitis
1106 2884 1140 2911 li-

190 2921 256 2948 bris.
279 2922 410 2957 inagis-,ne
422 2923 583 2957 ligauit-atui·
593 2924 720 2959 cupiditas
732 2923 848 2955 emendi,
858 2921 1001 2958 arripiendi
1013 2920 1103 2947 verbo.

229 2966 255 2993 3.
274 2961 322 2983 ‘Per
332 2960 656 2993 Balbumffirstslfbev-mm.]
678 2960 775 2986 Maluit
786 2960 834 2985 lioc
852 2964 866 2985 e
878 2958 1025 2993 Turingico
1036 2956 1142 2983 Guliel-

189 2994 258 3019 mius
271 3003 278 3023 ;
293 2993 362 3029 quod
375 3003 469 3020 nornen
483 2994 545 3020 ent-t
557 2995 718 3022 Rom-inum.
739 2997 811 3032 prius
823 2994 874 3021 cusi
884 2996 983 3025 Restm,
995 2992 1065 3030 quod
1076 2994 1102 3019 δε
1114 2994 1140 3019 in

190 3029 260 3056 Pali.
273 3029 405 3056 omnibus.

226 3073 254 3097 4.
274 3069 319 3093 cdi
329 3069 387 3090 :nim
397 3065 516 3098 Cincius]
538 3065 666 3092 Nosti-:im
679 3067 784 3102 quidam
795 3069 886 3092 siccius
897 3086 904 3098 ,
925 3064 996 3102 quod
1007 3065 1034 3090 δε
1046 3064 1072 3091 ἰη
1084 3065 1141 3090 Tu-

191 3101 311 3135 r'ingico:
335 3101 361 3126 &
372 3100 500 3127 stiffi-idus
514 3102 631 3135 Petreius
641 3102 752 3128 eundern
764 3110 838 3139 putat
850 3122 858 3135 ,
878 3111 956 3139 quem
967 3101 1036 3128 bello
1048 3100 1142 3126 Asi-ico

192 3137 300 3163 Hirtius
314 3156 319 3165 .
341 3136 368 3162 ὦ.
377 3148 390 3162 c
401 3137 458 3172 quis
474 3138 540 3163 alius
551 3137 598 3168 est,
610 3139 738 3167 nominat.

229 3181 255 3206 5·
275 3175 385 3207 wlngna
399 3176 498 3205 ratione,
509 3173 576 3208 ὡς]
598 3172 774 3209 subintellige
788 3177 940 3208 petimini-ia.
959 3172 1030 3202 mali:
1040 3172 1110 3201 enim
1122 3171 1140 3199 ii

1183 2739 1260 2766 codd.
1273 2739 1361 2776 scripti
1373 2760 1381 2771 ‚
1392 2739 1437 2776 qui
1448 2738 1582 2766 sufficiunt
1593 2759 1602 2772 ,
1619 2748 1706 2773 magna
1715 2742 1804 2765 ratione
1815 2741 1936 2773 pccum'ae5
1954 2747 2039 2774 neque
2048 2747 2078 2766 ca
2089 2748 2141 2766 vox

1184 2786 1252 2812 repe]
1262 2783 1287 2802 ta
1298 2777 1323 2802 in
1336 2775 1393 2802 niis,
1404 2775 1570 2802 melioribus.

1219 2812 1247 2838 6.
1269 2814 1391 2846 Veristmilc
1399 2821 1444 2837 mn
1463 2814 1498 2837 eff
1507 2831 1515 2843 ,
1533 2819 1560 2837 ut
1577 2811 1670 2846 quem]
1695 2811 1840 2838 Lambinus
1860 2819 1934 2837 voces
1949 2817 2007 2838 -tres
2026 2810 2141 2846 priores,

1186 2849 1305 2884 quamvis
1316 2848 1435 2874 omnium
1448 2847 1576 2874 librorum
1588 2847 1743 2883 scriptorum
1756 2867 1764 2879 ‚
1775 2847 1960 2882 editorumque
1972 2865 1979 2878 ,
1988 2854 2078 2873 samen
2091 2856 2141 2882 pro

1186 2885 1298 2920 imperio
1312 2884 1356 2910 suo
1366 2883 1532 2910 exturbarat.
1552 2893 1602 2919 ego
1613 2882 1724 2919 reposui.
1746 2892 1777 2909 ne
1799 2892 1830 2908 ue
1841 2883 1910 2909 enim
1923 2884 1937 2908 :i
1949 2882 2081 2909 Lambino
2089 2883 2141 2910 do-

1185 2920 1259 2946 cendi
1271 2919 1370 2951 lirinus,
1382 2929 1440 2955 qua:
1450 2919 1576 2954 loquendi
1588 2919 1654 2945 ratio
1664 2917 1767 2945 ibi-dida
1789 2926 1821 2950 it,
1831 2927 1888 2953 quae
1898 2919 1994 2944 minus.

1220 2965 1247 2990 7.
1269 2959 1330 2981 Eum
1339 2957 1417 2982 bellum
1428 2957 1518 2988 reipub.
1527 2957 1610 2989 facere
1628 2955 1749 2988 voluisse]
1771 2953 1905 2981 Maluiss'et
1915 2953 2089 2987 Gulielmius,
2097 2962 2152 2988 po-·

1180 2994 1234 3025 pulo
1243 2996 1307 3018 Rom.
1328 2991 1370 3017 sed
1382 3001 1432 3018 non
1444 2989 1600 3027 respondent
1611 2990 1683 3016 libri.

1221 3027 1248 3053 ὃ.
1268 3030 1314 3061 Q}
1323 3031 1361 3053 ita
1370 3028 1396 3052 de
1405 3029 1561 3053 ambulatione
1569 3026 1598 3056 Gy
1606 3027 1632 3051 de
1643 3025 1791 3059 staff-agian]
1813 3025 1902 3052 Antea
1912 3025 2075 3061 legebamus,
2085 3035 2140 3052 am-

1186 3065 1288 3093 bitium-3
1301 3073 1350 3090 non
1362 3063 1414 3091 fide
1425 3062 1482 3089 mff.
1492 3070 1537 3089 aut
1549 3070 1666 3088 veterum
1679 3061 1825 3088 editionum
1839 3080 1846 3093 ‚
1857 3060 1899 3087 sed
1910 3062 2006 3088 (Li-itici
2017 3062 2137 3096 alicujus.

1187 3101 1269 3125 Certe
1280 3099 1390 3126 alteram
1410 3099 1563 3134 scripturam
1574 3097 1663 3124 ini-eni
1682 3098 1708 3124 in
1720 3097 1842 3124 omnibus
1863 3097 1930 3123 Pall.
1942 3098 2092 3134 reperitque
2110 3098 2138 3124 in

1187 3134 1267 3160 Biisb.
1278 3135 1305 3160 ὅ(
1317 3137 1344 3160 S.
1357 3134 1427 3163 Vi&
1439 3134 1601 3162 Gulielmius
1614 3153 1622 3165 ‚
1633 3140 1662 3160 ut
1672 3133 1750 3160 etiam
1762 3134 1788 3159 in
1800 3134 1963 3160 Memini-,ino
1974 3133 2116 3159 Lambinus
2128 3142 2137 3164 3

1186 3171 1231 3206 qui
1243 3178 1329 3198 tamen
1340 3171 1434 3207 quaint
1446 3190 1454 3204 ,
1473 3170 1599 3206 quidnam
1609 3169 1667 3199 heic
1676 3169 1721 3197 sibi
1732 3169 1818 3198 velit?
1836 3168 1997 3198 Gulielmius
2007 3170 2139 3203 interpre-

2067 3209 2138 3230 tatur
