2360 3400
493 161 702 209 Epis-r.
739 175 815 206 AD
852 159 1258 212 METELLUM,
1297 172 1373 205 ΕΤ
1401 160 1729 211 Cia-rianos,
1765 164 1889 209 Ltn.
1923 163 1981 212 V.
2156 183 2220 233 75

260 241 366 274 obrem
377 248 420 277 tu,
431 250 578 284 quantum
590 249 642 271 tuo
647 242 660 281 j
664 240 764 271 udicio
775 239 971 271 tribuendum
983 238 1041 269 effe
1048 239 1148 273 nobis,
1160 247 1217 278 pu-

262 294 306 315 tes
318 305 327 319 ‚
340 283 447 315 statues
456 284 517 324 ipse
528 294 534 312 :
546 291 578 313 ut
587 283 670 323 spero
680 302 689 317 ,
703 281 810 313 statues
818 292 856 312 ex
867 281 964 312 nostia
973 282 1126 323 dignitate.
1149 283 1214 320 Ego

257 325 331 357 vero
349 325 404 356 tibi
420 323 564 366 profiteor
579 333 667 365 atque
679 324 826 365 polliceor
835 326 987 354 eximium
999 343 1008 357 ,
1027 323 1060 353 δε
1070 321 1214 363 fingulare

259 377 364 398 meum
376 366 509 397 studium
527 368 560 396 in
579 367 667 396 omni
684 376 791 407 genere
804 365 899 396 officii
910 385 919 400 ‚
939 364 1020 406 quod
1029 364 1064 395 ad
1075 362 1214 393 honesta-

256 418 320 440 tem
330 428 339 442 ,
360 408 392 439 &
401 408 529 450 gloriam
539 416 621 439 tuam
637 408 755 448 speciiet.
778 411 812 438 in
821 418 883 449 quo
892 427 901 442 ‚
923 405 1036 438 etiamfi
1045 406 1136 435 multi
1148 414 1214 434 me-

255 460 327 481 cum
338 449 539 484 contendent,
557 458 657 481 tamen
666 449 738 480 cum
748 451 871 491 reliquis
881 448 1026 480 omnibus
1035 467 1044 482 ,
1055 456 1121 478 tum
1132 446 1214 477 Cras-

255 491 291 522 fis
309 494 367 522 tuis
384 491 556 531 judicibus,
576 494 695 522 omneis
712 491 799 522 facile
817 492 976 532 superabo:
996 499 1072 531 quos
1085 488 1209 529 quidem

253 544 311 574 ego
322 533 412 564 ambo
423 533 512 565 unice
524 534 618 576 diligo
630 544 636 563 t
657 533 706 565 sed
721 536 752 564 in
763 536 866 564 Marco
877 532 1082 563 benivolentia
1090 531 1208 570 impari.

253 577 313 606 hoc
330 577 423 617 magis
443 576 508 606 sum
519 576 628 606 Publio
647 576 785 610 deditus,
805 575 886 617 quod
905 584 975 608 me,
996 581 1180 614 quamquam
1192 571 1208 601 a

251 619 379 658 pueritia
388 618 437 648 sua
445 618 577 658 semper,
593 627 694 648 tamen
703 619 761 648 hoc
771 627 907 658 tempore
917 615 1053 646 maxime
1065 634 1073 648 ,
1086 614 1157 644 sicut
1168 614 1210 644 al-

251 668 350 690 terurn
360 669 511 699 parentem
523 680 531 694 ‚
544 660 577 690 δε
587 660 740 694 observat,
752 660 785 690 &
794 659 902 700 diligit.
921 660 982 688 Has
992 657 1102 687 litteras
1113 655 1208 686 velim

251 700 408 732 existimes
416 700 538 732 foederis
549 702 697 732 habituras
707 700 764 732 ess'e
774 703 852 734 vim,
864 710 929 730 non
939 698 1084 738 epistol-x,
1100 706 1209 736 meque

250 752 284 773 ea
294 762 302 777 ‚
322 753 389 784 quae
402 743 456 773 tibi
471 745 618 784 promitto
632 754 665 774 ac
677 745 789 783 recipio
799 762 808 776 ,
831 745 840 761 ¹
854 738 1032 772 santffiffime
1042 737 1100 771 effe
1109 738 1209 768 obser-

249 793 389 815 vaturum
400 804 409 819 ‚
428 784 711 827 diligentiffimeque
720 783 779 814 effe
786 782 946 814 faaurum.
970 783 1054 827 Qae·
1062 780 1078 810 a
1087 789 1136 809 me
1148 779 1210 826 sus-

249 836 332 867 cepta
350 826 484 857 defensio
499 827 542 857 est
553 847 562 861 ,
581 836 608 857 te
627 827 746 856 absente
757 845 766 858 ,
786 824 937 865 dignitatis
949 832 1023 853 tuae:
1048 832 1081 851 in
1097 831 1132 851 ea
1146 831 1209 861 jam

249 878 326 909 ego,
346 879 411 899 non
429 869 530 899 solum
548 869 688 898 amicitiae
706 865 833 899 nostrae,
858 865 907 895 sed
924 866 1015 895 etiam
1034 862 1209 893 constantiae

250 919 326 940 meae
334 910 417 941 causa
428 930 436 944 ‚
457 908 649 950 permanebo.
673 907 879 949 Qamobrem
895 907 961 937 satis
977 904 1036 936 effe
1055 906 1113 936 hoc
1132 913 1210 935 tem-

247 961 321 992 pore
328 952 480 982 arbitratus
490 951 555 981 sum
567 970 575 984 ‚
587 951 644 980 hoc
654 949 689 980 ad
701 959 728 980 te
738 949 861 980 scribere
872 959 876 977 z
889 958 940 979 me
951 968 959 982 ‚
972 946 992 977 fi
1000 948 1073 989 quid
1083 947 1145 987 ipse
1156 949 1208 977 in-

246 994 410 1035 telligerem
422 1012 432 1025 ‚
455 1001 505 1022 aut
521 992 557 1030 ad
574 992 762 1022 voluntatem
775 1011 784 1025 ,
802 999 852 1021 aut
864 990 900 1021 ad
915 989 1117 1021 commodum
1129 1007 1138 1022 ,
1158 999 1208 1019 aur

247 1035 285 1065 ad
295 1033 526 1074 amplitudinem
538 1042 619 1063 tuam
630 1035 778 1074 pertinere
790 1053 798 1066 ‚
810 1043 876 1063 mea
886 1033 992 1072 sponte
1003 1031 1033 1061 id
1043 1029 1101 1061 effe
1111 1030 1205 1061 fafitu-

248 1086 316 1107 rum
329 1086 335 1105 z
356 1074 398 1105 fin
411 1084 510 1105 autem
524 1077 681 1116 quippiam
698 1084 748 1105 aut
763 1074 780 1105 a
796 1083 824 1105 te
837 1073 929 1105 ess'em
939 1073 1115 1104 admonitus
1126 1092 1135 1107 ,
1155 1082 1206 1103 aut

246 1117 264 1148 ὲ
274 1119 333 1148 tuis
345 1127 352 1146 :
369 1115 547 1147 effecturum
560 1136 568 1150 ,
584 1126 616 1147 ut
626 1117 809 1157 intelligeres
821 1136 830 1150 ,
845 1117 923 1146 nihil
932 1125 1031 1157 neque
1041 1124 1068 1145 te
1079 1113 1206 1155 scripfis-

245 1159 276 1190 se
294 1178 304 1193 ‚
332 1168 429 1200 neque
454 1168 638 1200 quemquam
661 1168 783 1189 tuorum
804 1157 910 1189 frustra
935 1158 971 1188 ad
989 1167 1038 1187 me
1058 1155 1205 1188 detulisse.

245 1200 454 1243 Qamobrem
470 1201 564 1231 velim
582 1203 623 1231 ita
642 1201 675 1231 &
690 1201 751 1241 ipse
767 1200 802 1230 ad
820 1210 870 1230 me
888 1199 994 1230 scribas
1011 1199 1047 1229 de
1062 1200 1206 1229 omnibus

244 1244 386 1273 minimis
398 1262 406 1276 ‚
428 1244 571 1272 maximis
583 1263 591 1276 ‚
615 1242 876 1283 mediocribusque
886 1242 974 1272 rebus
983 1261 991 1275 ,
1013 1249 1045 1271 ut
1058 1241 1092 1271 ad
1103 1242 1206 1271 homi—

244 1293 316 1314 nem
329 1282 540 1314 amiciffimum
554 1295 558 1313 :
581 1284 614 1314 &
625 1286 684 1314 tuis
694 1286 844 1324 praecipias
855 1303 863 1318 ,
885 1292 918 1313 ut
935 1293 1024 1324 opera
1036 1304 1044 1317 ,
1064 1281 1202 1316 consilio,

242 1325 418 1356 au6koiitate
430 1345 439 1359 ,
459 1329 550 1367 gratia
560 1336 627 1356 mea
640 1325 679 1356 fic
693 1335 812 1356 utantur
826 1327 859 1355 in
875 1325 1023 1355 omnibus
1036 1345 1044 1358 ,
1064 1325 1203 1364 publicis,

242 1369 364 1408 privatis
374 1387 381 1401 ‚
393 1367 560 1398 forensibus
570 1387 578 1401 ,
591 1367 784 1400 domesticis,
800 1369 859 1397 tuis
870 1387 878 1400 ,
895 1368 1066 1396 amicorum
1078 1386 1085 1398 ‚
1102 1367 1204 1406 hospi-

242 1418 306 1440 tum
318 1429 327 1443 ,
338 1410 496 1439 clientium
508 1418 630 1439 tuorum
640 1410 786 1450 negotiis:
811 1417 844 1438 ut
856 1428 864 1443 ,
877 1408 975 1450 quoad
985 1409 1049 1447 ejus
1060 1406 1123 1438 fieri
1136 1408 1203 1447 pos-

240 1449 276 1481 sit
285 1471 294 1485 ,
303 1451 466 1491 praesentiae
477 1459 534 1480 tuae
546 1449 726 1481 desiderium
738 1460 809 1480 meo
820 1450 920 1480 labore
930 1452 1094 1480 minuatur.
1118 1451 1200 1480 Vale.

204 1508 227 1541 9
342 1503 357 1520 ²
368 1502 571 1531 VATINlUS
593 1501 676 1530 IMP.
700 1502 898 1530 CICERONI
919 1502 996 1530 SUO
1017 1503 1045 1531 S.
1057 1502 1098 1529 D.

317 1544 378 1572 ναι
391 1551 489 1572 ειν.
500 1544 529 1572 Si
540 1551 621 1572 tuam
630 1542 884 1572 consuetudinem
894 1543 925 1572 in
933 1543 1106 1582 patrociniis
1116 1550 1201 1572 tuen-

303 1583 364 1614 'dis
386 1584 480 1614 servas
506 1587 518 1611 3
529 1587 559 1614 P.
571 1585 709 1614 Vatinius
730 1584 826 1614 cliens
847 1583 969 1615 advenit
988 1604 996 1618 ,
1019 1586 1072 1625 qui
1094 1593 1149 1625 pro
1171 1584 1201 1614 se

237 1626 356 1656 causam
381 1625 475 1656 dicier
495 1626 572 1656 vult.
597 1628 692 1660 Non,
714 1634 806 1666 puto,
831 1625 999 1666 repudiabis
1017 1628 1051 1656 in
1071 1627 1200 1659 honore,

237 1676 331 1709 quem
351 1669 384 1698 in
399 1668 535 1708 periculo
550 1667 695 1708 recepisti.
720 1671 784 1709 Ego
794 1677 895 1698 aurern
908 1689 916 1702 ,
936 1678 1027 1709 quem
1038 1668 1141 1709 pOtiiis
1150 1668 1202 1699 ad-

236 1718 353 1749 optem,
367 1719 416 1740 aut
425 1712 580 1744 invocem,
592 1710 682 1751 quarn
692 1710 795 1744 illum,
808 1720 870 1751 quo
879 1710 1061 1741 defendente
1071 1729 1080 1743 ,
1094 1713 1202 1741 vince-

235 1760 268 1782 re
282 1751 399 1782 didici?
416 1754 465 1782 An
476 1761 576 1781 verear
585 1772 593 1786 ,
606 1762 644 1781 ne
655 1772 664 1786 ,
684 1754 736 1793 qui
745 1750 1023 1792 potentiffimorum
1034 1753 1199 1783 hominum

236 1793 494 1833 conspirationem
509 1793 675 1833 neglexerit
694 1803 748 1834 pro
767 1804 834 1824 mea
849 1795 958 1828 salute,
982 1796 1007 1824 is
1019 1803 1073 1834 pro
1085 1795 1202 1825 honore

238 1843 310 1864 meo
320 1854 328 1867 ‚
337 1833 513 1874 pusillorum
523 1844 554 1865 ac
562 1836 780 1866 malivolorum
791 1834 1024 1866 obtre&ationes
1032 1835 1203 1866 &invidias

236 1884 302 1906 non
316 1875 480 1916 prosternat
489 1896 498 1910 ‚
516 1884 602 1917 atque
613 1876 746 1907 obterat?
768 1880 867 1918 Qare
876 1897 885 1911 ‚
905 1875 926 1906 fi
937 1886 988 1906 me
1000 1896 1008 1910 ,
1030 1876 1102 1908 ficut
1111 1877 1200 1912 soles,

234 1917 446 1958 amas,fiiscipe
456 1916 506 1947 rne
515 1926 566 1949 me
577 1927 677 1948 totum
690 1929 695 1947 :
711 1928 795 1959 atque
806 1920 864 1948 hoc
872 1938 880 1952 ,
891 1918 1040 1959 quidquid
1050 1917 1092 1949 est
1100 1921 1203 1949 oneris

235 1968 269 1989 ac
281 1962 435 1992 muneris,
456 1969 511 2000 pro
521 1969 589 1990 mea
606 1959 749 2000 dignitate
766 1959 823 1990 tibi
843 1960 991 1990 tuendum
1001 1970 1034 1991 ac
1050 1959 1200 1991 sustinen-

230 2000 312 2031 dum
323 2010 401 2041 puta.
424 2003 486 2031 Scis
497 2011 598 2031 meam
612 2000 765 2032 fortunam
776 2021 785 2035 ,
798 2002 898 2033 nescio
912 2002 1071 2043 quomodo
1082 2022 1090 2036 ‚
1109 2001 1198 2033 facile

228 2042 447 2073 'obtreStatores
466 2044 603 2073 invenire
617 2063 626 2077 ,
646 2053 709 2074 non
728 2053 799 2073 tneo
816 2044 941 2084 quidem
963 2065 972 2078 ,
997 2043 1196 2078 mehercules,

235 2086 346 2114 merito
359 2095 365 2112 2
382 2084 431 2114 sed
441 2086 544 2129 quanti
556 2084 586 2115 id
597 2083 685 2115 refert
695 2105 704 2119 ,
721 2083 740 2115 fi
751 2094 853 2115 tamen
863 2084 925 2116 fato
935 2085 1036 2116 nescio
1046 2096 1109 2127 quo
1119 2088 1197 2116 acci—

232 2126 278 2156 dit
291 2128 303 2155 ?
324 2127 353 2167 Si
364 2127 432 2166 quis
443 2125 520 2156 torte
531 2125 638 2160 fuerit,
659 2128 713 2167 qui
723 2127 832 2157 nostrae
841 2127 981 2169 dignitati
994 2126 1094 2158 obefl'e
1104 2127 1192 2162 velit,

229 2176 303 2208 peto
316 2167 333 2197 a
345 2176 373 2198 te
384 2187 393 2201 ‚
413 2176 445 2197 ut
455 2176 537 2198 tuam
547 2168 797 2198 consuetudinem
809 2188 818 2203 ,
842 2169 1090 2199 &liberalitatem
1100 2171 1132 2199 in
1146 2176 1195 2200 me

231 2209 351 2240 absente
368 2208 561 2239 defendendo
580 2210 658 2239 mihi
677 2209 804 2250 praestes.
829 2211 957 2241 Litteras
965 2210 1001 2242 ad
1012 2211 1147 2241 senatum
1158 2211 1195 2241 de

230 2243 319 2281 rebus
329 2250 438 2281 nosti-is
447 2250 535 2292 gestis
545 2271 554 2285 ,
565 2261 626 2292 quo
635 2253 778 2292 exemplo
797 2253 936 2283 miseram
948 2272 957 2287 ,
977 2252 1054 2283 infra
1063 2253 1120 2283 tibi
1128 2262 1196 2293 pei·-

231 2291 339 2333 scripsi.
362 2295 484 2323 Dicitur
495 2294 573 2323 mihi
588 2300 656 2323 tuus
670 2293 770 2324 servus
781 2294 957 2336 anagnostes
966 2293 1112 2336 fugitivus
1120 2303 1191 2326 cum

228 2335 366 2365 Vardaeis
376 2333 451 2365 effe:
471 2334 508 2364 de
523 2345 586 2376 quo
602 2343 634 2365 tu
651 2336 728 2366 mihi
745 2337 825 2366 nihil
836 2334 999 2367 mandasti:
1024 2346 1080 2377 ego
1091 2345 1192 2367 tamen

232 2384 306 2407 terra
317 2379 452 2418 marique
463 2385 495 2407 ut
504 2378 732 2419 conquireretur
742 2397 751 2411 ‚
771 2378 972 2418 praemandavi
984 2389 990 2407 :
1011 2378 1045 2408 &
1053 2377 1191 2418 profeffl)

232 2417 289 2448 tibi
299 2418 387 2449 illum
397 2421 553 2460 reperiam,
565 2417 621 2449 nifi
631 2418 652 2449 fi
663 2421 695 2449 in
705 2420 890 2450 Dalmatiam
900 2419 1049 2462 aufugerit
1059 2431 1064 2449 :
1076 2420 1192 2451 &inde

231 2467 333 2490 tamen
345 2461 505 2501 aliquando
521 2469 633 2491 eruam.
657 2464 708 2492 Tu
728 2470 784 2492 nos
803 2460 849 2492 fac
868 2469 961 2492 ames.
985 2462 1067 2493 Vale.
1090 2463 1137 2493 Ad
1151 2466 1189 2492 V.

229 2502 301 2532 Idus
311 2503 491 2544 Qintileis,
503 2513 542 2534 ex
551 2502 650 2534 castris
659 2523 669 2537 ‚
682 2506 814 2534 Narona.

1256 238 1331 277 quin
1350 238 1438 269 illum
1455 238 1615 279 aliquando
1622 249 1734 270 eruam.
1758 241 1815 272 Sed
1826 249 1928 272 tamen
1938 242 2042 272 omnia
2053 243 2130 274 mihi
2142 243 2214 275 dura

1256 281 1394 319 imperas.
1419 283 1466 311 De
1488 282 1597 311 Catilio
1615 282 1716 312 nescio
1735 283 1809 324 quid
1819 283 1854 314 ad
1865 293 1915 314 me
1929 282 2212 325 scripsistidepreca-

1254 322 1347 351 tionis
1365 321 1607 363 diligentiffimae.
1630 326 1729 366 Apage
1739 334 1846 356 tecum
1857 324 1961 356 nostro
1970 329 2060 357 Seitto
2070 329 2207 358 Servilio.

1255 371 1325 392 nam
1339 365 1509 395 mehercule
1519 375 1574 405 ego
1584 365 1674 395 illum
1685 376 1806 408 quoque
1815 377 1896 398 amo.
1907 367 1956 398 sed
1966 369 2142 408 hujusmodi
2151 379 2208 400 vos

1252 403 1390 435 clienteis
1403 425 1412 439 ,
1433 406 1610 445 hujusmodi
1630 409 1727 438 causas
1743 409 1877 449 recipitis
1896 411 1907 439 ?
1927 410 2090 441 hominem
2109 421 2208 443 unum

1254 447 1399 476 omnium
1407 446 1655 483 crudeliffimum,
1666 452 1717 490 qui
1729 459 1773 480 tot
1781 453 1941 492 ingenuos,
1952 451 2206 488 matresfamilias.

1253 487 1346 516 civeis
1355 489 1396 517 R.
1408 488 1536 523 occidit,
1557 491 1678 530 arripuit
1690 511 1698 524 ,
1707 491 1882 531 disperdidit
1893 513 1900 527 ,
1913 495 2053 534 regiones
2062 494 2208 527 vastavit?

1246 529 1264 553 4
1278 529 1392 558 Simius
1405 539 1471 559 non
1482 529 1603 560 semiffis
1612 533 1707 562 homo
1717 542 1819 564 contra
1829 544 1879 565 me
1889 545 1969 566 arma
1979 536 2048 566 tulit
2057 556 2066 570 ,
2090 536 2122 566 ὃ(
2132 547 2204 568 eum

1252 568 1334 599 bello
1352 572 1426 610 cepi·
1450 571 1506 601 Sed
1524 581 1624 602 tamen
1635 593 1643 606 ‚
1665 576 1710 603 mi
1731 577 1836 606 Cicero
1847 596 1856 609 ,
1878 577 1950 618 quid
1959 576 2053 608 facere
2062 578 2203 618 poss‘um?

1251 612 1364 641 Omnia
1373 631 1381 645 ,
1403 613 1575 642 mehercule
1587 633 1595 646 ‚
1618 617 1707 654 cupio
1718 635 1726 648 ,
1747 627 1813 657 quae
1832 627 1863 648 tu
1884 617 1929 648 mi
1941 621 2078 659 imperas.
2101 622 2206 652 Meam

1249 652 1540 683 animadversionem
1562 673 1571 687 ,
1590 654 1623 684 &
1642 656 1819 696 supplicium
1832 679 1840 693 ‚
1859 670 1921 700 quo
1946 661 2053 691 usurus
2072 672 2152 692 eram
2172 665 2207 693 in

1250 704 1340 728 eum,
1364 704 1455 735 quem
1474 694 1614 740 cepiil'ern
1628 717 1637 730 ,
1655 701 1777 728 remitto
1795 701 1868 734 tibi,
1894 702 1926 732 ὅ(
1944 703 2098 733 condono.
2122 704 2204 746 Qid

1250 736 1314 766 illis
1332 737 1510 776 respondere
1519 736 1638 777 polium
1650 757 1658 771 ,
1677 742 1729 779 qui
1739 740 1787 770 sua
1797 741 1875 772 bona
1885 744 1996 783 direpta
2008 764 2016 778 ,
2038 749 2141 776 naveis
2151 755 2206 777 ex-

1251 787 1395 818 pugnatas
1407 798 1414 812 ,
1437 777 1541 809 fratres
1551 798 1559 812 ,
1580 779 1693 809 liberos
1704 800 1711 814 ,
1724 786 1869 820 parenteis
1879 787 1990 816 occisos
2000 807 2009 820 ,
2020 786 2140 817 afflone
2150 798 2205 818 ex-

1251 819 1423 859 postulant?
1440 822 1470 850 Si
1490 822 1678 851 mehercules
1698 825 1787 862 Appii
1797 833 1831 853 os
1842 825 1979 856 haberem
1991 847 1998 860 ,
2020 830 2052 858 in
2062 831 2148 869 cujus
2158 830 2206 860 lo-

1249 871 1320 891 cum
1330 860 1471 892 lhffefiius
1482 863 1560 896 sum,
1570 871 1670 893 tamen
1683 865 1740 894 hoc
1748 864 1888 895 sustinere
1899 877 1961 897 nori
1971 868 2096 908 poss'em.
2122 872 2203 912 Qid

1250 913 1320 945 ergo
1342 903 1405 934 est?
1423 906 1539 934 Faciam
1550 907 1656 935 omnia
1666 904 1770 936 stdulo
1782 926 1790 939 ‚
1816 917 1880 948 quae
1891 917 1918 938 te
1928 910 2017 940 sciam
2029 913 2115 942 velle.
2138 915 2204 943 De·-

1248 944 1384 975 fenditur
1393 945 1409 975 a
1422 945 1601 985 QVolusio
1614 967 1623 979 ,
1638 956 1689 977 tuo
1700 947 1864 988 discipulo:
1879 948 1898 979 si
1908 949 1986 981 forte
1998 962 2029 981 ea
2039 963 2083 983 res
2093 957 2204 993 poterit

1248 987 1430 1018 adversarios
1448 987 1558 1030 fugare.
1581 990 1612 1018 in
1633 999 1669 1018 eo
1690 999 1826 1021 maxima
1845 991 1909 1031 spes
1920 991 1969 1022 est.
1994 995 2060 1023 Nos
2073 1015 2081 1027 ,
2102 994 2120 1024 si
2129 996 2203 1036 quid

1249 1031 1305 1059 erit
1314 1028 1381 1060 istic
1393 1039 1479 1069 opus,
1490 1029 1645 1060 defendes.
1668 1032 1762 1062 Caesar
1769 1032 1866 1063 adhuc
1875 1034 1953 1063 mihi
1964 1035 2103 1073 injuriam
2113 1037 2184 1068 facit
2197 1049 2204 1068 z

1248 1071 1286 1101 de
1299 1074 1377 1101 meis
1392 1072 1669 1111 supplicationibus,
1682 1074 1715 1103 &
1724 1073 1810 1104 rebus
1817 1074 1906 1115 gestis
1918 1077 2098 1106 Dalmaticis
2108 1079 2204 1109 adhuc

1248 1123 1313 1143 non
1327 1112 1415 1144 refert
1430 1125 1435 1142 :
1449 1113 1529 1155 quafi
1538 1113 1610 1144 vero
1622 1114 1844 1154 nonjustiffirni
1854 1119 1999 1158 triumphi
2010 1120 2041 1148 in
2053 1121 2204 1151 Dalmatia

1247 1165 1294 1185 res
1308 1153 1457 1197 gefl'erim.
1481 1158 1562 1186 Nam
1585 1155 1605 1185 si
1624 1158 1681 1187 hoc
1694 1157 1929 1197 exspeehndurn
1939 1159 1999 1193 est,
2018 1160 2092 1190 dum
2103 1171 2203 1193 totum

1248 1197 1364 1227 bellum
1384 1196 1564 1228 conficiam:
1582 1200 2054 1239 vigintioppidasuntDalmstiae
2064 1205 2204 1244 antiqua:

1247 1249 1314 1279 quae
1325 1238 1379 1279 ipsi
1389 1238 1443 1269 sibi
1451 1240 1618 1270 asciverunt
1629 1261 1637 1274 ,
1649 1241 1778 1281 amplius
1791 1242 1948 1283 sexaginta.
1960 1244 2023 1274 liaec
2034 1243 2089 1274 riisi
2099 1247 2206 1276 omnia

1247 1291 1405 1323 expugno,
1426 1280 1447 1311 fi
1465 1283 1546 1311 mihi
1559 1283 1788 1322 supplicationes
1798 1294 1862 1314 non
1872 1284 2093 1320 decernuntur,
2111 1287 2203 1329 longe

1245 1324 1302 1353 alia
1319 1323 1498 1354 conditione
1517 1334 1573 1365 ego
1585 1325 1651 1354 sum
1662 1344 1670 1358 ‚
1690 1335 1723 1355 ac
1734 1328 1823 1356 ceteri
1832 1329 2037 1366 imperatores.
2062 1331 2125 1370 Ego
2135 1328 2203 1369 post

1245 1364 1476 1405 supplicationes
1486 1368 1565 1396 mihi
1575 1366 1754 1400 decretas.iri
1765 1370 1948 1398 Dalmatiam
1959 1369 2110 1408 profectus
2120 1371 2199 1401 sum:

1244 1407 1295 1436 sex
1311 1407 1421 1447 oppida
1437 1409 1469 1437 vi
1487 1408 1690 1449 oppugnando
1708 1411 1773 1449 cepi
1795 1420 1802 1438 :
1825 1420 1921 1441 unum
1941 1412 2000 1441 hoc
2012 1430 2020 1444 ‚
2041 1412 2124 1452 quod
2142 1422 2203 1445 erat

1243 1458 1275 1478 m
1282 1451 1537 1490 aximum,quater
1545 1450 1562 1479 a
1572 1453 1690 1490 mejam
1699 1461 1829 1491 captum.
1839 1461 1979 1493 quattuor
1987 1455 2072 1483 enim
2081 1456 2200 1488 turreis,

1245 1490 1278 1521 δε
1293 1500 1434 1532 quattuor
1449 1501 1553 1521 muros
1572 1494 1656 1532 cepi,
1676 1493 1710 1523 ὃς
1727 1502 1824 1523 arcem
1834 1504 1941 1524 eorum
1954 1503 2049 1525 totam
2062 1505 2068 1524 :
2088 1505 2127 1525 ex
2140 1505 2198 1536 qua

1242 1542 1292 1562 me
1309 1535 1397 1563 nives
1415 1553 1424 1566 ,
1442 1531 1569 1574 frigora,
1590 1534 1702 1564 imbres
1720 1534 1909 1566 detruserunt
1928 1547 1934 1564 :
1953 1535 2137 1577 indigneque
2155 1540 2201 1568 mi

1242 1576 1359 1607 Cicero,
1371 1574 1519 1615 oppidum
1530 1584 1650 1615 captum
1659 1595 1668 1610 ,
1680 1576 1714 1606 &
1725 1576 1842 1606 bellum
1847 1577 1911 1617 jam
1922 1578 2098 1608 confectum
2107 1579 2201 1610 relin-

1241 1626 1332 1657 quere
1344 1617 1411 1647 sum
1419 1616 1550 1647 canlms.
1573 1620 1673 1658 Qare
1681 1627 1710 1648 te
1718 1627 1802 1660 rogo,
1815 1617 1836 1648 fi
1845 1628 1922 1659 opus
1931 1621 1996 1653 erit,
2007 1620 2043 1650 ad
2053 1621 2197 1652 Caesarem

1243 1668 1344 1689 meam
1354 1659 1470 1689 causam
1479 1669 1544 1700 agas
1557 1679 1566 1692 ,
1586 1669 1697 1700 meque
1705 1659 1761 1690 tibi
1770 1662 1804 1690 in
1815 1662 1918 1691 omnis
1928 1670 2018 1701 partis
2031 1661 2199 1693 defenden-

1242 1700 1317 1730 dum
1326 1710 1412 1741 putes
1426 1711 1431 1730 :
1450 1702 1509 1731 hoc
1518 1700 1696 1731 existimans
1708 1721 1717 1735 ,
1737 1705 1897 1733 neminem
1907 1712 1935 1733 te
1945 1705 1986 1733 tui
1998 1707 2199 1736 amantiorem

1241 1742 1360 1773 habere.
1383 1743 1457 1774 Vale
1468 1745 1545 1774 Daca
1555 1752 1627 1773 non.
1643 1744 1876 1778 Decembribus,
1887 1747 2023 1775 Narona.

1313 1795 1358 1822 M.
1369 1795 1411 1824 Τ.
1422 1795 1496 1825 C.P.
1523 1795 1721 1828 VATINIO,
1740 1795 2005 1826 IMPERATORI
2016 1815 2024 1828 ,
2042 1798 2070 1826 S.
2081 1798 2124 1827 D.
2218 1817 2227 1841 Ι
2242 1817 2256 1843 1

1247 1840 1462 1917 GRATA
1489 1844 1547 1875 tibi
1573 1854 1641 1875 mea
1666 1841 1725 1875 effe
1742 1843 1843 1875 officia
1861 1854 1925 1875 non
1942 1845 2048 1876 miror.
2065 1848 2198 1887 cognovi

1331 1887 1416 1916 enim
1434 1895 1463 1916 te
1479 1885 1678 1928 gratissimum
1694 1888 1839 1916 omniurn
1852 1885 1899 1917 :id
1922 1896 1959 1917 ue
1968 1896 2135 1928 numquam
2145 1889 2199 1919 de·-

1244 1926 1305 1957 stiti
1323 1927 1490 1966 praedicare.
1520 1937 1575 1958 nec
1585 1929 1669 1957 enirn
1680 1936 1711 1958 tu
1721 1927 1800 1957 mihi
1809 1897 1938 1958 habuisti
1946 1927 2043 1959 modi>
2051 1931 2174 1968 gratiam
2187 1949 2197 1964 ‚

1241 1977 1348 1998 verum
1369 1970 1458 1999 etiam
1477 1967 1709 1999 cumulatiffime
1730 1968 1866 1999 retulisti.
1898 1970 2107 2009 Quamobrem
2126 1972 2198 2002 reli-

1240 2011 1308 2051 quis
1319 2011 1376 2040 tuis
1385 2010 1472 2041 rebus
1483 2009 1628 2042 omnibus
1640 2029 1648 2044 ,
1665 2012 1727 2050 pari
1739 2020 1787 2040 me
1797 2010 1898 2041 studio
1908 2021 1974 2053 erga
1987 2020 2014 2042 te
2029 2032 2038 2046 ,
2049 2012 2081 2042 &
2091 2012 2196 2044 eadem

1239 2051 1394 2082 voluntate
1413 2053 1584 2093 cognosces.
1615 2051 1706 2093 Qod
1725 2053 1805 2082 mihi
1819 2053 1981 2083 foeminam
2001 2056 2196 2094 primariam,

1238 2094 1414 2134 Pompejam
1424 2114 1434 2128 ,
1446 2104 1574 2124 uxorem
1584 2102 1667 2124 tuam
1677 2113 1686 2127 ,
1697 2095 1895 2125 commendas
1907 2106 1913 2124 ;
1930 2104 2002 2126 cum
2011 2099 2082 2126 Sura
2092 2094 2196 2126 nostro

1239 2135 1337 2166 statim
1361 2138 1422 2166 tuis
1440 2137 1547 2167 litteris
1565 2135 1651 2165 lectis
1670 2136 1787 2166 locutus
1803 2136 1870 2166 sum
1882 2156 1890 2170 ‚
1911 2145 1944 2167 ut
1961 2139 1990 2167 ei
2009 2139 2086 2167 meis
2096 2137 2198 2168 verbis

1238 2177 1367 2211 diceret,
1387 2186 1439 2211 ut,
1460 2177 1608 2218 quidquid
1626 2187 1701 2217 opus
1719 2175 1809 2212 estet,
1829 2177 2125 2209 mihidenuntiaret:
2145 2188 2196 2210 me

1239 2221 1344 2250 omnia
1353 2239 1362 2253 ‚
1381 2229 1446 2260 quae
1464 2230 1497 2251 ea
1506 2219 1599 2250 vellet
1612 2239 1620 2252 ,
1641 2220 1764 2250 summo
1774 2219 1874 2250 studio
1883 2229 2013 2261 curaque
2022 2219 2173 2251 facturum
2188 2232 2194 2250 :

1236 2263 1336 2302 itaque
1354 2259 1461 2292 faciam
1473 2281 1482 2295 ‚
1501 2271 1627 2302 eamque
1642 2281 1651 2294 ,
1673 2259 1694 2291 fi
1704 2271 1780 2301 opus
1790 2260 1848 2292 effe
1859 2261 2027 2296 videbitur,
2048 2263 2110 2303 ipse
2119 2272 2194 2293 con-

1235 2305 1367 2334 veniam.
1390 2305 1441 2334 Tu
1460 2311 1562 2333 tamen
1572 2305 1600 2332 ei
1611 2303 1703 2333 velim
1716 2304 1840 2338 scribas,
1863 2305 2023 2334 utnullam
2034 2314 2095 2334 rem
2109 2325 2117 2338 ,
2138 2315 2194 2335 ne-

1234 2355 1293 2386 que
1308 2353 1368 2375 tam
1378 2354 1518 2386 magnam
1532 2365 1540 2378 ,
1560 2354 1658 2386 neque
1668 2353 1729 2375 tam
1738 2354 1857 2385 parvam
1869 2355 1969 2386 putet,
1981 2356 2046 2387 quae
2057 2348 2133 2375 mihi
2142 2354 2193 2377 aut

1233 2384 1386 2421 difficilis,
1409 2395 1459 2417 aut
1474 2396 1579 2427 parum
1601 2396 1650 2416 rne
1666 2388 1756 2428 digna
1765 2387 1909 2418 videatur.
1929 2390 2059 2421 Omnia,
2079 2398 2144 2428 quae
2156 2390 2190 2418 in

1231 2431 1291 2459 tuis
1310 2428 1397 2459 rebus
1415 2439 1499 2470 agam
1511 2449 1519 2462 ,
1540 2428 1573 2458 &
1590 2438 1655 2458 non
1673 2429 1819 2459 laboriosa
1839 2429 2094 2460 mihi&h0nesta
2106 2429 2193 2460 vide-

1231 2471 1352 2502 buntur.
1375 2473 1424 2501 De
1434 2469 1582 2511 Dionysio
1593 2491 1601 2505 ‚
1622 2469 1642 2500 si
1653 2480 1702 2500 me
1710 2479 1807 2504 amas,
1819 2469 1945 2501 confice.
1968 2480 2192 2513 quamcumque

1232 2515 1259 2544 ei
1278 2513 1371 2545 fidem
1393 2512 1527 2546 dederis,
1547 2511 1700 2553 praestabo.
1725 2515 1756 2543 Si
1774 2511 2132 2552 veroimprobusfuerit,
2156 2522 2191 2544 ut

171 2564 227 2590 10,
301 2556 332 2584 P.
356 2557 616 2587 VATINIUS
638 2558 896 2587 CICERONI
917 2558 1029 2588 SUO,
1046 2558 1126 2588 S.D.
1233 2555 1278 2587 est
1297 2567 1304 2586 :
1331 2554 1447 2586 5duces
1470 2564 1539 2584 eum
1558 2556 1713 2595 captivum
1731 2556 1763 2584 in
1781 2555 1945 2594 triumpho.
1979 2555 2128 2585 Dalmatis
2147 2555 2191 2586 dii

309 2598 346 2624 V.
359 2606 387 2626 n.
401 2605 428 2626 ε.
442 2606 470 2627 ε.
484 2606 558 2636 Qv.
571 2595 619 2627 De
630 2595 779 2638 Dionyfio
788 2608 842 2628 tuo
855 2598 954 2628 adhuc
964 2598 1044 2628 nihil
1054 2601 1187 2631 extrico:
1230 2598 1311 2630 male
1322 2598 1430 2628 faciant
1441 2616 1450 2630 2
1468 2599 1522 2637 qui
1532 2597 1587 2626 tibi
1599 2594 1719 2626 molesti
1731 2596 1809 2626 sunt.
1833 2595 1889 2625 Sed
1901 2616 1909 2628 ,
1923 2604 1955 2625 ut
1966 2596 2068 2626 scribis
2081 2617 2090 2630 ,
2106 2596 2190 2627 brevi

289 2634 335 2668 ⁸&
344 2649 381 2668 eo
393 2638 508 2672 minus,
519 2638 602 2680 quod
615 2650 664 2669 me
672 2639 763 2681 frigus
773 2641 993 2674 Dalmaticum,
1009 2641 1091 2680 quod
1102 2641 1189 2673 illinc
1228 2646 1384 2681 capientur
1403 2659 1413 2672 ‚
1445 2638 1478 2668 &
1500 2636 1690 2667 illustrabunt
1706 2646 1751 2667 res
1769 2646 1832 2667 tuas
1847 2636 1951 2679 gestas.
1969 2637 2086 2679 semper
2103 2641 2190 2670 enim

221 2682 330 2720 ejecit,
353 2682 444 2711 etiam
466 2679 515 2711 hic
532 2680 725 2722 refrigeravit.
746 2681 805 2712 Sed
824 2690 925 2712 tamen
943 2692 1011 2712 non
1031 2681 1186 2721 defistam,
1227 2683 1398 2714 habitisunt
1407 2678 1549 2710 bellicofi.
1573 2679 1656 2709 Vale.
2098 2724 2133 2753 M
2153 2725 2178 2754 C

264 2818 288 2835 r.
305 2811 447 2844 SanHffm&
456 2811 497 2845 ff
506 2811 695 2845 obstr-naturum,
710 2811 918 2844 diligentissimeque
928 2810 1127 2845 effisafi‘urum]
1139 2811 1182 2838 Sic
1228 2821 1286 2839 rum
1297 2811 1458 2839 auCtoritate
1473 2819 1563 2838 tuetur
1575 2822 1581 2837 ι
1604 2810 1629 2836 8<
1641 2809 1694 2846 ipsi
1714 2810 1817 2837 ratione
1829 2819 1837 2841 3
1857 2810 1988 2847 quidquid
1998 2810 2069 2839 dicat
2079 2813 2188 2849 Diony-

226 2841 295 2871 1¹:111.
306 2855 344 2881 pr.
357 2846 406 2873 sec.
424 2848 512 2882 quint.
530 2847 617 2873 Varie.
628 2848 709 2873 Grut.
721 2846 805 2872 editio
818 2846 930 2873 Victorii
943 2858 948 2873 :
972 2856 1019 2873 nec
1029 2854 1118 2873 tamen
1129 2846 1182 2874 dis-
1226 2848 1276 2876 sius
1285 2856 1331 2875 aut
1341 2848 1385 2874 alii
1394 2857 1444 2884 pro
1454 2847 1512 2874 illo.
1666 2849 1671 2852 '

225 2878 305 2914 plicet
314 2882 372 2908 Pal.
391 2891 480 2918 quart.
491 2884 519 2909 Sc
531 2883 662 2910 stewech.
674 2882 802 2919 scriptura
813 2893 819 2909 :
845 2883 986 2917 sam‘bffime
1003 2883 1181 2916 obsi-naturum
1261 2892 1289 2917 4.
1307 2887 1399 2910 Simius·
1407 2884 1551 2917 nmsemrffls
1560 2883 1647 2917 homa]
1662 2882 1704 2908 Sic
1713 2881 1849 2909 Viftorius
1860 2883 1889 2910 8<
1899 2891 1959 2909 eum
1971 2883 2075 2911 secutus
2087 2883 2185 2911 Lamb-

224 2914 435 2953 *diligennffimeque
446 2921 487 2953 effe
494 2920 559 2953 fast.
1226 2920 1411 2956 repetiturque
1429 2920 1455 2945 in
1467 2919 1594 2945 Vaticano
1607 2928 1613 2948 3
1632 2927 1679 2944 nec
1687 2917 1802 2946 divortit
1813 2919 1918 2955 longius
1929 2919 1987 2946 Pal.
1996 2929 2037 2957 pr.
2055 2924 2134 2946 Simm-
2142 2930 2188 2946 non

264 2959 293 2977 2.
311 2953 466 2981 Vni-iuius
477 2957 545 2982 IMP.
556 2957 719 2982 Cim-:Rom
731 2955 821 2989 Sum]
841 2956 882 2982 lta
889 2954 1038 2991 concipitur
1047 2951 1183 2995 inscriptio
1218 2956 1316 2989 semiffis
1326 2957 1398 2982 homo.
1410 2955 1506 2991 reliqui
1519 2953 1590 2988 velsi
1598 2958 1675 2980 minus
1685 2955 1860 2989 iionjlerusfit.
1883 2955 1952 2989 velst'
1960 2960 2039 2982 mimas
2047 2957 2186 2990 mustra-ni·

226 2985 253 3012 in
268 2987 322 3013 l'al.
331 2987 380 3015 stc.
391 2997 456 3017 tert.
466 2998 554 3027 quart.
565 2992 741 3024 Gruteriano,
753 2992 886 3018 stewech.
897 2999 956 3018 nani
971 2990 1027 3017 l‘al.
1038 3000 1079 3026 pr.
1090 2995 1180 3027 quint.
1218 2993 1252 3026 fit
1261 2994 1337 3023 h0m05
1359 2991 1400 3016 vel
1410 2991 1490 3017 etiam
1508 2990 1605 3020 alitem
1629 2989 1699 3024 qnod
1712 3000 1762 3017 uon
1773 3000 1859 3027 operte
1887 2993 1984 3018 retium
2003 2993 2038 3019 est
2049 2991 2186 3019 adnotare.

224 3022 306 3049 ctiam
330 3023 397 3050 illud
415 3026 462 3052 IM
475 3036 500 3053 i».
528 3027 712 3063 exstinguunt.
743 3027 824 3064 vulgo
857 3026 1065 3064 praenoniinibus
1084 3034 1183 3063 augent
1205 3033 1207 3038 '
1228 3027 1558 3063 viilg‹‘»,sunulvcrofim1ffis
1568 3028 1638 3053 homo.
1658 3026 1746 3064 paullo
1756 3035 1818 3054 :uite
1828 3027 1864 3054 Pa
1876 3027 1896 3054 l.
1906 3037 1999 3055 omncs
2011 3048 2019 3061 ,
2031 3029 2112 3055 Grut.
2124 3031 2185 3055 Ste-

227 3057 259 3084 l'.
274 3059 430 3086 VATINIUS
442 3063 510 3088 IMP.
527 3063 751 3090 M.C1CERON1.
1227 3063 1313 3090 wech.
1324 3066 1546 3097 quitotingcnuas‚·
1561 3063 1613 3094 &a

263 3102 290 3129 3.
308 3097 339 3121 P.
350 3097 461 3122 Vatinius
472 3099 544 3124 cliens
561 3099 686 3134 ahmiu]
707 3100 750 3126 Sic
760 3099 795 3128 est
805 3100 831 3127 in
843 3098 961 3127 editione
971 3098 1099 3132 Victorii,
1110 3099 1177 3125 Pau.
1265 3108 1291 3133 5.
1311 3100 1385 3125 Duces
1395 3108 1446 3124 eum
1455 3101 1577 3131 captivum
1594 3103 1620 3125 in
1637 3099 1780 3134 triumpho]
1799 3100 1870 3137 Qis
1889 3109 1942 3127 non
1960 3098 2187 3126 animadvci-ssovre

224 3138 352 3165 quatuor,
363 3132 445 3158 Grut.
455 3133 590 3160 stewech.
609 3142 635 3160 at
646 3136 734 3171 quint.
746 3136 887 3173 simplicius
906 3139 978 3162 cliens
988 3139 1066 3162 venie.
1088 3135 1182 3171 vulgo,
1225 3134 1334 3171 dignam
1353 3133 1464 3171 deputet
1482 3134 1636 3171 scripturam
1650 3135 1717 3162 Pall.
1738 3145 1778 3171 pr.
1789 3138 1877 3172 quint.
1897 3137 1965 3162 duces
1977 3145 2028 3161 cum
2039 3140 2064 3161 in
2075 3139 2190 3168 rriumjlm

223 3168 286 3192 tidie
296 3170 373 3193 venit.
394 3167 483 3203 paulli»
495 3170 549 3204 post
561 3170 705 3198 Lambinus
716 3171 784 3207 legit
800 3173 919 3206 quiprosb
929 3172 1025 3206 causam
1034 3173 1107 3197 dicere
1116 3173 1182 3203 vult,
1203 3182 1207 3240 l
1228 3178 1321 3205 caprum
1332 3182 1339 3196 .·
1356 3171 1464 3198 interim
1486 3179 1591 3208 quoque
1610 3171 1679 3198 Pall.
1697 3171 1747 3198 sec-
1758 3180 1822 3200 tert.
1838 3174 1920 3201 Grut.
1939 3172 2073 3200 Stcwecli.
2083 3178 2189 3204 castum,

216 3211 299 3248 fitam
313 3202 454 3231 lcffionem
466 3204 491 3232 in
504 3205 561 3231 Pal.
574 3214 663 3241 quart.
673 3208 770 3244 reperi.
791 3208 900 3245 vulgata
909 3208 934 3235 se
944 3208 1066 3236 omnium
1076 3215 1181 3235 cetero·
1228 3217 1282 3235 non
1291 3214 1322 3235 ut
1334 3207 1473 3243 vulgatum
1483 3212 1615 3280 caprona.
1721 3224 1724 3226 -
2136 3243 2156 3262 c

1617 3253 1634 3280 q
1648 3253 1664 3279 q
1678 3253 1694 3279 q
1718 3253 1734 3269 2
2094 3251 2103 3269 1
2112 3262 2117 3268 .
2137 3250 2191 3275 „Qu
