2337 3400
89 1200 132 1234 19

95 2080 143 2106 20

131 155 232 206 740
541 125 1046 179 MTULLM

135 222 227 262 Quod
238 219 315 250 mihi
329 215 435 246 videor
444 223 482 244 ex
495 213 555 244 tuis
565 210 672 242 litteris
682 209 848 250 intelligere
858 228 866 241 ,
885 216 912 237 te
924 205 1002 236 nihil
1011 212 1097 235 com-

138 262 297 295 missurum
317 256 518 288 css‘eteniei·e,
538 264 592 284 nec
609 252 697 285 ante,
718 250 808 292 quam
830 248 945 282 sciffes,
970 246 1032 288 quo
1042 244 1097 276 iste

139 305 241 335 nescio
253 303 303 342 qui
316 299 454 330 Caecilius
466 295 564 327 Bass‘us
574 302 754 335 erumperet,
766 291 931 335 quidquam
941 291 1013 320 certi
1023 297 1098 318 con-

140 346 322 377 stituturum.
344 340 373 371 id
386 350 441 381 ego
455 339 487 369 &
497 339 640 378 sperarem
654 356 662 369 ‚
683 335 840 375 prudentia
857 343 905 363 tua
915 334 1022 362 fretus:
1043 330 1075 359 &
1086 348 1095 363 ,

140 385 364 417 utconfiderem
380 403 388 415 ,
406 381 541 411 fecerunt
558 388 616 409 tuae
628 375 794 420 gratiffimae
814 376 891 405 mihi
911 375 1024 403 litterae.
1048 370 1100 401 Id-

141 438 197 469 que
208 437 238 457 ut
251 426 337 456 facias
346 425 435 465 quam
449 420 601 462 saepissime
613 441 621 454 ,
642 428 674 449 ut
685 419 717 449 δε
728 439 736 452 ,
756 417 828 458 quid
839 426 870 447 tu
879 426 958 457 agas,
983 412 1098 454 &quid
1121 434 1124 477 t

145 478 256 510 agatur,
268 468 338 498 scire
361 464 467 506 poffim
481 485 488 497 ‚
509 464 540 494 δε
559 464 648 492 etiam
668 460 742 501 quid
761 459 879 490 aeturus
897 457 951 491 sis,
971 456 1056 486 valde
1075 464 1102 484 te

143 521 227 552 rogo.
246 508 295 540 etsi
306 517 467 549 periniquo
485 505 615 545 patiebar
633 505 757 536 animo,
779 511 806 531 te
823 500 898 531 ame
908 499 1041 540 digredi:
1063 506 1104 526 ta·
1123 482 1125 540 i

145 563 219 583 men
239 562 276 581 co
294 559 429 589 tempore
448 558 499 578 me
515 546 690 577 consolabar
703 565 712 578 ‚
739 542 821 585 quod
844 543 877 573 δε
897 544 928 572 in
947 542 1103 571 summum
1124 544 1126 567 ¹.

142 597 242 625 otium
264 595 343 623 teire
362 590 539 623 arbitrabar,
560 589 592 618 δε
612 589 648 618 ab
659 585 907 627 impendentibus
917 584 1035 624 magnis
1053 590 1107 610 ne·
1125 594 1126 624 ᾗ

145 638 234 677 gotiis
248 634 406 666 discedere.
431 636 602 672 Utrumque
613 639 716 660 contra
732 628 847 658 accidit.
866 626 934 656 istic
944 626 1029 655 enim
1040 622 1105 652 bel-
1125 627 1127 650 l

147 680 212 708 lum
235 677 278 707 est
299 684 460 706 exortum:
484 672 534 703 hic
555 682 615 712 paz<
635 672 807 701 consecuta:
840 668 889 699 scd
909 676 1010 697 tamen
1028 664 1105 704 ejus·
1125 670 1126 698 ζ

147 720 301 760 modipax
314 738 321 751 ‚
342 719 374 747 in
394 726 470 757 qua,
491 713 511 744 s1
524 712 653 746 adesses,
672 712 766 742 multa
785 720 814 741 te
833 720 896 740 non
909 707 1100 738 delectarent:
1124 700 1126 746 1

148 771 301 793 catanien,
312 770 376 800 quae
388 769 424 788 ne
437 758 537 798 ipsum
550 756 691 786 Caesarem
703 754 827 794 quidem
838 750 998 782 dclecsffnt.
1022 751 1105 778 Bm,-
1124 755 1126 796 l

150 813 270 833 LoanM
291 811 383 831 astiti
405 808 576 829 eivmuivi
589 808 624 827 iii
639 798 753 835 semper
776 796 876 824 exitus
890 793 958 822 sunt
972 812 981 825 2
1000 799 1106 821 utnon
1125 804 1126 808 =

146 855 180 875 ea
191 844 289 875 solum
301 842 372 874 fiant
382 864 390 876 ‚
411 851 477 883 quae
487 841 561 870 velit
574 838 681 870 vietor,
701 837 746 867 sed
758 838 847 865 etiam
859 855 868 868 ,
888 843 921 864 ut
931 836 967 863 iis
979 843 1046 863 mos
1056 842 1107 872 ge-
1125 848 1127 872 l

146 887 259 917 sendus
270 885 303 916 sit
316 906 324 919 ,
338 884 450 926 ,quibus
459 881 647 921 adjutoribus
666 878 698 908 sit
708 888 786 919 parta
797 876 934 908 vietoria.
958 874 1107 916 Equidem

150 928 188 960 fic
202 938 263 959 tam
273 928 403 958 obdurui
415 946 423 959 ,
444 923 563 954 utludis
574 919 798 952 Caesar'isiiostr'i
818 916 985 960 aequiffimo
1003 918 1108 947 animo

147 971 285 1002 viderem
306 972 344 1000 T.
363 969 507 999 Plancum
520 986 528 998 ,
549 964 683 994 audirem
703 962 841 994 Laberii,
867 961 899 991 &
916 959 1015 991 Publii
1033 959 1108 1002 poe·
1127 980 1129 999 ¹.

148 1022 236 1045 mata.
261 1012 350 1042 Nihil
371 1010 448 1039 milii
459 1017 518 1037 tam
532 1004 627 1036 deefle
638 1005 709 1034 scito
719 1024 727 1037 ,
742 1003 832 1044 quam
843 1001 982 1043 qui-cum
994 1002 1056 1030 haec
1066 1003 1109 1029 ta-

153 1055 331 1087 miliariter,
349 1050 498 1090 do&eque
508 1049 630 1078 rideam.
655 1049 684 1076 Is
694 1055 726 1075 tu
739 1048 816 1079 eris',
834 1043 954 1085 siquam
974 1041 1109 1083 primum

153 1098 282 1128 veneris.
307 1093 397 1133 Qiod
406 1091 545 1125 utfacias,
558 1099 622 1120 non
631 1098 699 1119 mea
708 1086 820 1121 solum,
837 1087 886 1117 sed
899 1087 991 1117 etiam
1002 1094 1049 1115 tua
1064 1086 1111 1113 in-

153 1136 257 1171 teresse
270 1137 403 1167 arbitror.

335 1186 477 1214 M‚T.C.
502 1182 835 1213 CORNIFICIO,
855 1181 935 1209 S.D.
1130 1200 1132 1214 Ι

150 1231 460 1309 LIBENTisstE
480 1229 537 1270 legi
549 1228 747 1258 tuaslitteras:
769 1228 801 1256 in
813 1219 1110 1267 quibusjucunciiffi-
1130 1224 1131 1235 ¹

239 1284 325 1304 mum
340 1274 417 1302 mihi
429 1270 497 1303 fuit,
510 1269 591 1311 quod
602 1271 732 1311 cognovi
745 1278 824 1298 meas
839 1266 894 1297 tibi
905 1265 1033 1295 redditas
1042 1261 1110 1307 esle.

148 1319 226 1347 Non
246 1318 331 1346 enim
354 1313 547 1346 dubitabam,
568 1313 644 1352 quin
664 1321 709 1341 eas
730 1311 866 1340 lubenter
884 1307 1014 1337 lefturus
1026 1303 1110 1334 esses.

151 1362 165 1379 ¹
177 1358 297 1389 verebar
308 1377 316 1391 ,
340 1366 373 1387 ut
382 1355 583 1386 redderentur.
608 1353 725 1382 Bellum
739 1372 746 1385 ,
759 1351 841 1392 quod
853 1349 935 1380 estin
945 1350 1026 1388 Syria
1039 1367 1047 1381 ,
1058 1349 1113 1386 Sy-

147 1402 285 1441 riamque
301 1400 489 1439 provinciam
510 1395 566 1426 tibi
582 1395 726 1425 tributam
747 1392 805 1423 efl'e
826 1392 980 1423 aCaesare‚
1002 1399 1040 1419 ex
1052 1390 1111 1418 tuis

148 1442 257 1472 litteris
267 1442 408 1482 cognovi.
434 1438 581 1469 Eamdcm
592 1447 657 1466 rem
669 1437 724 1466 tibi
733 1436 806 1466 volo
816 1435 893 1465 bene
907 1454 914 1466 ,
937 1433 969 1462 δε
983 1431 1114 1461 feliciter

149 1486 282 1514 evenire.
306 1482 398 1524 Qod
410 1483 450 1511 ita
458 1479 524 1510 fore
535 1478 671 1511 confido,
681 1477 774 1508 fretus
786 1478 817 1506 δε
831 1475 984 1507 industria,
1000 1473 1033 1503 δε
1043 1482 1114 1512 pru-

153 1525 256 1555 dentia
275 1533 333 1554 tua.
358 1523 414 1554 Sed
432 1522 468 1552 de
487 1523 615 1551 Parthici
636 1521 707 1550 belli
719 1520 886 1558 suspicione
896 1516 978 1556 quod
997 1515 1111 1547 scribis,

152 1567 222 1598 sane
244 1576 293 1595 ine
312 1565 497 1595 commovit.
520 1566 676 1604 Qantum
698 1563 856 1601 copiarum
874 1559 996 1588 haberes
1012 1555 1117 1589 scum«

152 1609 215 1649 ipse
235 1606 408 1647 conje&ura
426 1605 569 1645 consequi
591 1613 725 1644 poteram
745 1623 753 1636 ‚
791 1611 854 1632 tum
873 1610 911 1630 ex
930 1602 988 1629 tuis
1010 1599 1115 1627 litteris
1133 1610 1135 1624 ι

1125 834 1127 838 ,
1148 808 1216 839 dius
1226 810 1414 840 convalescit.

1124 121 1671 181 CICERoNts

1138 203 1153 234 a
1164 204 1291 235 summis
1299 207 1373 235 viris
1382 204 1560 237 faffitatum.
1583 210 1651 238 Hoc
1661 209 1760 250 igitur,
1773 207 1816 238 mi
1828 205 1984 241 Cornifici,
1995 205 2096 238 faciest

1138 247 1299 287 ceterisque
1323 248 1410 277 rebus
1433 248 1578 278 omnibus
1600 251 1664 289 ejus
1680 251 1838 291 dignitati,
1858 251 1981 290 reique,
2003 247 2023 278 si
2047 257 2098 278 me

1137 298 1220 319 amas
1232 310 1240 323 ‚
1252 289 1402 319 consules.
1423 289 1453 319 id
1464 291 1517 320 erit
1528 291 1606 320 mihi
1619 292 1826 332 gratiffimum.
1849 295 1897 323 Da
1909 300 2031 333 operam
2043 310 2052 325 ,
2063 297 2098 321 ut

1137 331 1245 362 valcas.

1292 382 1432 411 M.T.c.
1456 383 1946 414 S.P.D.CORN1F1C10.

1203 424 1235 463 ’Τ
1245 429 1288 455 Os
1309 426 1357 456 hic
1369 437 1438 456 cum
1451 429 1577 457 homine
1588 427 1745 468 gladiatore
1761 449 1769 463 ‚
1797 432 1810 456 3
1822 432 1964 460 omnium
1976 428 2099 469 nequis-
2120 420 2138 429 ⁶

1225 466 1228 476 ¹
1245 467 1320 515 simo
1333 488 1341 502 ‚
1354 468 1467 509 collega
1482 468 1592 503 vestro,
1603 472 1753 504 Antonio,
1762 471 1876 501 bellum
1885 473 2019 513 gerimus
2031 482 2035 499 z
2047 469 2097 500 sed

1144 520 1208 540 non
1226 519 1287 548 pari
1309 510 1506 544 conditione,
1526 520 1628 542 contra
1645 521 1725 541 arma
1744 513 1853 542 verbis.
1878 518 1914 543 At
1925 515 2015 543 etiam
2027 512 2062 542 de
2073 521 2102 542 te

1144 553 1359 582 concionatur:
1380 562 1436 581 nec
1457 553 1594 592 impune.
1615 563 1684 583 nam
1699 554 1823 588 sentiet,
1843 564 1919 594 quos
1934 553 2096 585 lacessierit.

1146 597 1210 634 Ego
1229 603 1328 623 autern
1349 593 1412 624 aaa
1428 594 1464 624 ad
1482 603 1509 624 te
1526 596 1632 625 omnia
1653 595 1778 624 arbitror
1797 595 1935 635 perscribi
1946 596 1981 626 ab
1991 595 2102 626 aliisza

1147 646 1195 665 mc
1214 634 1312 665 futui-a
1328 635 1418 665 debes
1427 637 1606 676 cognoscere
1620 646 1769 677 :quorum
1779 636 1902 677 quidem
1914 647 1977 666 non
1988 637 2030 667 est
2040 636 2103 667 dif-

1146 676 1234 707 ficilis
1258 677 1441 717 conjcftura.
1465 677 1606 718 Oppressa
1623 681 1728 709 omnia
1748 679 1815 708 sunt
1828 689 1833 707 1
1848 689 1903 708 nec
1925 678 2033 708 habent
2047 678 2106 708 du-

1143 730 1210 750 cem
1222 719 1295 749 boni
1309 730 1313 748 ;
1327 719 1480 760 nostrique
1491 720 1717 764 wgynon‘lo‘uoa
1729 720 1820 761 longe
1833 721 1968 761 gentium
1989 720 2106 750 absunt.

1147 767 1237 798 Pansa
1247 767 1278 797 &
1295 768 1383 798 sentit
1394 767 1519 801 bene‚&
1530 769 1662 809 loquitur
1671 768 1800 798 fortiter:
1812 771 1930 799 Hirtius
1940 768 2040 799 noster
2051 778 2109 799 tar-

1439 810 1519 851 Qid
1532 810 1666 840 futurum
1680 809 1729 844 sit,
1749 811 1837 850 plane
1848 812 1959 844 nescio.
1982 814 2052 851 Spes
2064 820 2109 842 ta-

1150 861 1220 881 men
1236 861 1294 881 una
1312 851 1373 885 est,
1391 852 1553 893 aliquando
1575 862 1646 892 pop.
1662 855 1699 882 R.
1719 853 1868 892 majorum
1889 852 2018 883 similem
2031 852 2107 883 fore.

1150 896 1213 934 Ego
1232 892 1310 923 certe
1328 896 1399 934 reip.
1423 904 1488 924 non
1512 894 1600 924 deero
1616 906 1620 923 :
1644 894 1675 924 ὅς’.
1689 894 1836 934 quidquid
1845 895 1999 927 acciderit,
2022 894 2109 935 aquo

1151 945 1217 964 mea
1226 936 1311 975 culpa
1321 934 1410 968 absit,
1422 937 1527 965 animo
1538 935 1608 966 forti
1622 935 1713 966 fciam
1722 958 1729 964 .
1752 936 1836 966 Illud
1849 935 1998 976 profefilxb,
2008 937 2108 977 quoad

1151 986 1274 1016 potero,
1296 986 1377 1007 tuam
1400 977 1534 1011 famam,
1553 978 1584 1008 &
1605 977 1780 1019 dignitatem
1812 979 1925 1008 tuebor.
1958 979 2005 1008 Ad
2025 989 2108 1008 Xiit.

1153 1018 1300 1048 Kalendas
1318 1021 1435 1061 Januar.
1448 1020 1564 1049 semtus
1574 1019 1712 1060 frequens
1722 1021 1801 1049 mihi
1814 1020 1856 1050 est
1866 1018 1994 1050 assensus
2007 1041 2015 1053 ,
2035 1019 2109 1051 cum

1129 1069 1130 1088 1
1152 1060 1188 1090 de
1199 1063 1304 1090 ceteris
1315 1061 1401 1090 rebus
1415 1063 1531 1100 magnis
1543 1081 1551 1094 ,
1563 1061 1595 1090 &
1607 1060 1771 1091 necessariis
1783 1081 1790 1094 ,
1803 1071 1867 1091 tum
1883 1061 1919 1091 de
1929 1064 2108 1101 provinciis,

1129 1115 1131 1133 2
1154 1102 1190 1131 ab
1202 1103 1238 1130 iis
1249 1121 1257 1135 ,
1272 1104 1324 1141 qui
1337 1102 1510 1131 obtinerent
1523 1122 1530 1134 ,
1543 1103 1717 1135 retinendis,
1730 1113 1826 1143 neque
1835 1105 1975 1144 cuiquam
1992 1104 2111 1133 traden-

1155 1143 1200 1173 dis
1213 1163 1221 1176 ,
1243 1143 1296 1181 nisi
1304 1146 1355 1183 qui
1371 1153 1409 1172 ex
1420 1143 1676 1173 senatusconsulto
1691 1143 1870 1174 succeffiffet.
1894 1147 1962 1174 Hoc
1973 1144 2111 1185 egocum

1130 1217 1131 1221 Ἰ
1153 1187 1224 1224 reip.
1237 1185 1320 1214 causa
1332 1185 1453 1217 censui,
1476 1194 1541 1214 tum
1554 1205 1562 1218 ‚
1582 1186 1753 1214 mehercule
1764 1206 1772 1218 ,
1784 1187 1816 1215 in
1827 1188 1934 1225 primis
1944 1187 2110 1218 retinendae

1153 1226 1306 1268 dignitatis
1318 1236 1384 1256 tuae.
1408 1226 1614 1267 Qamobrem
1626 1236 1652 1256 te
1663 1247 1672 1259 ,
1683 1229 1795 1256 amoris
1806 1227 1899 1257 nostri
1909 1228 1991 1258 causa
2001 1247 2009 1261 ‚
2022 1238 2110 1269 rogo.

1152 1278 1225 1308 reip.
1247 1268 1331 1298 causa
1353 1269 1474 1301 hortor,
1495 1278 1527 1298 ut
1548 1278 1584 1298 nc
1608 1270 1657 1299 cui
1676 1268 1841 1309 quidquam
1853 1270 2114 1309 jurisintuapro-

1154 1312 1253 1340 vincia
1276 1309 1334 1340 ess'e
1353 1313 1477 1350 patiare:
1495 1319 1583 1351 atque
1604 1312 1748 1340 utoninia
1760 1310 1865 1341 referas
1876 1311 1911 1341 ad
1922 1311 2112 1352 dignitatem:

1152 1362 1209 1393 qua
1227 1353 1304 1381 nihil
1326 1351 1421 1391 potest
1443 1350 1501 1382 effe
1520 1351 1716 1392 praestantius.
1740 1352 1818 1382 Vei-e
1839 1361 1939 1383 tecum
1959 1363 2042 1393 agam
2055 1372 2063 1386 ,
2081 1361 2115 1384 ut

1153 1393 1336 1424 neceffitudo
1356 1393 1454 1424 nostra
1463 1394 1600 1433 postulat.
1619 1395 1653 1424 in
1662 1396 1863 1434 Sempronio,
1890 1393 1997 1424 fimeis
2008 1396 2114 1425 litteris
2161 1412 2166 1417 ·

1131 1453 1133 1476 5
1152 1434 1383 1476 obtemperasses
1404 1456 1412 1469 ‚
1442 1446 1607 1466 maximam
1632 1436 1668 1466 ab
1687 1436 1834 1466 omnibus
1854 1436 1972 1466 laudem
1992 1436 2115 1476 adeptus

1154 1477 1235 1508 esses.
1259 1478 1314 1508 Sed
1326 1477 1614 1517 illud&pra:teriit‚
1639 1478 1779 1507 &levius
1790 1478 1841 1508 cst.
1867 1481 1941 1508 Haec
1953 1489 2058 1519 magna
2069 1488 2116 1508 res

1154 1520 1206 1550 est.
1240 1523 1294 1550 Fac
1315 1528 1346 1549 ut
1365 1522 1551 1559 provinciam
1574 1521 1701 1549 retineas
1719 1521 1751 1549 in
1770 1519 1912 1559 potestate
1932 1523 2005 1560 reip.
2029 1521 2116 1551 Plura

1133 1591 1134 1594 ,
1154 1561 1326 1601 scripsissem
1340 1582 1348 1594 ‚
1375 1559 1430 1591 nifi
1454 1563 1496 1591 tui
1514 1560 1696 1591 festinarent.
1720 1564 1821 1602 Itaque
1842 1562 1991 1602 Cherippo
2009 1561 2115 1592 nostro

1154 1614 1204 1634 me
1213 1605 1307 1634 velim
1318 1603 1449 1633 excuses.

152 1652 296 1691 cognovi.
322 1652 423 1689 Itaque
433 1655 520 1687 opto,
533 1657 570 1675 ne
581 1646 607 1675 se
620 1646 668 1675 illa
680 1655 753 1686 gens
766 1651 886 1673 moveat
898 1644 955 1671 hoc
967 1649 1114 1679 tempore,

153 1692 228 1722 dum
239 1691 273 1721 ad
288 1700 315 1720 te
326 1691 460 1731 legiones
472 1699 512 1718 eae
525 1688 731 1727 perducantur,
746 1696 818 1726 quas
827 1685 916 1715 audio
928 1684 1005 1713 duci.
1024 1681 1116 1721 Qod

153 1732 175 1763 si
186 1742 268 1774 pares
277 1734 377 1772 copias
387 1731 422 1761 ad
432 1729 661 1770 confligendum
678 1738 741 1758 non
755 1727 875 1757 habebis
887 1746 894 1759 ,
911 1735 975 1755 non
987 1734 1012 1754 te
1023 1723 1118 1764 fugiet
1135 1737 1137 1761 3

153 1778 199 1805 uti
217 1773 343 1804 consilio
355 1776 397 1802 M.
411 1771 526 1803 Bibuli,
544 1772 595 1811 qui
607 1771 635 1800 se
645 1770 760 1810 oppido
778 1766 979 1798 munitissimo
991 1787 999 1799 ‚
1023 1766 1117 1795 &co·
1136 1771 1137 1790 l

152 1815 337 1857 piosiffimo,
363 1813 478 1844 tamdiu
499 1815 613 1845 tenuit,
634 1811 777 1852 quamdiu
798 1813 828 1840 in
850 1810 1006 1849 provincia
1021 1807 1117 1837 Parthi
1137 1824 1139 1829 ι

152 1859 289 1889 fuerunt.
312 1856 368 1887 Sed
384 1857 445 1886 haec
456 1855 565 1884 melitis
576 1863 613 1883 ex
624 1863 654 1882 re
666 1873 674 1886 ‚
703 1853 735 1882 δε
745 1862 783 1882 ex
795 1860 931 1890 tempore
943 1848 1117 1879 constitues.

154 1901 235 1930 Mihi
247 1899 373 1940 quidem
389 1897 480 1938 usque
491 1905 567 1926 curae
579 1897 642 1928 erit,
659 1894 731 1935 quid
742 1903 817 1934 agas,
830 1893 916 1925 dum,
928 1890 1000 1932 quid
1012 1891 1117 1931 egeris,

154 1943 261 1973 sciero.
288 1943 414 1971 Litteras
434 1938 469 1969 ad
491 1948 517 1968 te
537 1946 706 1978 numquam
729 1936 818 1966 habui
839 1937 887 1965 cui
903 1934 1020 1965 darem,
1044 1933 1118 1971 quin
1139 1942 1140 1968 i

155 1984 302 2014 dederim.
326 1985 353 2012 A
365 1991 404 2015 te,
417 1990 448 2010 ut
459 1979 541 2010 idem
552 1979 652 2013 facias,
664 1988 750 2019 peto:
761 1979 793 2008 in
803 1976 980 2018 primisque,
993 1983 1025 2004 ut
1034 1975 1074 2003 ita
1083 1973 1118 2003 ad

156 2035 225 2057 tuos
234 2025 355 2059 scribas,
368 2033 399 2054 ut
410 2033 458 2052 me
470 2032 557 2052 tuum
569 2023 660 2052 sciant
671 2019 738 2051 effe.

369 2070 560 2099 CICERO
582 2068 908 2097 CORNIFICIO.

166 2112 358 2190 GRATAE
378 2115 455 2144 mihi
469 2121 526 2143 tuae
536 2113 640 2143 litterae
651 2133 658 2146 ‚
691 2110 746 2141 nisi
759 2111 842 2153 quod
852 2107 1062 2141 Sinuessanum
1073 2107 1120 2138 di-

250 2157 448 2186 versoriolum
471 2154 665 2185 contemsisti.
690 2157 788 2194 Quam
811 2153 936 2193 quidem
956 2160 1120 2182 contume-

159 2200 231 2231 liam
251 2198 323 2229 villa
333 2196 435 2238 pusilla
448 2199 555 2237 iniquo
564 2199 669 2227 animo
680 2195 755 2225 feret
765 2216 773 2229 ‚
794 2193 849 2225 nisi
861 2197 893 2225 in
904 2197 1043 2224 Cumano
1056 2213 1064 2225 ,
1086 2192 1120 2222 &
1139 2212 1140 2216 ,

159 2240 346 2281 Pompejano
365 2238 530 2269 reddideris
549 2240 661 2272 πάντα
677 2237 742 2278 nep}
766 2237 897 2274 πάνἹων,
919 2238 967 2266 Sic
976 2236 1066 2276 igitur
1075 2233 1119 2264 fa-

159 2293 219 2323 eics
230 2310 238 2323 2
260 2298 367 2330 meque
379 2289 492 2318 amabis
507 2308 514 2322 ‚
527 2287 559 2317 &
569 2288 676 2326 scripto
691 2286 793 2326 aliquo
808 2283 935 2315 lacess‘es.
960 2287 1024 2326 Ego
1035 2285 1118 2313 enim
1140 2293 1141 2300 ¹

160 2331 339 2372 respondere
358 2329 476 2360 facilius
499 2328 619 2369 possum
631 2348 639 2362 ,
661 2326 750 2367 quam
765 2337 937 2366 provocare.
960 2325 1075 2365 ²(de
1087 2324 1118 2358 fi,

160 2415 271 2448 afferat·
295 2414 382 2445 Plura
405 2413 531 2444 otiosus.
557 2414 631 2442 Haec
644 2431 653 2447 ,
673 2409 745 2441 cum
756 2408 847 2439 essem
858 2411 890 2438 in
899 2409 1001 2440 senatu
1016 2429 1025 2441 ‚
1049 2418 1119 2438 exa-

160 2460 233 2495 rati.

345 2505 390 2533 M.
403 2505 485 2534 T.C.
509 2499 844 2533 CORNIFICIO,
865 2501 945 2529 S.D.

254 2552 334 2587 Ajus
348 2551 474 2580 Anicius
488 2569 496 2583 ‚
516 2548 672 2579 familiaris
687 2556 773 2577 meus
784 2565 792 2580 ,
817 2547 864 2576 vir
877 2544 1022 2575 omnibus
1034 2543 1121 2573 rebus

255 2600 376 2622 ornatus
395 2611 404 2625 ,
424 2592 617 2633 negotiorum
640 2590 765 2620 suorum
784 2588 867 2618 causa
893 2587 1009 2629 legatus·
1023 2585 1065 2616 est
1088 2587 1121 2615 in

164 2634 297 2665 Africam
318 2633 468 2675 legatione
490 2633 591 2663 libera.
616 2634 694 2662 Eum
708 2631 803 2661 velim
816 2629 902 2659 rebus
913 2628 1060 2659 omnibus
1071 2627 1122 2658 ad-

165 2677 249 2713 iuves
262 2696 270 2708 ‚
282 2684 463 2716 operamque
472 2674 535 2708 des,
547 2674 677 2715 utquam
687 2669 934 2703 commodissime
945 2671 995 2701 sua
1004 2671 1124 2710 negotia

165 2716 312 2747 conficiat.
333 2720 364 2747 in
375 2715 551 2757 primisque,
562 2715 644 2757 quod
655 2717 682 2744 ei
692 2713 877 2744 carlffilnum
887 2712 1122 2753 est,dignitatem

165 2759 230 2796 «jus
240 2759 293 2788 tibi
304 2758 492 2791 commendo
504 2769 509 2787 :
520 2759 611 2798 idque
620 2756 635 2786 ὲ
646 2767 672 2787 te
682 2766 751 2796 peto
763 2775 772 2790 ,
790 2755 873 2795 quod
885 2755 944 2794 ipse
955 2756 986 2784 in
998 2756 1122 2794 provin-

168 2802 212 2829 cia
220 2799 312 2830 facere
324 2802 389 2831 sum
401 2801 506 2830 solitus
520 2820 528 2833 ,
549 2809 612 2829 non
623 2807 740 2840 rogatus
752 2817 760 2831 ,
776 2806 808 2826 ut
823 2796 969 2826 omnibus
981 2796 1122 2827 senatori-

1315 1655 1452 1684 M.T.C.
1477 1655 1854 1687 1².CORN1F1C10‚
1878 1656 1959 1684 s.D.

1258 1707 1367 1734 MNEM
1379 1704 1589 1733 conditionem
1603 1706 1723 1743 imperii
1736 1705 1799 1736 tui,
1814 1703 1980 1744 statumque
1990 1704 2117 1744 provin-

1258 1748 1311 1776 ciae
1333 1747 1411 1774 mihi
1432 1745 1651 1775 demonstravit
1669 1748 1839 1775 stratorius.
1863 1746 2117 1775 Omultaintole-

1159 1788 1262 1818 rabilia
1280 1789 1354 1817 locis
1373 1787 1537 1816 omnibus!
1556 1786 1611 1816 Sed
1636 1797 1696 1826 quo
1716 1796 1764 1815 tua
1786 1787 1881 1825 major
1896 1786 2044 1827 dignitas,
2065 1796 2116 1820 eo.

1138 1854 1139 1858 .
1160 1840 1225 1870 quae
1236 1830 1290 1859 tibi
1301 1829 1473 1858 acciderunt
1484 1849 1492 1862 ‚
1506 1831 1607 1858 minus
1618 1827 1748 1857 ferenda.
1774 1831 1881 1868 Neque
1894 1838 1976 1858 enim
1990 1848 1998 1861 ,
2009 1838 2073 1869 quae
2085 1837 2119 1858 tu

1138 1897 1139 1900 ,
1160 1880 1280 1912 propter
1289 1871 1534 1911 magnitudinem
1547 1870 1703 1910 &ingenii
1719 1870 1872 1900 moderate
1882 1869 1939 1900 fers
1954 1891 1965 1903 ,
1985 1870 2036 1900 ate
2053 1879 2119 1900 non

1139 1933 1140 1939 .
1162 1913 1331 1943 ulciscenda
1343 1913 1422 1944 sunt,
1435 1914 1524 1942 etiam
1537 1910 1557 1941 si
1568 1921 1631 1941 non
1644 1912 1710 1942 sunt
1720 1911 1859 1941 dolenda.
1883 1912 1939 1942 Sed
1949 1913 2010 1942 haec
2019 1911 2120 1952 poste-

1163 1955 1236 1986 rius.
1260 1957 1376 1984 Rerum
1390 1954 1567 1984 urbanarum
1578 1953 1642 1984 asta
1651 1954 1707 1983 tibi
1718 1955 1798 1983 mitti
1810 1953 1890 1983 certo
1902 1954 1970 1983 scio.
1991 1953 2072 1994 quod
2084 1954 2118 1983 ni

1140 2005 1141 2011 ¹
1161 1999 1202 2027 ita
1214 2007 1362 2037 putarem,
1374 1996 1434 2036 ipse
1445 1996 1671 2036 perscriberem,
1685 1997 1715 2025 in
1725 1996 1889 2036 primisque
1899 1996 2018 2026 Caesaris
2029 1994 2121 2026 oera-

1160 2041 1242 2070 viani
1264 2047 1407 2069 conatum
1430 2049 1435 2067 ι
1455 2038 1491 2067 de
1509 2047 1570 2078 quo
1590 2038 1782 2067 multitudini
1803 2036 1909 2067 fiffiium
1926 2038 1961 2068 ab
1980 2038 2119 2068 Antonio

1162 2083 1279 2112 crimen
1302 2080 1444 2113 videtur,
1463 2089 1495 2110 ut
1514 2082 1547 2109 in
1570 2082 1728 2119 pecuniam
1750 2078 1948 2109 adolescentis
1966 2081 2118 2119 impetum

1160 2123 1277 2154 faceret.
1302 2122 1463 2153 Prudentes
1472 2130 1571 2151 autem
1584 2141 1591 2155 ‚
1605 2122 1636 2151 δε
1648 2121 1719 2151 boni
1733 2123 1806 2154 viri,
1818 2121 1982 2151 &credunt
1992 2120 2117 2153 fastum,

1140 2182 1141 2194 l
1165 2166 1197 2196 &
1209 2164 1347 2205 probant.
1371 2164 1453 2203 Qid
1463 2165 1590 2204 quaeris?
1609 2173 1714 2204 magna
1724 2163 1786 2202 spes
1797 2162 1839 2192 est
1849 2166 1882 2192 in
1893 2173 1939 2193 eo.
1963 2160 2118 2195 Nihilest,

1139 2228 1141 2235 .
1162 2207 1245 2248 quod
1264 2216 1328 2236 non
1349 2204 1539 2235 existimetur
1560 2205 1655 2235 laudis
1676 2225 1685 2239 ,
1706 2205 1738 2234 ὃς
1755 2205 1858 2245 gloriae
1875 2205 1957 2234 causa
1974 2201 2119 2233 fauni-us.

1163 2251 1319 2280 Antonius
1338 2257 1438 2278 autem
1451 2267 1459 2281 ‚
1483 2246 1583 2277 noster
1596 2246 1752 2276 familiaris
1763 2266 1771 2280 ‚
1791 2255 1873 2276 tanto
1884 2246 1910 2275 se
1922 2246 1994 2275 odio
2004 2243 2062 2275 effe
2072 2246 2121 2275 in-

1140 2304 1141 2319 :
1163 2292 1290 2333 telligit,
1312 2298 1363 2324 ut,
1381 2289 1452 2319 cum
1474 2288 1682 2319 interfeetores
1707 2289 1774 2318 suos
1784 2287 1869 2317 domi
1883 2286 2120 2327 comprenderit,

161 2384 194 2406 tat
211 2384 261 2407 es,
279 2371 420 2406 ccsslibis,
449 2368 594 2402 lacessam.
616 2379 670 2399 nec
690 2378 739 2398 tua
750 2370 866 2407 ignavia
876 2369 967 2397 etiam
979 2369 1119 2396 inertiam
1140 2364 1142 2390 ἶ
1163 2343 1226 2363 mm
1246 2331 1380 2373 preferre
1399 2341 1463 2360 non
1482 2330 1593 2360 andem·
1617 2329 1663 2359 Ad
1689 2340 1752 2360 VH.
1770 2328 2120 2359 1dus0&0bi.13rundi-

1163 2374 1238 2405 sium
1258 2382 1318 2404 erat
1335 2371 1488 2413 pi·ofe&us
1508 2371 1630 2402 obviam
1640 2370 1813 2412 legionibus
1823 2371 2030 2401 Macedonicis
2043 2381 2119 2401 1111.

1162 2427 1234 2457 quas
1251 2414 1304 2446 fibi
1324 2415 1484 2445 conciliare
1498 2415 1625 2454 pecunia
1646 2413 1811 2453 cogitabat,
1831 2414 1935 2453 easque
1954 2413 1988 2443 ad
2010 2413 2120 2444 urbem

1161 2458 1324 2490 adducere,
1349 2457 1382 2487 &
1398 2458 1430 2486 in
1448 2456 1616 2486 cervicibus
1635 2455 1743 2485 nostris
1763 2455 1919 2485 collocare.
1945 2455 2044 2485 Habes
2057 2454 2121 2486 for-

1164 2510 1246 2531 mam
1265 2501 1338 2539 reip.
1361 2497 1381 2528 fi
1402 2500 1432 2528 in
1444 2497 1542 2528 castris
1553 2497 1648 2538 potest
1657 2496 1717 2526 effe
1729 2497 1799 2537 resp·
1813 2499 1846 2526 in
1856 2507 1913 2537 qua
1926 2505 2010 2527 tuam
2020 2497 2120 2528 vicem

1164 2545 1238 2583 saepe
1256 2541 1364 2574 doleo,
1387 2539 1468 2581 quod
1480 2540 1595 2569 nullam
1611 2548 1742 2579 partem,
1761 2548 1954 2578 peraetatem,
1973 2539 2065 2572 sanae,
2086 2539 2132 2569 &³

1164 2585 1248 2617 salvae
1266 2585 1337 2623 reip.
1358 2581 1472 2624 gustare
1481 2580 1614 2622 potuisti.
1639 2584 1735 2622 Atque
1745 2582 1867 2610 antehac
1877 2580 2000 2621 quidem
2010 2580 2122 2619 sperare

1164 2627 1267 2658 saltem
1288 2624 1410 2655 licebat:
1431 2633 1512 2653 nunc
1531 2623 1669 2653 etiamid
1680 2631 1813 2662 ereptum
1824 2621 1874 2652 est.
1899 2620 2121 2663 Qaeenimest

1165 2671 1228 2709 spes
1238 2688 1246 2701 ,
1265 2666 1338 2698 cum
1357 2668 1390 2696 in
1400 2668 1549 2696 concione
1558 2665 1655 2695 dicere
1664 2665 1748 2694 ausus
1758 2663 1792 2694 sit
1804 2666 1955 2695 Antonius
1965 2683 1979 2696 ‚.
1995 2665 2118 2693 Cannu-

1164 2714 1241 2742 tium
1253 2708 1331 2749 apud
1340 2718 1392 2738 eos
1403 2706 1456 2737 sibi
1465 2708 1566 2738 locum
1576 2717 1707 2748 quaerere
1717 2726 1725 2739 ,
1745 2706 1855 2746 quibus
1867 2725 1874 2738 ‚
1887 2705 1915 2734 se
1924 2705 2005 2734 salvo
2015 2705 2121 2737 ,locus

1166 2754 1327 2784 incivitate
1344 2749 1401 2780 effe
1421 2759 1486 2779 non
1508 2747 1624 2788 poffet?
1640 2748 1791 2788 Equidem
1811 2748 1933 2778 &haec,
1958 2745 2118 2779 &omnia,

1165 2806 1230 2837 quae
1249 2794 1371 2824 homini
1388 2790 1519 2821 accidere
1538 2789 1659 2829 possunt
1680 2810 1688 2822 ‚
1709 2787 1748 2819 sic
1763 2789 1848 2821 fero,
1869 2796 1901 2816 ut
1918 2788 2118 2827 philosophias

170 2841 224 2872 bus
233 2841 352 2872 lictores
363 2843 464 2874 darem
480 2852 485 2871 :
498 2841 579 2882 quod
590 2841 672 2871 idem
681 2848 862 2880 acceperam,
876 2837 909 2869 &
918 2847 1119 2879 cognoveram

180 2998 184 3002 .
205 2971 231 3002 ¹.'
252 2964 352 2988 Μνεύην
362 2970 387 2988 ut
397 2964 575 2997 reddi-rentum]
599 2964 675 2989 Hauc
693 2962 836 2989 lestionem
848 2961 1008 3001 profitentur
1026 2970 1118 2987 omues

168 2997 227 3026 llbrl
241 2997 364 3030 Palatini,
375 3000 505 3029 Vaticani,
517 3007 641 3034 excerpta
653 3019 660 3030 ‚
672 2998 806 3024 stewech.
818 2997 1019 3033 Hittorpianus.
1046 2998 1079 3023 Et
1090 2996 1123 3022 fic

169 3041 228 3060 :inte
241 3033 412 3064 Lambinum,
422 3034 523 3060 editum
534 3043 590 3061 crat
601 3036 626 3060 'iii
639 3034 803 3069 impressione
814 3034 910 3069 prima,
920 3041 1001 3069 :itque
1012 3033 1125 3060 Floren-

170 3070 235 3097 zizm.
252 3070 341 3104 Vulgo
353 3070 433 3100 male,
443 3080 471 3095 m·
483 3072 641 3096 rcddtvrcmnr.

203 3115 231 3133 2.
250 3107 317 3138 Qod
325 3107 359 3140 fi,
370 3114 396 3131 ut
406 3115 442 3137 es,
454 3107 545 3138 ceffabis
555 3118 563 3137 ,-
574 3106 711 3139 laturam]
733 3105 866 3132 Palatinus
881 3105 968 3131 sextus
981 3103 1125 3131 Ιεξίἰοιιειη

167 3141 241 3168 vobis
252 3142 359 3177 oggerit
371 3161 379 3171 ‚
389 3150 447 3177 quae
459 3142 521 3167 milii
535 3151 585 3167 non
597 3141 704 3176 indigua
718 3151 725 3165 i
734 3142 768 3167 isa
777 3142 903 3168 adnotatu
916 3151 924 3171 3
945 3141 1038 3174 Qodfi
1047 3160 1054 3172 ‚
1067 3149 1093 3165 ut
1103 3149 1127 3166 es

159 3179 291 3212 isla-arm,
300 3179 402 3213 ceffabisj
413 3178 529 3212 laceffzm.
548 3179 591 3205 De
600 3186 651 3212 qua
663 3177 709 3204 alii
719 3178 831 3206 statuant
844 3187 851 3210 ⁴,
864 3187 913 3213 ego
924 3178 989 3205 nihil
1000 3176 1126 3210 decerno,

1166 2844 1307 2879 magnam
1317 2834 1441 2864 habeam
1453 2834 1577 2874 gratiam
1589 2851 1597 2866 ,
1610 2841 1676 2872 quae
1688 2840 1810 2860 menon
1822 2826 1916 2858 modo
1928 2829 1965 2859 ab
1976 2829 2125 2901 sollicditu-

2074 2880 2126 2901 ine

1172 2969 1258 2995 neque
1271 2966 1354 2985 vacat.
1364 2957 1431 2993 post,
1442 2965 1492 2991 qua
1505 2953 1598 2980 Lamb.
1610 2953 1676 2988 legit
1688 2964 1693 2979 :
1709 2961 1752 2978 rua
1762 2956 1861 2985 {wamia
1870 2955 1941 2978 eriam
1951 2954 2008 2978 mihi
2015 2955 2128 2978 inertiam

1169 2997 1214 3028 aff.
1226 2996 1305 3021 Putat
1316 2991 1476 3020 Gulielmius
1488 2989 1575 3020 fuitse,
1585 2992 1656 3014 etiam
1666 2992 1697 3014 mi
1706 2991 1829 3019 inertiam,
1841 2991 1855 3014 ·.'i
1867 2998 1920 3024 quo
1930 2998 1981 3015 non
1992 2987 2127 3015 diffentio.

1208 3040 1235 3068 3⁴
1250 3030 1364 3056 'Omnium
1373 3029 1500 3060 nequiffimo
1511 3027 1589 3058 cullega
1598 3026 1700 3059 vestrm]
1724 3025 1767 3050 sic
1778 3025 1913 3051 Palatinus
1925 3043 1933 3056 ‚
1944 3023 2128 3060 primus-,sex-

1170 3074 1224 3098 tus,
1236 3064 1357 3092 Vaticani
1368 3069 1505 3098 excerpta,
1519 3061 1707 3096 Hirtorpiamis
1721 3080 1729 3091 ‚
1740 3061 1941 3087 stewechiauus
1954 3080 1962 3092 ‚
1972 3059 2128 3087 Vistoriaim

1167 3103 1261 3129 editio.
1280 3100 1375 3137 probat
1387 3107 1474 3125 tamen
1486 3097 1630 3123 Lambinus
1649 3098 1721 3128 nostro
1731 3115 1740 3127 ,
1761 3104 1790 3122 ut
1800 3098 1827 3122 δε
1838 3104 1899 3123 ante
1909 3097 1989 3122 iilum
1999 3096 2128 3132 Egnatius

1168 3135 1356 3171 Manutiiisqiie
1368 3155 1376 3166 ,
1387 3133 1458 3170 quod
1470 3141 1525 3160 erat
1536 3133 1640 3168 collega
1650 3133 1792 3159 Ciceronis
1801 3133 1827 3159 in
1840 3133 1991 3169 Auguratu.
2009 3133 2070 3160 Nos
2080 3140 2130 3167 po-

1168 3174 1231 3202 tiori
1243 3171 1375 3200 consensui
1385 3179 1475 3200 aui-eni
1487 3171 1513 3197 8(
1525 3168 1695 3206 obsequelam
1705 3167 1839 3197 dedimus.
2108 3164 2113 3170 “

2119 404 2167 432 ⁶2.
