2379 3400
266 119 390 168 1304
653 96 721 143 M.
813 92 1179 139 TULL11

1274 90 1823 139 Crcssnours

261 184 439 217 cruditionis
453 202 460 215 ,
481 180 514 211 δε
534 179 660 210 scientiae
679 174 837 208 laudibus,
860 171 1027 214 quomodo
1039 172 1140 201 intam
1154 171 1219 199 ina·
1258 169 1599 211 posteritasintuebitur.
1617 172 1710 200 Nunc
1719 178 1817 200 autem
1829 171 1865 201 de
1876 178 1903 203 te
1912 171 2033 215 loquar,
2046 183 2135 215 quarn
2147 183 2214 207 non

264 237 335 257 nem
347 245 354 259 ,
369 233 485 263 tamque
493 220 646 251 absurdam
656 217 754 247 delabi
765 217 945 256 opinionem
956 215 1120 253 potuerint,
1136 213 1222 253 equi-

264 268 334 297 dem
346 265 511 304 intelligere
519 264 571 291 vix
582 259 711 300 pofl'um.
734 258 806 299 quid
816 259 925 288 enim?
948 266 986 286 an
996 255 1089 285 boves
1102 273 1111 287 ‚
1121 263 1222 285 canes,

265 309 369 347 lupos,
388 305 460 334 feles
469 324 477 337 ‚
499 304 590 344 pisces
608 304 640 331 in
661 304 800 331 Deorum
819 307 949 329 numero
968 296 1167 326 habebimus?
1190 295 1223 325 δε

265 358 336 389 quas
348 347 436 377 nobis
447 355 548 375 natura
565 342 711 384 praesidii,
730 342 897 381 auxiliique
906 339 989 370 causa
997 341 1164 368 animantes
1173 347 1223 378 ge—

266 393 353 422 nuit,
375 397 421 417 eas
441 397 492 427 per
507 387 657 416 inscitiam
673 387 756 414 Deos
770 381 995 423 judicabimus?
1015 379 1125 420 quibus
1147 378 1224 408 nihil

267 431 378 461 foedius
390 450 398 462 ,
417 429 585 459 obscaenius
595 447 604 460 ‚
626 427 802 456 lutulentius
818 434 854 454 ne
865 432 968 454 natura
976 422 1100 462 quidem
1111 421 1170 460 ipsa
1180 421 1226 450 vi-

266 473 351 502 derit.
376 474 516 501 Etiamne
534 469 713 499 animalium
736 466 868 497 mon-stra
892 466 962 498 illa,
981 463 1113 504 aquibus
1125 463 1227 492 horni-

267 524 341 544 num
353 515 454 554 generi
476 506 1007 552 praecipuaincommodainferuntur
1019 525 1028 538 ,
1047 504 1227 536 crocodilos,

265 555 380 594 aspidas
391 574 399 587 ‚
415 556 562 594 serpentes
575 573 583 586 ,
604 561 712 582 ceteras
729 550 818 583 feras,
839 551 872 580 &
890 551 1041 578 immanes
1058 547 1161 577 beluas
1173 565 1182 579 ‚
1198 547 1230 575 in

267 599 408 627 Deorum
427 605 591 626 numerum
610 594 793 624 referemus?
813 590 887 632 quid
907 593 962 620 erit
977 589 1057 620 aliud
1068 608 1077 622 ‚
1088 597 1225 618 naturam

267 640 416 669 invertere
426 658 434 672 ‚
447 639 479 668 &
491 640 551 667 ima
561 637 700 669 summis,
713 635 829 665 summa
840 631 955 663 infimis
966 633 1168 662 commutare?
1183 630 1227 662 &‚

267 681 341 711 cum
355 689 467 711 tantam
478 682 510 709 in
521 681 568 708 his
584 679 777 718 imperitiam,
789 675 1012 715 barbariamque
1022 672 1228 713 agnoscamus,

269 732 413 753 tamenne
432 721 484 751 ista
503 714 1153 761 penitusinaniapertinacitei·der‘endcmus³
1174 716 1229 743 Ea—

272 764 403 805 demque
413 764 528 793 inscitia
537 771 634 802 coepas
644 781 652 794 ‚
665 761 744 794 allia,
755 758 868 790 fruetus
876 766 990 788 ceteros
999 777 1006 790 ‚
1024 758 1077 797 qui
1091 757 1232 785 oriuntur

269 805 287 835 ὲ
299 816 372 836 terra
383 825 391 838 ‚
412 808 443 834 in
455 807 594 834 Deorum
618 812 746 833 numero
754 801 884 841 reposuit
896 802 1052 840 AEgyptus.
1075 808 1141 838 quae
1152 796 1227 826 haud

270 847 332 878 scio
341 847 532 887 curlongiori
555 847 689 876 oratione
708 843 842 874 refellere
853 840 1020 871 sicneceffe.
1044 838 1230 869 incredibilis

267 889 313 919 est
325 890 409 919 enim
422 898 528 918 eorum
538 887 701 918 absurditas
712 905 719 919 ‚
740 894 773 915 ut
783 885 866 915 nulla
874 882 932 914 effe
945 881 1032 923 poffit
1043 890 1092 911 aut
1101 882 1230 921 pertina—

269 934 315 961 cia
327 952 335 964 ‚
354 940 403 961 aut
415 932 564 970 imperitia
575 938 653 959 tanta
665 948 674 962 ,
697 938 762 968 quae
782 937 847 956 non
866 925 918 956 ista
936 925 1124 965 aspernetur,
1144 931 1230 963 atque

268 973 402 1014 refugiat.
426 972 542 1002 Imbres
552 980 650 1001 autem
664 990 673 1003 ,
690 969 801 1002 nimbi,
812 968 961 1008 procellae,
977 965 996 995 si
1007 966 1024 996 a
1034 964 1143 995 nostris
1152 973 1228 994 con-

272 1015 386 1046 secratae
403 1014 486 1047 sunt,
508 1013 538 1043 id
555 1010 767 1053 antiquiffimis
794 1010 904 1050 Populi
918 1009 1052 1039 Romani
1074 1006 1181 1037 ritibus
1198 1015 1230 1035 ac

270 1058 462 1087 caeremoniis
472 1064 624 1094 receptum
637 1074 644 1088 ‚
662 1054 694 1083 δε
703 1051 918 1084 confirmatum
929 1049 979 1080 est.
1004 1059 1069 1090 quae
1080 1048 1168 1082 tolli,
1179 1056 1229 1077 aut

270 1098 436 1139 perturbari
446 1118 453 1131 ‚
466 1096 537 1127 cum
551 1097 583 1126 &
593 1097 659 1126 satis
669 1094 755 1125 firma
766 1095 881 1124 ratione
891 1094 1026 1123 nitantur
1038 1112 1047 1124 ‚
1059 1091 1091 1120 &
1100 1090 1154 1120 usu
1165 1091 1227 1129 jam

269 1141 337 1181 ipso
350 1137 526 1171 confirmata
536 1159 545 1172 ,
561 1138 592 1168 &
603 1137 760 1178 approbata
768 1135 826 1166 ⁴sint
838 1155 846 1169 ,
856 1133 916 1165 sine
926 1133 1041 1164 nefario
1051 1132 1230 1162 scelere.non

269 1181 402 1223 possunt.
417 1183 570 1212 Graeciam
582 1179 662 1213 vero,
673 1189 762 1220 quam
774 1178 875 1218 paullo
886 1186 953 1206 anre
963 1175 1101 1205 laudibus
1110 1174 1232 1203 ornavi-

276 1234 347 1254 mus
358 1244 366 1258 ,
378 1223 514 1253 hocloco
524 1233 588 1253 non
600 1222 667 1252 sane
677 1221 794 1251 laudare
803 1217 971 1259 possumus,
982 1226 1046 1258 qua:
1057 1215 1231 1255 Cupidines,

271 1266 307 1296 &
319 1271 447 1296 Amores
457 1265 521 1295 satis
531 1263 670 1294 aud-after
680 1283 688 1296 ,
700 1263 732 1292 δε
743 1261 857 1292 temere
868 1263 900 1290 in
909 1257 1090 1299 Gymnasiis,
1102 1256 1232 1287 aedibus-

268 1318 330 1348 que
341 1307 663 1347 publicisconsecrarit.
687 1304 768 1345 Qid
779 1305 865 1332 enim
876 1302 1039 1341 Cupidini,
1061 1300 1232 1330 autamori-

273 1350 330 1379 bus
339 1359 407 1379 cum
421 1346 611 1388 Gymnasiis?
629 1355 695 1380 aut,
716 1345 788 1387 quid
800 1355 832 1375 ea
841 1344 1023 1375 consecratio
1031 1342 1078 1372 vel
1090 1341 1124 1371 ad
1134 1339 1233 1371 consi-

273 1391 439 1421 derandum
452 1410 460 1424 ,
478 1390 524 1420 vel
535 1390 569 1420 ad
580 1388 764 1419 imitandum
776 1385 876 1417 afferre
885 1382 1170 1426 potuithonestat'is,
1183 1391 1232 1412 aut

274 1434 371 1463 boui?
386 1433 556 1462 nihilenim
568 1432 760 1461 temerarium
773 1448 781 1463 ‚
805 1429 883 1458 nihil
894 1427 1079 1467 infipiensin
1091 1428 1231 1455 Deorum

272 1475 497 1505 consecratione
517 1472 575 1504 effe
584 1473 673 1503 debet
683 1492 691 1506 ,
703 1482 759 1503 nec
770 1490 779 1504 ‚
799 1469 881 1511 quod
891 1470 983 1500 ullam
994 1468 1042 1498 vel
1053 1465 1231 1497 levissimam

270 1525 323 1547 aut
332 1516 526 1555 turpitudinis
537 1535 546 1549 ‚
565 1524 614 1545 aut
624 1515 716 1544 ullius
725 1516 857 1543 omnino
867 1510 1077 1551 imprudentiae
1088 1509 1231 1548 suspicio-

272 1568 345 1588 nem
356 1555 469 1587 afferat.
490 1556 592 1597 quales
609 1556 707 1585 videri
724 1553 845 1595 possunt
863 1562 970 1583 eorum
982 1552 1233 1582 consecrationes,

273 1608 406 1640 quorum
423 1600 457 1627 in
475 1599 561 1627 rebus
581 1597 739 1637 probitati,
761 1595 929 1635 pudorique
950 1594 1107 1623 contrariis
1115 1600 1231 1620 numen

273 1639 343 1674 esse,
352 1640 545 1680 potentiaque
554 1638 691 1669 creditur.
704 1639 764 1678 Qi
776 1646 844 1677 ergo
854 1638 889 1666 ad
898 1635 1065 1665 hominum
1078 1635 1169 1662 vitam
1183 1631 1232 1662 vel

274 1682 474 1721 adjuvandam
485 1701 493 1714 ‚
514 1681 560 1710 vel
571 1678 767 1710 excolendam
781 1699 789 1711 ,
802 1687 890 1718 atque
903 1675 1109 1706 exornandam
1119 1673 1233 1713 aliquid

273 1724 535 1763 attulerunt‚quiq;
543 1721 715 1754 virtutibus,
728 1729 887 1759 rerumque
896 1716 1146 1757 gestarumrgloria
1156 1724 1230 1754 prae-

275 1765 480 1798 stiterunt,eos
491 1773 584 1793 nemo
595 1762 790 1800 dubitet,jure
801 1760 875 1790 deos
886 1757 1157 1796 habitos,divinoq·‚
1167 1755 1231 1785 cul-

275 1817 309 1838 tu
318 1805 440 1837 affeEms
449 1803 516 1836 esse.
545 1807 654 1844 Neque
662 1813 718 1842 ego
728 1802 792 1832 ullo
802 1800 888 1841 paCm
898 1799 1036 1830 auderem
1049 1799 1105 1827 hoc
1116 1799 1233 1837 primus

276 1849 410 1889 prodere.
434 1857 498 1877 non
507 1848 589 1877 enim
603 1855 664 1876 tam
677 1844 824 1876 studiose,
837 1852 903 1884 quae
914 1841 1025 1871 laudari
1035 1838 1167 1880 possunt,
1181 1848 1230 1878 ap-

272 1891 447 1931 peto‚qu?im
458 1887 652 1919 reformidare
659 1896 692 1917 ea
703 1885 834 1918 sole0,ex
845 1884 954 1925 quibus
965 1880 1053 1923 poffit
1061 1881 1175 1921 aliquid
1185 1880 1232 1910 vel

274 1934 398 1963 levioris
409 1932 501 1971 culpae
511 1928 685 1960 redundare.
710 1928 789 1958 cum
801 1927 873 1957 vero
886 1926 918 1955 &
930 1933 1037 1957 mareS,
1053 1924 1086 1953 δε
1098 1923 1235 1953 faeminas

274 1975 459 2014 complurcis
478 1975 509 2002 in
524 1974 659 2002 Deorum
671 1979 801 2000 numero
810 1967 867 1998 effe
877 1967 1033 1997 videamus
1044 1985 1053 1999 ‚
1077 1965 1110 1995 &
1123 1974 1230 1994 eorum

275 2018 308 2047 in
334 2016 473 2048 urbibus,
494 2022 581 2054 atque
596 2015 671 2054 agris
690 2009 894 2052 augustifl'ima
916 2008 1028 2048 templa
1043 2016 1232 2037 veneremur:
1255 2038 1256 2047 ἵ

274 2057 466 2090 assentiamur
476 2065 581 2086 eorum
594 2055 754 2094 saprendae,
765 2062 895 2093 quorum
906 2051 1048 2091 ingeniis,
1060 2049 1236 2088 &inventis
1256 2055 1257 2086 ᾖ

1256 2089 1257 2104 l
1277 2099 1403 2121 ornnem
1421 2088 1551 2118 fortunae
1570 2097 1633 2117 vim
1647 2085 1840 2116 confirmatus
1852 2106 1860 2120 ‚
1879 2086 1911 2116 δε
1923 2106 1931 2120 ,
1950 2095 1980 2116 ·te
1989 2087 2175 2119 consecrata,
2195 2087 2231 2116 in

275 2109 405 2131 ornnem
418 2102 512 2128 vitam
534 2097 648 2138 legibus
663 2116 671 2129 ,
693 2096 726 2125 &
745 2093 889 2125 institutis
899 2093 1067 2124 excultam,
1090 2089 1235 2122 constitu-

275 2151 397 2182 tamque
417 2141 574 2170 habemus.
598 2139 688 2168 tantis
707 2139 790 2167 enirn
810 2136 936 2166 ducibus
952 2134 1083 2164 aberrare
1092 2143 1155 2163 non
1169 2133 1237 2172 pos—

277 2185 383 2215 sumus
396 2194 401 2212 z
413 2182 494 2212 neca
505 2180 593 2211 nobis
603 2200 612 2213 ‚
633 2179 681 2209 sed
692 2179 799 2209 abillis
810 2176 876 2217 ipsis
888 2197 897 2210 ,
920 2185 997 2217 quos
1008 2175 1159 2215 sequimur
1173 2194 1180 2208 ‚
1194 2176 1236 2204 rei
1257 2184 1258 2187 ¹

279 2223 454 2264 tamjustae‚
473 2233 506 2253 ac
526 2222 634 2252 debitae
653 2223 727 2251 ratio
749 2220 927 2260 reposcetur.
947 2218 1014 2257 jure
1033 2220 1117 2247 enim
1137 2216 1237 2247 feciss'e
1257 2249 1259 2254 .

1257 2260 1259 2278 ‘³
1277 2257 1445 2296 triumpho.
1467 2258 1517 2285 Tu
1527 2264 1597 2296 ergo
1608 2253 1809 2301 ,quando-me
1821 2252 1924 2294 insigni
1937 2273 1946 2286 ,
1958 2253 1991 2283 &
2001 2254 2159 2283 excellenti
2171 2261 2234 2282 tua-

276 2266 405 2309 putandi
421 2266 487 2295 sunt
500 2285 509 2297 ‚
529 2265 600 2304 qui,
612 2273 649 2292 ne
659 2272 750 2303 quem
762 2265 862 2291 virum
874 2280 882 2294 ‚
894 2268 942 2290 aut
953 2258 1107 2290 faeminam
1119 2259 1239 2298 praecla—

278 2310 310 2340 re
332 2309 469 2338 meritam
488 2306 592 2336 debito
608 2306 723 2334 honore
738 2304 916 2343 spoliarent,
937 2310 1042 2331 eorum
1057 2302 1240 2330 memoriam
1258 2327 1259 2336 ,

280 2350 412 2382 san&am
423 2369 432 2382 ,
450 2347 708 2386 venerandamque
720 2345 776 2375 effe
787 2345 957 2375 voluerunt.
981 2352 1036 2372 nos
1046 2353 1146 2373 autern
1157 2342 1239 2380 inju-
1258 2365 1259 2371 ,

282 2392 326 2424 ste
336 2400 489 2432 ageremus
501 2410 509 2424 ‚
532 2388 551 2418 fi
563 2408 572 2422 ,
591 2398 668 2429 quos
677 2390 737 2427 pari
747 2388 830 2418 cultu
841 2406 849 2420 ,
867 2393 1120 2425 venerationeque
1131 2384 1240 2425 dignos

279 2435 482 2476 cognovimus
492 2452 501 2465 ,
520 2440 572 2460 eos
580 2439 749 2470 pateremur
760 2428 877 2459 silentio
888 2428 1037 2467 praeteriri.
1061 2429 1169 2465 Neque
1181 2427 1238 2455 hoc
1258 2436 1259 2446 ¹

281 2478 320 2507 de
331 2485 358 2506 te
369 2484 427 2505 una
437 2494 445 2508 ‚
462 2483 528 2503 mea
538 2473 641 2502 Tullia
652 2491 661 2505 ‚
681 2470 799 2500 diffcum
812 2470 955 2500 volumus
968 2487 976 2502 ‚
987 2468 1073 2506 cujus
1083 2467 1240 2497 exstabunt
1258 2490 1259 2494 ,

280 2518 423 2550 virtutis,
443 2514 627 2555 prudentiae,
645 2512 809 2545 dofih'inae,
828 2511 1025 2542 continentiae
1037 2529 1046 2542 ,
1065 2509 1100 2539 ad
1111 2519 1238 2539 ornnem
1258 2534 1259 2545 ,

1258 2552 1259 2555 ’
1279 2546 1407 2590 gressum
1424 2546 1561 2577 nostrum
1573 2546 1711 2577 futurum
1724 2546 1891 2587 intelligam
1902 2566 1912 2581 ‚
1929 2545 2020 2587 quam
2034 2545 2165 2577 insuavis
2175 2563 2185 2579 ‚
2205 2544 2240 2575 &

284 2561 480 2590 aeternitatem
501 2553 638 2595 impress'a
654 2554 794 2595 vestigia;
815 2553 863 2584 sed
874 2553 910 2582 de
925 2553 961 2581 iis
975 2551 1120 2580 omnibus
1132 2571 1141 2584 ,
1161 2560 1239 2591 quos

279 2602 335 2633 zali
354 2602 469 2632 honore
488 2597 596 2641 dignos
614 2605 664 2629 aut
683 2595 737 2638 ipsi
755 2596 910 2629 vidimus,
928 2602 977 2625 aut
987 2592 1090 2625 futuro
1102 2602 1236 2635 tempore

1261 222 1316 254 ego
1328 211 1464 243 amissam
1477 233 1485 246 ‚
1506 222 1555 242 aut
1575 213 1651 242 mihi
1671 213 1791 251 penitus
1807 211 1954 244 ademtam
1967 235 1975 248 ‚
1996 217 2089 246 velim
2102 217 2213 252 dicere,

1260 255 1333 285 cum
1351 255 1500 286 illucescat
1519 255 1616 283 menti
1635 263 1709 283 meze
1730 252 1866 293 quotidie
1887 257 1979 295 magis
2000 257 2218 297 praeclari'ffima

1263 298 1400 326 nominis
1419 298 1482 330 tui,
1503 304 1681 335 tuarumque
1700 296 1846 325 virtutum
1865 295 1968 334 gloria.
1990 300 2102 339 vigebis
2115 309 2217 330 autem

1268 340 1415 367 memoria
1424 337 1570 378 quamdiu
1581 345 1782 366 monumenta
1792 335 1952 367 exstabunt
1962 338 2021 371 illa,
2032 340 2140 380 quibus
2149 343 2219 372 exi-

1267 382 1330 410 mia
1346 378 1513 421 consignata
1533 379 1600 408 sunt
1618 388 1677 408 tarn
1696 378 1821 408 excelsae
1836 377 1932 408 laudis
1945 378 2131 412 testimonia:
2149 393 2216 425 quae

1268 422 1445 461 sempiterna
1455 420 1519 451 fore
1531 441 1539 453 ,
1550 419 1619 450 curn
1632 418 1867 460 praestantissima
1877 418 1933 450 sint
1942 440 1951 453 ,
1971 420 2058 460 plane
2067 423 2219 455 confidere

1266 463 1425 493 debemus.
1449 462 1523 494 Tibi
1542 463 1632 503 igitur
1649 470 1817 502 numquam
1833 471 1883 491 me
1898 461 2034 492 debitum
2047 465 2219 502 persolvisse

1268 503 1404 535 officium
1416 504 1527 545 putabo
1539 524 1547 538 ‚
1568 502 1622 533 nifi
1632 503 1668 533 de
1679 513 1729 533 me
1741 502 1858 542 optime
1867 504 2004 533 meritam
2017 523 2026 537 ,
2046 514 2136 545 quem
2155 509 2222 537 exi-

1270 547 1332 576 mie
1342 546 1464 577 coluisti
1474 566 1482 580 ‚
1494 556 1525 576 ac
1535 545 1571 576 de
1582 547 1672 585 patria
1681 565 1690 579 ,
1710 555 1798 585 quam
1810 545 1926 584 semper
1934 545 2044 576 ornasti
2057 566 2066 579 ‚
2080 546 2219 586 supremo

1269 589 1387 619 honore
1396 589 1586 619 decoravere.
1608 587 1643 617 Id
1653 596 1750 617 autem
1761 586 1849 616 facile
1858 588 2020 627 consequar
2031 607 2039 621 ,
2058 587 2130 618 cum
2142 591 2166 618 is
2176 589 2223 619 lo-

1269 640 1322 660 cus
1334 651 1344 664 ‚
1364 640 1456 671 quem
1468 630 1522 660 tibi
1532 629 1629 669 delegi
1642 647 1651 662 ‚
1671 629 1883 668 sempiternam
1895 629 2047 659 habiturus
2058 628 2091 659 fit
2103 631 2224 671 religio-

1272 682 1353 702 nem.
1372 672 1471 703 nostra
1481 670 1554 702 vero
1569 669 1588 699 si
1601 680 1659 711 qua
1671 672 1727 701 erit
1741 680 1779 700 ex
1791 680 1823 700 ea
1836 680 1867 700 re
1880 670 2063 705 consolatio,
2084 682 2148 712 quae
2161 681 2225 702 ma-

1270 724 1326 754 gna
1336 714 1415 744 certe
1426 716 1481 744 erit
1491 724 1496 742 z
1506 722 1557 743 aut
1567 733 1575 745 ,
1586 711 1605 741 si
1615 723 1671 752 qua
1681 713 1743 741 laus
1754 721 1790 742 ex
1802 714 2030 752 paternapietate
2042 723 2047 742 z
2058 714 2134 743 milii
2145 714 2224 744 certe

1267 755 1482 794 jucundissima
1499 754 1645 785 acciderit.
1669 754 1747 783 nihil
1764 756 1848 783 enim
1867 754 1948 783 aliud
1967 755 2013 784 vel
2034 755 2155 789 audire,
2176 754 2225 785 vel

1270 800 1418 828 memoria
1436 806 1565 838 repetere
1583 794 1729 825 libentius
1747 794 1863 835 poss'um
1877 815 1886 828 ,
1907 795 1998 836 qu'am
2018 805 2067 826 me
2086 798 2119 826 in
2136 807 2201 826 eam
2214 816 2225 830 ‚

1270 849 1359 879 quam
1379 839 1500 870 summe
1520 837 1679 868 dilexerim
1692 857 1700 871 ,
1719 837 1896 877 summeque
1914 837 2097 878 diligendam
2112 840 2225 868 merito

1270 881 1324 910 suo
1334 882 1515 914 censuerim,
1525 879 1615 921 quam
1627 878 1760 909 maxime
1772 880 1869 918 pium,
1879 888 2054 921 gratumque
2064 878 2132 910 effe.
2151 880 2225 910 curn

1269 924 1433 962 praesertim
1443 926 1475 953 in
1486 923 1599 953 alienos
1609 941 1617 955 ,
1635 923 1705 962 quia
1716 921 1751 951 de
1761 922 1790 950 se
1800 921 1916 961 optime
1929 930 2012 951 erant
2021 922 2141 955 meriti,
2161 930 2225 952 tarn

1269 966 1424 1004 prolixos,
1445 963 1636 1003 liberalesque
1656 963 1733 995 sese,
1757 963 1789 992 <Sc
1805 963 1932 1001 majores
1943 962 2038 993 nostri
2053 983 2062 997 ‚
2080 963 2113 993 δε
2127 964 2224 994 exteri

1269 1007 1461 1047 praebuerint.
1491 1004 1584 1047 Qod
1605 1003 1626 1033 si
1640 1004 1737 1034 ullum
1759 1013 1903 1045 umquam
1926 1005 2037 1035 animal
2051 1005 2226 1035 consecran-

1270 1049 1342 1079 dum
1352 1047 1422 1082 fuit,
1432 1049 1529 1089 qualia
1538 1046 1633 1077 multa
1643 1046 1890 1076 consecraverunt
1903 1048 2030 1087 AEgyptii
2041 1066 2049 1080 ,
2064 1047 2144 1087 quod
2157 1047 2228 1076 nul-

1272 1091 1335 1120 lum
1347 1089 1485 1130 presedit»
1495 1089 1572 1119 fuit:
1593 1086 1612 1117 si
1623 1088 1729 1118 Cadmi
1738 1107 1746 1120 ‚
1757 1096 1807 1117 aut
1817 1088 2046 1127 Amphitryonis
2057 1090 2226 1129 progenies,

1273 1141 1322 1162 aut
1331 1132 1463 1172 Tyndari
1474 1134 1507 1162 in
1517 1131 1624 1161 caelum
1636 1129 1769 1159 tollenda
1779 1127 1857 1160 fama
1867 1128 1937 1160 fuit:
1949 1131 2019 1160 huic
2029 1130 2110 1160 idem
2123 1131 2226 1161 honos

1268 1183 1346 1205 certe
1362 1174 1506 1204 dicandus
1525 1172 1576 1204 est.
1599 1171 1680 1212 quod
1697 1170 1820 1212 quidem
1836 1171 1942 1202 faciam
1954 1191 1962 1204 ‚
1982 1180 2068 1212 teque
2078 1174 2222 1203 omnium

1269 1219 1417 1257 optimam
1427 1236 1436 1250 ,
1447 1213 1706 1254 doffiffimamque
1715 1232 1723 1246 ‚
1736 1212 1966 1252 approbantibus
1975 1212 2032 1243 diis
2042 1214 2226 1243 immortali·

1269 1259 1327 1289 bus
1337 1257 1404 1298 ipfis
1415 1277 1423 1291 ,
1435 1259 1466 1287 in
1477 1266 1581 1287 eorum
1592 1265 1672 1287 coetu
1683 1256 1808 1286 locatam
1821 1274 1828 1287 ,
1842 1256 1876 1286 ad
1887 1257 2067 1295 opinionem
2078 1257 2225 1285 omnium

1269 1301 1445 1330 mortalium
1461 1297 1649 1329 consecrabo.
1674 1300 1723 1327 Tu
1735 1307 1803 1338 ergo
1815 1298 1848 1326 i'n
1858 1297 1968 1336 eoipso
1978 1295 2048 1326 fano
2059 1316 2067 1330 ,
2087 1296 2170 1338 quod
2187 1295 2226 1327 ad.

1269 1343 1407 1373 nominis
1421 1343 1464 1371 tui
1477 1341 1657 1370 memoriam
1668 1359 1676 1373 ‚
1698 1349 1731 1369 ac
1739 1339 1855 1369 cultum
1865 1358 1873 1373 ‚
1896 1348 2001 1369 votum
2012 1358 2020 1372 ,
2039 1339 2226 1370 dedicatum-

1269 1394 1328 1425 que
1342 1382 1383 1414 est
1394 1404 1401 1417 ‚
1424 1383 1457 1413 δε
1467 1382 1578 1413 laudari
1588 1391 1614 1411 re
1626 1401 1635 1414 ,
1655 1381 1688 1411 δε
1698 1380 1757 1411 coli
1771 1380 1890 1410 senties.
1915 1383 2051 1411 maxime
2061 1390 2160 1410 autem
2175 1380 2226 1409 lae—

1270 1427 1378 1457 taberis
1390 1428 1422 1455 in
1434 1435 1470 1454 eo
1481 1444 1490 1458 ,
1501 1423 1583 1464 quod
1593 1423 1702 1453 &eum
1714 1422 1788 1456 tibi,
1799 1431 1889 1462 quem
1901 1423 2036 1452 maxime
2048 1422 2156 1455 debui,
2169 1422 2226 1450 ho-

1270 1477 1377 1499 norem
1390 1467 1584 1507 persolverim
1597 1484 1606 1498 ,
1626 1465 1659 1494 δε
1668 1475 1717 1494 me
1728 1462 1814 1492 fimul
1830 1462 2016 1504 iniquiffimo
2027 1463 2154 1493 fortunae
2164 1464 2227 1492 im-

1270 1512 1355 1551 perio
1365 1510 1484 1548 penitus
1495 1507 1690 1537 exsolverim.
1715 1504 1794 1534 nosti
1813 1507 1895 1534 enim
1911 1524 1919 1538 ,
1936 1506 2026 1545 quam
2041 1505 2156 1545 semper
2165 1505 2226 1534 ala-

1269 1554 1332 1584 cri,
1352 1550 1481 1589 fortique
1499 1550 1605 1578 animo
1621 1545 1737 1577 cuiiEiis
1754 1544 1865 1575 casibus
1882 1546 2059 1576 restiterim:
2083 1556 2162 1576 utne
2172 1555 2224 1576 me

1268 1592 1391 1633 quidem
1402 1610 1410 1624 ,
1431 1590 1550 1629 pulsum
1565 1590 1655 1627 patria
1665 1607 1674 1621 ,
1695 1588 1843 1628 omnique
1854 1588 1943 1627 plane
1955 1587 2098 1628 dignitate
2114 1588 2226 1627 spolia-

1270 1643 1335 1664 tum
1349 1652 1358 1665 ,
1379 1640 1440 1661 tarn
1450 1632 1507 1660 acri
1519 1632 1632 1669 impetu
1643 1629 1775 1669 frangere
1788 1649 1796 1661 ,
1810 1639 1841 1659 ac
1851 1630 1978 1668 dejicere
1986 1630 2107 1660 fortuna
2117 1639 2226 1669 potue-

1268 1678 1315 1705 rit.
1339 1675 1419 1704 Cum
1439 1673 1573 1701 inimicis
1591 1679 1692 1699 autern
1711 1679 1820 1710 quanta
1840 1672 2035 1700 contentione
2056 1671 2224 1701 decertave-

1272 1718 1328 1745 rim
1343 1734 1351 1747 ,
1370 1722 1495 1754 quaeque
1509 1721 1574 1741 mea
1586 1710 1675 1740 fuerit
1690 1721 1722 1740 in
1739 1712 1778 1741 iis
1794 1710 1958 1741 refutandis
1970 1730 1978 1744 ‚
1997 1710 2225 1753 frangendisque

1270 1759 1363 1787 virtus
1375 1775 1383 1788 ‚
1405 1755 1437 1784 &
1449 1752 1615 1783 constantia
1625 1772 1633 1785 ‚
1655 1762 1766 1782 norunt
1780 1762 1888 1782 omnes
1899 1772 1907 1786 ‚
1928 1755 1980 1793 qui
1993 1755 2089 1783 varios
2098 1754 2228 1784 civitatis

1270 1798 1379 1829 nostrae
1399 1796 1481 1826 casus
1498 1793 1615 1825 curiose
1634 1803 1824 1824 notaverunt.
1847 1794 1928 1824 cum
1948 1792 2019 1828 vero
2028 1814 2036 1828 ,
2056 1795 2159 1825 Tullia
2170 1814 2179 1828 ‚
2199 1803 2228 1825 te

1271 1840 1348 1870 mihi
1359 1837 1574 1869 extremoloco
1584 1835 1703 1866 fort-una
1714 1835 1868 1866 ademisset
1877 1855 1885 1870 ,
1907 1844 1971 1866 tum
1984 1836 2125 1877 equidem
2137 1836 2231 1866 intel-

1273 1882 1335 1912 lexi
1344 1901 1352 1914 ‚
1364 1888 1509 1921 quantum
1521 1879 1572 1908 illa
1582 1878 1712 1908 iii-rebus
1722 1877 1815 1917 posset
1826 1879 1966 1908 humanis
1976 1898 1985 1911 ‚
1997 1886 2164 1918 quantaque
2174 1877 2229 1908 ad-

1272 1923 1372 1954 versus
1383 1932 1431 1951 me
1442 1921 1539 1960 ipsum
1553 1921 1602 1953 vi,
1613 1930 1644 1950 ac
1653 1919 1795 1958 potestate
1804 1921 1955 1949 niteretur.
1979 1921 2077 1960 itaque
2086 1919 2165 1950 nihil
2175 1920 2230 1950 ha-

1254 1981 1256 1996 =.
1273 1965 1346 1998 bui,
1357 1962 1437 2005 quod
1448 1963 1579 1992 dicerem
1591 1982 1599 1995 ,
1611 1960 1666 1991 nisi
1677 1981 1685 1994 ,
1696 1961 1770 1991 cedo
1780 1981 1788 1995 ‚
1799 1962 1833 1991 &
1843 1970 1967 1991 manum
1981 1962 2055 1991 tollo
2065 1981 2073 1995 ,
2083 1960 2154 1992 cum
2167 1970 2229 1991 tam

1273 2008 1354 2048 gravi
1364 2014 1482 2044 accepto
1494 2004 1615 2034 vulnere
1628 2023 1637 2036 ‚
1656 2004 1744 2043 plane
1754 2003 1858 2033 dolore
1868 2003 2018 2043 perculsus
2029 2023 2038 2037 ,
2056 2013 2142 2044 atque
2151 2002 2230 2033 affli-

1276 2049 1341 2079 Etus
1358 2046 1461 2077 effem.
1485 2049 1577 2076 Nunc
1590 2055 1690 2076 autern
1705 2045 1738 2074 δε
1752 2046 1906 2084 praeceptis
1924 2045 2071 2085 sapientiae
2090 2044 2230 2075 adversus

1276 2132 1445 2171 caelumque
1465 2139 1578 2169 recepta
1597 2149 1606 2163 ‚
1628 2138 1704 2159 tanta
1722 2127 1845 2158 affeeius
1864 2128 2033 2167 voluptate,
2057 2138 2089 2159 ac
2108 2129 2229 2161 laetitia,

1277 2182 1418 2215 quantam
1430 2173 1534 2201 animo
1544 2180 1645 2211 capere
1655 2171 1822 2200 maximam
1833 2169 1953 2210 poss'um
1966 2181 1971 2199 ;
1986 2170 2130 2200 exsultare
2141 2169 2230 2209 plane

1278 2215 1403 2249 videor,
1424 2213 1582 2254 viElorque
1601 2212 1637 2242 de
1655 2211 1794 2244 fortuna.
1812 2211 1890 2242 aede
1903 2212 2118 2251 omniprorsus
2128 2211 2233 2241 dolore

1279 2308 1346 2330 rum
1368 2297 1453 2328 laude
1467 2317 1475 2331 ,
1493 2306 1701 2336 memoriaque
1726 2304 1874 2325 virtutum
1890 2315 1898 2329 ,
1923 2304 1982 2325 tam
2001 2295 2135 2335 praeclare
2153 2294 2234 2334 juvi-

1280 2340 1316 2371 sti
1329 2361 1338 2375 ,
1358 2349 1440 2369 nunc
1453 2339 1489 2369 ab
1502 2338 1679 2368 hominibus
1694 2336 1826 2374 sejuneca
1837 2357 1845 2370 ,
1867 2347 1929 2368 non
1944 2347 1992 2366 me
2006 2337 2142 2367 deserens
2154 2355 2162 2369 ‚
2182 2335 2233 2366 sed

1278 2381 1440 2423 aliquando
1454 2380 1617 2420 respeeians
1629 2400 1638 2412 ‚
1658 2379 1768 2419 perduc
1783 2389 1837 2412 e0,
1859 2379 1910 2408 ubi
1931 2387 1978 2408 tua
1997 2378 2118 2409 tandem
2140 2378 2238 2408 collo-

1279 2427 1401 2454 cutione
1422 2421 1644 2462 conspe&uque
1659 2420 1754 2451 fruar:
1775 2430 1807 2450 u:
1826 2420 1859 2450 δε
1879 2423 1992 2460 parenti
2013 2422 2055 2450 tui
2074 2417 2238 2450 amantiffi-

1283 2475 1336 2496 mo
1347 2485 1356 2498 ‚
1377 2474 1467 2505 quam
1480 2463 1666 2503 potiffimum
1682 2471 1781 2502 optare
1794 2462 1901 2496 debes,
1921 2463 2042 2503 gratiam
2058 2461 2182 2495 referas,
2203 2461 2238 2491 &

1279 2517 1335 2549 ego
1350 2506 1450 2535 multo
1468 2506 1545 2535 mihi
1562 2506 1720 2546 gratiorem
1734 2523 1742 2538 ,
1762 2504 1922 2544 multoque
1937 2503 2150 2543 jucundiorem
2162 2512 2240 2533 con-

1278 2589 1401 2623 acerbus
1413 2587 1557 2631 digressus
1569 2587 1638 2620 fuit.
