2302 3353
486 164 569 196 nn
618 149 1123 198 PART1T10NE
1171 153 1608 202 Ouaroniii.

12 247 36 286 ⁷3
44 247 63 273 2
77 239 114 270 In
125 223 298 278 cdnjeaura
306 234 396 277 igitur
411 231 483 263 eum
494 230 537 262 est
553 232 586 261 in
595 229 757 264 infitiando
767 239 833 260 reus
844 249 854 263 ,
873 231 1034 262 accusatori

77 281 141 311 haec
151 279 212 310 duo
221 280 317 319 prima
325 276 396 306 sunt
405 294 414 308 ,
435 273 496 313 (sed
506 274 694 313 accufittorem
703 282 757 313 pro
766 274 855 302 omni
865 271 965 301 adtore
974 292 982 306 ‚
1003 274 1036 303 &

76 323 206 363 petitore
222 318 356 359 appello:
379 314 500 357 poffunt
520 317 604 345 enim
626 318 714 345 etiam
738 312 798 344 fine
817 313 984 344 accusatore
1002 316 1034 343 in

76 361 170 394 causis
180 363 241 392 haec
250 360 355 390 eadem
365 356 632 389 controversiarum
648 366 755 397 genera
764 356 893 395 versatu)
915 355 964 385 sed
974 356 1036 385 haec

76 405 140 436 duo
149 404 214 434 sunt
224 404 251 432 ei
262 403 375 442 prima,
393 400 488 433 causa,
503 400 535 429 &
547 408 685 429 eventus.
708 398 833 428 Causam
843 397 962 437 appello
971 417 979 430 ,
992 407 1036 427 ra-

77 448 195 478 tionem
205 442 355 474 efficiendi
367 452 373 471 :
384 450 539 475 eventum,
555 440 585 471 id
596 461 605 475 ‚
616 440 697 481 quod
707 439 750 470 est
759 438 912 469 effectum.
935 441 1036 480 Atque

76 487 138 527 ipsa
149 485 272 527 quidem
283 485 403 525 partitio
413 483 565 515 causarum
577 483 677 523 paullo
686 482 754 512 ante
763 484 799 512 in
810 480 952 511 suasionis
961 481 1036 510 locis

79 527 236 560 distributa
244 526 295 556 est.
319 529 394 565 Qae
410 527 494 555 enim
507 527 538 555 in
548 523 674 555 confilio
686 524 832 564 capiendo
847 522 942 553 futuri
958 531 1036 553 tem-

72 571 157 612 ¹poris
166 568 412 609 praecipiebantur
422 588 430 601 ‚
451 567 649 608 quamobrem
663 576 710 596 aut
720 567 881 596 utilitatem
897 564 1038 595 videren-

77 621 124 644 tur
132 612 274 644 habitura,
287 619 337 640 aut
346 608 498 640 efficiendi
508 608 677 639 facultatem
688 628 696 642 ‚
708 607 811 638 eadem
823 627 831 641 ,
840 607 894 647 qui
905 606 942 636 de
952 605 1032 636 facto

77 652 352 694 argumentabitur,
371 653 514 691 colligere
524 651 663 684 debebit,
683 649 880 689 quamobrem
902 648 935 678 δε
952 648 1037 678 utilia

76 695 126 727 illi
136 714 146 729 ,
157 704 248 735 quem
261 703 361 734 arguet
372 712 380 726 ‚
399 692 486 723 fuisse
502 714 511 726 ‚
539 693 572 722 &
581 692 616 722 ab
626 702 663 721 eo
673 690 752 721 effici
769 688 896 730 po‘tuiss'e
905 690 1036 719 demon-

79 735 159 768 ssi'et.
182 736 330 765 ‘Utilitatis
339 735 514 773 conjeStura
525 742 684 766 movetur,
705 732 726 762 fi
736 731 812 762 illud
824 751 832 765 ,
847 731 929 771 quod
940 733 1036 772 argui-

79 788 127 809 tur
137 798 146 812 ,
164 788 213 808 aut
223 778 271 817 spe
283 778 454 809 bonorum,
473 786 522 807 aut
533 776 684 805 malorum
695 784 778 805 metu
789 772 890 804 feciss'e
907 773 1034 803 dicitur:

77 819 159 861 quod
175 819 207 850 fit
217 821 309 850 acrius
320 839 327 853 ‚
349 829 411 860 quo
423 820 474 848 illa
483 820 515 848 in
527 826 652 857 utroque
660 826 769 858 genere
784 816 897 855 majora
912 825 1036 855 ponun-

73 871 131 892 tur.
153 860 328 901 Spe-Stantur
342 863 431 890 etiam
446 859 481 889 ad
496 859 612 889 causam
622 858 692 888 faeti
703 879 710 892 ‚
723 865 815 887 morus
824 858 984 886 animorum
994 877 1003 889 ,
1014 855 1034 886 si

73 904 116 934 ira
124 912 238 936 recenS,
249 902 269 932 fi
280 902 385 932 odium
397 911 490 934 vetus,
502 899 522 930 fi
534 901 696 931 ulciscendi
711 899 843 930 studium
859 919 868 932 ,
884 898 905 928 si
915 901 1034 939 injuriae

70 945 178 976 dolor:
203 943 374 976 sihonoris,
393 942 412 972 fi
430 943 554 983 gloriae‚
570 941 589 972 si
601 944 720 982 imperii
733 962 741 976 ,
763 940 927 981 sipecuniae
949 943 1037 984 cupi-¹

73 986 166 1017 ditas:
189 984 208 1014 si
219 985 343 1026 periculi
356 987 468 1017 timor,
489 984 510 1014 fi
521 994 559 1014 aes
570 985 704 1014 alienum
713 1004 721 1017 ‚
742 982 763 1012 s1
773 982 915 1023 angustiae
926 985 969 1012 rei
986 982 1033 1012 fa-

72 1028 217 1058 miliaris:
241 1025 261 1057 fi
271 1026 367 1057 audax
378 1046 387 1059 ,
399 1025 417 1055 si
428 1027 520 1059 levis,
537 1025 556 1055 si
567 1026 696 1056 crudelis
709 1045 716 1059 ‚
728 1023 749 1054 fi
763 1028 916 1064 impotens
927 1044 935 1057 ,
953 1022 973 1053 si
985 1027 1032 1054 in-

73 1078 174 1101 cautus
184 1088 193 1102 ‚
204 1067 224 1098 si
234 1067 378 1108 insipiens
389 1088 398 1101 ,
414 1066 434 1097 si
444 1078 547 1098 amans
556 1088 565 1101 ‚
578 1067 598 1097 si
610 1076 765 1097 commota
778 1076 879 1096 mente
890 1087 898 1100 ,
912 1065 932 1095 [ι
944 1069 1032 1096 vino-

76 1111 187 1144 lentus,
199 1108 220 1139 si
233 1120 302 1140 cum
313 1110 361 1148 spe
370 1108 534 1142 efficiendi,
547 1109 567 1139 fi
576 1120 646 1139 cum
657 1119 804 1149 opinione
814 1108 930 1138 celandi
943 1119 949 1137 :
971 1117 1030 1141 aut,

74 1150 284 1193 sipatefaRum
296 1151 367 1181 ess'et
376 1172 386 1184 ,
402 1151 572 1191 depellendi
583 1153 720 1181 criminis
731 1171 739 1184 ,
758 1151 806 1180 vel
816 1150 1030 1190 perrumpendi

73 1194 220 1236 periculi,
232 1194 280 1223 vel
290 1195 322 1223 in
333 1194 536 1234 longinquum
547 1203 666 1233 tempus
686 1190 846 1223 differendi
860 1203 865 1220 1
884 1194 934 1222 'aut
951 1190 971 1221 fi
982 1193 1032 1230 ju-

76 1236 150 1266 dicii
169 1244 258 1275 poena
272 1235 387 1269 levior,
406 1245 498 1276 quam
514 1235 583 1265 fa&
595 1238 772 1275 praemium:
795 1243 845 1264 aut
861 1232 1032 1263 sifacinoris

74 1277 213 1317 voluptas
231 1279 344 1317 major,
363 1278 453 1318 quam
464 1277 666 1308 damnationis
676 1277 773 1306 dolor.
798 1278 856 1305 His
870 1275 932 1305 fere
944 1276 1031 1305 rebus

74 1317 148 1350 fasti
158 1318 286 1359 suspicio
293 1318 491 1349 confirmatur
500 1339 508 1353 ,
526 1317 600 1349 cum
619 1319 652 1348 &
663 1319 817 1347 voluntates
833 1319 867 1346 in
877 1328 930 1347 reo
939 1318 1030 1348 causae

74 1361 263 1400 reperiuntur
273 1380 282 1394 ,
302 1361 334 1390 &
343 1360 482 1400 facultas.
514 1363 550 1390 In
571 1362 723 1390 voluntate
743 1369 841 1389 autem
864 1359 975 1389 utilitas
992 1369 1030 1389 ex

72 1402 233 1441 adeptione
241 1403 365 1442 alicujus
373 1402 543 1435 commodi,
555 1404 761 1442 vitationeque
771 1401 858 1437 alicuj
864 1411 898 1431 us
907 1403 1030 1431 incom—

75 1443 163 1474 modi
172 1445 330 1484 quaeritur,
344 1453 378 1474 ut
387 1452 437 1474 aut
446 1444 509 1483 spes
520 1464 529 1477 ,
549 1454 598 1474 aut
611 1453 709 1474 metus
719 1441 871 1483 impuliss'e
886 1442 1029 1477 videatur,

74 1494 125 1517 aut
134 1485 209 1515 alius
217 1488 390 1525 repentinus
403 1488 499 1517 animi
510 1495 612 1516 motus
626 1505 634 1519 ‚
648 1488 700 1526 qui
711 1487 800 1515 etiam
810 1483 899 1514 citius
910 1487 942 1513 in
951 1484 1030 1514 frau-

75 1526 147 1558 dem
159 1546 168 1560 ,
178 1525 269 1568 quam
278 1529 352 1557 ratio
363 1528 500 1558 utilitatis
511 1547 519 1561 ,
532 1528 672 1567 impellit.
696 1527 893 1567 quamobrem
904 1524 961 1556 sint
971 1527 1032 1557 haec

77 1567 156 1600 diffli
165 1568 201 1599 de
210 1566 309 1599 caufis.
329 1572 361 1600 C.
373 1572 404 1600 F.
417 1572 525 1600 Teneo
534 1590 546 1602 ,
567 1570 598 1599 &
608 1579 709 1610 quaero
720 1589 729 1602 ‚
748 1571 800 1609 qui
812 1567 868 1598 sint
881 1568 928 1597 illi
939 1578 1031 1599 even-

19 1618 62 1652 33
80 1619 144 1644 tus,
180 1620 233 1640 uos
242 1620 281 1640 ex
290 1609 380 1641 caufis
399 1610 604 1642 efficidixisti.
623 1614 655 1641 C.
667 1614 697 1641 P.
723 1611 1030 1651 Consequentiaquae-

77 1651 145 1685 dam
156 1620 398 1692 slgnapraeteriti‚
423 1653 456 1683 δε
474 1652 553 1694 quasi
564 1651 701 1693 impiess'a
715 1652 788 1682 faeti
804 1651 942 1693 vestigia:
964 1662 1031 1693 quae

75 1693 200 1734 quidem
213 1694 261 1724 vel
271 1697 407 1725 maxime
421 1695 621 1734 suspicionem
636 1704 780 1727 movent,
805 1693 837 1724 &
847 1692 927 1734 quasi
947 1698 1032 1724 tacita

75 1735 144 1766 sunt
160 1737 325 1766 criminum
344 1736 526 1767 testimonia.
559 1745 646 1777 atque
664 1737 723 1766 hoc
738 1735 863 1776 quidem
884 1737 1030 1776 graviora,

73 1771 158 1818 quod
176 1779 268 1808 causae
284 1782 491 1809 communiter
507 1779 649 1809 videntur
664 1776 837 1808 insimulare
856 1777 889 1807 &
911 1787 1031 1818 arguere

75 1820 196 1849 omneis
211 1817 292 1859 poss‘e
302 1840 310 1854 ,
334 1823 344 1839 ¹
365 1831 495 1861 quorum
516 1819 611 1850 modo
625 1819 795 1850 interfuerit
815 1819 929 1860 aliquid
942 1829 947 1848 ε
971 1820 1032 1849 haec

75 1861 197 1901 proprie
206 1863 356 1902 attingunt
365 1873 416 1892 eos
431 1863 509 1902 ipsos
523 1883 532 1895 ‚
554 1865 606 1903 qui
619 1871 799 1903 arguuntur,
818 1869 851 1891 ut
870 1861 964 1891 telum
975 1880 983 1894 ,
999 1870 1032 1891 ut

75 1900 227 1943 vestigium
240 1922 249 1936 ,
269 1912 301 1933 ut
309 1914 396 1934 cruor
406 1924 415 1937 ‚
438 1914 469 1933 ut
478 1904 696 1943 deprehensum
706 1902 820 1944 aliquid
832 1922 841 1936 ,
860 1902 943 1943 quod
952 1903 1032 1933 abla-

75 1951 154 1976 tum,
165 1953 339 1984 ereptumve
349 1946 485 1975 videatur
495 1965 504 1978 ‚
524 1955 557 1975 ut
566 1946 740 1985 responsum
760 1945 963 1974 inconstanter
972 1965 982 1978 ,
1000 1953 1032 1974 ut

73 1984 238 2016 haefitatum
252 2005 261 2018 ‚
274 1995 309 2016 vut
318 1986 477 2016 titubatum
491 2007 502 2019 ,
521 1997 552 2017 ut
560 1997 630 2016 cum
641 1988 742 2027 aliquo
751 1986 834 2016 visus
843 2005 853 2019 ‚
863 1995 902 2015 ex
910 1995 972 2026 quo
983 1986 1030 2016 su-

75 2026 171 2066 spicio
182 2029 292 2058 oriatur
302 2047 311 2060 ,
333 2037 364 2057 ut
375 2038 410 2057 eo
423 2029 486 2067 :pso
495 2030 527 2058 in
538 2030 607 2058 ioco
617 2028 697 2058 visus
709 2047 718 2061 ‚
729 2030 762 2057 in
771 2037 834 2068 quo
842 2027 957 2057 facinus
968 2047 977 2061 ‚
997 2037 1031 2057 ut

71 2068 180 2109 pallor,
191 2077 225 2098 ut
234 2078 346 2099 tremor
357 2089 365 2102 ‚
378 2079 410 2099 ut
420 2070 573 2109 scripturn,
585 2078 633 2100 aut
643 2067 842 2111 obsignatum,
856 2078 906 2099 aut
915 2068 1030 2109 deposi-

74 2118 141 2140 tum
151 2112 315 2150 quippiam.
340 2112 413 2140 Haec
421 2121 506 2141 enim
517 2131 527 2144 ,
547 2112 580 2141 &
590 2112 657 2141 talia
665 2112 751 2144 sunt,
769 2121 835 2151 quae
844 2120 894 2141 aut
915 2121 946 2140 re
956 2111 1027 2150 ipsa,

72 2159 126 2182 aut
136 2161 226 2181 etiam
238 2154 306 2181 ante
317 2162 407 2193 quam
425 2152 540 2183 fa&um
551 2152 592 2183 est
604 2171 612 2186 ,
632 2162 682 2182 aut
690 2152 790 2192 postea
801 2172 810 2186 ‚
832 2153 1027 2192 suspiciosum

71 2195 190 2223 crimen
201 2191 340 2223 efficiant.
364 2197 438 2236 Qae
450 2192 470 2224 si
481 2205 544 2224 non
554 2203 659 2228 erunt,
670 2203 772 2224 tamen
782 2193 874 2224 causis
889 2192 954 2234 ipsis
965 2213 974 2227 ,
995 2194 1028 2224 &

75 2232 226 2265 efficiendi
243 2233 434 2266 facultatibus
444 2237 501 2266 niti
512 2236 662 2276 oportebit
684 2235 823 2275 adjuncta
836 2236 887 2265 illa
898 2236 1029 2276 disputa-

74 2277 157 2306 tione
166 2279 336 2307 communi.
359 2288 410 2307 non
420 2277 507 2317 fmffi
519 2278 608 2308 illum
620 2287 678 2308 tam
689 2287 840 2308 amentem
853 2297 861 2311 ,
873 2287 906 2308 ut
918 2278 1030 2308 indicia

74 2315 144 2348 faeli
154 2317 358 2359 auteffugeie,
378 2329 427 2350 aut
437 2321 586 2350 occultare
595 2329 660 2350 non
671 2318 769 2360 poss'et
782 2330 788 2348 :
811 2328 844 2349 ut
865 2329 905 2349 ita
913 2329 1030 2359 apertus

74 2357 157 2393 esset,
168 2360 310 2390 utlocum
321 2363 444 2391 crimini
454 2363 646 2403 relinqueret.
670 2364 853 2392 Communis
862 2361 914 2391 ille
925 2371 1030 2391 contia

74 2399 157 2431 locus
184 2405 375 2433 Annaeum
399 2405 558 2435 temeritati
572 2423 581 2438 ,
611 2413 676 2433 nori
690 2404 858 2444 prudentiae
875 2402 933 2433 effe
952 2413 1027 2433 con-

74 2441 217 2483 junQam.
240 2446 379 2485 Sequitur
387 2455 486 2476 autem
498 2446 549 2475 ille
559 2446 643 2476 locus
654 2445 690 2475 ad
700 2445 882 2486 augendum,
894 2455 957 2475 non
971 2443 1030 2475 effe

74 2483 308 2524 exspeEtandum
319 2506 327 2520 ,
343 2487 417 2517 dum
429 2487 568 2518 fateatur:
583 2491 763 2528 argumentis
774 2489 1028 2528 peccata-convin-

44 2535 65 2569 4
77 2526 120 2556 ci:
141 2526 175 2557 &
189 2523 240 2557 liic
257 2537 346 2558 etiam
360 2530 498 2570 exempla
515 2539 678 2570 ponuntur.
702 2532 799 2570 Atque
820 2531 882 2559 'naec
901 2528 1027 2570 quidem

73 2565 112 2597 de
120 2570 314 2610 argumentis.
335 2573 389 2601 Sin
399 2580 497 2602 autem
509 2574 563 2602 erit
572 2573 662 2601 etiam
674 2570 794 2601 testium
805 2570 926 2601 facultas
938 2581 944 2600 ς
967 2572 1029 2610 pri-

79 2617 164 2640 mum
173 2620 269 2652 genus
278 2613 332 2642 erit
342 2613 441 2652 ipsum
450 2613 645 2646 laudandum,
657 2613 889 2653 dicendumque,
901 2622 934 2642 ne
942 2622 1027 2652 argu-

77 2652 172 2680 mentis
180 2651 326 2684 teneretur
335 2663 401 2684 reus
413 2674 421 2687 ‚
442 2656 538 2695 ipsum
549 2655 599 2685 sua
607 2656 746 2685 cautione
756 2655 788 2684 &
797 2653 897 2684 fecisse
908 2674 917 2688 ‚
931 2654 1029 2685 testeis

78 2689 204 2734 effugere
214 2703 277 2725 non
295 2695 431 2735 potuiss'e.
452 2697 564 2727 deinde
576 2696 684 2736 singuli
702 2696 870 2726 laudemur.
893 2699 1026 2737 Qiaeau-

76 2740 139 2763 tem
151 2733 245 2765 efl'ent
260 2736 437 2772 laudabilia,
456 2738 573 2769 dietum
596 2738 648 2769 cst.
672 2738 819 2768 ²Deinde
837 2740 924 2768 etiam
942 2748 1030 2779 argu-

78 2783 182 2806 mento
193 2775 282 2808 firmo
292 2798 301 2812 ‚
319 2782 388 2820 quia
396 2789 497 2810 tamen
508 2781 581 2820 saepe
598 2780 704 2810 falsum
719 2779 761 2810 cst
772 2799 780 2813 ‚
799 2779 868 2820 posse
884 2778 952 2808 reste'
964 2789 1028 2809 non

76 2817 172 2847 credi:
194 2820 262 2849 viro
278 2820 361 2851 bono
380 2822 412 2852 &
430 2820 521 2852 firmo
532 2843 543 2856 ,
563 2822 623 2852 fine
633 2822 829 2861 vitiojudicis
843 2841 850 2855 ‚
871 2831 935 2851 non
945 2820 1028 2861 poss'e

76 2865 139 2905 non
147 2859 236 2890 credi.
259 2864 356 2903 Atque
366 2865 469 2898 etiam,
481 2863 501 2893 si
512 2864 629 2894 obscuri
641 2863 727 2894 testes
737 2873 833 2897 erunt,
845 2873 894 2894 aut
906 2872 1009 2893 tenues
1021 2873 1025 2892 :

72 2897 237 2933 dicendum
256 2905 311 2934 erit
327 2925 339 2937 ,
369 2914 435 2935 NON
456 2916 531 2936 assia
548 2916 586 2936 ex
607 2905 728 2935 fortuna
744 2904 836 2936 fidem
856 2905 1026 2945 ponderan-

74 2939 163 2977 dam,
184 2952 293 2975 auteos
302 2945 359 2976 effe
375 2948 519 2989 cujusque
532 2946 777 2988 locupleciffimos
788 2946 905 2981 testem,
919 2946 1024 2988 quiid,

1960 159 2048 224 185

1078 233 1113 263 de
1125 243 1186 274 quo
1195 243 1294 275 agatur
1305 255 1313 269 ,
1336 234 1483 267 facillime
1499 237 1571 267 scire
1582 233 1700 277 poffint.
1723 234 1776 268 sin
1787 235 1970 278 quaestiones
1990 239 2045 269 ha·-

1079 275 1165 319 bitaep,
1188 279 1261 306 3aut
1278 277 1440 316 postulatio
1457 288 1488 308 ut
1501 278 1681 313 habeantur,
1702 280 1819 310 causam
1840 279 2042 318 adjuvabunt:

1079 317 1324 349 confirmandum
1347 330 1441 360 genus
1460 322 1598 360 primum
1619 320 1824 362 quaestiorium
1844 323 1918 351 erit:
1938 321 2044 353 dicen-

1079 357 1153 387 dum
1163 358 1200 387 de
1211 360 1243 387 vi
1252 360 1347 390 doloris
1358 382 1366 394 ,
1382 362 1419 392 de
1429 365 1576 402 opinione
1588 366 1737 401 maiorum
1749 383 1757 397 ‚
1778 365 1831 405 qui
1841 372 1908 393 eam
1920 373 1982 393 rem
1995 372 2044 394 to-

1079 406 1151 444 tam,
1164 399 1219 428 nisi
1233 401 1411 439 probassent,
1422 413 1500 434 certe
1511 404 1718 444 repudiassent.
1741 407 1779 436 de
1790 405 1935 436 institutis
1946 406 2042 436 Athe-

1079 438 1228 470 niensium
1241 461 1249 474 ,
1271 444 1482 479 Rhodiorum,
1501 446 1747 478 doctissimorum
1758 449 1922 478 hominum
1934 467 1942 481 ‚
1961 448 2040 488 apud

1078 490 1153 521 quos
1165 484 1255 511 etiam
1267 484 1309 520 (id
1323 486 1402 525 quod
1412 487 1632 518 acerbissimum
1643 488 1698 530 est)
1709 489 1797 519 liberi
1808 510 1816 523 ,
1828 490 1966 530 civesque
1979 496 2042 519 tor-

1078 532 1234 570 quentur.⁴
1253 524 1289 554 de
1307 526 1478 558 nostrorum
1499 540 1589 559 etiam
1610 530 1908 570 prudentissimorum
1936 532 2041 561 homi-

1080 574 1156 594 num
1167 564 1310 611 institutis
1323 588 1331 600 ‚
1349 569 1478 608 quicum
1491 571 1527 600 de
1544 572 1633 601 servis
1652 575 1684 602 in
1703 573 1848 603 dominos
1867 575 1962 614 quaeri
1981 583 2039 603 no·-

1079 604 1218 640 luiffent‚
1234 607 1271 636 de
1284 608 1386 644 tncestu
1399 619 1498 641 tamen
1512 613 1544 642 ὃ(
1560 615 1769 653 conjuratione
1784 635 1792 649 ‚
1815 625 1880 656 quae
1895 615 1970 645 faEta
1989 623 2040 645 me

1079 648 1202 678 consule
1216 648 1259 678 cst
1269 669 1278 682 ,
1300 652 1494 690 quaerendum
1507 663 1691 692 putaverunt.
1716 653 1866 686 Iffidenda
1880 659 1969 687 etiam
1980 657 2040 687 dis·

1079 692 1193 729 putatio
1204 689 1246 720 est
1256 711 1266 724 ,
1288 702 1344 732 qua
1354 693 1451 722 solent
1460 697 1505 724 uti
1517 695 1552 724 ad
1571 696 1764 727 infirmandas
1780 698 1960 739 quaestiones
1972 718 1980 731 ,
2005 698 2038 728 &3

1081 731 1233 777 meditata,
1244 735 1424 774 puerilisque
1432 735 1569 765 dicenda.
1594 746 1658 768 tum
1669 738 1801 769 facienda
1811 738 1896 773 fides,
1909 740 2039 781 diligen-

1079 782 1122 802 ter
1134 772 1211 807 este,
1234 774 1267 804 &
1286 773 1344 805 fine
1364 777 1523 816 cupiditate
1544 778 1717 818 quaesitum:
1741 780 1878 822 dietaque
1897 783 2039 822 quaestio-

1077 817 1139 848 nis,
1150 819 1344 855 argumentis,
1357 817 1389 847 &
1399 818 1570 857 conjeEtura
1580 821 1781 859 ponderanda.
1805 825 1901 863 Atque
1916 825 1978 853 haec
1988 834 2037 853 ac-

1076 857 1237 901 cusationis
1247 857 1311 888 fere
1326 860 1463 890 membra
1473 861 1553 891 sunt.
1580 860 1777 892 Defensionis
1788 873 1886 893 autem
1899 865 2033 904 primum

1077 899 1244 929 infirmatio
1260 901 1414 931 causarum
1430 913 1437 935 3
1452 910 1510 931 aur
1521 913 1573 931 non
1594 902 1681 933 fuisse
1692 923 1700 937 ,
1720 914 1770 934 aut
1780 915 1842 934 non
1856 914 1948 935 tantas
1960 926 1968 940 ‚
1987 916 2036 937 aut

1078 950 1141 970 non
1153 939 1206 970 fibi
1217 942 1270 971 soli
1282 962 1291 975 ,
1311 951 1361 972 aut
1373 944 1567 974 commodius
1577 944 1704 985 potuisse
1720 946 1800 976 idem
1811 947 1971 988 consequi3
1988 956 2036 979 aut

1078 984 1188 1012 noniis
1199 983 1227 1012 se
1236 982 1292 1013 effe
1306 984 1442 1014 moribus
1455 1005 1462 1018 ,
1476 996 1538 1016 non
1550 997 1581 1016 ea
1592 989 1651 1018 vita
1663 999 1671 1021 ·‚
1688 988 1848 1018 autnullos
1859 991 1953 1018 animi
1964 999 2035 1019 mo-

1075 1033 1122 1054 tus
1131 1044 1139 1058 ‚
1150 1034 1200 1054 aut
1213 1035 1276 1055 non
1287 1034 1347 1056 tam
1358 1028 1554 1066 impotenteis
1563 1027 1659 1058 fuisse.
1684 1031 1860 1060 Fac-uitatem
1873 1039 1973 1060 autem
1987 1033 2034 1060 in-

1077 1064 1246 1097 firmatione
1257 1076 1367 1101 utetur,
1379 1066 1400 1097 fi
1410 1078 1458 1099 aut
1469 1079 1551 1098 vireu
1561 1090 1568 1103 ‚
1584 1081 1632 1101 aut
1641 1073 1779 1101 animum
1792 1091 1799 1105 ,
1810 1080 1859 1102 aut
1868 1074 1978 1111 copias,
1990 1080 2037 1103 aut

1078 1118 1152 1148 opes
1161 1107 1288 1138 abfuiss'e
1301 1110 1539 1141 demonstrabit:
1563 1122 1612 1142 aut
1622 1113 1756 1143 alienum
1772 1122 1908 1153 tempta,
1929 1123 1979 1143 aut
1991 1115 2038 1144 lo-

1076 1160 1145 1180 cum
1156 1160 1220 1180 non
1231 1152 1377 1181 idoneum
1389 1172 1398 1185 ,
1415 1162 1464 1182 aut
1476 1153 1589 1183 multos
1601 1154 1724 1184 arbitros
1735 1175 1743 1188 ,
1762 1165 1893 1195 quorum
1904 1155 2036 1186 crederet

1075 1193 1215 1221 nemini:
1236 1202 1358 1223 autnon
1379 1194 1406 1223 se
1417 1203 1477 1225 tam
1492 1197 1627 1235 ineptum
1641 1216 1649 1229 ,
1670 1206 1702 1226 ut
1715 1198 1745 1226 id
1757 1197 1932 1236 susciperet,
1953 1197 2034 1237 quod

1071 1234 1218 1264 occultare
1227 1244 1289 1264 non
1299 1233 1478 1277 posset,neq;
1488 1246 1547 1267 tarn
1558 1247 1757 1271 amentem,ut
1764 1248 1915 1279 poenas‚ac
1922 1240 2035 1278 judicia

1073 1285 1293 1306 contemneret.
1320 1278 1649 1318 Consequentiaautem
1670 1280 1765 1310 diluet
1783 1280 1967 1320 exponendo
1984 1291 2037 1309 non.

1073 1317 1122 1354 effe
1133 1317 1185 1347 illa
1194 1327 1272 1348 certa
1289 1319 1400 1349 indicia
1417 1319 1488 1350 fazffi
1500 1341 1508 1353 ‚
1524 1331 1590 1361 quae
1608 1323 1700 1351 etiarn
1719 1322 1806 1351 nullo
1818 1321 1944 1352 admisso
1959 1332 2036 1353 con-

1074 1360 1157 1399 sequi
1174 1359 1307 1398 possent:
1330 1360 1528 1403 consistetque
1540 1365 1572 1392 in
1585 1361 1722 1403 singulis:
1745 1362 1839 1396 &ea²
1855 1371 2032 1397 aureorum,

1074 1411 1139 1441 quae
1151 1402 1212 1441 ipse
1221 1401 1297 1432 fausta
1307 1401 1365 1431 effe
1375 1402 1586 1444 dicet‚pi·opi·ia
1596 1404 1653 1434 esse
1664 1404 1804 1435 defendet
1815 1404 1930 1445 potius,
1941 1405 2034 1446 quarn

1075 1444 1232 1472 criminis:
1253 1453 1304 1474 aut
1316 1443 1336 1473 si
1346 1443 1398 1474 sibi
1409 1454 1478 1475 cum
1496 1447 1660 1476 accusatore
1668 1456 1848 1477 communia
1857 1445 1949 1476 essent
1959 1467 1967 1480 ,
1983 1454 2034 1488 pro

1073 1485 1196 1525 periculo
1214 1485 1336 1525 potius,
1356 1486 1447 1527 quam
1462 1497 1564 1518 contra
1580 1488 1704 1518 salutem
1729 1489 1825 1518 valere
1843 1488 1967 1518 debere:
1989 1499 2032 1518 te-

1075 1525 1245 1567 stiumque,
1268 1527 1329 1558 4&
1354 1528 1557 1569 quaestionum
1575 1540 1668 1570 genus
1687 1530 1881 1564 universum,
1904 1531 1937 1561 &
1952 1531 2034 1571 quod

1073 1569 1193 1608 poterit,
1204 1571 1236 1598 in
1251 1567 1384 1610 fingulis‚
1395 1579 1433 1600 ex
1443 1570 1678 1611 reprehensionis
1692 1573 1768 1602 locis
1776 1592 1784 1606 ‚
1801 1572 1954 1613 dequibus
1964 1573 2033 1602 ante

1073 1609 1190 1640 dietum
1202 1610 1254 1644 est,
1263 1611 1388 1642 refellet.
1414 1615 1531 1643 Harum
1539 1614 1691 1643 causarum
1700 1616 1846 1654 principia
1856 1634 1864 1647 ,
1878 1613 2032 1653 suspiciosi

1072 1652 1107 1682 ad
1119 1652 1309 1683 acerbitatem
1328 1653 1364 1683 ab
1374 1655 1537 1685 accusatore
1548 1663 1701 1695 ponentur
1718 1666 1723 1684 :
1746 1655 2034 1696 denunciabiturque

1073 1692 1248 1724 infidiarum
1260 1704 1428 1726 commune
1436 1698 1607 1736 periculum
1619 1717 1627 1731 ,
1649 1697 1916 1738 excitabunturque
1925 1700 2030 1730 animi,

1073 1745 1106 1765 ut
1114 1736 1277 1767 attendant.
1300 1739 1327 1766 A
1337 1747 1388 1767 reo
1399 1748 1499 1768 autern
1512 1759 1521 1772 ,
1541 1739 1661 1780 querela
1670 1737 1794 1769 conflati
1802 1741 1941 1769 criminis
1952 1759 1961 1773 ,
1971 1740 2035 1770 col-

1072 1777 1276 1819 le&arumque
1286 1779 1491 1818 suspicionum
1502 1801 1510 1814 ,
1534 1781 1750 1811 &accusatoris
1762 1780 1892 1815 insidiae,
1915 1781 2033 1812 &item

1073 1829 1240 1849 commune
1253 1821 1421 1860 periculum
1438 1822 1623 1861 proferetur,
1642 1824 1798 1863 animique
1809 1823 1844 1853 ad
1865 1823 2035 1853 misericor-

1073 1860 1155 1890 diam
1165 1862 1343 1896 allicientur,
1360 1863 1394 1893 &
1404 1864 1526 1894 modice
1541 1864 1745 1894 benivolentia
1755 1864 1893 1904 judicum
1908 1865 2035 1905 collige-

1075 1911 1132 1932 tur.
1166 1905 1306 1934 Narratio
1323 1913 1422 1934 autem
1440 1906 1614 1935 accusatoris
1626 1925 1634 1939 ‚
1663 1908 1719 1935 erit
1737 1904 1815 1946 quasi
1833 1906 2028 1937 membratim

1069 1943 1143 1985 gesti
1155 1947 1270 1985 negotii
1291 1946 1450 1986 suspiciosa
1466 1948 1645 1986 explicatio,
1664 1946 1761 1987 sparsis
1780 1948 1924 1977 omnibus
1944 1956 2030 1988 argu--

1074 1988 1202 2019 mentis,
1223 1985 1584 2028 obfturatisdefinfionibm.
1607 1988 1787 2022 Defensori,
1806 1998 1855 2018 aut
1864 1991 2030 2028 praeteritis,

1071 2036 1120 2057 aut
1136 2027 1298 2058 obscuratis
1320 2029 1526 2069 suspicionum
1545 2033 1729 2071 argumentis
1743 2050 1751 2064 ‚
1780 2040 1878 2060 rerum
1900 2031 2027 2070 ipsarum

1072 2078 1197 2099 eventus
1208 2078 1313 2104 erunt,
1331 2071 1470 2111 casusque
1481 2072 1628 2102 narrandi.
1651 2075 1687 2102 In
1695 2070 1911 2102 confirmandis
1929 2081 2032 2103 autem

1071 2109 1181 2140 nostris
1190 2113 1511 2152 argumentationibus,
1521 2112 1769 2154 infirmandisque
1779 2115 1946 2147 contrariis,
1957 2114 2032 2153 saepe

1071 2154 1324 2183 eruntaccusatori
1333 2163 1434 2184 motus
1444 2156 1617 2185 animorum
1629 2156 1774 2186 incitandi
1790 2176 1798 2189 ‚
1820 2166 1871 2186 reo
1888 2158 2032 2196 mitigan-

1073 2193 1114 2223 di.
1148 2197 1246 2235 Atque
1271 2196 1333 2225 haec
1349 2196 1474 2236 quidem
1495 2198 1613 2237 utrique
1631 2199 1770 2227 maxime
1790 2199 1823 2227 in
1841 2206 2030 2237 peroratione

1072 2235 1207 2266 facienda
1219 2247 1224 2265 ε
1247 2237 1331 2266 alteri
1341 2237 1580 2278 frequentatione
1591 2248 1836 2280 argumentoium
1847 2259 1856 2272 ,
1871 2239 2031 2270 &coacer-

1070 2280 1191 2307 vatione
1201 2279 1355 2309 universa:
1378 2281 1461 2310 alteri
1473 2299 1481 2313 ‚
1499 2279 1519 2309 si
1529 2281 1617 2320 plane
1628 2281 1746 2311 causam
1757 2281 1959 2322 redarguendo
1975 2290 2031 2310 ex-

1073 2320 1200 2359 plicarit,
1212 2323 1451 2355 enumeratione,
1462 2331 1493 2352 ut
1503 2323 1633 2363 quidque
1643 2323 1783 2356 diluerit,
1796 2322 1829 2353 &
1839 2323 2030 2352 miseratione

1070 2361 1104 2391 ad
1113 2370 1296 2392 extremum.
1320 2365 1353 2393 C.
1366 2365 1396 2392 F.
1420 2366 1498 2394 Scire
1513 2366 1590 2394 mihi
1607 2365 1669 2404 jam
1683 2364 1807 2398 videor,
1828 2364 2027 2405 quemadmo-

1072 2404 1147 2433 dum
1157 2403 1329 2443 conjeEtura
1347 2404 1497 2435 traetanda
1508 2404 1550 2435 fit.
1573 2409 1665 2436 Nunc
1675 2406 1712 2436 de
1728 2405 1907 2436 definitione
1926 2405 2027 2435 audia-

1072 2455 1152 2475 mus.
1174 2448 1207 2475 C.
1227 2448 1257 2476 P.
1276 2449 1461 2477 Communia
1479 2447 1588 2477 dantur
1603 2451 1636 2478 in
1656 2448 1713 2478 isto
1730 2458 1836 2488 genere
1856 2448 2026 2479 accusatori,

1071 2486 1281 2528 defensorique
1290 2498 1443 2528 praecepta.
1467 2492 1542 2519 Uter
1550 2492 1633 2519 enim
1646 2488 1821 2519 definiendo
1832 2509 1841 2523 ‚
1859 2489 2029 2519 describen-

1069 2528 1170 2569 doque
1184 2530 1277 2560 vei‘bo
1286 2532 1382 2572 magis
1396 2530 1432 2560 ad
1450 2530 1568 2560 sensum
1583 2531 1706 2570 judicis,
1725 2532 1967 2572 opinionemque
1977 2540 2031 2571 pe-

1072 2572 1203 2605 netrarit,
1216 2571 1249 2601 &
1261 2580 1326 2602 uter
1341 2572 1376 2602 ad
1385 2581 1586 2602 communem
1596 2573 1679 2602 verbi
1691 2574 1754 2603 vim
1767 2593 1774 2605 ,
1789 2572 1865 2603 &ad
1876 2582 1941 2602 eam
1953 2582 2030 2613 prae·

1072 2614 1243 2652 ceptionem
1255 2633 1264 2647 ,
1282 2623 1371 2654 quarn
1385 2614 1555 2643 inchoatam
1574 2614 1728 2644 habebunt
1746 2616 1780 2644 in
1791 2615 1904 2644 animis
1915 2617 1954 2647 ii,
1975 2616 2028 2654 qui

1070 2654 1193 2684 audient
1205 2675 1213 2688 ,
1234 2657 1328 2696 magis
1338 2655 1369 2685 &
1379 2657 1502 2695 propius
1512 2654 1660 2686 accesserit
1673 2676 1682 2690 ‚
1701 2658 1726 2686 is
1735 2658 1833 2686 vincat
1844 2654 1957 2687 necesse
1973 2656 2026 2686 est.

1071 2698 1146 2726 Non
1156 2706 1240 2726 enim
1252 2697 1485 2737 argumentando
1496 2698 1555 2727 hoc
1563 2708 1657 2738 genus
1668 2697 1816 2731 traEtatui‘,
1827 2698 1874 2728 sed
1885 2707 2025 2739 tanquam

1071 2738 1248 2778 explicando
1262 2738 1503 2779 excutiendoque
1513 2740 1623 2769 verbo:
1643 2748 1692 2773 ut,
1705 2739 1773 2780 stin
1783 2750 1824 2769 reo
1843 2742 1968 2780 pecunia
1976 2739 2028 2769 ab-

1071 2780 1180 2813 soluto,
1191 2781 1346 2821 rursusque
1356 2789 1495 2810 revocato
1505 2800 1513 2813 ,
1526 2783 1799 2821 praevaricationem
1810 2782 1957 2812 accusator
1968 2779 2026 2810 effe

1067 2820 1199 2854 definiat,
1211 2831 1337 2851 omnem
1352 2822 1669 2862 judiciicorruptelam
1687 2824 1724 2853 ab
1737 2833 1805 2853 reo:
1828 2823 1966 2853 defensor
1975 2832 2029 2852 au-

1069 2872 1144 2896 tem,
1155 2873 1218 2893 non
1227 2873 1353 2893 omnem
1366 2884 1374 2896 ,
1395 2863 1443 2894 sed
1454 2865 1668 2895 tantummodo
1678 2866 1851 2896 accusatoris
1859 2865 2026 2905 corruptela

1068 2905 1172 2934 abreo.
1195 2907 1238 2935 Sit
1255 2916 1326 2946 ergo
1345 2907 1406 2935 haec
1425 2907 1581 2936 contentio
1598 2909 1695 2946 prima
1717 2907 1877 2937 verborum
1889 2926 1900 2940 ‚
1922 2910 1954 2936 in
1970 2915 2028 2947 qua

1067 2948 1159 2977 etiam
1180 2945 1199 2976 fi
1210 2945 1333 2987 propius
1350 2947 1466 2978 accedat
1483 2947 1520 2978 ad
1537 2948 1789 2979 consuetudinem
1801 2968 1809 2983 ,
1834 2956 2028 2988 mentemque

1911 2991 2026 3020 sermo-

77 3045 86 3050 '
112 3053 136 3072 ι.
153 3048 255 3080 Qorum
265 3051 323 3076 modo
338 3051 475 3083 interfiterit
491 3053 586 3086 aliquid
596 3053 614 3092 ]¹
632 3050 711 3078 Haud
722 3052 800 3078 aliter
811 3051 878 3078 Pan.
891 3052 964 3088 prius
974 3052 1026 3078 im·
1070 3051 1159 3079 detur.

75 3081 270 3116 premant-um
280 3096 334 3112 nm.
349 3094 441 3113 contra
449 3097 555 3114 oiniiein
569 3095 709 3114 rationem.

112 3124 140 3142 2.
158 3119 243 3146 Deinde
260 3124 329 3147 etiam
345 3131 481 3156 argumento
493 3126 599 3159 firma]
620 3123 677 3150 Pal.
697 3132 738 3159 pr.
757 3124 949 3157 argumentando.
968 3122 1027 3149 Pal.

73 3151 184 3186 quintus
211 3164 342 3190 argumenro
367 3160 470 3192 infirmo.
507 3159 578 3197 quod
610 3159 734 3185 ultimum
757 3159 865 3186 verbum
894 3161 951 3186 fere
973 3159 1033 3186 sali-

1108 3097 1121 3123 3
1129 3108 1135 3114 .
1149 3090 1331 3121 Arttpfflulatio
1341 3095 1368 3114 ut
1377 3089 1537 3124 habeamur-t]
1554 3089 1647 3116 Malim
1657 3089 1728 3126 quod
1739 3090 1774 3117 cst
1784 3090 1812 3117 iii
1825 3089 1910 3116 l‘alat.
1921 3079 2027 3125 quinte-

1072 3126 1207 3157 ampustulo
1216 3131 1243 3149 ut
1254 3126 1397 3151 habeamur.

1109 3167 1137 3192 4.
1158 3163 1190 3185 Et
1208 3162 1352 3194 quaestionum
1364 3169 1440 3195 gcnm
1460 3162 1633 3197 uni-urfica]
1653 3161 1816 3190 Gulielmius
1835 3159 2027 3189 emendans-'uui

73 3191 130 3215 vam
148 3189 213 3218 mihi
229 3199 330 3221 movet.
350 3192 392 3221 sed
412 3203 458 3222 nee
475 3196 659 3230 argumentando
671 3214 680 3229 ‚
699 3195 804 3232 'insuper
823 3194 973 3225 habendum
993 3196 1033 3224 vi·
1075 3195 1196 3224 censebat
1204 3197 1341 3230 unirerfim.

1574 3233 1624 3263 Aa
1921 3234 2031 3266 LNJ·

2060 856 2100 902 3'5
