2339 3379
521 133 781 177 ORA‘rro
816 144 885 174 [Ν
921 131 973 176 L.
1013 130 1464 175 CALPURNIUM
1501 127 1804 176 PrsoNEM.

2051 147 2140 196 543

177 221 303 256 petuum
322 211 414 242 totius
426 209 518 240 Italiae
531 207 678 238 viderem.
700 217 797 248 neque
810 208 893 238 enim
904 208 984 248 regio
995 206 1053 237 fuit
1063 206 1136 240 ulla,
1187 209 1220 237 C.
1235 207 1407 253 philosophi
1422 217 1540 239 vocem.
1563 211 1702 259 negavit,
1721 210 1750 240 se
1768 210 1908 252 triumphi
1925 211 2058 252 cupidum
2078 222 2149 242 um-

177 266 277 297 neque
289 253 489 291 municipium
501 271 510 284 ‚
522 259 620 290 neque
630 248 813 289 praefeEtura,
825 250 1001 280 autcolonia
1010 268 1018 281 ,
1032 258 1071 278 ex
1081 258 1139 289 qua

180 308 244 328 non
261 295 379 336 publice
393 293 429 323 ad
449 302 497 322 me
516 292 657 322 venerint
672 292 861 333 gratulatum.
885 290 968 332 Qiid
979 290 1076 320 dicam
1088 289 1139 319 ad-

179 348 285 370 ventus
300 337 407 366 meos?
426 333 500 375 quid
510 332 667 363 effusiones
679 336 842 364 hominum
855 343 892 364 ex
906 331 1046 372 oppidis?
1065 331 1137 372 quid

179 379 356 411 concursum
372 386 410 406 ex
423 377 498 418 agris
510 384 628 415 patrum
644 374 776 405 familiis
796 386 866 405 cum
885 373 1065 415 conjugibus
1077 393 1085 405 ‚
1105 383 1136 402 ac

178 423 280 453 liberis
295 422 305 449 ?
320 417 392 459 quid
412 427 463 447 eos
481 417 544 447 dies
556 437 564 451 ‚
585 419 656 458 qui,
677 416 754 458 quafi
771 417 898 448 deorum
914 415 1134 446 immortalium

172 462 239 504 festi
249 483 257 496 ,
268 471 299 491 ac
309 461 470 490 sollemnes
483 480 491 494 ‚
504 460 571 489 sunt
583 459 710 490 adventu
721 469 791 490 meo
802 480 810 493 ,
823 459 977 498 redituque
986 456 1140 486 celebrati?

180 508 267 535 Unus
292 503 344 532 ille
370 502 433 532 dies
461 502 539 531 mihi
560 502 683 542 quidem
702 502 939 532 immortalitatis
959 498 1050 529 instar
1067 496 1138 531 fuit,

178 555 242 587 quo
260 547 291 575 in
305 546 429 584 patriam
445 543 538 577 redii,
557 544 629 573 cum
641 545 773 574 senatum
787 541 929 585 egressum
941 541 1003 571 vidi
1015 560 1024 574 ,
1041 549 1139 580 popu-

177 589 303 628 lumque
321 589 416 616 Rom.
438 587 612 616 universum
631 606 639 620 ‚
662 585 734 616 ciim
754 588 831 615 mihi
849 586 907 625 ipsa
927 586 1027 613 Roma
1045 581 1138 621 prope

178 629 321 660 convulsa
339 628 458 658 sedibus
476 629 535 658 suis
546 648 555 662 ,
575 628 610 658 ad
620 627 888 668 compleste'ndum
898 625 1137 673 conservatorem

175 672 264 702 suum
274 670 433 711 procedere
443 670 504 700 visa
515 670 567 700 cst.
591 681 656 711 quae
668 681 717 700 me
729 671 768 700 ita
777 670 888 707 accepit
901 687 908 700 2
924 675 1031 713 utnon
1042 665 1137 694 modo

175 716 321 744 omnium
332 722 476 754 generum
487 733 495 746 ‚
511 721 631 742 aetaturn
644 732 652 746 ‚
665 712 807 741 ordinum
819 717 927 739 omnes
936 717 992 754 vir-1
1004 716 1058 754 ‚nac
1068 716 1139 753 mu-

175 755 262 786 lieres
274 775 283 788 ‚
303 756 405 785 omnis
416 754 544 784 fortunae
555 774 562 788 ‚
583 764 615 784 ac
625 754 700 783 loci:
722 751 771 782 sed
786 752 874 781 etiam
891 758 1004 779 moenia
1016 748 1078 788 ipsa
1093 758 1139 777 vi-

176 797 317 827 derentur
334 816 342 830 ‚
373 797 406 826 &
424 795 499 826 testa
518 796 600 825 urbis
618 815 626 827 ‚
653 804 685 824 ac
705 793 816 832 templa
837 791 936 820 lactari.
960 792 1012 820 Me
1033 790 1147 826 conse—,

173 839 337 880 quentibus
353 838 458 868 diebus
474 840 508 867 in
525 847 559 867 ea
574 837 634 876 ipsa
650 835 746 865 domo
757 854 765 867 ,
788 844 845 874 qua
859 843 889 863 tu
905 843 955 862 me
968 831 1136 872 expuleras,

173 891 264 922 quam
283 881 444 920 expilaras‚
465 888 555 919 quam
570 877 761 916 incenderas,
782 873 942 916 pontifices
954 894 962 908 ‚
984 874 1135 907 consules,

172 927 288 963 ¹patres
306 922 467 960 conscripti
490 920 715 950 collocaverunt
733 938 741 952 ‚
772 918 909 958 mihique
930 937 938 950 ,
969 915 1049 957 quod
1067 925 1136 946 ante
1155 942 1156 946 ,

172 975 224 995 me
243 965 361 994 nemini
380 982 389 996 ‚
416 962 532 1002 pecunia
546 959 661 1002 publica.
680 958 889 990 aedificandam
909 959 1038 989 domum
1056 968 1135 987 cen-

169 1007 301 1037 suerunt.
335 1004 435 1034 Habes
457 1003 588 1033 reditum
612 1013 727 1033 meum.
761 1001 874 1033 Confer
895 1011 977 1031 nunc
1003 998 1132 1030 vicissim

170 1057 269 1081 tuum,
279 1045 539 1087 quandoquidem,
549 1044 656 1076 amifl'o
667 1045 812 1078 exercitu,
823 1043 900 1073 nihil
911 1043 1068 1073 incolume
1078 1041 1132 1072 do-

167 1099 255 1119 mum
268 1108 276 1123 ,
288 1097 392 1130 praeter
405 1097 439 1118 os
452 1087 527 1117 illud
541 1086 701 1127 pristinum
719 1096 807 1116 tuum
821 1105 828 1119 ,
848 1085 990 1115 retulisti:
1010 1086 1062 1125 qui
1074 1085 1134 1124 pri-

167 1129 256 1161 murn
268 1150 277 1164 ‚
291 1130 350 1171 qua
359 1131 479 1160 veneris
489 1139 560 1159 cum
572 1129 706 1159 laureatis
717 1129 775 1158 tuis
787 1127 946 1158 li&oi·ibus
957 1147 965 1161 ,
982 1128 1051 1167 quis
1066 1127 1133 1156 scit?

166 1182 242 1214 quos
254 1182 318 1202 tum
330 1171 503 1202 Maeandros
513 1191 522 1205 ,
533 1171 606 1201 dum
617 1171 738 1201 omneis
748 1169 926 1200 solitudines
936 1170 1117 1209 persequeris
1127 1188 1135 1202 ‚
1151 1196 1152 1199 ,

166 1224 233 1256 quae
251 1214 444 1247 diverticula,
468 1212 673 1254 flexionesque
686 1211 836 1253 quaesisti?
856 1211 937 1252 quod
956 1220 983 1241 te
999 1212 1132 1240 munici-

165 1259 254 1297 pium
265 1256 363 1286 vidit?
382 1257 451 1296 quis
463 1257 577 1285 amicus
592 1256 753 1285 invitavit?
771 1256 838 1295 quis
856 1254 963 1293 hospes
982 1252 1131 1292 adspexit?

167 1308 272 1329 nonne
291 1298 347 1329 tibi
361 1308 415 1326 nox
434 1305 496 1326 erar
510 1305 558 1338 pro
575 1296 641 1326 die?
659 1306 724 1326 non
742 1295 874 1326 solitudo
886 1305 940 1335 pro
953 1294 1135 1335 frequentia?

166 1350 301 1380 caupona
319 1349 373 1380 pro
390 1339 526 1379 oppido?
543 1348 609 1368 non
626 1347 659 1368 ut
670 1338 766 1368 redire
779 1347 817 1367 ex
829 1336 1008 1366 Macedonia
1017 1336 1132 1366 nobilis

167 1383 343 1422 imperator,
366 1381 416 1411 sed
427 1389 459 1410 ut
469 1390 608 1410 mortuus
619 1378 743 1409 infamis
753 1378 858 1410 referri
867 1378 1021 1410 videretur
1035 1380 1046 1407 ?
1064 1380 1130 1408 Ro-

101 1431 123 1457 2
133 1433 147 1466 3
169 1433 251 1454 mam
262 1421 334 1454 vero
344 1422 437 1462 ipsam
449 1421 575 1451 foedavit
582 1421 727 1451 adventus
742 1430 818 1451 tuus.
838 1423 864 1450 O
873 1419 997 1450 familiae
1007 1430 1072 1450 non
1083 1420 1128 1450 di-

165 1475 231 1496 cam
241 1464 421 1504 Calpurniae‚
432 1463 481 1494 sed
492 1463 653 1493 Calventiae
664 1474 668 1492 1
681 1473 779 1504 neque
790 1463 840 1502 huj
847 1472 879 1492 us
890 1462 971 1493 urbis
981 1481 990 1496 ‚
1003 1461 1051 1492 sed
1063 1463 1129 1492 Pla-

166 1508 281 1538 centini
290 1507 454 1545 municipii
465 1515 471 1534 :
489 1515 587 1546 neque
597 1507 710 1545 paterni
719 1507 836 1546 generis
847 1525 855 1539 ,
874 1504 923 1535 sed
934 1503 1066 1533 braccata
1076 1514 1130 1534 co-

163 1550 314 1591 gnationis
325 1547 456 1578 dedecus
465 1567 474 1581 ‚
485 1547 750 1588 quemadmodum
760 1546 892 1577 venisti?
905 1550 973 1587 quis
983 1546 1051 1579 tibi,
1064 1556 1128 1576 non

163 1592 263 1621 dicam
272 1591 383 1620 horum
394 1609 404 1624 ‚
423 1599 473 1620 aut
481 1590 596 1619 civium
608 1598 778 1620 ceterorum
792 1609 800 1622 ,
820 1588 869 1619 sed
881 1597 1002 1619 tuorum
1013 1588 1126 1628 legato-

164 1642 232 1663 rum
243 1631 365 1662 obviarn
375 1633 483 1663 venit?
501 1641 625 1662 mecum
635 1633 720 1661 enim
731 1633 768 1662 L.
781 1631 901 1661 Flaccus
911 1650 920 1664 ,
935 1632 981 1661 vir
993 1639 1042 1661 tua
1053 1631 1131 1671 lega-

162 1675 247 1705 tione
256 1671 481 1714 indigniffimus
492 1693 501 1708 ,
518 1683 606 1714 atque
617 1675 654 1703 iis
666 1672 798 1703 consiliis
808 1693 818 1709 2
836 1673 948 1713 quibus
958 1682 1081 1702 mecum
1094 1673 1128 1702 in

162 1716 319 1747 consulatu
331 1726 402 1746 meo
412 1717 483 1755 conj
487 1715 597 1746 unlzhis
606 1714 666 1745 fuit
677 1715 712 1746 ad
724 1714 960 1747 conservandam
972 1724 1068 1754 remp.
1082 1714 1130 1744 di-

163 1759 253 1799 gnior
263 1777 272 1791 ‚
289 1767 412 1788 mecum
421 1757 479 1788 fuit
489 1766 554 1788 tum
567 1777 576 1791 ‚
590 1755 660 1787 cum
673 1767 700 1787 te
709 1757 834 1798 quidam
845 1766 910 1786 non
919 1755 1010 1797 longe
1021 1756 1037 1786 a
1046 1765 1130 1796 porta

163 1809 235 1830 cum
245 1798 402 1830 Iistoribus
411 1808 559 1830 errantem
571 1800 671 1830 visum
681 1798 739 1829 esse
752 1798 895 1829 narrabat.
920 1798 980 1828 scio
993 1800 1068 1828 item
1083 1800 1132 1828 vi-

164 1850 234 1871 rum
243 1839 354 1870 fortem
366 1843 399 1871 in
408 1843 515 1882 primis
524 1861 533 1875 ‚
544 1841 617 1871 belli
629 1851 662 1872 ac
671 1842 714 1871 rei
724 1841 865 1870 militaris
874 1841 1004 1880 peritum
1016 1859 1024 1873 ,
1037 1839 1130 1870 fami-

163 1883 268 1912 liarem
279 1891 385 1912 meum
395 1902 404 1917 ,
422 1884 620 1923 QMarcium
631 1903 640 1917 ‚
662 1892 794 1924 quorum
805 1891 837 1912 tu
849 1882 1012 1922 legatorum
1024 1882 1132 1921 proelio

163 1927 327 1964 imperator
338 1925 500 1964 appellatus
510 1934 572 1954 eras
583 1945 592 1958 ‚
609 1928 624 1944 ²
634 1923 706 1954 cum
725 1933 789 1954 non
799 1924 890 1964 longe
901 1921 1040 1953 abfuisse—s
1051 1944 1059 1958 ,
1077 1924 1129 1954 ad·
1148 1953 1149 1958 ,

165 1976 258 1996 ventu
269 1965 327 1996 isto
343 1975 395 1996 tuo
407 1965 591 1996 domifuiffe
601 1966 747 1996 otiosum.
770 1966 826 1996 Sed
839 1965 913 2006 quid
927 1974 983 2005 ego
1000 1975 1128 1996 enume-

165 2016 200 2039 ro
211 2028 220 2041 ,
243 2009 296 2048 qui
307 2007 361 2038 tibi
373 2007 495 2039 obviam
507 2017 572 2037 non
581 2009 741 2037 venerint?
758 2010 810 2048 qui
824 2007 894 2040 dico
911 2005 1023 2037 venisse
1041 2007 1127 2047 paene

164 2052 322 2080 neminem
336 2069 344 2082 ‚
366 2060 405 2080 ne
423 2049 459 2080 de
480 2049 667 2090 qffi‘ciofiffima
679 2049 804 2091 quidem
818 2051 941 2079 natione
953 2049 1127 2083 candidato-

163 2101 233 2122 rum
245 2112 254 2125 ,
273 2090 346 2121 cum
359 2091 451 2133 vulgo
461 2091 554 2122 efi'ent
566 2092 664 2122 &illo
675 2092 739 2131 ipso
751 2111 759 2125 ,
781 2091 814 2121 &
825 2091 931 2121 multis
940 2090 1010 2121 ante
1019 2091 1125 2122 diebus

162 2133 313 2164 admoniti
326 2155 334 2168 ‚
357 2133 390 2164 &
403 2136 506 2174 rogati.
529 2133 659 2175 Togulae
672 2133 832 2163 heroi-ibus
841 2133 876 2163 ad
885 2142 1002 2173 portam
1015 2133 1123 2173 praesto

158 2174 298 2206 fuerunt:
317 2174 430 2215 quibus
444 2176 490 2205 illi
503 2177 629 2215 acceptis
641 2195 650 2210 ‚
670 2176 765 2216 sagula
779 2177 964 2216 rejecerunt,
989 2175 1021 2205 ὃς
1034 2184 1126 2206 cater-

162 2226 232 2248 vam
253 2219 428 2257 imperatori
446 2217 500 2247 suo
518 2227 631 2248 novam
649 2218 849 2257 praebuerunt.
881 2220 929 2248 Sic
947 2217 1001 2248 iste
1012 2237 1020 2251 ‚
1040 2226 1124 2247 tanto

162 2260 296 2290 exercitu
307 2277 316 2292 ‚
338 2267 416 2288 tanta
424 2260 581 2299 provincia
591 2278 600 2293 ,
619 2261 753 2289 triennio
761 2257 830 2299 post
838 2279 847 2293 ‚
858 2260 1056 2289 Macedonicus
1066 2261 1123 2289 im-

156 2308 270 2342 perator
279 2321 288 2334 ‚
302 2302 335 2331 in
344 2300 450 2330 urbem
463 2301 493 2331 se
502 2301 607 2331 intulit
618 2321 627 2334 ,
644 2310 677 2330 ut
688 2301 803 2331 nullius
812 2304 1006 2342 negotiatoris
1016 2301 1124 2332 obscu-

161 2341 268 2373 riffimi
278 2342 390 2373 reditus
401 2352 546 2383 umquam
557 2341 648 2372 fuerit
657 2342 807 2373 desertior.
830 2345 863 2372 in
874 2353 935 2384 quo
945 2354 996 2374 me
1007 2353 1119 2378 tamen,

159 2386 212 2425 qui
220 2383 292 2414 ess'et
300 2392 415 2424 paratus
425 2384 460 2414 ad
471 2384 499 2414 se
509 2383 736 2415 defendendum
746 2405 755 2418 ,
766 2386 966 2424 reprehendit.
981 2384 1053 2415 cum
1065 2395 1120 2427 ego

160 2427 385 2457 Coelimontana
393 2435 476 2466 porta
486 2424 623 2456 introisse
633 2424 773 2457 dixifl’em
785 2447 794 2461 ‚
813 2430 826 2455 3
838 2426 998 2467 sponsione
1007 2437 1058 2457 me
1066 2447 1075 2462 ‚
1086 2429 1120 2457 iii

157 2468 315 2509 Esquilina
324 2467 471 2498 introisset
481 2489 490 2502 ‚
508 2469 606 2498 homo
623 2467 842 2508 promtiffimus
862 2468 1002 2499 laceffivit
1014 2480 1019 2498 z
1038 2468 1119 2510 quasi

156 2510 231 2540 vero
243 2510 274 2540 id
286 2519 335 2541 aut
344 2519 398 2551 ego
409 2510 482 2541 scire
491 2510 649 2541 debuerim
661 2531 670 2545 ‚
688 2514 746 2540 4ut
761 2509 894 2541 vestrum
907 2512 1055 2552 quispiam
1066 2522 1120 2542 au-

156 2551 246 2582 dierit
256 2563 265 2587 3
279 2560 328 2582 aut
338 2553 372 2582 ad
383 2561 444 2582 rem
455 2555 601 2593 pertineat
611 2572 619 2586 ‚
634 2562 691 2593 qua
701 2562 733 2583 tu
743 2562 829 2592 porta
837 2554 988 2583 introieris
999 2573 1007 2588 ‚
1021 2552 1117 2584 modo

156 2594 196 2624 :ne
209 2593 396 2636 triumphali:
413 2604 479 2635 quae
486 2603 573 2635 porta
583 2594 791 2625 Macedonicis
802 2595 917 2634 semper
926 2596 1118 2635 proconsuli-

155 2634 213 2666 bus
230 2645 298 2666 ante
315 2645 343 2666 te
361 2637 463 2676 patuit.
487 2645 520 2667 tu
532 2639 674 2668 inventus
687 2646 718 2667 es
729 2656 737 2670 ‚
759 2638 811 2678 qui
822 2637 971 2667 consulari
988 2638 1117 2677 imperio

92 2677 142 2722 '24
154 2677 296 2719 praeditus
306 2697 316 2713 ,
335 2687 374 2708 ex
382 2678 559 2710 Macedonia
567 2689 633 2709 non
643 2679 852 2720 triumphares.
875 2681 916 2709 At
924 2677 1045 2710 audistis
1055 2699 1064 2714 ,
1083 2682 1116 2710 P.

1184 258 1275 289 quam
1289 248 1386 279 fuisle.
1409 250 1558 285 ost-elus,
1581 251 1699 292 opestis
1711 272 1719 287 ‚
1738 252 1757 283 ὁ
1771 253 1868 284 labes!
1889 253 1961 284 cum
1976 253 2147 295 exstingue-

1184 290 1234 320 bas
1249 290 1382 321 senatum
1395 310 1404 325 ‚
1423 292 1573 324 vendebas
1584 293 1792 325 aufioritatem
1803 296 1892 336 hujus
1903 296 2019 326 ordinis
2031 316 2040 330 ‚
2060 296 2146 326 addi-

1182 332 1266 361 cebas
1286 333 1408 363 tribuno
1427 334 1508 373 pleb.
1528 335 1717 366 consulatum
1738 346 1824 367 tuum
1839 355 1848 371 ‚
1872 347 1968 378 remp.
1979 338 2142 372 evertebas,

1179 373 1324 419 prodebas
1340 384 1425 415 caput
1439 376 1471 405 ὃς
1485 376 1609 407 salutem
1625 387 1726 409 meam
1742 389 1801 410 una
1813 380 1953 410 mercede
1966 382 2141 420 provinciae:

1179 412 1200 443 si
1213 416 1401 461 triumphurn
1412 426 1476 446 non
1485 419 1625 458 cupiebas
1635 439 1644 452 ‚
1659 421 1744 460 cujus
1755 421 1876 451 tandem
1886 424 1928 451 rei
1938 430 1966 452 te
1977 423 2139 462 cupiditate

1177 454 1273 502 arsisle
1284 457 1450 487 detendes?
1470 460 1543 499 saepe
1560 463 1645 492 enim
1663 463 1745 496 vidi,
1764 464 1816 504 qui
1828 463 1968 498 &mihi,
1989 464 2138 495 &ceteris

1179 497 1348 537 cupidiores
1358 502 1521 537 provincia:
1532 502 1722 539 viderentur,
1734 506 1882 545 triumphi
1892 507 2020 536 nomine
2029 515 2139 546 tegere,

1178 548 1264 580 atque
1278 539 1370 568 velare
1383 541 1568 581 cupiditatem
1582 544 1674 575 suam.
1698 549 1768 577 Hoc
1780 546 1878 577 modo
1887 549 1926 577 D.
1936 548 2054 578 Silanus
2064 557 2142 578 con-

1179 581 1223 610 sul
1236 582 1269 610 in
1284 582 1340 611 hoc
1353 582 1459 612 ordine
1469 603 1478 616 ‚
1500 585 1557 614 hoc
1569 595 1654 616 meus
1666 590 1755 618 etiam
1767 589 1880 630 collega
1890 588 2017 620 dicebat.
2040 599 2140 630 neque

1179 624 1263 652 enim
1274 623 1431 664 quisquam
1441 625 1538 664 potest
1547 630 1712 659 exercitum
1722 640 1828 670 cupere
1837 651 1845 665 ‚
1857 641 2014 673 aperteque
2023 641 2136 672 petere,

1179 672 1212 694 ut
1222 674 1286 694 non
1295 667 1636 706 praerexatcupiditatem
1650 672 1806 711 triumphi.
1831 672 1921 713 Qod
1936 672 1956 703 si
1971 683 1998 704 te
2008 674 2137 707 senatus,

1177 706 1367 747 populusque
1375 709 1468 737 Rom.
1478 717 1527 738 aut
1536 719 1600 739 nou
1612 720 1799 750 appetentem
1814 735 1822 747 ,
1838 717 1988 745 autetiam
2000 715 2140 745 recusan-

1179 756 1240 777 tem
1252 768 1262 781 ,
1283 748 1400 778 bellurn
1414 749 1560 789 suscipere
1572 770 1580 784 ,
1603 755 1769 783 exercitum
1790 755 1897 785 ducere
1916 756 2074 796 coegisset:
2096 766 2139 787 ta·-

1180 799 1253 819 men
1272 798 1333 820 erat
1354 790 1471 830 angusti
1488 794 1604 826 animi,
1624 803 1712 835 atque
1732 795 1848 826 demissi
1860 818 1869 830 ,
1890 798 1980 839 5justi
1992 799 2139 839 triumphi

1176 832 1328 862 honorem
1341 852 1349 865 ‚
1370 842 1457 874 atque
1474 833 1652 875 dignitatem
1672 846 1877 868 contemnere.
1900 850 1969 870 nam
1988 860 1997 874 ‚
2020 851 2065 871 UT
2081 850 2139 870 LE-

1179 884 1318 904 virAris
1337 873 1396 908 est,
1419 885 1541 905 inanem
1550 880 1687 918 aucupari
1697 888 1852 909 rumorem
1863 901 1871 914 ,
1891 890 1924 911 ut
1933 885 2053 912 omneis
2064 892 2137 912 um·-

1178 915 1243 946 bras
1254 918 1345 946 etiam
1355 916 1433 947 falsae
1442 917 1545 958 gloriae
1556 919 1720 951 consectari
1733 932 1738 950 :
1758 920 1795 952 fic
1809 922 1884 952 levis
1898 922 1940 952 est
1953 926 2069 957 animi,
2089 925 2139 954 lu—

1174 967 1241 988 cem
1255 958 1505 1000 splendoremque
1514 959 1659 1002 fugientis
1670 982 1679 997 ‚
1687 961 1798 1002 justam
1808 964 1950 1004 gloriam,
1960 967 2011 1005 qui
2022 965 2064 995 est
2073 965 2138 995 fru-

1176 998 1240 1029 &us
1251 1010 1327 1030 verae
1337 1003 1454 1031 virtutis
1465 1002 1691 1034 honestissimus
1701 1025 1709 1039 ‚
1723 1006 1885 1045 repudiare.
1901 1005 1981 1036 cum
1991 1006 2063 1036 vero
2073 1017 2139 1037 non

1177 1041 1272 1072 modo
1290 1052 1355 1088 non
1371 1042 1539 1083 postulante
1550 1064 1559 1078 ,
1582 1054 1668 1086 atque
1681 1056 1805 1088 cogente
1817 1067 1825 1081 ,
1846 1047 1895 1078 sed
1913 1049 2011 1078 invito
2023 1069 2031 1082 ‚
2050 1058 2138 1089 atque

1175 1083 1313 1124 oppreflo
1321 1085 1423 1115 senatu
1435 1104 1444 1119 ‚
1456 1095 1520 1116 non
1531 1086 1626 1117 mode>
1638 1088 1724 1119 nullo
1732 1090 1837 1130 populi
1848 1092 1944 1120 Rom.
1957 1089 2057 1120 studio
2068 1110 2076 1124 ‚
2088 1090 2139 1122 sed

1172 1127 1260 1156 nullo
1274 1125 1388 1157 ferente
1403 1125 1577 1169 suffragium
1596 1129 1692 1160 libero
1704 1151 1712 1164 ‚
1733 1133 1892 1171 provincia
1900 1132 1957 1162 tibi
1966 1131 2020 1162 ista
2029 1142 2139 1162 manu·

1172 1170 1303 1208 pretium
1314 1168 1405 1199 fuerit
1423 1167 1513 1200 ⁶non
1532 1171 1640 1202 eversae
1658 1182 1709 1212 per
1730 1181 1757 1202 te
1770 1193 1779 1207 ,
1800 1173 1848 1203 sed
1861 1173 1985 1214 perditae
1997 1175 2138 1205 civitatis:

1172 1220 1302 1251 cumque
1320 1212 1465 1242 omnium
1486 1221 1611 1243 tuorum
1631 1214 1775 1245 scelerum
1793 1216 1855 1245 haec
1867 1214 1963 1256 partio
1979 1215 2138 1250 exstiterit,

1174 1262 1207 1283 ut
1218 1273 1226 1286 ‚
1240 1251 1261 1282 si
1270 1262 1301 1283 tu
1311 1261 1407 1283 totam
1417 1254 1556 1294 rempub.
1566 1254 1689 1286 nefariis
1699 1257 1865 1287 latronibus
1877 1256 2052 1292 tradidifl'es‚
2065 1260 2136 1288 Ma-

1173 1294 1300 1325 cedonia
1311 1294 1365 1325 tibi
1377 1295 1418 1325 ob
1427 1305 1493 1326 eam
1503 1306 1567 1327 rem
1579 1317 1587 1332 ‚
1608 1298 1719 1338 quibus
1732 1307 1762 1329 tu
1775 1297 1886 1329 finibus
1897 1299 1989 1330 velles
1999 1319 2009 1333 ,
2029 1299 2139 1330 redde-

1170 1346 1251 1367 retur
1263 1347 1268 1365 :
1288 1335 1360 1367 cum
1372 1338 1565 1369 exhauriebas
1575 1342 1711 1370 aerarium
1724 1351 1729 1370 ;
1746 1340 1818 1371 curn
1829 1341 1953 1371 orbabas
1962 1341 2077 1372 Italiam
2086 1342 2098 1381 j
2102 1352 2138 1371 u-

1171 1387 1294 1409 ventute
1308 1389 1313 1408 ;
1327 1377 1399 1409 cum
1410 1389 1492 1410 mare
1502 1380 1697 1412 vastlfflmum
1708 1383 1811 1413 hieme
1822 1381 1958 1413 tiansibas
1970 1394 1975 1412 :
1995 1381 2015 1412 si
2027 1385 2136 1414 trium-

1169 1422 1266 1461 phum
1276 1421 1491 1451 contemnebas
1501 1442 1509 1456 ,
1521 1433 1586 1463 quae
1598 1433 1626 1453 te
1635 1444 1644 1458 ‚
1656 1425 1757 1464 praedo
1767 1423 1983 1457 amentissime,
1993 1423 2049 1454 nisi
2059 1435 2138 1465 prae·

1170 1464 1213 1493 dae
1225 1483 1233 1496 ,
1255 1473 1287 1493 ac
1306 1465 1476 1503 rapinarum
1497 1465 1643 1505 cupiditas
1661 1475 1722 1497 tam
1740 1477 1815 1497 caeca
1833 1466 1983 1507 rapiebat?
2006 1469 2081 1496 Non
2093 1466 2138 1498 est

1169 1507 1319 1546 integrum
1331 1507 1536 1546 Cn-Ponipejo
1547 1526 1554 1539 ‚
1570 1506 1769 1547 consiliojam
1780 1510 1823 1539 uti
1834 1516 1896 1538 tuo.
1920 1505 2137 1538 erravit'enim.

1169 1557 1234 1577 non
1243 1546 1370 1587 gustarat
1380 1546 1466 1577 istam
1479 1557 1559 1578 tuam
1570 1550 1807 1590 philosophiam.
1829 1551 1943 1590 terjam
1954 1550 2051 1580 homo
2063 1549 2140 1581 stul-

1170 1597 1217 1619 tus
1227 1589 1434 1629 triumphavit.
1458 1588 1565 1624 Crasse,
1577 1591 1668 1631 pudet
1680 1594 1797 1622 metui.
1820 1591 1892 1633 quid
1903 1590 1956 1625 est,
1968 1590 2051 1632 quod
2061 1602 2136 1623 con·

1168 1630 1251 1661 feeto
1261 1629 1545 1661 formidolosissimo
1555 1632 1638 1664 bello
1651 1654 1661 1667 ‚
1681 1642 1828 1664 coronam
1840 1634 1925 1664 illam
1935 1634 2068 1664 lauream
2079 1634 2137 1665 tibi

1168 1682 1320 1712 tantopere
1328 1672 1448 1703 decerni
1458 1673 1590 1704 volueris
1599 1674 1616 1705 a
1625 1675 1726 1706 senatu
1737 1678 1747 1705 ?
1766 1678 1797 1706 P.
1808 1677 1915 1706 Servili
1926 1696 1936 1710 ‚
1950 1676 2135 1716 QMetelle,

1170 1718 1298 1745 C.Curio
1309 1734 1318 1749 ‚
1336 1717 1369 1745 P.
1381 1714 1518 1746 Africane
1529 1736 1538 1750 ,
1557 1726 1609 1747 cur
1623 1727 1688 1748 non
1703 1718 1784 1748 hunc
1797 1716 1919 1749 audistis
1933 1726 1994 1748 tam
2007 1717 2135 1748 dolitum

1171 1758 1332 1787 hominem
1344 1776 1354 1791 ‚
1374 1765 1433 1787 tam
1445 1758 1597 1789 eruditum
1610 1779 1618 1793 ‚
1638 1761 1722 1800 prius
1735 1759 1826 1801 quam
1840 1762 1873 1789 in
1891 1759 1982 1790 istum
2001 1770 2135 1791 errorem

1170 1799 1416 1829 induceremini?
1438 1802 1467 1830 C.
1482 1799 1536 1840 ipsi
1546 1804 1695 1832 Pomtino
1703 1822 1712 1836 ,
1721 1800 1884 1832 necess'ario
1894 1811 1965 1831 meo
1976 1822 1985 1836 ‚
1993 1802 2057 1841 jam
2067 1812 2135 1833 non

1169 1840 1213 1871 est
1232 1843 1397 1883 integrum.
1420 1842 1619 1883 religionibus
1639 1846 1723 1874 enim
1742 1844 1883 1883 susceptis
1900 1843 2075 1884 impeditur.
2105 1846 2135 1874 O

1169 1882 1276 1913 stultos
1287 1883 1433 1913 Camillos
1442 1904 1452 1918 ‚
1463 1886 1571 1914 Curios
1580 1905 1588 1918 ‚
1601 1885 1752 1915 Fabricios
1761 1905 1770 1919 ‚
1783 1886 1935 1915 Calatinos
1945 1905 1954 1919 ‚
1965 1888 2133 1926 Scipiones,

1168 1925 1330 1956 Marcellos
1340 1945 1351 1958 ,
1362 1927 1517 1955 Maximos
1529 1928 1534 1955 1
1546 1925 1565 1955 ὂ
1576 1936 1729 1957 amentem
1739 1927 1878 1958 Paullum
1888 1947 1897 1961 ‚
1909 1926 2053 1958 rusticum
2064 1930 2135 1958 Ma·

1167 1969 1247 1996 rium
1259 1987 1268 2000 ‚
1289 1967 1404 1996 nullius
1414 1965 1531 1997 consilii
1541 1977 1635 2007 patres
1645 1968 1771 1998 istorum
1783 1968 1945 1999 amborum
1956 1970 2131 2004 consulum,

1166 2049 1253 2090 poffu
1259 2060 1327 2080 mus
1339 2070 1348 2084 ,
1363 2050 1438 2091 quid
1447 2049 1533 2081 cess'at
1542 2053 1591 2082 hic
1602 2052 1759 2082 homullus
1769 2072 1779 2086 ‚
1795 2062 1833 2083 ex
1843 2052 1943 2094 argilla
1954 2073 1962 2086 ,
1977 2053 2084 2083 &luto
2094 2052 2130 2084 fi-

1146 2089 1148 2120 ἒ
1169 2092 1233 2122 <Slus
1244 2094 1418 2132 Epicureus,
1429 2092 1494 2123 dare
1505 2098 1520 2122 7
1528 2096 1592 2124 haec
1601 2095 1735 2134 praeclara
1743 2104 1886 2135 praecepta
1896 2095 2058 2135 sapientiae,
2069 2095 2130 2126 cla-

1165 2133 1303 2169 riffimo,
1327 2135 1360 2165 &
1378 2135 1501 2165 summo
1520 2138 1711 2176 imperatori,
1732 2147 1844 2178 genero
1854 2137 1930 2167 suo?
1950 2131 2066 2167 8fertur
2076 2137 2129 2167 ille

1165 2179 1232 2211 vir,
1247 2178 1326 2207 mihi
1334 2176 1439 2210 crede,
1458 2177 1571 2218 gloria:
1591 2176 1709 2220 flagrat,
1728 2178 2078 2219 ardetcupiditatejusti‚
2095 2179 2130 2210 δε

1166 2221 1268 2259 magni
1280 2220 1437 2259 triumphi.
1461 2229 1527 2250 non
1537 2219 1643 2251 didicit
1652 2219 1816 2251 eademista
1827 2240 1836 2255 ,
1850 2231 1917 2262 quae
1926 2230 1966 2251 tu.
1993 2223 2080 2251 mitte
2091 2221 2128 2252 ad

1164 2271 1236 2291 eum
1256 2261 1409 2291 libellum.
1432 2261 1482 2291 sed
1497 2261 1560 2302 j‘am
1572 2282 1581 2297 ‚
1602 2262 1623 2292 fi
1640 2263 1701 2303 ipse
1721 2273 1823 2293 coram
1841 2262 1985 2304 congredi
2004 2265 2131 2303 poteris,

1165 2303 1309 2334 meditare
1323 2323 1332 2337 ‚
1344 2303 1454 2344 quibus
1464 2304 1563 2334 verbis
1574 2305 1727 2335 incensam
1738 2305 1820 2335 illius
1832 2305 2028 2345 cupiditatem
2040 2315 2129 2335 com-

1163 2347 1272 2385 primas
1282 2366 1294 2379 ,
1312 2354 1398 2386 atque
1408 2344 1583 2388 restinguas.
1613 2347 1727 2377 valebis
1736 2346 1812 2387 apud
1823 2348 1983 2377 hominem
1993 2347 2129 2377 volitan-

1162 2396 1225 2417 tem
1241 2388 1346 2429 gloriae
1358 2387 1519 2428 cupiditate
1529 2409 1537 2423 ‚
1558 2391 1604 2419 vir
1614 2389 1786 2420 moderatus
1798 2409 1806 2423 ‚
1828 2389 1861 2419 &
1871 2388 2010 2419 constans
2020 2408 2033 2422 ‚
2049 2388 2127 2429 apud

1164 2429 1327 2460 indofitum
1338 2431 1471 2460 eruditus
1482 2450 1491 2465 ‚
1502 2431 1579 2471 apud
1588 2441 1733 2472 generum
1743 2432 1833 2462 socer.
1856 2431 1937 2461 dices
1949 2432 2044 2464 enim,
2055 2440 2087 2460 ut
2095 2439 2129 2468 es

1161 2472 1259 2502 homo
1278 2472 1391 2502 facetus
1404 2492 1412 2506 ‚
1433 2472 1467 2502 ad
1487 2473 1724 2513 persuadendum
1743 2474 1913 2503 concinnus
1928 2492 1937 2506 ,
1963 2471 2129 2512 perfefihis,

1162 2514 1430 2553 polituseschola:
1455 2517 1548 2553 an
1566 2525 1622 2545 εει·
1641 2518 1763 2546 CAESAR
1775 2534 1783 2548 ‚
1803 2514 1885 2554 quod
1897 2522 1924 2544 te
1934 2514 2128 2554 supplicatio-

1162 2565 1215 2585 nes
1237 2564 1326 2586 toties
1349 2554 1472 2586 decretae
1483 2576 1492 2590 ,
1513 2564 1556 2586 tot
1573 2556 1691 2587 dierum
1703 2577 1713 2590 ,
1732 2558 1885 2596 tantopere
1900 2556 2072 2586 dele&ent?
2089 2559 2125 2587 in

1163 2597 1274 2639 quibus
1289 2600 1432 2628 homines
1446 2608 1543 2628 errore
1557 2598 1725 2628 ducuntur:
1743 2607 1814 2639 quas
1824 2598 1867 2628 dii
1877 2598 2053 2639 negligunt:
2071 2599 2126 2639 qui

1167 2643 1213 2679 (ut
1232 2639 1333 2669 noster
1350 2640 1402 2669 ille
1422 2639 1544 2670 divinus
1562 2640 1641 2670 dixit
1651 2641 1810 2680 Epicurus)
1829 2650 1915 2682 neque
1927 2641 2044 2682 propitit
2063 2651 2125 2669 cm—

1163 2691 1251 2724 quam
1261 2681 1413 2722 effifiitent,
1424 2692 1510 2724 neque
1519 2682 1598 2711 irati.
1627 2684 1703 2713 Non
1714 2680 1803 2713 facies
1813 2680 1907 2713 fidem
1917 2682 2041 2716 scilicet,
2051 2681 2126 2754 chum

2080 2735 2123 2758 aeC

162 2774 2107 2794 Ἣ

193 2819 218 2837 1.
238 2813 328 2838 Patres
346 2813 466 2846 conscripti
482 2812 678 2846 collocaverunt]
702 2813 745 2839 Ita
763 2823 869 2849 quoque
889 2813 959 2839 Pall.
978 2813 1115 2850 editioque
1154 2815 1342 2848 do,sententia
1361 2822 1461 2851 aperta.

153 2852 228 2873 vetus
240 2865 248 2879 ‚
268 2847 311 2874 sed
321 2848 419 2876 litteris
430 2848 529 2876 duabus
539 2852 571 2876 P.
583 2852 612 2876 C.
624 2848 694 2885 quod
704 2848 842 2885 sequentes
855 2850 924 2876 male
935 2857 1075 2878 mutarunt
1085 2851 1112 2878 in

147 2889 270 2915 pretores.

1195 2861 1222 2887 5.
1242 2853 1309 2885 Justr
1325 2853 1437 2884 triumphi
1449 2849 1579 2884 honorem]
1602 2849 1685 2875 Extat
1695 2849 1724 2874 δε
1734 2850 1852 2883 voxjufli
1862 2867 1871 2880 ,
1891 2847 1917 2875 in
1930 2847 2042 2874 Erfurd.
2053 2847 2123 2883 ejus-

1154 2897 1205 2925 que
1216 2888 1276 2915 loco
1286 2895 1343 2914 erat
1354 2888 1379 2914 in
1392 2887 1448 2913 l’al.
1459 2886 1580 2921 stc.juffi.
1591 2885 1753 2913 editionibus
1764 2884 1953 2912 remotioribus
1963 2884 2045 2912 deest.
2064 2885 2122 2922 pri·-

190 2926 218 2943 2.
235 2920 293 2945 Cr‘em
302 2928 346 2946 non
354 2921 415 2953 long?
432 2921 568 2955 abfiriffi5.]
588 2921 688 2948 rmmifi
699 2922 851 2958 negativam
870 2921 922 2949 fide
932 2921 1002 2949 Pan.
1013 2921 1112 2950 editio·
1153 2934 1227 2951 muni
1238 2924 1486 2950 irivexitiFa'e'riius.

154 2961 271 2989 numque
283 2963 348 2982 vett.
359 2957 500 2984 neotericae
508 2957 670 2989 abiecerant.

191 2996 218 3029 3.
237 2993 350 3024 Sponfione
361 3001 405 3024 me,
417 2995 446 3018 nb
453 2995 579 3028 Esqra'lina
587 2994 710 3028 imrocffet,
720 2995 976 3029 homopiwmpnffimm,
986 2995 1054 3030 <ir-a]
1068 2996 1111 3023 Est
1154 2995 1299 3023 Adverliir.
1310 2996 1403 3022 mallet
1414 2995 1518 3028 prodrrae.

152 3024 168 3050 ὲ
180 3023 253 3065 libris
265 3027 369 3067 Fae'im'i,
380 3027 474 3063 quibus
485 3029 612 3056 accedunt
622 3037 756 3066 utcunque
769 3031 836 3057 Pall.
849 3035 922 3058 certe
935 3041 985 3058 non
997 3033 1109 3058 omnino

151 3061 384 3130 xppffiugtcillud
393 3063 474 3100 vulgo
484 3072 561 3093 antea
570 3074 717 3103 receptum,
729 3069 865 3102 responsione
874 3077 908 3093 me
921 3070 1019 3094 immun
1032 3088 1040 3101 ,
1051 3069 1109 3103 Estq-

259 3115 266 3128 ,
319 3117 325 3124 .

185 3138 214 3164 4.
238 3135 267 3157 Ut
275 3133 378 3166 vestnssm
387 3136 505 3175 qnfspiam
515 3137 649 3172 audierit]
659 3138 786 3175 Vulgata,
797 3140 868 3176 prius
879 3148 921 3166 nur
929 3143 1043 3174 vestrum,
1055 3149 1113 3176 qua:

149 3166 185 3197 δε
194 3169 216 3196 F
217 3171 327 3197 a'e‘riium
338 3177 445 3200 vexant
456 3190 466 3206 2
484 3173 512 3201 &
523 3174 699 3204 Lambiuum.
713 3176 804 3204 nostra
810 3176 848 3205 est
857 3180 873 3205 ὲ
883 3177 952 3206 Pali.
963 3177 1013 3206 illo
1022 3176 1114 3206 secun—

1127 3080 1130 3127 4

1127 3132 1131 3206 Ι

1189 2961 1216 2987 6.
1236 2963 1288 2986 Non
1298 2960 1460 2993 everfiepcrtc
1472 2979 1479 2990 ,
1494 2958 1539 2992 sed
1551 2958 1674 2994 perdita]
1697 2956 1839 2986 Turnebus
1858 2957 1906 2984 lib.
1918 2966 1983 2986 xti.
2003 2966 2060 2994 cap.
2078 2966 2124 2992 ις.

1186 3041 1214 3067 7.
1232 3034 1406 3065 Haecpraeclara
1419 3039 1533 3064 pracepit
1545 3031 1694 3066 sapientia]
1717 3030 1776 3057 Pal.
1786 3039 1828 3067 pr.
1849 3032 1894 3056 hac
1900 3037 1994 3064 param
1998 3038 2038 3063 pr.
2059 3029 2118 3056 foi·-

1150 3067 1190 3095 {Im
1203 3078 1253 3095 nou
1266 3069 1333 3095 male
1346 3077 1354 3099 3
1376 3067 1422 3094 n'ifi
1442 3067 1516 3094 aliud
1528 3066 1592 3103 quid
1611 3066 1702 3094 subsit.
1721 3076 1781 3094 uam
1800 3066 1852 3094 sec.
1861 3067 1889 3093 ὅ(
1902 3067 2124 3102 Turingparatae

1148 3107 1227 3131 clara.
1239 3104 1295 3130 oet.
1305 3113 1396 3137 parare
1406 3105 1479 3130 clare.
1787 3114 1790 3115 ⁷

1184 3141 1210 3167 8.
1224 3144 1309 3166 Fertur
1317 3142 1353 3166 ille
1362 3143 1405 3166 vir
1415 3142 1472 3166 mihi
1483 3159 1490 3172 ,
1500 3139 1567 3174 &c.]
1590 3139 1735 3167 Lambinus
1745 3141 1947 3175 cuper-etftrvtt.
1961 3144 1988 3164 at
2000 3138 2059 3173 plus
2074 3137 2122 3164 ost.

1147 3181 1220 3206 certe
1231 3177 1314 3214 louge
1323 3175 1835 3213 aliudffcrvercgloria&sbi-ri-gleriddtoc
1845 3174 1954 3211 cst,duei
1959 3175 2014 3210 ‚agi
2027 3173 2128 3238 ‚appi-'5

2034 3217 2058 3238 1·
2093 3218 2102 3236 ἐ

1167 2010 1220 2049 qui
1230 2010 1470 2048 triumpharunt!
1515 2010 1570 2039 Sed
1582 2030 1590 2044 ,
1610 2013 1755 2051 quoniam
1773 2013 1920 2051 praeterita
1935 2020 2051 2041 mutare
2065 2021 2130 2042 non
2150 2020 2196 2051 25
