<?xml version="1.0" encoding="UTF-8"?>
<!DOCTYPE html PUBLIC "-//W3C//DTD XHTML 1.0 Transitional//EN"
    "http://www.w3.org/TR/xhtml1/DTD/xhtml1-transitional.dtd">
<html xmlns="http://www.w3.org/1999/xhtml" xml:lang="en" lang="en">
 <head>
  <title>
</title>
<meta http-equiv="Content-Type" content="text/html;charset=utf-8" />
  <meta name='ocr-system' content='tesseract 3.04.00' />
  <meta name='ocr-capabilities' content='ocr_page ocr_carea ocr_par ocr_line ocrx_word'/>
</head>
<body>
  <div class='ocr_page' id='page_1' title='image "./mtuliiciceroniso00cice/mtuliiciceroniso00cice_0749.png"; bbox 0 0 2339 3379; ppageno 0'>
   <div class='ocr_carea' id='block_1_1' title="bbox 0 0 150 3379">
    <p class='ocr_par' dir='ltr' id='par_1_1' title="bbox 0 0 150 3379">
     <span class='ocr_line' id='line_1_1' title="bbox 0 0 150 3379; baseline 0 0"><span class='ocrx_word' id='word_1_1' title='bbox 0 0 150 3379; x_wconf 95' lang='lat' dir='ltr'> </span> 
     </span>
    </p>
   </div>
   <div class='ocr_carea' id='block_1_2' title="bbox 506 169 1823 226">
    <p class='ocr_par' dir='ltr' id='par_1_2' title="bbox 506 169 1823 226">
     <span class='ocr_line' id='line_1_2' title="bbox 506 169 1823 226; baseline 0.002 -10"><span class='ocrx_word' id='word_1_2' title='bbox 506 171 711 216; x_wconf 76' lang='lat' dir='ltr'>EP1sT.</span> <span class='ocrx_word' id='word_1_3' title='bbox 740 183 813 214; x_wconf 87' lang='lat' dir='ltr'>AD</span> <span class='ocrx_word' id='word_1_4' title='bbox 854 172 1103 215; x_wconf 63' lang='lat' dir='ltr'>Aramum</span> <span class='ocrx_word' id='word_1_5' title='bbox 1141 169 1534 226; x_wconf 73' lang='lat' dir='ltr'>PULCHRUM,</span> <span class='ocrx_word' id='word_1_6' title='bbox 1573 174 1823 221; x_wconf 66' lang='lat' dir='ltr'>Liri-III.</span> 
     </span>
    </p>
   </div>
   <div class='ocr_carea' id='block_1_3' title="bbox 175 249 1165 2678">
    <p class='ocr_par' dir='ltr' id='par_1_3' title="bbox 175 249 1165 2678">
     <span class='ocr_line' id='line_1_3' title="bbox 206 249 1161 292; baseline -0.002 -8"><span class='ocrx_word' id='word_1_7' title='bbox 206 263 248 284; x_wconf 84' lang='lat' dir='ltr'>no</span> <span class='ocrx_word' id='word_1_8' title='bbox 259 260 321 284; x_wconf 88' lang='lat' dir='ltr'>non</span> <span class='ocrx_word' id='word_1_9' title='bbox 332 250 424 282; x_wconf 87' lang='lat' dir='ltr'>eundi</span> <span class='ocrx_word' id='word_1_10' title='bbox 435 249 533 281; x_wconf 75' lang='lat' dir='ltr'>fuisse.</span> <span class='ocrx_word' id='word_1_11' title='bbox 557 253 703 291; x_wconf 83' lang='lat' dir='ltr'>Qercrer</span> <span class='ocrx_word' id='word_1_12' title='bbox 714 258 825 284; x_wconf 86' lang='lat' dir='ltr'>tecum,</span> <span class='ocrx_word' id='word_1_13' title='bbox 835 259 920 292; x_wconf 85' lang='lat' dir='ltr'>atquc</span> <span class='ocrx_word' id='word_1_14' title='bbox 929 251 1161 292; x_wconf 81' lang='lat' dir='ltr'>expostularem,</span> 
     </span>
     <span class='ocr_line' id='line_1_4' title="bbox 205 291 1162 334; baseline -0.002 -8"><span class='ocrx_word' id='word_1_15' title='bbox 205 298 238 326; x_wconf 90' lang='lat' dir='ltr'>ni</span> <span class='ocrx_word' id='word_1_16' title='bbox 257 296 310 333; x_wconf 90' lang='lat' dir='ltr'>(ut</span> <span class='ocrx_word' id='word_1_17' title='bbox 328 295 410 334; x_wconf 74' lang='lat' dir='ltr'>supra</span> <span class='ocrx_word' id='word_1_18' title='bbox 431 291 548 333; x_wconf 76' lang='lat' dir='ltr'>scripsi)</span> <span class='ocrx_word' id='word_1_19' title='bbox 571 302 692 333; x_wconf 82' lang='lat' dir='ltr'>purgare</span> <span class='ocrx_word' id='word_1_20' title='bbox 713 303 762 322; x_wconf 88' lang='lat' dir='ltr'>me</span> <span class='ocrx_word' id='word_1_21' title='bbox 779 293 833 323; x_wconf 87' lang='lat' dir='ltr'>tibi</span> <span class='ocrx_word' id='word_1_22' title='bbox 857 295 916 324; x_wconf 87' lang='lat' dir='ltr'>hoc</span> <span class='ocrx_word' id='word_1_23' title='bbox 933 303 987 324; x_wconf 91' lang='lat' dir='ltr'>tuo</span> <span class='ocrx_word' id='word_1_24' title='bbox 1008 302 1162 333; x_wconf 83' lang='lat' dir='ltr'>tempore,</span> 
     </span>
     <span class='ocr_line' id='line_1_5' title="bbox 204 334 1165 379; baseline -0.001 -12"><span class='ocrx_word' id='word_1_25' title='bbox 204 347 294 379; x_wconf 86' lang='lat' dir='ltr'>quam</span> <span class='ocrx_word' id='word_1_26' title='bbox 304 336 435 366; x_wconf 85' lang='lat' dir='ltr'>accusare</span> <span class='ocrx_word' id='word_1_27' title='bbox 447 343 473 364; x_wconf 89' lang='lat' dir='ltr'>te</span> <span class='ocrx_word' id='word_1_28' title='bbox 487 335 609 364; x_wconf 87' lang='lat' dir='ltr'>mallem</span> <span class='ocrx_word' id='word_1_29' title='bbox 623 345 628 362; x_wconf 91' lang='grc'>·.</span> <span class='ocrx_word' id='word_1_30' title='bbox 648 334 739 375; x_wconf 81' lang='lat' dir='ltr'>idque</span> <span class='ocrx_word' id='word_1_31' title='bbox 748 344 882 375; x_wconf 88' lang='lat' dir='ltr'>putarem</span> <span class='ocrx_word' id='word_1_32' title='bbox 894 334 952 366; x_wconf 79' lang='lat' dir='ltr'>esse</span> <span class='ocrx_word' id='word_1_33' title='bbox 962 335 1082 366; x_wconf 62' lang='lat' dir='ltr'>secutis.</span> <span class='ocrx_word' id='word_1_34' title='bbox 1106 338 1165 366; x_wconf 86' lang='lat' dir='ltr'>Ita-</span> 
     </span>
     <span class='ocr_line' id='line_1_6' title="bbox 205 375 1164 420; baseline -0.002 -12"><span class='ocrx_word' id='word_1_35' title='bbox 205 389 264 420; x_wconf 77' lang='lat' dir='ltr'>que</span> <span class='ocrx_word' id='word_1_36' title='bbox 283 378 360 407; x_wconf 80' lang='lat' dir='ltr'>nihil</span> <span class='ocrx_word' id='word_1_37' title='bbox 370 377 407 408; x_wconf 89' lang='lat' dir='ltr'>de</span> <span class='ocrx_word' id='word_1_38' title='bbox 420 386 447 407; x_wconf 89' lang='lat' dir='ltr'>te</span> <span class='ocrx_word' id='word_1_39' title='bbox 459 396 467 410; x_wconf 90' lang='lat'>,</span> <span class='ocrx_word' id='word_1_40' title='bbox 485 376 567 417; x_wconf 89' lang='lat' dir='ltr'>quod</span> <span class='ocrx_word' id='word_1_41' title='bbox 577 375 737 406; x_wconf 73' lang='lat' dir='ltr'>credideris</span> <span class='ocrx_word' id='word_1_42' title='bbox 751 378 786 407; x_wconf 88' lang='lat' dir='ltr'>de</span> <span class='ocrx_word' id='word_1_43' title='bbox 796 387 846 407; x_wconf 89' lang='lat' dir='ltr'>me</span> <span class='ocrx_word' id='word_1_44' title='bbox 863 388 868 406; x_wconf 91' lang='lat'>:</span> <span class='ocrx_word' id='word_1_45' title='bbox 887 377 1086 418; x_wconf 89' lang='lat' dir='ltr'>quamobrem</span> <span class='ocrx_word' id='word_1_46' title='bbox 1101 387 1164 406; x_wconf 90' lang='lat' dir='ltr'>non</span> 
     </span>
     <span class='ocr_line' id='line_1_7' title="bbox 206 417 1164 458; baseline -0.003 -7"><span class='ocrx_word' id='word_1_47' title='bbox 206 431 271 451; x_wconf 74' lang='lat' dir='ltr'>non</span> <span class='ocrx_word' id='word_1_48' title='bbox 283 419 419 450; x_wconf 82' lang='lat' dir='ltr'><strong>debueris</strong></span> <span class='ocrx_word' id='word_1_49' title='bbox 429 419 547 448; x_wconf 82' lang='lat' dir='ltr'>credere</span> <span class='ocrx_word' id='word_1_50' title='bbox 561 439 569 451; x_wconf 87' lang='lat'>,</span> <span class='ocrx_word' id='word_1_51' title='bbox 580 428 669 458; x_wconf 78' lang='lat' dir='ltr'>pauca</span> <span class='ocrx_word' id='word_1_52' title='bbox 680 419 786 448; x_wconf 76' lang='lat' dir='ltr'>dicam.</span> <span class='ocrx_word' id='word_1_53' title='bbox 813 422 891 449; x_wconf 86' lang='lat' dir='ltr'>Nam</span> <span class='ocrx_word' id='word_1_54' title='bbox 906 417 925 448; x_wconf 85' lang='lat' dir='ltr'>sl</span> <span class='ocrx_word' id='word_1_55' title='bbox 936 429 985 449; x_wconf 89' lang='lat' dir='ltr'>me</span> <span class='ocrx_word' id='word_1_56' title='bbox 996 421 1095 449; x_wconf 87' lang='lat' dir='ltr'>virum</span> <span class='ocrx_word' id='word_1_57' title='bbox 1107 418 1164 448; x_wconf 90' lang='lat' dir='ltr'>bo-</span> 
     </span>
     <span class='ocr_line' id='line_1_8' title="bbox 205 459 1162 502; baseline -0.001 -11"><span class='ocrx_word' id='word_1_58' title='bbox 205 471 281 492; x_wconf 84' lang='lat' dir='ltr'>num</span> <span class='ocrx_word' id='word_1_59' title='bbox 295 481 304 495; x_wconf 93' lang='lat'>,</span> <span class='ocrx_word' id='word_1_60' title='bbox 316 459 336 490; x_wconf 86' lang='lat' dir='ltr'>fi</span> <span class='ocrx_word' id='word_1_61' title='bbox 347 460 473 502; x_wconf 84' lang='lat' dir='ltr'>dignum</span> <span class='ocrx_word' id='word_1_62' title='bbox 485 461 531 489; x_wconf 89' lang='lat' dir='ltr'>his</span> <span class='ocrx_word' id='word_1_63' title='bbox 543 459 648 490; x_wconf 82' lang='lat' dir='ltr'>studiis</span> <span class='ocrx_word' id='word_1_64' title='bbox 660 481 667 494; x_wconf 93' lang='lat'>,</span> <span class='ocrx_word' id='word_1_65' title='bbox 680 471 772 501; x_wconf 84' lang='lat' dir='ltr'>eaque</span> <span class='ocrx_word' id='word_1_66' title='bbox 782 461 929 494; x_wconf 62' lang='lat' dir='ltr'>doeh-ina,</span> <span class='ocrx_word' id='word_1_67' title='bbox 942 462 991 490; x_wconf 90' lang='lat' dir='ltr'>cui</span> <span class='ocrx_word' id='word_1_68' title='bbox 1004 470 1053 490; x_wconf 88' lang='lat' dir='ltr'>me</span> <span class='ocrx_word' id='word_1_69' title='bbox 1065 460 1080 489; x_wconf 71' lang='grc' dir='ltr'>ἐι</span> <span class='ocrx_word' id='word_1_70' title='bbox 1089 470 1162 500; x_wconf 86' lang='lat' dir='ltr'>pue-</span> 
     </span>
     <span class='ocr_line' id='line_1_9' title="bbox 202 501 1160 542; baseline -0.002 -8"><span class='ocrx_word' id='word_1_71' title='bbox 202 506 268 534; x_wconf 81' lang='lat' dir='ltr'>ritia</span> <span class='ocrx_word' id='word_1_72' title='bbox 285 502 376 533; x_wconf 88' lang='lat' dir='ltr'>dedi:</span> <span class='ocrx_word' id='word_1_73' title='bbox 397 501 417 531; x_wconf 81' lang='lat' dir='ltr'>si</span> <span class='ocrx_word' id='word_1_74' title='bbox 439 502 507 533; x_wconf 85' lang='lat' dir='ltr'>satis</span> <span class='ocrx_word' id='word_1_75' title='bbox 533 504 632 542; x_wconf 81' lang='lat' dir='ltr'>magui</span> <span class='ocrx_word' id='word_1_76' title='bbox 645 505 740 532; x_wconf 79' lang='lat' dir='ltr'>animi</span> <span class='ocrx_word' id='word_1_77' title='bbox 750 523 758 536; x_wconf 91' lang='lat'>‚</span> <span class='ocrx_word' id='word_1_78' title='bbox 782 513 846 532; x_wconf 82' lang='lat' dir='ltr'>non</span> <span class='ocrx_word' id='word_1_79' title='bbox 862 504 987 532; x_wconf 79' lang='lat' dir='ltr'>minimi</span> <span class='ocrx_word' id='word_1_80' title='bbox 1000 501 1118 538; x_wconf 78' lang='lat' dir='ltr'>consilii</span> <span class='ocrx_word' id='word_1_81' title='bbox 1129 503 1160 532; x_wconf 90' lang='lat' dir='ltr'>in</span> 
     </span>
     <span class='ocr_line' id='line_1_10' title="bbox 201 543 1160 584; baseline -0.001 -10"><span class='ocrx_word' id='word_1_82' title='bbox 201 546 348 575; x_wconf 83' lang='lat' dir='ltr'>maximis</span> <span class='ocrx_word' id='word_1_83' title='bbox 362 544 448 574; x_wconf 86' lang='lat' dir='ltr'>rebus</span> <span class='ocrx_word' id='word_1_84' title='bbox 456 544 642 584; x_wconf 64' lang='lat' dir='ltr'>pcrspeeium</span> <span class='ocrx_word' id='word_1_85' title='bbox 657 545 745 574; x_wconf 75' lang='lat' dir='ltr'>habes</span> <span class='ocrx_word' id='word_1_86' title='bbox 758 549 770 573; x_wconf 89' lang='lat'>?</span> <span class='ocrx_word' id='word_1_87' title='bbox 781 545 857 574; x_wconf 85' lang='lat' dir='ltr'>nihil</span> <span class='ocrx_word' id='word_1_88' title='bbox 874 546 906 574; x_wconf 89' lang='lat' dir='ltr'>in</span> <span class='ocrx_word' id='word_1_89' title='bbox 918 555 978 578; x_wconf 89' lang='lat' dir='ltr'>me,</span> <span class='ocrx_word' id='word_1_90' title='bbox 990 554 1052 574; x_wconf 91' lang='lat' dir='ltr'>non</span> <span class='ocrx_word' id='word_1_91' title='bbox 1065 543 1160 574; x_wconf 75' lang='lat' dir='ltr'>modo</span> 
     </span>
     <span class='ocr_line' id='line_1_11' title="bbox 200 584 1160 627; baseline -0.001 -11"><span class='ocrx_word' id='word_1_92' title='bbox 200 584 397 627; x_wconf 86' lang='lat' dir='ltr'>perfidiosum</span> <span class='ocrx_word' id='word_1_93' title='bbox 415 604 423 619; x_wconf 87' lang='lat'>,</span> <span class='ocrx_word' id='word_1_94' title='bbox 449 585 664 616; x_wconf 80' lang='lat' dir='ltr'>&amp;insidiosum</span> <span class='ocrx_word' id='word_1_95' title='bbox 684 607 692 620; x_wconf 87' lang='lat'>,</span> <span class='ocrx_word' id='word_1_96' title='bbox 714 587 888 617; x_wconf 73' lang='lat' dir='ltr'>&amp;fallaxin</span> <span class='ocrx_word' id='word_1_97' title='bbox 899 587 1030 616; x_wconf 84' lang='lat' dir='ltr'>amicitia</span> <span class='ocrx_word' id='word_1_98' title='bbox 1042 585 1107 620; x_wconf 83' lang='lat' dir='ltr'>,sed</span> <span class='ocrx_word' id='word_1_99' title='bbox 1122 595 1160 615; x_wconf 84' lang='lat' dir='ltr'>ne</span> 
     </span>
     <span class='ocr_line' id='line_1_12' title="bbox 202 628 1157 669; baseline -0.001 -11"><span class='ocrx_word' id='word_1_100' title='bbox 202 628 322 658; x_wconf 85' lang='lat' dir='ltr'>humile</span> <span class='ocrx_word' id='word_1_101' title='bbox 331 628 669 669; x_wconf 87' lang='lat' dir='ltr'>quidem,autjejunum</span> <span class='ocrx_word' id='word_1_102' title='bbox 682 628 771 658; x_wconf 85' lang='lat' dir='ltr'>debes</span> <span class='ocrx_word' id='word_1_103' title='bbox 784 628 948 669; x_wconf 70' lang='lat' dir='ltr'>agnoscere.</span> <span class='ocrx_word' id='word_1_104' title='bbox 974 631 983 647; x_wconf 83' lang='lat'><em>¹</em></span> <span class='ocrx_word' id='word_1_105' title='bbox 996 630 1049 657; x_wconf 88' lang='lat' dir='ltr'>Sin</span> <span class='ocrx_word' id='word_1_106' title='bbox 1059 637 1157 657; x_wconf 86' lang='lat' dir='ltr'>autem</span> 
     </span>
     <span class='ocr_line' id='line_1_13' title="bbox 199 669 1158 710; baseline -0.002 -10"><span class='ocrx_word' id='word_1_107' title='bbox 199 680 252 700; x_wconf 89' lang='lat' dir='ltr'>me</span> <span class='ocrx_word' id='word_1_108' title='bbox 274 669 402 700; x_wconf 84' lang='lat' dir='ltr'>astutum</span> <span class='ocrx_word' id='word_1_109' title='bbox 416 691 424 704; x_wconf 96' lang='lat'>,</span> <span class='ocrx_word' id='word_1_110' title='bbox 444 671 478 700; x_wconf 76' lang='grc' dir='ltr'>δε</span> <span class='ocrx_word' id='word_1_111' title='bbox 495 672 649 700; x_wconf 84' lang='lat' dir='ltr'>occultum</span> <span class='ocrx_word' id='word_1_112' title='bbox 669 669 888 710; x_wconf 83' lang='lat' dir='ltr'>lubetfingere:</span> <span class='ocrx_word' id='word_1_113' title='bbox 910 669 983 710; x_wconf 88' lang='lat' dir='ltr'>quid</span> <span class='ocrx_word' id='word_1_114' title='bbox 994 669 1036 699; x_wconf 87' lang='lat' dir='ltr'>est</span> <span class='ocrx_word' id='word_1_115' title='bbox 1050 689 1058 702; x_wconf 89' lang='lat'><em>‚</em></span> <span class='ocrx_word' id='word_1_116' title='bbox 1078 669 1158 710; x_wconf 92' lang='lat' dir='ltr'>quod</span> 
     </span>
     <span class='ocr_line' id='line_1_14' title="bbox 200 710 1156 752; baseline -0.003 -10"><span class='ocrx_word' id='word_1_117' title='bbox 200 711 307 742; x_wconf 74' lang='lat' dir='ltr'>minus</span> <span class='ocrx_word' id='word_1_118' title='bbox 316 712 419 742; x_wconf 86' lang='lat' dir='ltr'>cadere</span> <span class='ocrx_word' id='word_1_119' title='bbox 429 714 461 742; x_wconf 89' lang='lat' dir='ltr'>iu</span> <span class='ocrx_word' id='word_1_120' title='bbox 470 712 621 752; x_wconf 83' lang='lat' dir='ltr'>ejusmodi</span> <span class='ocrx_word' id='word_1_121' title='bbox 632 721 765 742; x_wconf 87' lang='lat' dir='ltr'>naturam</span> <span class='ocrx_word' id='word_1_122' title='bbox 777 711 875 751; x_wconf 88' lang='lat' dir='ltr'>possit,</span> <span class='ocrx_word' id='word_1_123' title='bbox 886 714 976 751; x_wconf 73' lang='lat' dir='ltr'>quam</span> <span class='ocrx_word' id='word_1_124' title='bbox 987 719 1035 740; x_wconf 85' lang='lat' dir='ltr'>aut</span> <span class='ocrx_word' id='word_1_125' title='bbox 1044 710 1156 741; x_wconf 72' lang='lat' dir='ltr'>fioren-</span> 
     </span>
     <span class='ocr_line' id='line_1_15' title="bbox 199 751 1157 794; baseline -0.003 -10"><span class='ocrx_word' id='word_1_126' title='bbox 199 752 303 784; x_wconf 83' lang='lat' dir='ltr'>tiffimi</span> <span class='ocrx_word' id='word_1_127' title='bbox 325 755 462 784; x_wconf 88' lang='lat' dir='ltr'>hominis</span> <span class='ocrx_word' id='word_1_128' title='bbox 482 755 627 794; x_wconf 79' lang='lat' dir='ltr'>aspernari</span> <span class='ocrx_word' id='word_1_129' title='bbox 638 754 876 784; x_wconf 82' lang='lat' dir='ltr'>benivolentiam</span> <span class='ocrx_word' id='word_1_130' title='bbox 893 772 901 786; x_wconf 95' lang='lat'>,</span> <span class='ocrx_word' id='word_1_131' title='bbox 921 751 1157 792; x_wconf 81' lang='lat' dir='ltr'>autejusexisti-</span> 
     </span>
     <span class='ocr_line' id='line_1_16' title="bbox 200 793 1155 838; baseline -0.001 -14"><span class='ocrx_word' id='word_1_132' title='bbox 200 798 369 826; x_wconf 83' lang='lat' dir='ltr'>mationem</span> <span class='ocrx_word' id='word_1_133' title='bbox 381 806 550 838; x_wconf 84' lang='lat' dir='ltr'>oppugnare</span> <span class='ocrx_word' id='word_1_134' title='bbox 562 798 594 826; x_wconf 90' lang='lat' dir='ltr'>in</span> <span class='ocrx_word' id='word_1_135' title='bbox 604 797 768 835; x_wconf 68' lang='lat' dir='ltr'>provincia,</span> <span class='ocrx_word' id='word_1_136' title='bbox 784 795 869 833; x_wconf 84' lang='lat' dir='ltr'>cujus</span> <span class='ocrx_word' id='word_1_137' title='bbox 879 794 996 824; x_wconf 84' lang='lat' dir='ltr'>laudem</span> <span class='ocrx_word' id='word_1_138' title='bbox 1009 794 1095 823; x_wconf 90' lang='lat' dir='ltr'>domi</span> <span class='ocrx_word' id='word_1_139' title='bbox 1106 793 1155 823; x_wconf 89' lang='lat' dir='ltr'>de—</span> 
     </span>
     <span class='ocr_line' id='line_1_17' title="bbox 198 835 1156 869; baseline -0.002 -2"><span class='ocrx_word' id='word_1_140' title='bbox 198 836 351 868; x_wconf 86' lang='lat' dir='ltr'>fenderis?</span> <span class='ocrx_word' id='word_1_141' title='bbox 377 847 427 868; x_wconf 85' lang='lat' dir='ltr'>aut</span> <span class='ocrx_word' id='word_1_142' title='bbox 443 841 477 868; x_wconf 79' lang='lat' dir='ltr'>in</span> <span class='ocrx_word' id='word_1_143' title='bbox 495 848 528 868; x_wconf 87' lang='lat' dir='ltr'>ea</span> <span class='ocrx_word' id='word_1_144' title='bbox 544 847 574 867; x_wconf 87' lang='lat' dir='ltr'>re</span> <span class='ocrx_word' id='word_1_145' title='bbox 584 839 723 867; x_wconf 88' lang='lat' dir='ltr'>animum</span> <span class='ocrx_word' id='word_1_146' title='bbox 742 835 897 866; x_wconf 85' lang='lat' dir='ltr'>ostendere</span> <span class='ocrx_word' id='word_1_147' title='bbox 918 836 1080 866; x_wconf 89' lang='lat' dir='ltr'>inimicum</span> <span class='ocrx_word' id='word_1_148' title='bbox 1094 856 1105 869; x_wconf 81' lang='lat'>,</span> <span class='ocrx_word' id='word_1_149' title='bbox 1124 838 1156 865; x_wconf 92' lang='lat' dir='ltr'>in</span> 
     </span>
     <span class='ocr_line' id='line_1_18' title="bbox 197 875 1154 920; baseline 0 -12"><span class='ocrx_word' id='word_1_150' title='bbox 197 889 255 920; x_wconf 87' lang='lat' dir='ltr'>qua</span> <span class='ocrx_word' id='word_1_151' title='bbox 273 880 351 909; x_wconf 85' lang='lat' dir='ltr'>nihil</span> <span class='ocrx_word' id='word_1_152' title='bbox 371 879 469 911; x_wconf 82' lang='lat' dir='ltr'>obsis?</span> <span class='ocrx_word' id='word_1_153' title='bbox 490 888 540 909; x_wconf 90' lang='lat' dir='ltr'>aut</span> <span class='ocrx_word' id='word_1_154' title='bbox 561 879 592 908; x_wconf 93' lang='lat' dir='ltr'>id</span> <span class='ocrx_word' id='word_1_155' title='bbox 612 879 649 907; x_wconf 91' lang='lat' dir='ltr'>eli</span> <span class='ocrx_word' id='word_1_156' title='bbox 672 887 719 907; x_wconf 88' lang='lat' dir='ltr'>ere</span> <span class='ocrx_word' id='word_1_157' title='bbox 740 877 774 907; x_wconf 88' lang='lat' dir='ltr'>ad</span> <span class='ocrx_word' id='word_1_158' title='bbox 793 875 949 916; x_wconf 76' lang='lat' dir='ltr'>perfidiam</span> <span class='ocrx_word' id='word_1_159' title='bbox 963 897 971 911; x_wconf 92' lang='lat'>‚</span> <span class='ocrx_word' id='word_1_160' title='bbox 996 878 1099 918; x_wconf 82' lang='lat' dir='ltr'>2quod</span> <span class='ocrx_word' id='word_1_161' title='bbox 1119 877 1154 908; x_wconf 80' lang='lat' dir='ltr'>ad</span> 
     </span>
     <span class='ocr_line' id='line_1_19' title="bbox 196 888 1151 960; baseline -0.003 -9"><span class='ocrx_word' id='word_1_162' title='bbox 196 921 393 951; x_wconf 85' lang='lat' dir='ltr'>indicandum</span> <span class='ocrx_word' id='word_1_163' title='bbox 413 921 519 951; x_wconf 86' lang='lat' dir='ltr'>odium</span> <span class='ocrx_word' id='word_1_164' title='bbox 542 888 756 960; x_wconf 51' lang='lat' dir='ltr'>apertiAEmum</span> <span class='ocrx_word' id='word_1_165' title='bbox 777 918 811 949; x_wconf 82' lang='lat' dir='ltr'>sit</span> <span class='ocrx_word' id='word_1_166' title='bbox 825 918 875 949; x_wconf 88' lang='lat' dir='ltr'>:ad</span> <span class='ocrx_word' id='word_1_167' title='bbox 896 919 1070 949; x_wconf 89' lang='lat' dir='ltr'>nocendum</span> <span class='ocrx_word' id='word_1_168' title='bbox 1083 940 1090 953; x_wconf 87' lang='lat'>,</span> <span class='ocrx_word' id='word_1_169' title='bbox 1113 920 1151 948; x_wconf 87' lang='lat' dir='ltr'>le-</span> 
     </span>
     <span class='ocr_line' id='line_1_20' title="bbox 195 961 1154 1004; baseline -0.001 -12"><span class='ocrx_word' id='word_1_170' title='bbox 195 961 353 993; x_wconf 84' lang='lat' dir='ltr'>viflimum</span> <span class='ocrx_word' id='word_1_171' title='bbox 369 963 379 989; x_wconf 87' lang='lat'>?</span> <span class='ocrx_word' id='word_1_172' title='bbox 398 962 478 1004; x_wconf 85' lang='lat' dir='ltr'>Qid</span> <span class='ocrx_word' id='word_1_173' title='bbox 487 970 546 992; x_wconf 86' lang='lat' dir='ltr'>erat</span> <span class='ocrx_word' id='word_1_174' title='bbox 555 970 667 995; x_wconf 85' lang='lat' dir='ltr'>autern,</span> <span class='ocrx_word' id='word_1_175' title='bbox 678 971 731 991; x_wconf 89' lang='lat' dir='ltr'>cur</span> <span class='ocrx_word' id='word_1_176' title='bbox 740 970 795 1002; x_wconf 84' lang='lat' dir='ltr'>ego</span> <span class='ocrx_word' id='word_1_177' title='bbox 805 962 836 990; x_wconf 89' lang='lat' dir='ltr'>in</span> <span class='ocrx_word' id='word_1_178' title='bbox 848 970 874 990; x_wconf 83' lang='lat' dir='ltr'>te</span> <span class='ocrx_word' id='word_1_179' title='bbox 885 970 944 991; x_wconf 81' lang='lat' dir='ltr'>tarn</span> <span class='ocrx_word' id='word_1_180' title='bbox 955 961 1154 1002; x_wconf 81' lang='lat' dir='ltr'>implacabilis</span> 
     </span>
     <span class='ocr_line' id='line_1_21' title="bbox 198 1003 1151 1043; baseline -0.001 -9"><span class='ocrx_word' id='word_1_181' title='bbox 198 1003 289 1034; x_wconf 78' lang='lat' dir='ltr'>efl&#39;em</span> <span class='ocrx_word' id='word_1_182' title='bbox 300 1024 309 1039; x_wconf 92' lang='lat'>,</span> <span class='ocrx_word' id='word_1_183' title='bbox 329 1004 399 1035; x_wconf 72' lang='lat' dir='ltr'>cum</span> <span class='ocrx_word' id='word_1_184' title='bbox 420 1013 447 1034; x_wconf 88' lang='lat' dir='ltr'>te</span> <span class='ocrx_word' id='word_1_185' title='bbox 458 1013 496 1033; x_wconf 84' lang='lat' dir='ltr'>ex</span> <span class='ocrx_word' id='word_1_186' title='bbox 506 1003 593 1033; x_wconf 87' lang='lat' dir='ltr'>fratre</span> <span class='ocrx_word' id='word_1_187' title='bbox 604 1013 675 1032; x_wconf 90' lang='lat' dir='ltr'>meo</span> <span class='ocrx_word' id='word_1_188' title='bbox 687 1023 695 1036; x_wconf 94' lang='lat'>,</span> <span class='ocrx_word' id='word_1_189' title='bbox 716 1013 754 1032; x_wconf 91' lang='lat' dir='ltr'>ne</span> <span class='ocrx_word' id='word_1_190' title='bbox 766 1011 838 1033; x_wconf 88' lang='lat' dir='ltr'>tunc</span> <span class='ocrx_word' id='word_1_191' title='bbox 848 1003 970 1043; x_wconf 88' lang='lat' dir='ltr'>quidem</span> <span class='ocrx_word' id='word_1_192' title='bbox 984 1023 992 1037; x_wconf 92' lang='lat'>,</span> <span class='ocrx_word' id='word_1_193' title='bbox 1012 1003 1083 1034; x_wconf 74' lang='lat' dir='ltr'>cuin</span> <span class='ocrx_word' id='word_1_194' title='bbox 1099 1003 1151 1033; x_wconf 92' lang='lat' dir='ltr'>tibi</span> 
     </span>
     <span class='ocr_line' id='line_1_22' title="bbox 194 1043 1153 1087; baseline -0.001 -11"><span class='ocrx_word' id='word_1_195' title='bbox 194 1046 288 1087; x_wconf 77' lang='lat' dir='ltr'>prope</span> <span class='ocrx_word' id='word_1_196' title='bbox 300 1044 412 1076; x_wconf 77' lang='lat' dir='ltr'>necesse</span> <span class='ocrx_word' id='word_1_197' title='bbox 422 1043 494 1075; x_wconf 82' lang='lat' dir='ltr'>esset</span> <span class='ocrx_word' id='word_1_198' title='bbox 501 1055 548 1075; x_wconf 85' lang='lat' dir='ltr'>eas</span> <span class='ocrx_word' id='word_1_199' title='bbox 559 1054 641 1086; x_wconf 86' lang='lat' dir='ltr'>agere</span> <span class='ocrx_word' id='word_1_200' title='bbox 654 1046 760 1083; x_wconf 85' lang='lat' dir='ltr'>parteis</span> <span class='ocrx_word' id='word_1_201' title='bbox 771 1065 780 1078; x_wconf 82' lang='lat'>‚</span> <span class='ocrx_word' id='word_1_202' title='bbox 801 1046 964 1075; x_wconf 90' lang='lat' dir='ltr'>inimicum</span> <span class='ocrx_word' id='word_1_203' title='bbox 978 1047 1054 1075; x_wconf 83' lang='lat' dir='ltr'>mihi</span> <span class='ocrx_word' id='word_1_204' title='bbox 1064 1043 1153 1075; x_wconf 85' lang='lat' dir='ltr'>fuiss&#39;e</span> 
     </span>
     <span class='ocr_line' id='line_1_23' title="bbox 192 1085 1151 1129; baseline -0.001 -11"><span class='ocrx_word' id='word_1_205' title='bbox 192 1086 380 1129; x_wconf 75' lang='lat' dir='ltr'>cognossem?</span> <span class='ocrx_word' id='word_1_206' title='bbox 389 1087 467 1117; x_wconf 77' lang='lat' dir='ltr'>Cum</span> <span class='ocrx_word' id='word_1_207' title='bbox 480 1085 551 1117; x_wconf 74' lang='lat' dir='ltr'>vero</span> <span class='ocrx_word' id='word_1_208' title='bbox 561 1085 692 1117; x_wconf 89' lang='lat' dir='ltr'>reditum</span> <span class='ocrx_word' id='word_1_209' title='bbox 703 1086 839 1117; x_wconf 87' lang='lat' dir='ltr'>nostrum</span> <span class='ocrx_word' id='word_1_210' title='bbox 851 1088 882 1116; x_wconf 91' lang='lat' dir='ltr'>in</span> <span class='ocrx_word' id='word_1_211' title='bbox 894 1089 1017 1128; x_wconf 82' lang='lat' dir='ltr'>gratiam</span> <span class='ocrx_word' id='word_1_212' title='bbox 1030 1097 1151 1128; x_wconf 83' lang='lat' dir='ltr'>uterque</span> 
     </span>
     <span class='ocr_line' id='line_1_24' title="bbox 192 1127 1147 1170; baseline -0.002 -10"><span class='ocrx_word' id='word_1_213' title='bbox 192 1128 365 1169; x_wconf 72' lang='lat' dir='ltr'>expetisset:</span> <span class='ocrx_word' id='word_1_214' title='bbox 386 1129 458 1170; x_wconf 89' lang='lat' dir='ltr'>quid</span> <span class='ocrx_word' id='word_1_215' title='bbox 477 1130 510 1158; x_wconf 92' lang='lat' dir='ltr'>in</span> <span class='ocrx_word' id='word_1_216' title='bbox 530 1129 686 1159; x_wconf 84' lang='lat' dir='ltr'>consulatu</span> <span class='ocrx_word' id='word_1_217' title='bbox 705 1138 757 1158; x_wconf 88' lang='lat' dir='ltr'>tuo</span> <span class='ocrx_word' id='word_1_218' title='bbox 774 1127 879 1159; x_wconf 58' lang='lat' dir='ltr'>frustra</span> <span class='ocrx_word' id='word_1_219' title='bbox 903 1139 1024 1159; x_wconf 87' lang='lat' dir='ltr'>mecum</span> <span class='ocrx_word' id='word_1_220' title='bbox 1043 1129 1147 1170; x_wconf 83' lang='lat' dir='ltr'>egisti,</span> 
     </span>
     <span class='ocr_line' id='line_1_25' title="bbox 191 1169 1149 1212; baseline 0.001 -12"><span class='ocrx_word' id='word_1_221' title='bbox 191 1171 273 1212; x_wconf 86' lang='lat' dir='ltr'>quod</span> <span class='ocrx_word' id='word_1_222' title='bbox 285 1180 334 1200; x_wconf 87' lang='lat' dir='ltr'>me</span> <span class='ocrx_word' id='word_1_223' title='bbox 343 1181 392 1201; x_wconf 86' lang='lat' dir='ltr'>aut</span> <span class='ocrx_word' id='word_1_224' title='bbox 405 1171 510 1204; x_wconf 79' lang='lat' dir='ltr'>facere,</span> <span class='ocrx_word' id='word_1_225' title='bbox 524 1180 573 1201; x_wconf 85' lang='lat' dir='ltr'>aut</span> <span class='ocrx_word' id='word_1_226' title='bbox 582 1172 689 1201; x_wconf 88' lang='lat' dir='ltr'>sentire</span> <span class='ocrx_word' id='word_1_227' title='bbox 700 1169 863 1200; x_wconf 73' lang='lat' dir='ltr'>voluisses?</span> <span class='ocrx_word' id='word_1_228' title='bbox 911 1171 962 1200; x_wconf 85' lang='lat' dir='ltr'>uid</span> <span class='ocrx_word' id='word_1_229' title='bbox 973 1172 1050 1201; x_wconf 84' lang='lat' dir='ltr'>mihi</span> <span class='ocrx_word' id='word_1_230' title='bbox 1063 1181 1149 1201; x_wconf 82' lang='lat' dir='ltr'>man-</span> 
     </span>
     <span class='ocr_line' id='line_1_26' title="bbox 191 1212 1150 1253; baseline 0 -10"><span class='ocrx_word' id='word_1_231' title='bbox 191 1212 265 1243; x_wconf 86' lang='lat' dir='ltr'>dasti</span> <span class='ocrx_word' id='word_1_232' title='bbox 276 1232 284 1246; x_wconf 95' lang='lat'>,</span> <span class='ocrx_word' id='word_1_233' title='bbox 305 1212 376 1243; x_wconf 74' lang='lat' dir='ltr'>cum</span> <span class='ocrx_word' id='word_1_234' title='bbox 388 1222 414 1243; x_wconf 87' lang='lat' dir='ltr'>te</span> <span class='ocrx_word' id='word_1_235' title='bbox 426 1213 557 1243; x_wconf 79' lang='lat' dir='ltr'>Puteolis</span> <span class='ocrx_word' id='word_1_236' title='bbox 568 1213 780 1253; x_wconf 78' lang='lat' dir='ltr'>prosequerer,</span> <span class='ocrx_word' id='word_1_237' title='bbox 804 1214 836 1242; x_wconf 89' lang='lat' dir='ltr'>in</span> <span class='ocrx_word' id='word_1_238' title='bbox 849 1222 910 1253; x_wconf 90' lang='lat' dir='ltr'>quo</span> <span class='ocrx_word' id='word_1_239' title='bbox 924 1223 986 1242; x_wconf 88' lang='lat' dir='ltr'>non</span> <span class='ocrx_word' id='word_1_240' title='bbox 999 1212 1150 1252; x_wconf 66' lang='lat' dir='ltr'>exspeffla-</span> 
     </span>
     <span class='ocr_line' id='line_1_27' title="bbox 190 1253 1150 1295; baseline 0.001 -11"><span class='ocrx_word' id='word_1_241' title='bbox 190 1256 309 1285; x_wconf 86' lang='lat' dir='ltr'>tionem</span> <span class='ocrx_word' id='word_1_242' title='bbox 320 1263 399 1285; x_wconf 86' lang='lat' dir='ltr'>tuam</span> <span class='ocrx_word' id='word_1_243' title='bbox 411 1255 567 1294; x_wconf 77' lang='lat' dir='ltr'>diligentia</span> <span class='ocrx_word' id='word_1_244' title='bbox 577 1264 644 1284; x_wconf 88' lang='lat' dir='ltr'>mea</span> <span class='ocrx_word' id='word_1_245' title='bbox 652 1255 798 1284; x_wconf 86' lang='lat' dir='ltr'>vicerim?</span> <span class='ocrx_word' id='word_1_246' title='bbox 821 1254 912 1295; x_wconf 71' lang='lat' dir='ltr'>de</span> <span class='ocrx_word' id='word_1_247' title='bbox 925 1253 945 1284; x_wconf 85' lang='lat' dir='ltr'><strong>fi</strong></span> <span class='ocrx_word' id='word_1_248' title='bbox 957 1255 986 1284; x_wconf 90' lang='lat' dir='ltr'>id</span> <span class='ocrx_word' id='word_1_249' title='bbox 998 1254 1040 1285; x_wconf 86' lang='lat' dir='ltr'>est</span> <span class='ocrx_word' id='word_1_250' title='bbox 1052 1257 1150 1285; x_wconf 83' lang='lat' dir='ltr'>maxi-</span> 
     </span>
     <span class='ocr_line' id='line_1_28' title="bbox 192 1295 1147 1337; baseline 0 -11"><span class='ocrx_word' id='word_1_251' title='bbox 192 1296 243 1326; x_wconf 74' lang='lat' dir='ltr'>me</span> <span class='ocrx_word' id='word_1_252' title='bbox 261 1296 370 1330; x_wconf 87' lang='lat' dir='ltr'>astuti,</span> <span class='ocrx_word' id='word_1_253' title='bbox 392 1299 497 1327; x_wconf 84' lang='lat' dir='ltr'>omnia</span> <span class='ocrx_word' id='word_1_254' title='bbox 515 1296 550 1326; x_wconf 87' lang='lat' dir='ltr'>ad</span> <span class='ocrx_word' id='word_1_255' title='bbox 565 1296 646 1327; x_wconf 89' lang='lat' dir='ltr'>suam</span> <span class='ocrx_word' id='word_1_256' title='bbox 662 1297 823 1326; x_wconf 75' lang='lat' dir='ltr'>utilitatem</span> <span class='ocrx_word' id='word_1_257' title='bbox 837 1295 943 1326; x_wconf 85' lang='lat' dir='ltr'>referre</span> <span class='ocrx_word' id='word_1_258' title='bbox 957 1307 962 1325; x_wconf 88' lang='lat'>:</span> <span class='ocrx_word' id='word_1_259' title='bbox 983 1296 1054 1337; x_wconf 82' lang='lat' dir='ltr'>quid</span> <span class='ocrx_word' id='word_1_260' title='bbox 1066 1298 1147 1326; x_wconf 86' lang='lat' dir='ltr'>mihi</span> 
     </span>
     <span class='ocr_line' id='line_1_29' title="bbox 193 1337 1146 1379; baseline 0 -11"><span class='ocrx_word' id='word_1_261' title='bbox 193 1338 314 1368; x_wconf 86' lang='lat' dir='ltr'>tandem</span> <span class='ocrx_word' id='word_1_262' title='bbox 326 1347 385 1369; x_wconf 81' lang='lat' dir='ltr'>erat</span> <span class='ocrx_word' id='word_1_263' title='bbox 397 1338 513 1372; x_wconf 90' lang='lat' dir='ltr'>utilius,</span> <span class='ocrx_word' id='word_1_264' title='bbox 523 1338 596 1379; x_wconf 87' lang='lat' dir='ltr'>quid</span> <span class='ocrx_word' id='word_1_265' title='bbox 606 1337 781 1368; x_wconf 85' lang='lat' dir='ltr'>commodis</span> <span class='ocrx_word' id='word_1_266' title='bbox 796 1339 872 1367; x_wconf 83' lang='lat' dir='ltr'>meis</span> <span class='ocrx_word' id='word_1_267' title='bbox 883 1340 978 1378; x_wconf 87' lang='lat' dir='ltr'>aptius</span> <span class='ocrx_word' id='word_1_268' title='bbox 987 1349 1076 1379; x_wconf 88' lang='lat' dir='ltr'>quarn</span> <span class='ocrx_word' id='word_1_269' title='bbox 1088 1340 1146 1368; x_wconf 88' lang='lat' dir='ltr'>ho-</span> 
     </span>
     <span class='ocr_line' id='line_1_30' title="bbox 191 1377 1150 1421; baseline 0 -11"><span class='ocrx_word' id='word_1_270' title='bbox 191 1381 287 1410; x_wconf 88' lang='lat' dir='ltr'>minis</span> <span class='ocrx_word' id='word_1_271' title='bbox 304 1379 487 1410; x_wconf 71' lang='lat' dir='ltr'>nobilissimi</span> <span class='ocrx_word' id='word_1_272' title='bbox 499 1399 507 1414; x_wconf 90' lang='lat'>‚</span> <span class='ocrx_word' id='word_1_273' title='bbox 526 1389 612 1421; x_wconf 86' lang='lat' dir='ltr'>atque</span> <span class='ocrx_word' id='word_1_274' title='bbox 622 1377 1047 1415; x_wconf 68' lang='lat' dir='ltr'>honoratiffimiconiun&amp;io:</span> <span class='ocrx_word' id='word_1_275' title='bbox 1065 1382 1150 1418; x_wconf 80' lang='lat' dir='ltr'>cujus</span> 
     </span>
     <span class='ocr_line' id='line_1_31' title="bbox 189 1419 1146 1466; baseline 0 -14"><span class='ocrx_word' id='word_1_276' title='bbox 189 1431 261 1462; x_wconf 90' lang='lat' dir='ltr'>opes</span> <span class='ocrx_word' id='word_1_277' title='bbox 271 1441 280 1456; x_wconf 94' lang='lat'>,</span> <span class='ocrx_word' id='word_1_278' title='bbox 301 1423 458 1462; x_wconf 85' lang='lat' dir='ltr'>ingenium</span> <span class='ocrx_word' id='word_1_279' title='bbox 474 1441 482 1454; x_wconf 93' lang='lat'>,</span> <span class='ocrx_word' id='word_1_280' title='bbox 491 1422 576 1451; x_wconf 87' lang='lat' dir='ltr'>liberi</span> <span class='ocrx_word' id='word_1_281' title='bbox 588 1441 595 1454; x_wconf 94' lang='lat'>,</span> <span class='ocrx_word' id='word_1_282' title='bbox 607 1419 721 1455; x_wconf 78' lang='lat' dir='ltr'>affines,</span> <span class='ocrx_word' id='word_1_283' title='bbox 733 1422 915 1466; x_wconf 81' lang='lat' dir='ltr'>propinqui,</span> <span class='ocrx_word' id='word_1_284' title='bbox 927 1423 1005 1452; x_wconf 88' lang='lat' dir='ltr'>mihi</span> <span class='ocrx_word' id='word_1_285' title='bbox 1017 1432 1127 1464; x_wconf 88' lang='lat' dir='ltr'>magno</span> <span class='ocrx_word' id='word_1_286' title='bbox 1137 1441 1146 1456; x_wconf 90' lang='lat'>,</span> 
     </span>
     <span class='ocr_line' id='line_1_32' title="bbox 187 1461 1147 1506; baseline 0.001 -13"><span class='ocrx_word' id='word_1_287' title='bbox 187 1463 239 1494; x_wconf 83' lang='lat' dir='ltr'>vel</span> <span class='ocrx_word' id='word_1_288' title='bbox 249 1471 430 1493; x_wconf 89' lang='lat' dir='ltr'>ornamento</span> <span class='ocrx_word' id='word_1_289' title='bbox 441 1483 451 1496; x_wconf 85' lang='lat'>,</span> <span class='ocrx_word' id='word_1_290' title='bbox 459 1463 507 1492; x_wconf 86' lang='lat' dir='ltr'>vel</span> <span class='ocrx_word' id='word_1_291' title='bbox 518 1472 575 1502; x_wconf 86' lang='lat' dir='ltr'>prae</span> <span class='ocrx_word' id='word_1_292' title='bbox 581 1461 654 1492; x_wconf 87' lang='lat' dir='ltr'>fidio</span> <span class='ocrx_word' id='word_1_293' title='bbox 663 1462 720 1493; x_wconf 83' lang='lat' dir='ltr'>effe</span> <span class='ocrx_word' id='word_1_294' title='bbox 731 1462 848 1503; x_wconf 87' lang='lat' dir='ltr'>possent</span> <span class='ocrx_word' id='word_1_295' title='bbox 862 1467 871 1492; x_wconf 87' lang='lat'>?</span> <span class='ocrx_word' id='word_1_296' title='bbox 890 1466 963 1506; x_wconf 82' lang='lat' dir='ltr'>Qae</span> <span class='ocrx_word' id='word_1_297' title='bbox 976 1473 1078 1494; x_wconf 87' lang='lat' dir='ltr'>tamen</span> <span class='ocrx_word' id='word_1_298' title='bbox 1090 1474 1147 1505; x_wconf 87' lang='lat' dir='ltr'>ego</span> 
     </span>
     <span class='ocr_line' id='line_1_33' title="bbox 188 1504 1148 1547; baseline 0.002 -13"><span class='ocrx_word' id='word_1_299' title='bbox 188 1506 294 1535; x_wconf 88' lang='lat' dir='ltr'>omnia</span> <span class='ocrx_word' id='word_1_300' title='bbox 306 1506 338 1534; x_wconf 92' lang='lat' dir='ltr'>in</span> <span class='ocrx_word' id='word_1_301' title='bbox 349 1504 515 1544; x_wconf 83' lang='lat' dir='ltr'>expetenda</span> <span class='ocrx_word' id='word_1_302' title='bbox 524 1506 657 1535; x_wconf 83' lang='lat' dir='ltr'>amicitia</span> <span class='ocrx_word' id='word_1_303' title='bbox 673 1514 722 1535; x_wconf 86' lang='lat' dir='ltr'>tua</span> <span class='ocrx_word' id='word_1_304' title='bbox 733 1525 742 1538; x_wconf 93' lang='lat'>,</span> <span class='ocrx_word' id='word_1_305' title='bbox 760 1514 825 1535; x_wconf 90' lang='lat' dir='ltr'>non</span> <span class='ocrx_word' id='word_1_306' title='bbox 836 1505 938 1536; x_wconf 83' lang='lat' dir='ltr'>astutia</span> <span class='ocrx_word' id='word_1_307' title='bbox 948 1506 1086 1547; x_wconf 82' lang='lat' dir='ltr'>quadarn,</span> <span class='ocrx_word' id='word_1_308' title='bbox 1099 1506 1148 1537; x_wconf 88' lang='lat' dir='ltr'>sed</span> 
     </span>
     <span class='ocr_line' id='line_1_34' title="bbox 187 1545 1148 1588; baseline 0.002 -12"><span class='ocrx_word' id='word_1_309' title='bbox 187 1546 287 1587; x_wconf 87' lang='lat' dir='ltr'>aliqua</span> <span class='ocrx_word' id='word_1_310' title='bbox 297 1545 398 1587; x_wconf 76' lang='lat' dir='ltr'>potius</span> <span class='ocrx_word' id='word_1_311' title='bbox 410 1546 550 1586; x_wconf 77' lang='lat' dir='ltr'>sapientia</span> <span class='ocrx_word' id='word_1_312' title='bbox 562 1567 570 1579; x_wconf 90' lang='lat'>,</span> <span class='ocrx_word' id='word_1_313' title='bbox 591 1546 706 1577; x_wconf 81' lang='lat' dir='ltr'>secutus</span> <span class='ocrx_word' id='word_1_314' title='bbox 717 1547 792 1577; x_wconf 87' lang='lat' dir='ltr'>sum.</span> <span class='ocrx_word' id='word_1_315' title='bbox 817 1547 922 1588; x_wconf 79' lang='lat' dir='ltr'>Qid?</span> <span class='ocrx_word' id='word_1_316' title='bbox 941 1548 993 1578; x_wconf 89' lang='lat' dir='ltr'>illa</span> <span class='ocrx_word' id='word_1_317' title='bbox 1002 1548 1123 1578; x_wconf 85' lang='lat' dir='ltr'>vincula</span> <span class='ocrx_word' id='word_1_318' title='bbox 1139 1568 1148 1582; x_wconf 94' lang='lat'>,</span> 
     </span>
     <span class='ocr_line' id='line_1_35' title="bbox 186 1587 1147 1630; baseline 0.002 -12"><span class='ocrx_word' id='word_1_319' title='bbox 186 1588 297 1628; x_wconf 84' lang='lat' dir='ltr'>quibus</span> <span class='ocrx_word' id='word_1_320' title='bbox 314 1587 438 1630; x_wconf 86' lang='lat' dir='ltr'>quidem</span> <span class='ocrx_word' id='word_1_321' title='bbox 451 1587 644 1618; x_wconf 77' lang='lat' dir='ltr'>libentiffime</span> <span class='ocrx_word' id='word_1_322' title='bbox 655 1587 820 1630; x_wconf 86' lang='lat' dir='ltr'>adstringor</span> <span class='ocrx_word' id='word_1_323' title='bbox 835 1609 843 1623; x_wconf 96' lang='lat'>,</span> <span class='ocrx_word' id='word_1_324' title='bbox 854 1599 963 1630; x_wconf 86' lang='lat' dir='ltr'>quanta</span> <span class='ocrx_word' id='word_1_325' title='bbox 973 1590 1041 1620; x_wconf 90' lang='lat' dir='ltr'>sunt</span> <span class='ocrx_word' id='word_1_326' title='bbox 1055 1592 1065 1619; x_wconf 92' lang='lat'>?</span> <span class='ocrx_word' id='word_1_327' title='bbox 1085 1589 1147 1620; x_wconf 87' lang='lat' dir='ltr'>stu-</span> 
     </span>
     <span class='ocr_line' id='line_1_36' title="bbox 187 1628 1147 1665; baseline 0.003 -6"><span class='ocrx_word' id='word_1_328' title='bbox 187 1630 309 1660; x_wconf 90' lang='lat' dir='ltr'>diorum</span> <span class='ocrx_word' id='word_1_329' title='bbox 335 1628 503 1661; x_wconf 87' lang='lat' dir='ltr'>fimilitudo</span> <span class='ocrx_word' id='word_1_330' title='bbox 523 1651 531 1664; x_wconf 94' lang='lat'>,</span> <span class='ocrx_word' id='word_1_331' title='bbox 566 1631 692 1661; x_wconf 84' lang='lat' dir='ltr'>suavitas</span> <span class='ocrx_word' id='word_1_332' title='bbox 714 1631 942 1661; x_wconf 85' lang='lat' dir='ltr'>consuetudinis</span> <span class='ocrx_word' id='word_1_333' title='bbox 953 1652 963 1665; x_wconf 95' lang='lat'>,</span> <span class='ocrx_word' id='word_1_334' title='bbox 989 1630 1147 1663; x_wconf 72' lang='lat' dir='ltr'>delectatio</span> 
     </span>
     <span class='ocr_line' id='line_1_37' title="bbox 186 1671 1147 1712; baseline 0.001 -11"><span class='ocrx_word' id='word_1_335' title='bbox 186 1672 255 1702; x_wconf 78' lang='lat' dir='ltr'>vitae</span> <span class='ocrx_word' id='word_1_336' title='bbox 268 1691 276 1706; x_wconf 89' lang='lat'>,</span> <span class='ocrx_word' id='word_1_337' title='bbox 295 1680 383 1712; x_wconf 88' lang='lat' dir='ltr'>atque</span> <span class='ocrx_word' id='word_1_338' title='bbox 396 1671 494 1702; x_wconf 61' lang='lat' dir='ltr'>vietus</span> <span class='ocrx_word' id='word_1_339' title='bbox 505 1692 514 1706; x_wconf 96' lang='lat'>,</span> <span class='ocrx_word' id='word_1_340' title='bbox 538 1673 686 1703; x_wconf 82' lang='lat' dir='ltr'>sermonis</span> <span class='ocrx_word' id='word_1_341' title='bbox 698 1672 822 1703; x_wconf 86' lang='lat' dir='ltr'>societas</span> <span class='ocrx_word' id='word_1_342' title='bbox 834 1693 843 1707; x_wconf 93' lang='lat'>,</span> <span class='ocrx_word' id='word_1_343' title='bbox 862 1672 967 1704; x_wconf 87' lang='lat' dir='ltr'>litterae</span> <span class='ocrx_word' id='word_1_344' title='bbox 977 1673 1147 1704; x_wconf 76' lang='lat' dir='ltr'>interiores.</span> 
     </span>
     <span class='ocr_line' id='line_1_38' title="bbox 185 1713 1147 1756; baseline 0.004 -13"><span class='ocrx_word' id='word_1_345' title='bbox 185 1715 284 1754; x_wconf 85' lang='lat' dir='ltr'>Atque</span> <span class='ocrx_word' id='word_1_346' title='bbox 300 1713 361 1743; x_wconf 87' lang='lat' dir='ltr'>haec</span> <span class='ocrx_word' id='word_1_347' title='bbox 380 1713 553 1744; x_wconf 84' lang='lat' dir='ltr'>domestica.</span> <span class='ocrx_word' id='word_1_348' title='bbox 577 1714 658 1756; x_wconf 84' lang='lat' dir='ltr'>Qid</span> <span class='ocrx_word' id='word_1_349' title='bbox 677 1714 727 1744; x_wconf 88' lang='lat' dir='ltr'>illa</span> <span class='ocrx_word' id='word_1_350' title='bbox 739 1714 859 1745; x_wconf 86' lang='lat' dir='ltr'>tandem</span> <span class='ocrx_word' id='word_1_351' title='bbox 871 1715 1023 1755; x_wconf 83' lang='lat' dir='ltr'>popularia</span> <span class='ocrx_word' id='word_1_352' title='bbox 1035 1728 1045 1750; x_wconf 75' lang='lat'>3</span> <span class='ocrx_word' id='word_1_353' title='bbox 1068 1715 1147 1747; x_wconf 89' lang='lat' dir='ltr'>redi-</span> 
     </span>
     <span class='ocr_line' id='line_1_39' title="bbox 186 1754 1145 1804; baseline 0.002 -18"><span class='ocrx_word' id='word_1_354' title='bbox 186 1762 234 1786; x_wconf 90' lang='lat' dir='ltr'>tus</span> <span class='ocrx_word' id='word_1_355' title='bbox 251 1754 375 1785; x_wconf 87' lang='lat' dir='ltr'>illustris</span> <span class='ocrx_word' id='word_1_356' title='bbox 392 1758 552 1796; x_wconf 89' lang='lat' dir='ltr'>ingratiam</span> <span class='ocrx_word' id='word_1_357' title='bbox 570 1760 582 1785; x_wconf 77' lang='grc' dir='ltr'><em>ἒ</em></span> <span class='ocrx_word' id='word_1_358' title='bbox 605 1760 708 1797; x_wconf 85' lang='lat' dir='ltr'>inquo</span> <span class='ocrx_word' id='word_1_359' title='bbox 719 1766 758 1787; x_wconf 90' lang='lat' dir='ltr'>ne</span> <span class='ocrx_word' id='word_1_360' title='bbox 767 1757 1065 1798; x_wconf 57' lang='lat' dir='ltr'>gerim-prudentiam</span> <span class='ocrx_word' id='word_1_361' title='bbox 1076 1760 1145 1804; x_wconf 86' lang='lat' dir='ltr'>qui-</span> 
     </span>
     <span class='ocr_line' id='line_1_40' title="bbox 185 1796 1144 1839; baseline 0.004 -13"><span class='ocrx_word' id='word_1_362' title='bbox 185 1796 257 1826; x_wconf 84' lang='lat' dir='ltr'>dem</span> <span class='ocrx_word' id='word_1_363' title='bbox 278 1798 365 1827; x_wconf 88' lang='lat' dir='ltr'>errari</span> <span class='ocrx_word' id='word_1_364' title='bbox 384 1796 500 1837; x_wconf 84' lang='lat' dir='ltr'>potest,</span> <span class='ocrx_word' id='word_1_365' title='bbox 521 1796 582 1827; x_wconf 84' lang='lat' dir='ltr'>sine</span> <span class='ocrx_word' id='word_1_366' title='bbox 605 1798 773 1838; x_wconf 86' lang='lat' dir='ltr'>suspicione</span> <span class='ocrx_word' id='word_1_367' title='bbox 791 1797 922 1838; x_wconf 83' lang='lat' dir='ltr'>perfidiae</span> <span class='ocrx_word' id='word_1_368' title='bbox 944 1809 949 1828; x_wconf 94' lang='lat'>:</span> <span class='ocrx_word' id='word_1_369' title='bbox 966 1799 1144 1839; x_wconf 78' lang='lat' dir='ltr'>ampliflimi</span> 
     </span>
     <span class='ocr_line' id='line_1_41' title="bbox 185 1835 1143 1880; baseline 0.002 -11"><span class='ocrx_word' id='word_1_370' title='bbox 185 1835 341 1869; x_wconf 83' lang='lat' dir='ltr'>sacerdotii</span> <span class='ocrx_word' id='word_1_371' title='bbox 360 1840 545 1880; x_wconf 80' lang='lat' dir='ltr'>collegium?</span> <span class='ocrx_word' id='word_1_372' title='bbox 563 1841 596 1869; x_wconf 91' lang='lat' dir='ltr'>in</span> <span class='ocrx_word' id='word_1_373' title='bbox 607 1850 667 1880; x_wconf 82' lang='lat' dir='ltr'>quo</span> <span class='ocrx_word' id='word_1_374' title='bbox 678 1850 742 1869; x_wconf 91' lang='lat' dir='ltr'>non</span> <span class='ocrx_word' id='word_1_375' title='bbox 755 1838 850 1870; x_wconf 73' lang='lat' dir='ltr'>modo</span> <span class='ocrx_word' id='word_1_376' title='bbox 860 1840 1025 1870; x_wconf 75' lang='lat' dir='ltr'>amicitiam</span> <span class='ocrx_word' id='word_1_377' title='bbox 1035 1841 1143 1871; x_wconf 90' lang='lat' dir='ltr'>violari</span> 
     </span>
     <span class='ocr_line' id='line_1_42' title="bbox 185 1879 1144 1923; baseline 0.004 -14"><span class='ocrx_word' id='word_1_378' title='bbox 185 1879 263 1919; x_wconf 83' lang='lat' dir='ltr'>apud</span> <span class='ocrx_word' id='word_1_379' title='bbox 283 1880 413 1919; x_wconf 78' lang='lat' dir='ltr'>majores</span> <span class='ocrx_word' id='word_1_380' title='bbox 431 1879 548 1911; x_wconf 88' lang='lat' dir='ltr'>nostros</span> <span class='ocrx_word' id='word_1_381' title='bbox 566 1880 609 1911; x_wconf 88' lang='lat' dir='ltr'>fas</span> <span class='ocrx_word' id='word_1_382' title='bbox 627 1891 691 1911; x_wconf 91' lang='lat' dir='ltr'>non</span> <span class='ocrx_word' id='word_1_383' title='bbox 702 1890 762 1912; x_wconf 86' lang='lat' dir='ltr'>erat</span> <span class='ocrx_word' id='word_1_384' title='bbox 777 1902 785 1915; x_wconf 92' lang='lat'>,</span> <span class='ocrx_word' id='word_1_385' title='bbox 807 1881 855 1911; x_wconf 87' lang='lat' dir='ltr'>sed</span> <span class='ocrx_word' id='word_1_386' title='bbox 866 1891 904 1911; x_wconf 88' lang='lat' dir='ltr'>ne</span> <span class='ocrx_word' id='word_1_387' title='bbox 914 1883 1007 1921; x_wconf 86' lang='lat' dir='ltr'>optari</span> <span class='ocrx_word' id='word_1_388' title='bbox 1018 1882 1144 1923; x_wconf 86' lang='lat' dir='ltr'>quidem</span> 
     </span>
     <span class='ocr_line' id='line_1_43' title="bbox 185 1920 1144 1963; baseline 0.001 -12"><span class='ocrx_word' id='word_1_389' title='bbox 185 1920 369 1952; x_wconf 80' lang='lat' dir='ltr'>sacerdotem</span> <span class='ocrx_word' id='word_1_390' title='bbox 381 1921 497 1956; x_wconf 81' lang='lat' dir='ltr'>licebat,</span> <span class='ocrx_word' id='word_1_391' title='bbox 507 1924 559 1962; x_wconf 86' lang='lat' dir='ltr'>qui</span> <span class='ocrx_word' id='word_1_392' title='bbox 569 1925 710 1962; x_wconf 85' lang='lat' dir='ltr'>cuiquam</span> <span class='ocrx_word' id='word_1_393' title='bbox 720 1933 757 1952; x_wconf 86' lang='lat' dir='ltr'>ex</span> <span class='ocrx_word' id='word_1_394' title='bbox 768 1923 899 1963; x_wconf 86' lang='lat' dir='ltr'>collegio</span> <span class='ocrx_word' id='word_1_395' title='bbox 909 1922 980 1954; x_wconf 76' lang='lat' dir='ltr'>ess‘et</span> <span class='ocrx_word' id='word_1_396' title='bbox 989 1924 1144 1955; x_wconf 86' lang='lat' dir='ltr'>inimicus.</span> 
     </span>
     <span class='ocr_line' id='line_1_44' title="bbox 186 1964 1142 2006; baseline 0.004 -14"><span class='ocrx_word' id='word_1_397' title='bbox 186 1964 262 2004; x_wconf 85' lang='lat' dir='ltr'>Qae</span> <span class='ocrx_word' id='word_1_398' title='bbox 281 1972 314 1993; x_wconf 90' lang='lat' dir='ltr'>ut</span> <span class='ocrx_word' id='word_1_399' title='bbox 331 1965 473 1993; x_wconf 88' lang='lat' dir='ltr'>omittam</span> <span class='ocrx_word' id='word_1_400' title='bbox 500 1973 557 1994; x_wconf 88' lang='lat' dir='ltr'>tam</span> <span class='ocrx_word' id='word_1_401' title='bbox 572 1965 665 1994; x_wconf 88' lang='lat' dir='ltr'>multa</span> <span class='ocrx_word' id='word_1_402' title='bbox 677 1985 688 1997; x_wconf 94' lang='lat'>‚</span> <span class='ocrx_word' id='word_1_403' title='bbox 705 1973 791 2005; x_wconf 86' lang='lat' dir='ltr'>atque</span> <span class='ocrx_word' id='word_1_404' title='bbox 803 1974 896 1995; x_wconf 84' lang='lat' dir='ltr'>tanta:</span> <span class='ocrx_word' id='word_1_405' title='bbox 919 1966 986 2005; x_wconf 90' lang='lat' dir='ltr'>quis</span> <span class='ocrx_word' id='word_1_406' title='bbox 998 1975 1142 2006; x_wconf 83' lang='lat' dir='ltr'>umquam</span> 
     </span>
     <span class='ocr_line' id='line_1_45' title="bbox 183 2004 1143 2049; baseline 0.004 -15"><span class='ocrx_word' id='word_1_407' title='bbox 183 2006 258 2034; x_wconf 86' lang='lat' dir='ltr'>tanti</span> <span class='ocrx_word' id='word_1_408' title='bbox 267 2004 450 2045; x_wconf 82' lang='lat' dir='ltr'>quemquam</span> <span class='ocrx_word' id='word_1_409' title='bbox 461 2004 542 2039; x_wconf 87' lang='lat' dir='ltr'>fecit,</span> <span class='ocrx_word' id='word_1_410' title='bbox 551 2014 599 2036; x_wconf 88' lang='lat' dir='ltr'>aut</span> <span class='ocrx_word' id='word_1_411' title='bbox 608 2005 703 2035; x_wconf 85' lang='lat' dir='ltr'>facere</span> <span class='ocrx_word' id='word_1_412' title='bbox 710 2008 808 2046; x_wconf 84' lang='lat' dir='ltr'>potuit</span> <span class='ocrx_word' id='word_1_413' title='bbox 818 2026 827 2039; x_wconf 91' lang='lat'>,</span> <span class='ocrx_word' id='word_1_414' title='bbox 848 2015 897 2036; x_wconf 86' lang='lat' dir='ltr'>aut</span> <span class='ocrx_word' id='word_1_415' title='bbox 906 2006 1011 2037; x_wconf 87' lang='lat' dir='ltr'>debuit</span> <span class='ocrx_word' id='word_1_416' title='bbox 1023 2004 1143 2049; x_wconf 87' lang='lat' dir='ltr'>,quanti</span> 
     </span>
     <span class='ocr_line' id='line_1_46' title="bbox 185 2042 1144 2087; baseline 0.005 -12"><span class='ocrx_word' id='word_1_417' title='bbox 185 2055 242 2086; x_wconf 87' lang='lat' dir='ltr'>ego</span> <span class='ocrx_word' id='word_1_418' title='bbox 261 2049 316 2076; x_wconf 85' lang='lat' dir='ltr'>Cn.</span> <span class='ocrx_word' id='word_1_419' title='bbox 331 2042 530 2087; x_wconf 76' lang='lat' dir='ltr'>Pompejum,</span> <span class='ocrx_word' id='word_1_420' title='bbox 553 2048 687 2078; x_wconf 81' lang='lat' dir='ltr'>socerum</span> <span class='ocrx_word' id='word_1_421' title='bbox 699 2057 756 2077; x_wconf 86' lang='lat' dir='ltr'>tuae</span> <span class='ocrx_word' id='word_1_422' title='bbox 766 2046 856 2078; x_wconf 81' lang='lat' dir='ltr'>filiae?</span> <span class='ocrx_word' id='word_1_423' title='bbox 873 2050 995 2079; x_wconf 82' lang='lat' dir='ltr'>Etenim</span> <span class='ocrx_word' id='word_1_424' title='bbox 1006 2047 1026 2078; x_wconf 87' lang='lat' dir='ltr'>fi</span> <span class='ocrx_word' id='word_1_425' title='bbox 1037 2051 1144 2080; x_wconf 87' lang='lat' dir='ltr'>merita</span> 
     </span>
     <span class='ocr_line' id='line_1_47' title="bbox 183 2087 1144 2131; baseline 0.004 -13"><span class='ocrx_word' id='word_1_426' title='bbox 183 2087 302 2118; x_wconf 89' lang='lat' dir='ltr'>valent:</span> <span class='ocrx_word' id='word_1_427' title='bbox 316 2089 455 2128; x_wconf 82' lang='lat' dir='ltr'>patriam,</span> <span class='ocrx_word' id='word_1_428' title='bbox 465 2088 586 2123; x_wconf 81' lang='lat' dir='ltr'>liberos,</span> <span class='ocrx_word' id='word_1_429' title='bbox 600 2087 1144 2131; x_wconf 70' lang='lat' dir='ltr'>salutem‚dignitatermmemetipsum</span> 
     </span>
     <span class='ocr_line' id='line_1_48' title="bbox 183 2129 1139 2172; baseline 0.006 -14"><span class='ocrx_word' id='word_1_430' title='bbox 183 2130 262 2159; x_wconf 89' lang='lat' dir='ltr'>mihi</span> <span class='ocrx_word' id='word_1_431' title='bbox 278 2138 331 2169; x_wconf 91' lang='lat' dir='ltr'>per</span> <span class='ocrx_word' id='word_1_432' title='bbox 347 2129 438 2160; x_wconf 89' lang='lat' dir='ltr'>illum</span> <span class='ocrx_word' id='word_1_433' title='bbox 449 2129 617 2161; x_wconf 89' lang='lat' dir='ltr'>restitutum</span> <span class='ocrx_word' id='word_1_434' title='bbox 632 2140 717 2171; x_wconf 88' lang='lat' dir='ltr'>puto.</span> <span class='ocrx_word' id='word_1_435' title='bbox 730 2129 1139 2172; x_wconf 82' lang='lat' dir='ltr'>ficonsuetudinisjucundi-</span> 
     </span>
     <span class='ocr_line' id='line_1_49' title="bbox 182 2170 1143 2212; baseline 0.006 -12"><span class='ocrx_word' id='word_1_436' title='bbox 182 2178 225 2212; x_wconf 65' lang='lat' dir='ltr'>tas</span> <span class='ocrx_word' id='word_1_437' title='bbox 241 2181 248 2200; x_wconf 80' lang='lat'>2</span> <span class='ocrx_word' id='word_1_438' title='bbox 273 2181 340 2211; x_wconf 87' lang='lat' dir='ltr'>quae</span> <span class='ocrx_word' id='word_1_439' title='bbox 355 2170 414 2202; x_wconf 85' lang='lat' dir='ltr'>fuit</span> <span class='ocrx_word' id='word_1_440' title='bbox 434 2182 580 2212; x_wconf 82' lang='lat' dir='ltr'>umquam</span> <span class='ocrx_word' id='word_1_441' title='bbox 591 2174 723 2203; x_wconf 84' lang='lat' dir='ltr'>amicitia</span> <span class='ocrx_word' id='word_1_442' title='bbox 732 2173 934 2205; x_wconf 79' lang='lat' dir='ltr'>consularium</span> <span class='ocrx_word' id='word_1_443' title='bbox 947 2176 979 2204; x_wconf 88' lang='lat' dir='ltr'>in</span> <span class='ocrx_word' id='word_1_444' title='bbox 988 2173 1087 2206; x_wconf 86' lang='lat' dir='ltr'>nostra</span> <span class='ocrx_word' id='word_1_445' title='bbox 1099 2177 1143 2206; x_wconf 92' lang='lat' dir='ltr'>ci-</span> 
     </span>
     <span class='ocr_line' id='line_1_50' title="bbox 181 2212 1137 2258; baseline 0.005 -16"><span class='ocrx_word' id='word_1_446' title='bbox 181 2214 271 2243; x_wconf 85' lang='lat' dir='ltr'>vitate</span> <span class='ocrx_word' id='word_1_447' title='bbox 289 2212 502 2253; x_wconf 70' lang='lat' dir='ltr'>conjunffior?</span> <span class='ocrx_word' id='word_1_448' title='bbox 524 2213 543 2243; x_wconf 85' lang='lat' dir='ltr'>fi</span> <span class='ocrx_word' id='word_1_449' title='bbox 561 2214 612 2245; x_wconf 90' lang='lat' dir='ltr'>illa</span> <span class='ocrx_word' id='word_1_450' title='bbox 625 2217 748 2249; x_wconf 70' lang='lat' dir='ltr'>amoris,</span> <span class='ocrx_word' id='word_1_451' title='bbox 759 2225 845 2256; x_wconf 88' lang='lat' dir='ltr'>atque</span> <span class='ocrx_word' id='word_1_452' title='bbox 855 2215 950 2246; x_wconf 89' lang='lat' dir='ltr'>officii</span> <span class='ocrx_word' id='word_1_453' title='bbox 959 2214 1038 2257; x_wconf 80' lang='lat' dir='ltr'>signa</span> <span class='ocrx_word' id='word_1_454' title='bbox 1049 2228 1054 2246; x_wconf 90' lang='lat'>:</span> <span class='ocrx_word' id='word_1_455' title='bbox 1066 2218 1137 2258; x_wconf 87' lang='lat' dir='ltr'>quid</span> 
     </span>
     <span class='ocr_line' id='line_1_51' title="bbox 182 2254 1141 2297; baseline 0.006 -13"><span class='ocrx_word' id='word_1_456' title='bbox 182 2255 262 2284; x_wconf 83' lang='lat' dir='ltr'>mihi</span> <span class='ocrx_word' id='word_1_457' title='bbox 280 2254 334 2284; x_wconf 87' lang='lat' dir='ltr'>ille</span> <span class='ocrx_word' id='word_1_458' title='bbox 352 2265 416 2285; x_wconf 85' lang='lat' dir='ltr'>non</span> <span class='ocrx_word' id='word_1_459' title='bbox 433 2254 609 2286; x_wconf 80' lang='lat' dir='ltr'>commisit?</span> <span class='ocrx_word' id='word_1_460' title='bbox 629 2256 701 2297; x_wconf 86' lang='lat' dir='ltr'>quid</span> <span class='ocrx_word' id='word_1_461' title='bbox 720 2267 783 2288; x_wconf 89' lang='lat' dir='ltr'>non</span> <span class='ocrx_word' id='word_1_462' title='bbox 793 2268 915 2288; x_wconf 89' lang='lat' dir='ltr'>mecum</span> <span class='ocrx_word' id='word_1_463' title='bbox 931 2262 1141 2290; x_wconf 84' lang='lat' dir='ltr'>communica-</span> 
     </span>
     <span class='ocr_line' id='line_1_52' title="bbox 182 2291 1137 2342; baseline 0.007 -18"><span class='ocrx_word' id='word_1_464' title='bbox 182 2291 248 2333; x_wconf 69' lang='lat' dir='ltr'>vit?</span> <span class='ocrx_word' id='word_1_465' title='bbox 268 2296 341 2337; x_wconf 89' lang='lat' dir='ltr'>quid</span> <span class='ocrx_word' id='word_1_466' title='bbox 351 2297 387 2327; x_wconf 80' lang='lat' dir='ltr'>de</span> <span class='ocrx_word' id='word_1_467' title='bbox 396 2297 466 2328; x_wconf 88' lang='lat' dir='ltr'>sein</span> <span class='ocrx_word' id='word_1_468' title='bbox 481 2298 592 2331; x_wconf 85' lang='lat' dir='ltr'>senatu,</span> <span class='ocrx_word' id='word_1_469' title='bbox 608 2299 751 2339; x_wconf 86' lang='lat' dir='ltr'>cumipse</span> <span class='ocrx_word' id='word_1_470' title='bbox 764 2298 882 2333; x_wconf 77' lang='lat' dir='ltr'>abesset,</span> <span class='ocrx_word' id='word_1_471' title='bbox 892 2310 945 2340; x_wconf 89' lang='lat' dir='ltr'>per</span> <span class='ocrx_word' id='word_1_472' title='bbox 977 2311 1137 2342; x_wconf 87' lang='lat' dir='ltr'>uernquam</span> 
     </span>
     <span class='ocr_line' id='line_1_53' title="bbox 182 2311 1141 2380; baseline 0.007 -14"><span class='ocrx_word' id='word_1_473' title='bbox 182 2338 228 2378; x_wconf 84' lang='lat' dir='ltr'>agi</span> <span class='ocrx_word' id='word_1_474' title='bbox 237 2338 365 2368; x_wconf 81' lang='lat' dir='ltr'>maluit?</span> <span class='ocrx_word' id='word_1_475' title='bbox 385 2341 397 2365; x_wconf 78' lang='lat'><em>3</em></span> <span class='ocrx_word' id='word_1_476' title='bbox 408 2339 520 2380; x_wconf 84' lang='lat' dir='ltr'>quibus</span> <span class='ocrx_word' id='word_1_477' title='bbox 545 2340 596 2369; x_wconf 90' lang='lat' dir='ltr'>ille</span> <span class='ocrx_word' id='word_1_478' title='bbox 609 2349 665 2370; x_wconf 59' lang='lat' dir='ltr'>*me</span> <span class='ocrx_word' id='word_1_479' title='bbox 676 2341 764 2371; x_wconf 79' lang='lat' dir='ltr'>rebus</span> <span class='ocrx_word' id='word_1_480' title='bbox 774 2351 839 2371; x_wconf 89' lang='lat' dir='ltr'>non</span> <span class='ocrx_word' id='word_1_481' title='bbox 849 2311 1073 2373; x_wconf 67' lang='lat' dir='ltr'>ornatisl‘imum</span> <span class='ocrx_word' id='word_1_482' title='bbox 1086 2353 1141 2373; x_wconf 93' lang='lat' dir='ltr'>vo—</span> 
     </span>
     <span class='ocr_line' id='line_1_54' title="bbox 182 2378 1141 2425; baseline 0.007 -17"><span class='ocrx_word' id='word_1_483' title='bbox 182 2378 241 2417; x_wconf 77' lang='lat' dir='ltr'>luit</span> <span class='ocrx_word' id='word_1_484' title='bbox 259 2378 458 2425; x_wconf 72' lang='lat' dir='ltr'>ampliffime?</span> <span class='ocrx_word' id='word_1_485' title='bbox 476 2392 534 2422; x_wconf 85' lang='lat' dir='ltr'>qua</span> <span class='ocrx_word' id='word_1_486' title='bbox 552 2381 683 2423; x_wconf 83' lang='lat' dir='ltr'>denique</span> <span class='ocrx_word' id='word_1_487' title='bbox 693 2382 911 2418; x_wconf 73' lang='lat' dir='ltr'>illefacilitate3</span> <span class='ocrx_word' id='word_1_488' title='bbox 931 2394 989 2424; x_wconf 88' lang='lat' dir='ltr'>qua</span> <span class='ocrx_word' id='word_1_489' title='bbox 998 2385 1141 2415; x_wconf 83' lang='lat' dir='ltr'>humani-</span> 
     </span>
     <span class='ocr_line' id='line_1_55' title="bbox 181 2421 1136 2464; baseline 0.01 -15"><span class='ocrx_word' id='word_1_490' title='bbox 181 2427 238 2450; x_wconf 87' lang='lat' dir='ltr'>tate</span> <span class='ocrx_word' id='word_1_491' title='bbox 250 2421 319 2451; x_wconf 71' lang='lat' dir='ltr'>tuli&#39;t</span> <span class='ocrx_word' id='word_1_492' title='bbox 328 2425 556 2453; x_wconf 89' lang='lat' dir='ltr'>contentionem</span> <span class='ocrx_word' id='word_1_493' title='bbox 568 2434 666 2453; x_wconf 87' lang='lat' dir='ltr'>meam</span> <span class='ocrx_word' id='word_1_494' title='bbox 679 2422 734 2464; x_wconf 76' lang='lat' dir='ltr'>p‘ro</span> <span class='ocrx_word' id='word_1_495' title='bbox 748 2425 868 2455; x_wconf 89' lang='lat' dir='ltr'>Milone</span> <span class='ocrx_word' id='word_1_496' title='bbox 879 2446 887 2459; x_wconf 91' lang='lat'>,</span> <span class='ocrx_word' id='word_1_497' title='bbox 907 2429 923 2452; x_wconf 83' lang='lat'>4</span> <span class='ocrx_word' id='word_1_498' title='bbox 933 2426 1136 2459; x_wconf 86' lang='lat' dir='ltr'>adversantem</span> 
     </span>
     <span class='ocr_line' id='line_1_56' title="bbox 185 2461 1141 2509; baseline 0.008 -18"><span class='ocrx_word' id='word_1_499' title='bbox 185 2461 338 2506; x_wconf 79' lang='lat' dir='ltr'>interdum</span> <span class='ocrx_word' id='word_1_500' title='bbox 358 2463 528 2495; x_wconf 63' lang='lat' dir='ltr'>aetionibus</span> <span class='ocrx_word' id='word_1_501' title='bbox 547 2466 606 2496; x_wconf 90' lang='lat' dir='ltr'>suis</span> <span class='ocrx_word' id='word_1_502' title='bbox 623 2465 793 2507; x_wconf 84' lang='lat' dir='ltr'>quostudio</span> <span class='ocrx_word' id='word_1_503' title='bbox 804 2467 963 2507; x_wconf 79' lang='lat' dir='ltr'>providit,</span> <span class='ocrx_word' id='word_1_504' title='bbox 986 2478 1082 2509; x_wconf 86' lang='lat' dir='ltr'>nequa</span> <span class='ocrx_word' id='word_1_505' title='bbox 1091 2471 1141 2499; x_wconf 86' lang='lat' dir='ltr'>me</span> 
     </span>
     <span class='ocr_line' id='line_1_57' title="bbox 183 2501 1139 2550; baseline 0.009 -18"><span class='ocrx_word' id='word_1_506' title='bbox 183 2504 274 2539; x_wconf 65' lang='lat' dir='ltr'>illius«</span> <span class='ocrx_word' id='word_1_507' title='bbox 288 2501 553 2545; x_wconf 52' lang='lat' dir='ltr'>tempoiis‘imvidia</span> <span class='ocrx_word' id='word_1_508' title='bbox 564 2509 738 2550; x_wconf 76' lang='lat' dir='ltr'>attingeret,</span> <span class='ocrx_word' id='word_1_509' title='bbox 761 2508 831 2539; x_wconf 69' lang='lat' dir='ltr'>cum</span> <span class='ocrx_word' id='word_1_510' title='bbox 845 2519 894 2539; x_wconf 87' lang='lat' dir='ltr'>me</span> <span class='ocrx_word' id='word_1_511' title='bbox 908 2509 1034 2540; x_wconf 82' lang='lat' dir='ltr'>consilio</span> <span class='ocrx_word' id='word_1_512' title='bbox 1044 2530 1057 2544; x_wconf 20' lang='lat' dir='ltr'>,r</span> <span class='ocrx_word' id='word_1_513' title='bbox 1073 2510 1139 2541; x_wconf 78' lang='lat' dir='ltr'>tum</span> 
     </span>
     <span class='ocr_line' id='line_1_58' title="bbox 175 2545 1141 2594; baseline 0.009 -20"><span class='ocrx_word' id='word_1_514' title='bbox 175 2545 358 2585; x_wconf 22' lang='lat' dir='ltr'>*auetoritace</span> <span class='ocrx_word' id='word_1_515' title='bbox 371 2567 379 2581; x_wconf 93' lang='lat'>,</span> <span class='ocrx_word' id='word_1_516' title='bbox 391 2546 461 2578; x_wconf 75' lang='lat' dir='ltr'>cum</span> <span class='ocrx_word' id='word_1_517' title='bbox 475 2551 564 2580; x_wconf 81' lang='lat' dir='ltr'>armis</span> <span class='ocrx_word' id='word_1_518' title='bbox 574 2550 704 2591; x_wconf 77' lang='lat' dir='ltr'>denique</span> <span class='ocrx_word' id='word_1_519' title='bbox 714 2553 787 2581; x_wconf 83' lang='lat' dir='ltr'>texit</span> <span class='ocrx_word' id='word_1_520' title='bbox 798 2553 856 2581; x_wconf 85' lang='lat' dir='ltr'>suis</span> <span class='ocrx_word' id='word_1_521' title='bbox 869 2554 879 2581; x_wconf 92' lang='lat'>?</span> <span class='ocrx_word' id='word_1_522' title='bbox 898 2552 1007 2593; x_wconf 89' lang='lat' dir='ltr'>quibus</span> <span class='ocrx_word' id='word_1_523' title='bbox 1016 2553 1141 2594; x_wconf 88' lang='lat' dir='ltr'>quidem</span> 
     </span>
     <span class='ocr_line' id='line_1_59' title="bbox 180 2587 1143 2634; baseline 0.009 -18"><span class='ocrx_word' id='word_1_524' title='bbox 180 2587 367 2627; x_wconf 78' lang='lat' dir='ltr'>temporibus</span> <span class='ocrx_word' id='word_1_525' title='bbox 385 2590 447 2620; x_wconf 90' lang='lat' dir='ltr'>haec</span> <span class='ocrx_word' id='word_1_526' title='bbox 463 2592 496 2620; x_wconf 87' lang='lat' dir='ltr'>in</span> <span class='ocrx_word' id='word_1_527' title='bbox 513 2601 550 2622; x_wconf 86' lang='lat' dir='ltr'>eo</span> <span class='ocrx_word' id='word_1_528' title='bbox 571 2595 714 2634; x_wconf 87' lang='lat' dir='ltr'>gravitas,</span> <span class='ocrx_word' id='word_1_529' title='bbox 735 2594 798 2623; x_wconf 87' lang='lat' dir='ltr'>haec</span> <span class='ocrx_word' id='word_1_530' title='bbox 807 2595 904 2623; x_wconf 86' lang='lat' dir='ltr'>animi</span> <span class='ocrx_word' id='word_1_531' title='bbox 925 2594 1053 2625; x_wconf 86' lang='lat' dir='ltr'>altitudo</span> <span class='ocrx_word' id='word_1_532' title='bbox 1067 2595 1143 2630; x_wconf 85' lang='lat' dir='ltr'>fuit,</span> 
     </span>
     <span class='ocr_line' id='line_1_60' title="bbox 179 2629 1140 2678; baseline 0.009 -19"><span class='ocrx_word' id='word_1_533' title='bbox 179 2638 245 2667; x_wconf 68' lang='lat' dir='ltr'>non</span> <span class='ocrx_word' id='word_1_534' title='bbox 256 2629 351 2661; x_wconf 77' lang='lat' dir='ltr'>modo</span> <span class='ocrx_word' id='word_1_535' title='bbox 360 2639 392 2662; x_wconf 87' lang='lat' dir='ltr'>ut</span> <span class='ocrx_word' id='word_1_536' title='bbox 400 2632 508 2674; x_wconf 85' lang='lat' dir='ltr'>Phrygi</span> <span class='ocrx_word' id='word_1_537' title='bbox 516 2634 604 2665; x_wconf 81' lang='lat' dir='ltr'>alicui</span> <span class='ocrx_word' id='word_1_538' title='bbox 613 2654 623 2669; x_wconf 88' lang='lat'>,</span> <span class='ocrx_word' id='word_1_539' title='bbox 637 2644 686 2666; x_wconf 86' lang='lat' dir='ltr'>aut</span> <span class='ocrx_word' id='word_1_540' title='bbox 695 2637 842 2675; x_wconf 76' lang='lat' dir='ltr'>Lycaoni,</span> <span class='ocrx_word' id='word_1_541' title='bbox 854 2635 936 2677; x_wconf 86' lang='lat' dir='ltr'>quod</span> <span class='ocrx_word' id='word_1_542' title='bbox 947 2644 977 2666; x_wconf 91' lang='lat' dir='ltr'>tu</span> <span class='ocrx_word' id='word_1_543' title='bbox 989 2638 1023 2667; x_wconf 88' lang='lat' dir='ltr'>in</span> <span class='ocrx_word' id='word_1_544' title='bbox 1033 2637 1140 2678; x_wconf 81' lang='lat' dir='ltr'>legatis</span> 
     </span>
    </p>
   </div>
   <div class='ocr_carea' id='block_1_4' title="bbox 168 2747 1138 3255">
    <p class='ocr_par' dir='ltr' id='par_1_4' title="bbox 177 2747 1138 2891">
     <span class='ocr_line' id='line_1_61' title="bbox 215 2747 1138 2782; baseline 0.008 -12"><span class='ocrx_word' id='word_1_545' title='bbox 215 2752 226 2769; x_wconf 84' lang='grc' dir='ltr'><strong>ι</strong></span> <span class='ocrx_word' id='word_1_546' title='bbox 234 2763 240 2769; x_wconf 85' lang='grc'><em>.</em></span> <span class='ocrx_word' id='word_1_547' title='bbox 257 2747 299 2771; x_wconf 81' lang='lat' dir='ltr'>Sin</span> <span class='ocrx_word' id='word_1_548' title='bbox 309 2755 334 2771; x_wconf 84' lang='lat' dir='ltr'>a.</span> <span class='ocrx_word' id='word_1_549' title='bbox 344 2755 378 2771; x_wconf 84' lang='lat' dir='ltr'>me</span> <span class='ocrx_word' id='word_1_550' title='bbox 388 2747 489 2779; x_wconf 76' lang='lat' dir='ltr'>astutum</span> <span class='ocrx_word' id='word_1_551' title='bbox 499 2747 527 2777; x_wconf 67' lang='lat'>&amp;⁴</span> <span class='ocrx_word' id='word_1_552' title='bbox 545 2750 655 2774; x_wconf 82' lang='lat' dir='ltr'>occultum</span> <span class='ocrx_word' id='word_1_553' title='bbox 666 2749 727 2773; x_wconf 75' lang='lat' dir='ltr'>luber</span> <span class='ocrx_word' id='word_1_554' title='bbox 743 2749 859 2782; x_wconf 63' lang='lat' dir='ltr'>fingere]</span> <span class='ocrx_word' id='word_1_555' title='bbox 883 2748 926 2774; x_wconf 81' lang='lat' dir='ltr'>Sic</span> <span class='ocrx_word' id='word_1_556' title='bbox 937 2748 1079 2776; x_wconf 80' lang='lat' dir='ltr'>Medicaeus</span> <span class='ocrx_word' id='word_1_557' title='bbox 1092 2760 1138 2777; x_wconf 87' lang='lat' dir='ltr'>co-</span> 
     </span>
     <span class='ocr_line' id='line_1_62' title="bbox 178 2775 1138 2820; baseline 0.01 -17"><span class='ocrx_word' id='word_1_558' title='bbox 178 2775 247 2805; x_wconf 80' lang='lat' dir='ltr'>dex:</span> <span class='ocrx_word' id='word_1_559' title='bbox 268 2781 294 2806; x_wconf 87' lang='lat'>&amp;</span> <span class='ocrx_word' id='word_1_560' title='bbox 307 2790 337 2807; x_wconf 84' lang='lat' dir='ltr'>ex</span> <span class='ocrx_word' id='word_1_561' title='bbox 351 2791 382 2808; x_wconf 83' lang='lat' dir='ltr'>eo</span> <span class='ocrx_word' id='word_1_562' title='bbox 391 2782 540 2809; x_wconf 57' lang='lat' dir='ltr'>Victorum.</span> <span class='ocrx_word' id='word_1_563' title='bbox 562 2784 642 2819; x_wconf 57' lang='lat' dir='ltr'>vulgo</span> <span class='ocrx_word' id='word_1_564' title='bbox 654 2786 727 2816; x_wconf 46' lang='grc' dir='ltr'>[φωρ</span> <span class='ocrx_word' id='word_1_565' title='bbox 746 2784 809 2810; x_wconf 80' lang='lat' dir='ltr'>licut</span> <span class='ocrx_word' id='word_1_566' title='bbox 821 2785 847 2810; x_wconf 73' lang='grc' dir='ltr'>δι</span> <span class='ocrx_word' id='word_1_567' title='bbox 860 2785 980 2820; x_wconf 79' lang='lat' dir='ltr'>plerique</span> <span class='ocrx_word' id='word_1_568' title='bbox 1000 2786 1054 2813; x_wconf 76' lang='lat' dir='ltr'>iuss.</span> <span class='ocrx_word' id='word_1_569' title='bbox 1080 2787 1138 2813; x_wconf 82' lang='lat' dir='ltr'>Pal.</span> 
     </span>
     <span class='ocr_line' id='line_1_63' title="bbox 177 2815 1138 2856; baseline 0.012 -19"><span class='ocrx_word' id='word_1_570' title='bbox 177 2815 566 2854; x_wconf 74' lang='lat' dir='ltr'>pr.ju·ut.quint.ju·vat.quart.</span> <span class='ocrx_word' id='word_1_571' title='bbox 579 2821 655 2852; x_wconf 69' lang='lat' dir='ltr'>vero,</span> <span class='ocrx_word' id='word_1_572' title='bbox 664 2821 776 2845; x_wconf 72' lang='lat' dir='ltr'>occultum</span> <span class='ocrx_word' id='word_1_573' title='bbox 786 2827 892 2854; x_wconf 56' lang='grc' dir='ltr'>πηκταὶ</span> <span class='ocrx_word' id='word_1_574' title='bbox 900 2823 1057 2856; x_wconf 74' lang='lat' dir='ltr'>libctfingcre.</span> <span class='ocrx_word' id='word_1_575' title='bbox 1069 2823 1138 2849; x_wconf 77' lang='lat' dir='ltr'>Mihi</span> 
     </span>
     <span class='ocr_line' id='line_1_64' title="bbox 181 2847 643 2891; baseline 0.022 -19"><span class='ocrx_word' id='word_1_576' title='bbox 181 2847 325 2883; x_wconf 66' lang='lat' dir='ltr'>illudjuvar</span> <span class='ocrx_word' id='word_1_577' title='bbox 332 2853 471 2889; x_wconf 85' lang='lat' dir='ltr'>displicere</span> <span class='ocrx_word' id='word_1_578' title='bbox 482 2864 533 2881; x_wconf 80' lang='lat' dir='ltr'>neu</span> <span class='ocrx_word' id='word_1_579' title='bbox 550 2856 643 2891; x_wconf 79' lang='lat' dir='ltr'>potest.</span> 
     </span>
    </p>

    <p class='ocr_par' dir='ltr' id='par_1_5' title="bbox 177 2887 1136 3062">
     <span class='ocr_line' id='line_1_65' title="bbox 215 2887 1134 2930; baseline 0.01 -18"><span class='ocrx_word' id='word_1_580' title='bbox 215 2891 244 2910; x_wconf 86' lang='lat'>2·</span> <span class='ocrx_word' id='word_1_581' title='bbox 260 2887 325 2919; x_wconf 66' lang='lat' dir='ltr'>Qod</span> <span class='ocrx_word' id='word_1_582' title='bbox 332 2889 364 2914; x_wconf 78' lang='lat' dir='ltr'>ad</span> <span class='ocrx_word' id='word_1_583' title='bbox 375 2891 529 2916; x_wconf 76' lang='lat' dir='ltr'>inditandum</span> <span class='ocrx_word' id='word_1_584' title='bbox 537 2892 612 2917; x_wconf 85' lang='lat' dir='ltr'>odium</span> <span class='ocrx_word' id='word_1_585' title='bbox 631 2894 795 2926; x_wconf 74' lang='lat' dir='ltr'>aperttffimum</span> <span class='ocrx_word' id='word_1_586' title='bbox 803 2893 859 2927; x_wconf 54' lang='lat' dir='ltr'>fin]</span> <span class='ocrx_word' id='word_1_587' title='bbox 883 2893 949 2919; x_wconf 85' lang='lat' dir='ltr'>Pall.</span> <span class='ocrx_word' id='word_1_588' title='bbox 970 2900 1033 2920; x_wconf 78' lang='lat' dir='ltr'>tert.</span> <span class='ocrx_word' id='word_1_589' title='bbox 1045 2902 1134 2930; x_wconf 81' lang='lat' dir='ltr'>quart.</span> 
     </span>
     <span class='ocr_line' id='line_1_66' title="bbox 179 2917 1134 2964; baseline 0.016 -21"><span class='ocrx_word' id='word_1_590' title='bbox 179 2917 289 2959; x_wconf 76' lang='lat' dir='ltr'>Gruter.</span> <span class='ocrx_word' id='word_1_591' title='bbox 299 2924 563 2962; x_wconf 49' lang='lat' dir='ltr'>quodadindurandum</span> <span class='ocrx_word' id='word_1_592' title='bbox 581 2927 676 2961; x_wconf 68' lang='lat' dir='ltr'>odium5</span> <span class='ocrx_word' id='word_1_593' title='bbox 696 2929 766 2964; x_wconf 85' lang='lat' dir='ltr'>quod</span> <span class='ocrx_word' id='word_1_594' title='bbox 781 2939 831 2955; x_wconf 80' lang='lat' dir='ltr'>uon</span> <span class='ocrx_word' id='word_1_595' title='bbox 845 2929 939 2955; x_wconf 73' lang='lat' dir='ltr'>frustra</span> <span class='ocrx_word' id='word_1_596' title='bbox 958 2929 1068 2957; x_wconf 77' lang='lat' dir='ltr'>adnoto.</span> <span class='ocrx_word' id='word_1_597' title='bbox 1090 2933 1134 2958; x_wconf 91' lang='lat' dir='ltr'>Iu—</span> 
     </span>
     <span class='ocr_line' id='line_1_67' title="bbox 181 2952 1136 2999; baseline 0.014 -20"><span class='ocrx_word' id='word_1_598' title='bbox 181 2952 263 2981; x_wconf 83' lang='lat' dir='ltr'>fcrius</span> <span class='ocrx_word' id='word_1_599' title='bbox 273 2965 387 2996; x_wconf 76' lang='lat' dir='ltr'>quinque</span> <span class='ocrx_word' id='word_1_600' title='bbox 397 2961 464 2987; x_wconf 82' lang='lat' dir='ltr'>Pall.</span> <span class='ocrx_word' id='word_1_601' title='bbox 483 2963 564 2989; x_wconf 82' lang='lat' dir='ltr'>Grut.</span> <span class='ocrx_word' id='word_1_602' title='bbox 574 2964 660 2999; x_wconf 85' lang='lat' dir='ltr'>prima</span> <span class='ocrx_word' id='word_1_603' title='bbox 669 2963 734 2990; x_wconf 86' lang='lat' dir='ltr'>edit.</span> <span class='ocrx_word' id='word_1_604' title='bbox 748 2966 827 2998; x_wconf 68' lang='lat' dir='ltr'>sedne</span> <span class='ocrx_word' id='word_1_605' title='bbox 841 2969 919 2998; x_wconf 69' lang='lat' dir='ltr'>optari</span> <span class='ocrx_word' id='word_1_606' title='bbox 928 2968 1136 2999; x_wconf 62' lang='lat' dir='ltr'>quidmnsaccrdo-</span> 
     </span>
     <span class='ocr_line' id='line_1_68' title="bbox 178 2994 1134 3039; baseline 0.015 -24"><span class='ocrx_word' id='word_1_607' title='bbox 178 2996 234 3029; x_wconf 63' lang='lat' dir='ltr'>tfm.</span> <span class='ocrx_word' id='word_1_608' title='bbox 254 3000 299 3032; x_wconf 74' lang='lat' dir='ltr'>qui</span> <span class='ocrx_word' id='word_1_609' title='bbox 309 3001 359 3019; x_wconf 85' lang='lat' dir='ltr'>uon</span> <span class='ocrx_word' id='word_1_610' title='bbox 377 2994 568 3026; x_wconf 83' lang='lat' dir='ltr'>intellexeruut</span> <span class='ocrx_word' id='word_1_611' title='bbox 585 3000 636 3026; x_wconf 90' lang='lat' dir='ltr'>vim</span> <span class='ocrx_word' id='word_1_612' title='bbox 657 2999 730 3027; x_wconf 86' lang='lat' dir='ltr'>verbi</span> <span class='ocrx_word' id='word_1_613' title='bbox 750 3005 829 3035; x_wconf 69' lang='lat' dir='ltr'>optari</span> <span class='ocrx_word' id='word_1_614' title='bbox 847 3001 967 3028; x_wconf 71' lang='lat' dir='ltr'>feceruut</span> <span class='ocrx_word' id='word_1_615' title='bbox 986 3012 1034 3039; x_wconf 89' lang='lat' dir='ltr'>pro</span> <span class='ocrx_word' id='word_1_616' title='bbox 1047 3004 1134 3030; x_wconf 70' lang='lat' dir='ltr'>l&#39;route</span> 
     </span>
     <span class='ocr_line' id='line_1_69' title="bbox 177 3025 452 3062; baseline 0.022 -12"><span class='ocrx_word' id='word_1_617' title='bbox 177 3026 222 3051; x_wconf 74' lang='lat' dir='ltr'>lua</span> <span class='ocrx_word' id='word_1_618' title='bbox 232 3025 334 3053; x_wconf 79' lang='lat' dir='ltr'>duriter</span> <span class='ocrx_word' id='word_1_619' title='bbox 345 3034 452 3062; x_wconf 73' lang='lat' dir='ltr'>cooptari.</span> 
     </span>
    </p>

    <p class='ocr_par' dir='ltr' id='par_1_6' title="bbox 173 3063 1136 3168">
     <span class='ocr_line' id='line_1_70' title="bbox 191 3063 1136 3109; baseline 0.013 -20"><span class='ocrx_word' id='word_1_620' title='bbox 191 3095 195 3100; x_wconf 34' lang='grc' dir='ltr'>ι</span> <span class='ocrx_word' id='word_1_621' title='bbox 215 3068 242 3096; x_wconf 80' lang='lat'>3-</span> <span class='ocrx_word' id='word_1_622' title='bbox 261 3063 353 3103; x_wconf 64' lang='lat' dir='ltr'>Qibm</span> <span class='ocrx_word' id='word_1_623' title='bbox 360 3066 396 3104; x_wconf 64' lang='lat' dir='ltr'>mf</span> <span class='ocrx_word' id='word_1_624' title='bbox 405 3075 438 3091; x_wconf 82' lang='lat' dir='ltr'>me</span> <span class='ocrx_word' id='word_1_625' title='bbox 447 3068 515 3094; x_wconf 77' lang='lat' dir='ltr'>rebus</span> <span class='ocrx_word' id='word_1_626' title='bbox 522 3079 567 3095; x_wconf 84' lang='lat' dir='ltr'>non</span> <span class='ocrx_word' id='word_1_627' title='bbox 577 3074 741 3105; x_wconf 73' lang='lat' dir='ltr'>ornanff‘mum</span> <span class='ocrx_word' id='word_1_628' title='bbox 750 3075 827 3099; x_wconf 78' lang='lat' dir='ltr'>voluit</span> <span class='ocrx_word' id='word_1_629' title='bbox 836 3076 907 3106; x_wconf 76' lang='lat' dir='ltr'>ampli</span> <span class='ocrx_word' id='word_1_630' title='bbox 933 3075 966 3099; x_wconf 60' lang='lat' dir='ltr'>me</span> <span class='ocrx_word' id='word_1_631' title='bbox 978 3078 987 3100; x_wconf 68' lang='grc' dir='ltr'><strong><em>ἓ</em></strong></span> <span class='ocrx_word' id='word_1_632' title='bbox 998 3075 1011 3109; x_wconf 85' lang='lat'><em>]</em></span> <span class='ocrx_word' id='word_1_633' title='bbox 1025 3075 1067 3101; x_wconf 83' lang='lat' dir='ltr'>Sic</span> <span class='ocrx_word' id='word_1_634' title='bbox 1078 3076 1136 3101; x_wconf 82' lang='lat' dir='ltr'>cdi-</span> 
     </span>
     <span class='ocr_line' id='line_1_71' title="bbox 175 3102 1130 3146; baseline 0.019 -25"><span class='ocrx_word' id='word_1_635' title='bbox 175 3102 279 3140; x_wconf 61' lang='lat' dir='ltr'>tioiiiim</span> <span class='ocrx_word' id='word_1_636' title='bbox 293 3106 443 3128; x_wconf 80' lang='lat' dir='ltr'>veterrima.</span> <span class='ocrx_word' id='word_1_637' title='bbox 462 3111 492 3128; x_wconf 86' lang='lat' dir='ltr'>ae</span> <span class='ocrx_word' id='word_1_638' title='bbox 502 3105 603 3132; x_wconf 61' lang='lat' dir='ltr'>Vitstor.</span> <span class='ocrx_word' id='word_1_639' title='bbox 614 3108 683 3134; x_wconf 78' lang='lat' dir='ltr'>l’all.</span> <span class='ocrx_word' id='word_1_640' title='bbox 703 3109 820 3146; x_wconf 83' lang='lat' dir='ltr'>quinque</span> <span class='ocrx_word' id='word_1_641' title='bbox 831 3112 912 3137; x_wconf 70' lang='lat' dir='ltr'>Grut.</span> <span class='ocrx_word' id='word_1_642' title='bbox 925 3110 1022 3146; x_wconf 83' lang='lat' dir='ltr'>vulgo:</span> <span class='ocrx_word' id='word_1_643' title='bbox 1044 3114 1130 3146; x_wconf 73' lang='lat' dir='ltr'>quibus</span> 
     </span>
     <span class='ocr_line' id='line_1_72' title="bbox 173 3133 629 3168; baseline 0.024 -11"><span class='ocrx_word' id='word_1_644' title='bbox 173 3133 210 3157; x_wconf 75' lang='lat' dir='ltr'>alle</span> <span class='ocrx_word' id='word_1_645' title='bbox 219 3142 253 3157; x_wconf 76' lang='lat' dir='ltr'>me</span> <span class='ocrx_word' id='word_1_646' title='bbox 261 3143 288 3159; x_wconf 82' lang='lat' dir='ltr'>m</span> <span class='ocrx_word' id='word_1_647' title='bbox 298 3136 366 3160; x_wconf 78' lang='lat' dir='ltr'>rebus</span> <span class='ocrx_word' id='word_1_648' title='bbox 375 3146 419 3162; x_wconf 89' lang='lat' dir='ltr'>non</span> <span class='ocrx_word' id='word_1_649' title='bbox 428 3145 534 3165; x_wconf 77' lang='lat' dir='ltr'>ornatum</span> <span class='ocrx_word' id='word_1_650' title='bbox 543 3143 629 3168; x_wconf 74' lang='lat' dir='ltr'>voluit.</span> 
     </span>
    </p>

    <p class='ocr_par' dir='ltr' id='par_1_7' title="bbox 168 3169 1131 3255">
     <span class='ocr_line' id='line_1_73' title="bbox 208 3169 1130 3220; baseline 0.02 -28"><span class='ocrx_word' id='word_1_651' title='bbox 208 3175 236 3200; x_wconf 84' lang='lat'>4.</span> <span class='ocrx_word' id='word_1_652' title='bbox 255 3169 421 3212; x_wconf 29' lang='lat' dir='ltr'>§Adversa—‘²&#39;</span> <span class='ocrx_word' id='word_1_653' title='bbox 431 3175 547 3200; x_wconf 80' lang='lat' dir='ltr'>interdum</span> <span class='ocrx_word' id='word_1_654' title='bbox 557 3179 686 3204; x_wconf 62' lang='lat' dir='ltr'>nbssionibus</span> <span class='ocrx_word' id='word_1_655' title='bbox 697 3181 775 3214; x_wconf 63' lang='lat' dir='ltr'>suh]</span> <span class='ocrx_word' id='word_1_656' title='bbox 798 3182 842 3208; x_wconf 83' lang='lat' dir='ltr'>Sic</span> <span class='ocrx_word' id='word_1_657' title='bbox 851 3190 904 3209; x_wconf 88' lang='lat' dir='ltr'>vet.</span> <span class='ocrx_word' id='word_1_658' title='bbox 925 3182 983 3208; x_wconf 83' lang='lat' dir='ltr'>cod.</span> <span class='ocrx_word' id='word_1_659' title='bbox 997 3182 1028 3209; x_wconf 78' lang='lat' dir='ltr'>sic</span> <span class='ocrx_word' id='word_1_660' title='bbox 1042 3184 1130 3220; x_wconf 82' lang='lat' dir='ltr'>quint.</span> 
     </span>
     <span class='ocr_line' id='line_1_74' title="bbox 168 3202 1131 3255; baseline 0.016 -25"><span class='ocrx_word' id='word_1_661' title='bbox 168 3202 264 3232; x_wconf 77' lang='lat' dir='ltr'>Pal-ac</span> <span class='ocrx_word' id='word_1_662' title='bbox 276 3205 347 3233; x_wconf 60' lang='lat' dir='ltr'>Visst.</span> <span class='ocrx_word' id='word_1_663' title='bbox 359 3207 451 3235; x_wconf 77' lang='lat' dir='ltr'>editio.</span> <span class='ocrx_word' id='word_1_664' title='bbox 473 3210 554 3240; x_wconf 86' lang='lat' dir='ltr'>Grut.</span> <span class='ocrx_word' id='word_1_665' title='bbox 573 3219 659 3242; x_wconf 76' lang='lat' dir='ltr'>tamen</span> <span class='ocrx_word' id='word_1_666' title='bbox 670 3216 837 3252; x_wconf 65' lang='lat' dir='ltr'>adverfitame.</span> <span class='ocrx_word' id='word_1_667' title='bbox 858 3219 927 3255; x_wconf 75' lang='lat' dir='ltr'>quasi</span> <span class='ocrx_word' id='word_1_668' title='bbox 943 3219 1006 3246; x_wconf 71' lang='lat' dir='ltr'>effer</span> <span class='ocrx_word' id='word_1_669' title='bbox 1026 3221 1131 3255; x_wconf 66' lang='lat' dir='ltr'>adverst-</span> 
     </span>
    </p>
   </div>
   <div class='ocr_carea' id='block_1_5' title="bbox 1176 278 1192 1049">
    <p class='ocr_par' dir='ltr' id='par_1_8' title="bbox 1176 278 1192 1049">
     <span class='ocr_line' id='line_1_75' title="bbox 1176 278 1192 1049; baseline 0 0"><span class='ocrx_word' id='word_1_670' title='bbox 1176 278 1192 1049; x_wconf 95' lang='lat' dir='ltr'> </span> 
     </span>
    </p>
   </div>
   <div class='ocr_carea' id='block_1_6' title="bbox 1172 278 1192 1241">
    <p class='ocr_par' dir='ltr' id='par_1_9' title="bbox 1172 278 1192 1241">
     <span class='ocr_line' id='line_1_76' title="bbox 1172 278 1192 1241; baseline 0 0"><span class='ocrx_word' id='word_1_671' title='bbox 1172 278 1192 1241; x_wconf 95' lang='lat' dir='ltr'> </span> 
     </span>
    </p>
   </div>
   <div class='ocr_carea' id='block_1_7' title="bbox 1156 2168 1165 2669">
    <p class='ocr_par' dir='ltr' id='par_1_10' title="bbox 1156 2168 1165 2669">
     <span class='ocr_line' id='line_1_77' title="bbox 1156 2168 1165 2669; baseline 0 0"><span class='ocrx_word' id='word_1_672' title='bbox 1156 2168 1165 2669; x_wconf 95' lang='lat' dir='ltr'> </span> 
     </span>
    </p>
   </div>
   <div class='ocr_carea' id='block_1_8' title="bbox 2070 175 2163 240">
    <p class='ocr_par' dir='ltr' id='par_1_11' title="bbox 2070 175 2163 240">
     <span class='ocr_line' id='line_1_78' title="bbox 2070 175 2163 240; baseline 0.011 -19"><span class='ocrx_word' id='word_1_673' title='bbox 2070 175 2163 240; x_wconf 79' lang='lat'>663</span> 
     </span>
    </p>
   </div>
   <div class='ocr_carea' id='block_1_9' title="bbox 1195 252 2167 1034">
    <p class='ocr_par' dir='ltr' id='par_1_12' title="bbox 1202 252 2167 796">
     <span class='ocr_line' id='line_1_79' title="bbox 1207 252 2167 298; baseline 0.005 -16"><span class='ocrx_word' id='word_1_674' title='bbox 1207 252 1319 284; x_wconf 82' lang='lat' dir='ltr'>fecisti:</span> <span class='ocrx_word' id='word_1_675' title='bbox 1341 254 1389 284; x_wconf 77' lang='lat' dir='ltr'>sed</span> <span class='ocrx_word' id='word_1_676' title='bbox 1412 265 1450 284; x_wconf 83' lang='lat' dir='ltr'>ne</span> <span class='ocrx_word' id='word_1_677' title='bbox 1469 256 1658 286; x_wconf 79' lang='lat' dir='ltr'>summorum</span> <span class='ocrx_word' id='word_1_678' title='bbox 1681 256 1805 298; x_wconf 85' lang='lat' dir='ltr'>quidem</span> <span class='ocrx_word' id='word_1_679' title='bbox 1822 257 1987 288; x_wconf 83' lang='lat' dir='ltr'>hominum</span> <span class='ocrx_word' id='word_1_680' title='bbox 2010 256 2167 287; x_wconf 83' lang='lat' dir='ltr'>malivolis</span> 
     </span>
     <span class='ocr_line' id='line_1_80' title="bbox 1208 295 2166 341; baseline 0.005 -17"><span class='ocrx_word' id='word_1_681' title='bbox 1208 295 1244 325; x_wconf 92' lang='lat' dir='ltr'>de</span> <span class='ocrx_word' id='word_1_682' title='bbox 1264 305 1313 325; x_wconf 88' lang='lat' dir='ltr'>me</span> <span class='ocrx_word' id='word_1_683' title='bbox 1341 297 1530 327; x_wconf 77' lang='lat' dir='ltr'>sermonibus</span> <span class='ocrx_word' id='word_1_684' title='bbox 1547 298 1688 329; x_wconf 52' lang='lat' dir='ltr'>crederet</span> <span class='ocrx_word' id='word_1_685' title='bbox 1713 300 1811 339; x_wconf 84' lang='lat' dir='ltr'>Hujus</span> <span class='ocrx_word' id='word_1_686' title='bbox 1829 301 1918 341; x_wconf 86' lang='lat' dir='ltr'>igitur</span> <span class='ocrx_word' id='word_1_687' title='bbox 1935 298 2015 329; x_wconf 88' lang='lat' dir='ltr'>filius</span> <span class='ocrx_word' id='word_1_688' title='bbox 2039 298 2111 329; x_wconf 75' lang='lat' dir='ltr'>cum</span> <span class='ocrx_word' id='word_1_689' title='bbox 2130 298 2166 330; x_wconf 79' lang='lat' dir='ltr'>sit</span> 
     </span>
     <span class='ocr_line' id='line_1_81' title="bbox 1207 339 2164 381; baseline 0.006 -16"><span class='ocrx_word' id='word_1_690' title='bbox 1207 347 1297 377; x_wconf 83' lang='lat' dir='ltr'>gener</span> <span class='ocrx_word' id='word_1_691' title='bbox 1312 347 1380 367; x_wconf 86' lang='lat' dir='ltr'>tuus</span> <span class='ocrx_word' id='word_1_692' title='bbox 1392 359 1399 371; x_wconf 90' lang='lat'>,</span> <span class='ocrx_word' id='word_1_693' title='bbox 1411 349 1539 380; x_wconf 81' lang='lat' dir='ltr'>cumque</span> <span class='ocrx_word' id='word_1_694' title='bbox 1549 360 1557 374; x_wconf 98' lang='lat'>,</span> <span class='ocrx_word' id='word_1_695' title='bbox 1569 349 1673 379; x_wconf 61' lang='lat' dir='ltr'>pi&#39;aeter</span> <span class='ocrx_word' id='word_1_696' title='bbox 1684 343 1759 371; x_wconf 85' lang='lat' dir='ltr'>hanc</span> <span class='ocrx_word' id='word_1_697' title='bbox 1768 341 2019 381; x_wconf 62' lang='lat' dir='ltr'>coujundlionem</span> <span class='ocrx_word' id='word_1_698' title='bbox 2034 339 2164 371; x_wconf 82' lang='lat' dir='ltr'>affinita-</span> 
     </span>
     <span class='ocr_line' id='line_1_82' title="bbox 1209 379 2162 424; baseline 0.007 -18"><span class='ocrx_word' id='word_1_699' title='bbox 1209 380 1256 411; x_wconf 78' lang='lat' dir='ltr'>us,</span> <span class='ocrx_word' id='word_1_700' title='bbox 1269 382 1356 419; x_wconf 76' lang='lat' dir='ltr'>quiim</span> <span class='ocrx_word' id='word_1_701' title='bbox 1370 379 1403 409; x_wconf 85' lang='lat' dir='ltr'>sis</span> <span class='ocrx_word' id='word_1_702' title='bbox 1416 383 1470 410; x_wconf 90' lang='lat' dir='ltr'>Cu.</span> <span class='ocrx_word' id='word_1_703' title='bbox 1488 385 1638 422; x_wconf 75' lang='lat' dir='ltr'>Pompeio</span> <span class='ocrx_word' id='word_1_704' title='bbox 1647 392 1728 413; x_wconf 84' lang='lat' dir='ltr'>carus</span> <span class='ocrx_word' id='word_1_705' title='bbox 1740 403 1748 416; x_wconf 95' lang='lat'>‚</span> <span class='ocrx_word' id='word_1_706' title='bbox 1764 383 2072 424; x_wconf 82' lang='lat' dir='ltr'>quamquejucundus</span> <span class='ocrx_word' id='word_1_707' title='bbox 2084 402 2093 417; x_wconf 88' lang='lat'>‚</span> <span class='ocrx_word' id='word_1_708' title='bbox 2111 385 2162 413; x_wconf 87' lang='lat' dir='ltr'>in-</span> 
     </span>
     <span class='ocr_line' id='line_1_83' title="bbox 1205 420 2163 464; baseline 0.008 -17"><span class='ocrx_word' id='word_1_709' title='bbox 1205 420 1337 458; x_wconf 82' lang='lat' dir='ltr'>telligam</span> <span class='ocrx_word' id='word_1_710' title='bbox 1354 432 1357 449; x_wconf 74' lang='lat' dir='ltr'>t</span> <span class='ocrx_word' id='word_1_711' title='bbox 1375 432 1436 461; x_wconf 88' lang='lat' dir='ltr'>quo</span> <span class='ocrx_word' id='word_1_712' title='bbox 1456 423 1575 453; x_wconf 84' lang='lat' dir='ltr'>tandem</span> <span class='ocrx_word' id='word_1_713' title='bbox 1593 429 1698 454; x_wconf 90' lang='lat' dir='ltr'>animo</span> <span class='ocrx_word' id='word_1_714' title='bbox 1721 426 1791 454; x_wconf 83' lang='lat' dir='ltr'>inte</span> <span class='ocrx_word' id='word_1_715' title='bbox 1802 423 1857 455; x_wconf 74' lang='lat' dir='ltr'>esse</span> <span class='ocrx_word' id='word_1_716' title='bbox 1867 425 1986 455; x_wconf 83' lang='lat' dir='ltr'>debeo?</span> <span class='ocrx_word' id='word_1_717' title='bbox 2004 424 2075 455; x_wconf 72' lang='lat' dir='ltr'>cum</span> <span class='ocrx_word' id='word_1_718' title='bbox 2087 435 2163 464; x_wconf 81' lang='lat' dir='ltr'>prae-</span> 
     </span>
     <span class='ocr_line' id='line_1_84' title="bbox 1206 461 2160 508; baseline 0.008 -19"><span class='ocrx_word' id='word_1_719' title='bbox 1206 461 1307 490; x_wconf 77' lang='lat' dir='ltr'>sertim</span> <span class='ocrx_word' id='word_1_720' title='bbox 1328 472 1374 491; x_wconf 85' lang='lat' dir='ltr'>eas</span> <span class='ocrx_word' id='word_1_721' title='bbox 1385 463 1418 492; x_wconf 86' lang='lat' dir='ltr'>ad</span> <span class='ocrx_word' id='word_1_722' title='bbox 1432 474 1480 492; x_wconf 78' lang='lat' dir='ltr'>me</span> <span class='ocrx_word' id='word_1_723' title='bbox 1491 467 1515 493; x_wconf 92' lang='lat' dir='ltr'>is</span> <span class='ocrx_word' id='word_1_724' title='bbox 1526 466 1636 495; x_wconf 70' lang='lat' dir='ltr'>litteras</span> <span class='ocrx_word' id='word_1_725' title='bbox 1646 467 1781 500; x_wconf 82' lang='lat' dir='ltr'>miserit,</span> <span class='ocrx_word' id='word_1_726' title='bbox 1800 468 1910 508; x_wconf 87' lang='lat' dir='ltr'>quibus</span> <span class='ocrx_word' id='word_1_727' title='bbox 1922 487 1930 500; x_wconf 88' lang='lat'>,</span> <span class='ocrx_word' id='word_1_728' title='bbox 1949 470 2038 497; x_wconf 88' lang='lat' dir='ltr'>etiarn</span> <span class='ocrx_word' id='word_1_729' title='bbox 2050 465 2070 496; x_wconf 82' lang='lat' dir='ltr'>si</span> <span class='ocrx_word' id='word_1_730' title='bbox 2081 467 2136 497; x_wconf 87' lang='lat' dir='ltr'>tibi</span> <span class='ocrx_word' id='word_1_731' title='bbox 2149 486 2160 501; x_wconf 80' lang='lat'>,</span> 
     </span>
     <span class='ocr_line' id='line_1_85' title="bbox 1205 504 2161 548; baseline 0.007 -17"><span class='ocrx_word' id='word_1_732' title='bbox 1205 504 1252 532; x_wconf 86' lang='lat' dir='ltr'>cui</span> <span class='ocrx_word' id='word_1_733' title='bbox 1265 505 1330 532; x_wconf 86' lang='lat' dir='ltr'>sum</span> <span class='ocrx_word' id='word_1_734' title='bbox 1341 504 1545 540; x_wconf 72' lang='lat' dir='ltr'>amicissimus‚</span> <span class='ocrx_word' id='word_1_735' title='bbox 1558 507 1650 537; x_wconf 78' lang='lat' dir='ltr'>hostis</span> <span class='ocrx_word' id='word_1_736' title='bbox 1660 507 1762 541; x_wconf 71' lang='lat' dir='ltr'>essem,</span> <span class='ocrx_word' id='word_1_737' title='bbox 1773 509 1900 548; x_wconf 84' lang='lat' dir='ltr'>placarer</span> <span class='ocrx_word' id='word_1_738' title='bbox 1912 518 2013 539; x_wconf 83' lang='lat' dir='ltr'>tamen</span> <span class='ocrx_word' id='word_1_739' title='bbox 2025 519 2031 537; x_wconf 75' lang='lat' dir='ltr'><em>z</em></span> <span class='ocrx_word' id='word_1_740' title='bbox 2042 517 2161 538; x_wconf 85' lang='lat' dir='ltr'>totum-</span> 
     </span>
     <span class='ocr_line' id='line_1_86' title="bbox 1203 545 2161 591; baseline 0.009 -19"><span class='ocrx_word' id='word_1_741' title='bbox 1203 554 1260 584; x_wconf 86' lang='lat' dir='ltr'>que</span> <span class='ocrx_word' id='word_1_742' title='bbox 1272 554 1321 573; x_wconf 89' lang='lat' dir='ltr'>me</span> <span class='ocrx_word' id='word_1_743' title='bbox 1331 545 1364 574; x_wconf 90' lang='lat' dir='ltr'>ad</span> <span class='ocrx_word' id='word_1_744' title='bbox 1374 546 1436 584; x_wconf 80' lang='lat' dir='ltr'>ejus</span> <span class='ocrx_word' id='word_1_745' title='bbox 1446 549 1513 580; x_wconf 83' lang='lat' dir='ltr'>viri,</span> <span class='ocrx_word' id='word_1_746' title='bbox 1527 550 1565 577; x_wconf 79' lang='lat' dir='ltr'>ita</span> <span class='ocrx_word' id='word_1_747' title='bbox 1576 549 1611 577; x_wconf 88' lang='lat' dir='ltr'>de</span> <span class='ocrx_word' id='word_1_748' title='bbox 1624 559 1673 578; x_wconf 84' lang='lat' dir='ltr'>me</span> <span class='ocrx_word' id='word_1_749' title='bbox 1684 553 1783 579; x_wconf 82' lang='lat' dir='ltr'>meriti</span> <span class='ocrx_word' id='word_1_750' title='bbox 1795 552 1981 581; x_wconf 88' lang='lat' dir='ltr'>voluntatem</span> <span class='ocrx_word' id='word_1_751' title='bbox 1992 559 2161 591; x_wconf 83' lang='lat' dir='ltr'>nutumque</span> 
     </span>
     <span class='ocr_line' id='line_1_87' title="bbox 1203 589 2161 631; baseline 0.008 -17"><span class='ocrx_word' id='word_1_752' title='bbox 1203 595 1420 631; x_wconf 72' lang='lat' dir='ltr'>converterem.</span> <span class='ocrx_word' id='word_1_753' title='bbox 1444 589 1499 617; x_wconf 87' lang='lat' dir='ltr'>Sed</span> <span class='ocrx_word' id='word_1_754' title='bbox 1519 590 1579 618; x_wconf 82' lang='lat' dir='ltr'>haec</span> <span class='ocrx_word' id='word_1_755' title='bbox 1595 590 1750 621; x_wconf 60' lang='lat' dir='ltr'>haetenus.</span> <span class='ocrx_word' id='word_1_756' title='bbox 1760 592 1892 631; x_wconf 79' lang='lat' dir='ltr'>pluribus</span> <span class='ocrx_word' id='word_1_757' title='bbox 1903 595 1986 622; x_wconf 90' lang='lat' dir='ltr'>enirn</span> <span class='ocrx_word' id='word_1_758' title='bbox 1997 595 2086 622; x_wconf 87' lang='lat' dir='ltr'>etiam</span> <span class='ocrx_word' id='word_1_759' title='bbox 2096 592 2161 622; x_wconf 82' lang='lat' dir='ltr'>for-</span> 
     </span>
     <span class='ocr_line' id='line_1_88' title="bbox 1203 625 2160 675; baseline 0.009 -19"><span class='ocrx_word' id='word_1_760' title='bbox 1203 625 1271 657; x_wconf 79' lang='lat' dir='ltr'>tasse</span> <span class='ocrx_word' id='word_1_761' title='bbox 1282 628 1389 660; x_wconf 84' lang='lat' dir='ltr'>verbis,</span> <span class='ocrx_word' id='word_1_762' title='bbox 1403 629 1493 668; x_wconf 73' lang='lat' dir='ltr'>quam</span> <span class='ocrx_word' id='word_1_763' title='bbox 1505 630 1619 660; x_wconf 71' lang='lat' dir='ltr'>uecefl&#39;e</span> <span class='ocrx_word' id='word_1_764' title='bbox 1629 632 1686 661; x_wconf 70' lang='lat' dir='ltr'>ruit</span> <span class='ocrx_word' id='word_1_765' title='bbox 1697 653 1704 664; x_wconf 93' lang='lat'>,</span> <span class='ocrx_word' id='word_1_766' title='bbox 1720 633 1821 673; x_wconf 83' lang='lat' dir='ltr'>scripta</span> <span class='ocrx_word' id='word_1_767' title='bbox 1831 635 1908 664; x_wconf 87' lang='lat' dir='ltr'>sunt.</span> <span class='ocrx_word' id='word_1_768' title='bbox 1934 637 2026 664; x_wconf 89' lang='lat' dir='ltr'>Nunc</span> <span class='ocrx_word' id='word_1_769' title='bbox 2037 643 2081 667; x_wconf 90' lang='lat' dir='ltr'>ea,</span> <span class='ocrx_word' id='word_1_770' title='bbox 2092 643 2160 675; x_wconf 80' lang='lat' dir='ltr'>quae</span> 
     </span>
     <span class='ocr_line' id='line_1_89' title="bbox 1202 668 1951 716; baseline 0.009 -19"><span class='ocrx_word' id='word_1_771' title='bbox 1202 668 1217 699; x_wconf 74' lang='lat' dir='ltr'>a</span> <span class='ocrx_word' id='word_1_772' title='bbox 1228 679 1277 698; x_wconf 87' lang='lat' dir='ltr'>me</span> <span class='ocrx_word' id='word_1_773' title='bbox 1286 669 1430 709; x_wconf 58' lang='lat' dir='ltr'>profefita,</span> <span class='ocrx_word' id='word_1_774' title='bbox 1442 680 1567 711; x_wconf 80' lang='lat' dir='ltr'>quaeque</span> <span class='ocrx_word' id='word_1_775' title='bbox 1579 672 1711 703; x_wconf 83' lang='lat' dir='ltr'>instituta</span> <span class='ocrx_word' id='word_1_776' title='bbox 1722 675 1951 716; x_wconf 82' lang='lat' dir='ltr'>suntcognosce.</span> 
     </span>
     <span class='ocr_line' id='line_1_90' title="bbox 1336 709 2116 758; baseline 0.009 -18"><span class='ocrx_word' id='word_1_777' title='bbox 1336 709 1351 724; x_wconf 71' lang='lat'>²*</span> <span class='ocrx_word' id='word_1_778' title='bbox 1374 713 1439 741; x_wconf 85' lang='lat' dir='ltr'>Non</span> <span class='ocrx_word' id='word_1_779' title='bbox 1446 721 1539 755; x_wconf 76' lang='lat' dir='ltr'>pauca</span> <span class='ocrx_word' id='word_1_780' title='bbox 1548 714 1743 754; x_wconf 75' lang='lat' dir='ltr'>desiderantur,</span> <span class='ocrx_word' id='word_1_781' title='bbox 1755 717 1940 757; x_wconf 75' lang='lat' dir='ltr'>quaej‘ortaffis</span> <span class='ocrx_word' id='word_1_782' title='bbox 1947 716 1983 747; x_wconf 86' lang='lat' dir='ltr'>ab</span> <span class='ocrx_word' id='word_1_783' title='bbox 1993 717 2049 758; x_wconf 76' lang='lat' dir='ltr'>ipso</span> <span class='ocrx_word' id='word_1_784' title='bbox 2061 718 2116 747; x_wconf 80' lang='lat' dir='ltr'>Cic.</span> 
     </span>
     <span class='ocr_line' id='line_1_91' title="bbox 1574 755 1824 796; baseline 0.012 -13"><span class='ocrx_word' id='word_1_785' title='bbox 1574 755 1784 796; x_wconf 62' lang='lat' dir='ltr'>detrastasunt.</span> <span class='ocrx_word' id='word_1_786' title='bbox 1809 759 1824 771; x_wconf 54' lang='lat'>⁴*</span> 
     </span>
    </p>

    <p class='ocr_par' dir='ltr' id='par_1_13' title="bbox 1195 795 2158 1034">
     <span class='ocr_line' id='line_1_92' title="bbox 1200 795 2156 842; baseline 0.01 -19"><span class='ocrx_word' id='word_1_787' title='bbox 1200 796 1297 835; x_wconf 88' lang='lat' dir='ltr'>Atque</span> <span class='ocrx_word' id='word_1_788' title='bbox 1310 795 1372 825; x_wconf 81' lang='lat' dir='ltr'>haec</span> <span class='ocrx_word' id='word_1_789' title='bbox 1384 796 1500 836; x_wconf 85' lang='lat' dir='ltr'>agimus</span> <span class='ocrx_word' id='word_1_790' title='bbox 1512 816 1520 829; x_wconf 91' lang='lat'>‚</span> <span class='ocrx_word' id='word_1_791' title='bbox 1542 796 1574 826; x_wconf 64' lang='grc' dir='ltr'>ὃς</span> <span class='ocrx_word' id='word_1_792' title='bbox 1583 807 1705 837; x_wconf 83' lang='lat' dir='ltr'>agemus</span> <span class='ocrx_word' id='word_1_793' title='bbox 1716 801 1808 838; x_wconf 75' lang='lat' dir='ltr'>magis</span> <span class='ocrx_word' id='word_1_794' title='bbox 1818 810 1872 839; x_wconf 87' lang='lat' dir='ltr'>pro</span> <span class='ocrx_word' id='word_1_795' title='bbox 1882 801 2024 841; x_wconf 87' lang='lat' dir='ltr'>dignitate</span> <span class='ocrx_word' id='word_1_796' title='bbox 2035 821 2043 835; x_wconf 93' lang='lat'>‚</span> <span class='ocrx_word' id='word_1_797' title='bbox 2063 800 2156 842; x_wconf 70' lang='lat' dir='ltr'>quam</span> 
     </span>
     <span class='ocr_line' id='line_1_93' title="bbox 1199 838 2157 881; baseline 0.009 -16"><span class='ocrx_word' id='word_1_798' title='bbox 1199 846 1252 876; x_wconf 90' lang='lat' dir='ltr'>pro</span> <span class='ocrx_word' id='word_1_799' title='bbox 1265 838 1402 876; x_wconf 87' lang='lat' dir='ltr'>periculo</span> <span class='ocrx_word' id='word_1_800' title='bbox 1417 847 1478 867; x_wconf 83' lang='lat' dir='ltr'>tuo.</span> <span class='ocrx_word' id='word_1_801' title='bbox 1503 841 1549 868; x_wconf 91' lang='lat' dir='ltr'>Te</span> <span class='ocrx_word' id='word_1_802' title='bbox 1560 849 1642 868; x_wconf 87' lang='lat' dir='ltr'>enim</span> <span class='ocrx_word' id='word_1_803' title='bbox 1654 840 1699 878; x_wconf 78' lang='lat' dir='ltr'>(ut</span> <span class='ocrx_word' id='word_1_804' title='bbox 1710 841 1804 881; x_wconf 86' lang='lat' dir='ltr'>spero)</span> <span class='ocrx_word' id='word_1_805' title='bbox 1815 843 1987 881; x_wconf 79' lang='lat' dir='ltr'>propediem</span> <span class='ocrx_word' id='word_1_806' title='bbox 1999 844 2157 874; x_wconf 81' lang='lat' dir='ltr'>censorem</span> 
     </span>
     <span class='ocr_line' id='line_1_94' title="bbox 1197 878 2158 923; baseline 0.008 -16"><span class='ocrx_word' id='word_1_807' title='bbox 1197 878 1367 908; x_wconf 79' lang='lat' dir='ltr'>audiemus:</span> <span class='ocrx_word' id='word_1_808' title='bbox 1377 880 1461 916; x_wconf 76' lang='lat' dir='ltr'>cuius</span> <span class='ocrx_word' id='word_1_809' title='bbox 1474 879 1659 921; x_wconf 84' lang='lat' dir='ltr'>magistratus</span> <span class='ocrx_word' id='word_1_810' title='bbox 1669 881 1766 912; x_wconf 82' lang='lat' dir='ltr'>officia</span> <span class='ocrx_word' id='word_1_811' title='bbox 1778 902 1786 916; x_wconf 89' lang='lat'>‚</span> <span class='ocrx_word' id='word_1_812' title='bbox 1798 893 1863 923; x_wconf 77' lang='lat' dir='ltr'>quae</span> <span class='ocrx_word' id='word_1_813' title='bbox 1876 885 1941 913; x_wconf 86' lang='lat' dir='ltr'>sunt</span> <span class='ocrx_word' id='word_1_814' title='bbox 1951 887 2080 914; x_wconf 87' lang='lat' dir='ltr'>maximi</span> <span class='ocrx_word' id='word_1_815' title='bbox 2091 886 2158 914; x_wconf 87' lang='lat' dir='ltr'>ani-</span> 
     </span>
     <span class='ocr_line' id='line_1_95' title="bbox 1198 920 2155 964; baseline 0.007 -15"><span class='ocrx_word' id='word_1_816' title='bbox 1198 922 1241 949; x_wconf 88' lang='lat' dir='ltr'>mi</span> <span class='ocrx_word' id='word_1_817' title='bbox 1255 940 1263 953; x_wconf 88' lang='lat'>,</span> <span class='ocrx_word' id='word_1_818' title='bbox 1287 921 1459 962; x_wconf 88' lang='lat' dir='ltr'>summique</span> <span class='ocrx_word' id='word_1_819' title='bbox 1477 920 1617 955; x_wconf 86' lang='lat' dir='ltr'>consilii,</span> <span class='ocrx_word' id='word_1_820' title='bbox 1637 924 1691 953; x_wconf 91' lang='lat' dir='ltr'>tibi</span> <span class='ocrx_word' id='word_1_821' title='bbox 1711 924 1905 964; x_wconf 73' lang='lat' dir='ltr'>diligentius,</span> <span class='ocrx_word' id='word_1_822' title='bbox 1928 925 1961 954; x_wconf 86' lang='lat'>&amp;</span> <span class='ocrx_word' id='word_1_823' title='bbox 1979 925 2155 960; x_wconf 74' lang='lat' dir='ltr'>accuramus,</span> 
     </span>
     <span class='ocr_line' id='line_1_96' title="bbox 1196 962 2154 1033; baseline 0.006 -42"><span class='ocrx_word' id='word_1_824' title='bbox 1196 962 1286 1033; x_wconf 60' lang='lat' dir='ltr'>qut‘lim</span> <span class='ocrx_word' id='word_1_825' title='bbox 1297 963 1359 993; x_wconf 88' lang='lat' dir='ltr'>haec</span> <span class='ocrx_word' id='word_1_826' title='bbox 1370 982 1379 997; x_wconf 93' lang='lat'>,</span> <span class='ocrx_word' id='word_1_827' title='bbox 1398 973 1464 1004; x_wconf 83' lang='lat' dir='ltr'>quae</span> <span class='ocrx_word' id='word_1_828' title='bbox 1481 974 1538 994; x_wconf 91' lang='lat' dir='ltr'>nos</span> <span class='ocrx_word' id='word_1_829' title='bbox 1556 964 1590 994; x_wconf 89' lang='lat' dir='ltr'>de</span> <span class='ocrx_word' id='word_1_830' title='bbox 1608 974 1634 994; x_wconf 90' lang='lat' dir='ltr'>te</span> <span class='ocrx_word' id='word_1_831' title='bbox 1648 967 1763 1006; x_wconf 83' lang='lat' dir='ltr'>agimus</span> <span class='ocrx_word' id='word_1_832' title='bbox 1775 986 1783 1000; x_wconf 95' lang='lat'>,</span> <span class='ocrx_word' id='word_1_833' title='bbox 1804 966 1962 1007; x_wconf 81' lang='lat' dir='ltr'>cogitanda</span> <span class='ocrx_word' id='word_1_834' title='bbox 1971 965 2027 996; x_wconf 83' lang='lat' dir='ltr'>effe</span> <span class='ocrx_word' id='word_1_835' title='bbox 2038 968 2154 998; x_wconf 86' lang='lat' dir='ltr'>censeo.</span> 
     </span>
     <span class='ocr_line' id='line_1_97' title="bbox 1195 1007 1277 1034; baseline -0.024 0"><span class='ocrx_word' id='word_1_836' title='bbox 1195 1007 1238 1034; x_wconf 89' lang='lat' dir='ltr'>Va</span> <span class='ocrx_word' id='word_1_837' title='bbox 1252 1014 1277 1033; x_wconf 85' lang='lat' dir='ltr'>e.</span> 
     </span>
    </p>
   </div>
   <div class='ocr_carea' id='block_1_10' title="bbox 1181 1057 2155 2395">
    <p class='ocr_par' dir='ltr' id='par_1_14' title="bbox 1239 1057 2113 1134">
     <span class='ocr_line' id='line_1_98' title="bbox 1239 1057 2113 1100; baseline 0.007 -15"><span class='ocrx_word' id='word_1_838' title='bbox 1239 1057 1282 1085; x_wconf 90' lang='lat' dir='ltr'>M.</span> <span class='ocrx_word' id='word_1_839' title='bbox 1294 1057 1376 1085; x_wconf 85' lang='lat' dir='ltr'>T.C.</span> <span class='ocrx_word' id='word_1_840' title='bbox 1400 1058 1514 1086; x_wconf 87' lang='lat' dir='ltr'>APPIO</span> <span class='ocrx_word' id='word_1_841' title='bbox 1533 1059 1749 1092; x_wconf 83' lang='lat' dir='ltr'>PULCHRo,</span> <span class='ocrx_word' id='word_1_842' title='bbox 1763 1057 1836 1098; x_wconf 89' lang='lat' dir='ltr'>(UT</span> <span class='ocrx_word' id='word_1_843' title='bbox 1855 1059 1993 1100; x_wconf 80' lang='lat' dir='ltr'>SPERO)</span> <span class='ocrx_word' id='word_1_844' title='bbox 2014 1061 2113 1090; x_wconf 84' lang='lat' dir='ltr'>CEN-</span> 
     </span>
     <span class='ocr_line' id='line_1_99' title="bbox 1552 1102 1788 1134; baseline 0 -5"><span class='ocrx_word' id='word_1_845' title='bbox 1552 1102 1642 1129; x_wconf 81' lang='lat' dir='ltr'>SORI</span> <span class='ocrx_word' id='word_1_846' title='bbox 1655 1120 1662 1134; x_wconf 88' lang='lat'>,</span> <span class='ocrx_word' id='word_1_847' title='bbox 1698 1103 1725 1130; x_wconf 83' lang='lat' dir='ltr'>S.</span> <span class='ocrx_word' id='word_1_848' title='bbox 1751 1103 1788 1130; x_wconf 94' lang='lat' dir='ltr'>D.</span> 
     </span>
    </p>

    <p class='ocr_par' dir='ltr' id='par_1_15' title="bbox 1201 1137 2153 1214">
     <span class='ocr_line' id='line_1_100' title="bbox 1201 1137 2153 1214; baseline 0.007 -46"><span class='ocrx_word' id='word_1_849' title='bbox 1201 1137 1279 1214; x_wconf 82' lang='lat' dir='ltr'>C</span> <span class='ocrx_word' id='word_1_850' title='bbox 1293 1142 1324 1169; x_wconf 92' lang='lat' dir='ltr'>U</span> <span class='ocrx_word' id='word_1_851' title='bbox 1336 1150 1362 1169; x_wconf 88' lang='lat' dir='ltr'><strong>M</strong></span> <span class='ocrx_word' id='word_1_852' title='bbox 1383 1139 1472 1170; x_wconf 80' lang='lat' dir='ltr'>essem</span> <span class='ocrx_word' id='word_1_853' title='bbox 1485 1142 1516 1170; x_wconf 91' lang='lat' dir='ltr'>in</span> <span class='ocrx_word' id='word_1_854' title='bbox 1531 1140 1630 1171; x_wconf 72' lang='lat' dir='ltr'>castris</span> <span class='ocrx_word' id='word_1_855' title='bbox 1643 1141 1678 1172; x_wconf 88' lang='lat' dir='ltr'>ad</span> <span class='ocrx_word' id='word_1_856' title='bbox 1689 1141 1817 1172; x_wconf 84' lang='lat' dir='ltr'>fluvium</span> <span class='ocrx_word' id='word_1_857' title='bbox 1830 1145 1989 1183; x_wconf 83' lang='lat' dir='ltr'>Pyramum</span> <span class='ocrx_word' id='word_1_858' title='bbox 2000 1164 2009 1178; x_wconf 91' lang='lat'>,</span> <span class='ocrx_word' id='word_1_859' title='bbox 2031 1143 2153 1175; x_wconf 78' lang='lat' dir='ltr'>redditae</span> 
     </span>
    </p>

    <p class='ocr_par' dir='ltr' id='par_1_16' title="bbox 1181 1182 2155 2395">
     <span class='ocr_line' id='line_1_101' title="bbox 1286 1182 2154 1226; baseline 0.007 -16"><span class='ocrx_word' id='word_1_860' title='bbox 1286 1183 1361 1211; x_wconf 88' lang='lat' dir='ltr'>mihi</span> <span class='ocrx_word' id='word_1_861' title='bbox 1375 1182 1441 1212; x_wconf 89' lang='lat' dir='ltr'>sunt</span> <span class='ocrx_word' id='word_1_862' title='bbox 1451 1192 1513 1212; x_wconf 90' lang='lat' dir='ltr'>uno</span> <span class='ocrx_word' id='word_1_863' title='bbox 1525 1192 1659 1223; x_wconf 87' lang='lat' dir='ltr'>tempore</span> <span class='ocrx_word' id='word_1_864' title='bbox 1669 1183 1684 1213; x_wconf 76' lang='lat' dir='ltr'>a</span> <span class='ocrx_word' id='word_1_865' title='bbox 1694 1194 1722 1213; x_wconf 86' lang='lat' dir='ltr'>te</span> <span class='ocrx_word' id='word_1_866' title='bbox 1733 1184 1864 1224; x_wconf 84' lang='lat' dir='ltr'>epistolae</span> <span class='ocrx_word' id='word_1_867' title='bbox 1875 1185 1939 1215; x_wconf 85' lang='lat' dir='ltr'>duae</span> <span class='ocrx_word' id='word_1_868' title='bbox 1952 1206 1959 1219; x_wconf 87' lang='lat'>,</span> <span class='ocrx_word' id='word_1_869' title='bbox 1975 1196 2046 1226; x_wconf 88' lang='lat' dir='ltr'>quas</span> <span class='ocrx_word' id='word_1_870' title='bbox 2056 1185 2090 1216; x_wconf 85' lang='lat' dir='ltr'>ad</span> <span class='ocrx_word' id='word_1_871' title='bbox 2104 1196 2154 1216; x_wconf 88' lang='lat' dir='ltr'>me</span> 
     </span>
     <span class='ocr_line' id='line_1_102' title="bbox 1193 1224 2155 1260; baseline 0.007 -9"><span class='ocrx_word' id='word_1_872' title='bbox 1193 1224 1377 1260; x_wconf 81' lang='lat' dir='ltr'>Q-Servilius</span> <span class='ocrx_word' id='word_1_873' title='bbox 1386 1224 1480 1254; x_wconf 78' lang='lat' dir='ltr'>Tarso</span> <span class='ocrx_word' id='word_1_874' title='bbox 1492 1225 1619 1255; x_wconf 80' lang='lat' dir='ltr'>miserat.</span> <span class='ocrx_word' id='word_1_875' title='bbox 1643 1228 1751 1256; x_wconf 86' lang='lat' dir='ltr'>Earum</span> <span class='ocrx_word' id='word_1_876' title='bbox 1764 1228 1795 1256; x_wconf 90' lang='lat' dir='ltr'>in</span> <span class='ocrx_word' id='word_1_877' title='bbox 1805 1227 1893 1256; x_wconf 82' lang='lat' dir='ltr'>altera</span> <span class='ocrx_word' id='word_1_878' title='bbox 1903 1227 1966 1257; x_wconf 89' lang='lat' dir='ltr'>dies</span> <span class='ocrx_word' id='word_1_879' title='bbox 1977 1237 2036 1257; x_wconf 87' lang='lat' dir='ltr'>erat</span> <span class='ocrx_word' id='word_1_880' title='bbox 2044 1227 2155 1258; x_wconf 81' lang='lat' dir='ltr'>adscri-</span> 
     </span>
     <span class='ocr_line' id='line_1_103' title="bbox 1191 1267 2154 1309; baseline 0.007 -16"><span class='ocrx_word' id='word_1_881' title='bbox 1191 1273 1238 1303; x_wconf 86' lang='lat' dir='ltr'>pta</span> <span class='ocrx_word' id='word_1_882' title='bbox 1253 1274 1401 1295; x_wconf 88' lang='lat' dir='ltr'>nonarum</span> <span class='ocrx_word' id='word_1_883' title='bbox 1414 1267 1583 1306; x_wconf 86' lang='lat' dir='ltr'>Aprilium:</span> <span class='ocrx_word' id='word_1_884' title='bbox 1606 1268 1637 1297; x_wconf 89' lang='lat' dir='ltr'>in</span> <span class='ocrx_word' id='word_1_885' title='bbox 1656 1268 1743 1298; x_wconf 86' lang='lat' dir='ltr'>altera</span> <span class='ocrx_word' id='word_1_886' title='bbox 1755 1288 1763 1301; x_wconf 96' lang='lat'>,</span> <span class='ocrx_word' id='word_1_887' title='bbox 1783 1279 1848 1309; x_wconf 62' lang='lat' dir='ltr'>quae</span> <span class='ocrx_word' id='word_1_888' title='bbox 1860 1270 1936 1298; x_wconf 89' lang='lat' dir='ltr'>mihi</span> <span class='ocrx_word' id='word_1_889' title='bbox 1947 1271 2095 1300; x_wconf 81' lang='lat' dir='ltr'>recentior</span> <span class='ocrx_word' id='word_1_890' title='bbox 2105 1271 2154 1300; x_wconf 82' lang='lat' dir='ltr'>vi—</span> 
     </span>
     <span class='ocr_line' id='line_1_104' title="bbox 1190 1305 2150 1351; baseline 0.006 -16"><span class='ocrx_word' id='word_1_891' title='bbox 1190 1305 1332 1340; x_wconf 83' lang='lat' dir='ltr'>debatur,</span> <span class='ocrx_word' id='word_1_892' title='bbox 1352 1307 1416 1337; x_wconf 84' lang='lat' dir='ltr'>dies</span> <span class='ocrx_word' id='word_1_893' title='bbox 1427 1315 1488 1337; x_wconf 80' lang='lat' dir='ltr'>non</span> <span class='ocrx_word' id='word_1_894' title='bbox 1501 1317 1568 1338; x_wconf 81' lang='lat' dir='ltr'>erat.</span> <span class='ocrx_word' id='word_1_895' title='bbox 1593 1309 1795 1349; x_wconf 86' lang='lat' dir='ltr'>Respondebo</span> <span class='ocrx_word' id='word_1_896' title='bbox 1805 1312 1894 1351; x_wconf 82' lang='lat' dir='ltr'>igitur</span> <span class='ocrx_word' id='word_1_897' title='bbox 1906 1310 2150 1351; x_wconf 73' lang='lat' dir='ltr'>superioriprius:</span> 
     </span>
     <span class='ocr_line' id='line_1_105' title="bbox 1192 1348 2152 1393; baseline 0.007 -17"><span class='ocrx_word' id='word_1_898' title='bbox 1192 1349 1223 1377; x_wconf 89' lang='lat' dir='ltr'>in</span> <span class='ocrx_word' id='word_1_899' title='bbox 1233 1357 1290 1389; x_wconf 88' lang='lat' dir='ltr'>qua</span> <span class='ocrx_word' id='word_1_900' title='bbox 1302 1348 1406 1379; x_wconf 88' lang='lat' dir='ltr'>scribis</span> <span class='ocrx_word' id='word_1_901' title='bbox 1415 1349 1450 1379; x_wconf 88' lang='lat' dir='ltr'>ad</span> <span class='ocrx_word' id='word_1_902' title='bbox 1461 1360 1510 1379; x_wconf 86' lang='lat' dir='ltr'>me</span> <span class='ocrx_word' id='word_1_903' title='bbox 1520 1350 1556 1380; x_wconf 86' lang='lat' dir='ltr'>de</span> <span class='ocrx_word' id='word_1_904' title='bbox 1567 1351 1756 1381; x_wconf 86' lang='lat' dir='ltr'>absolutione</span> <span class='ocrx_word' id='word_1_905' title='bbox 1769 1351 1937 1390; x_wconf 74' lang='lat' dir='ltr'>majestatis.</span> <span class='ocrx_word' id='word_1_906' title='bbox 1961 1353 1997 1383; x_wconf 86' lang='lat' dir='ltr'>de</span> <span class='ocrx_word' id='word_1_907' title='bbox 2007 1363 2064 1393; x_wconf 78' lang='lat' dir='ltr'>qua</span> <span class='ocrx_word' id='word_1_908' title='bbox 2077 1373 2085 1386; x_wconf 90' lang='lat'>‚</span> <span class='ocrx_word' id='word_1_909' title='bbox 2101 1351 2152 1383; x_wconf 80' lang='lat' dir='ltr'>etsi</span> 
     </span>
     <span class='ocr_line' id='line_1_106' title="bbox 1188 1390 2152 1429; baseline 0.007 -11"><span class='ocrx_word' id='word_1_910' title='bbox 1188 1390 1376 1429; x_wconf 73' lang='lat' dir='ltr'>permultum</span> <span class='ocrx_word' id='word_1_911' title='bbox 1387 1391 1455 1421; x_wconf 75' lang='lat' dir='ltr'>ante</span> <span class='ocrx_word' id='word_1_912' title='bbox 1468 1394 1577 1422; x_wconf 85' lang='lat' dir='ltr'>certior</span> <span class='ocrx_word' id='word_1_913' title='bbox 1585 1391 1680 1423; x_wconf 64' lang='lat' dir='ltr'>sanstus</span> <span class='ocrx_word' id='word_1_914' title='bbox 1692 1403 1770 1427; x_wconf 86' lang='lat' dir='ltr'>eram</span> <span class='ocrx_word' id='word_1_915' title='bbox 1783 1394 1874 1424; x_wconf 86' lang='lat' dir='ltr'>literis</span> <span class='ocrx_word' id='word_1_916' title='bbox 1886 1413 1894 1427; x_wconf 95' lang='lat'>,</span> <span class='ocrx_word' id='word_1_917' title='bbox 1915 1395 2032 1424; x_wconf 87' lang='lat' dir='ltr'>nuntiis</span> <span class='ocrx_word' id='word_1_918' title='bbox 2043 1415 2051 1427; x_wconf 89' lang='lat'>,</span> <span class='ocrx_word' id='word_1_919' title='bbox 2071 1394 2152 1425; x_wconf 78' lang='lat' dir='ltr'>fama</span> 
     </span>
     <span class='ocr_line' id='line_1_107' title="bbox 1188 1431 2151 1476; baseline 0.006 -16"><span class='ocrx_word' id='word_1_920' title='bbox 1188 1431 1319 1473; x_wconf 85' lang='lat' dir='ltr'>denique</span> <span class='ocrx_word' id='word_1_921' title='bbox 1333 1432 1392 1472; x_wconf 87' lang='lat' dir='ltr'>ipsa</span> <span class='ocrx_word' id='word_1_922' title='bbox 1405 1433 1495 1472; x_wconf 75' lang='lat' dir='ltr'>(nihil</span> <span class='ocrx_word' id='word_1_923' title='bbox 1510 1436 1592 1463; x_wconf 74' lang='lat' dir='ltr'>enim</span> <span class='ocrx_word' id='word_1_924' title='bbox 1611 1434 1670 1465; x_wconf 78' lang='lat' dir='ltr'>suit</span> <span class='ocrx_word' id='word_1_925' title='bbox 1687 1435 1810 1465; x_wconf 80' lang='lat' dir='ltr'>clarius:</span> <span class='ocrx_word' id='word_1_926' title='bbox 1830 1445 1894 1465; x_wconf 91' lang='lat' dir='ltr'>non</span> <span class='ocrx_word' id='word_1_927' title='bbox 1913 1434 1975 1476; x_wconf 77' lang='lat' dir='ltr'>quo</span> <span class='ocrx_word' id='word_1_928' title='bbox 1992 1436 2151 1476; x_wconf 86' lang='lat' dir='ltr'>quisquam</span> 
     </span>
     <span class='ocr_line' id='line_1_108' title="bbox 1189 1473 2152 1517; baseline 0.004 -14"><span class='ocrx_word' id='word_1_929' title='bbox 1189 1473 1272 1504; x_wconf 85' lang='lat' dir='ltr'>aliter</span> <span class='ocrx_word' id='word_1_930' title='bbox 1283 1473 1422 1514; x_wconf 73' lang='lat' dir='ltr'>putasset:</span> <span class='ocrx_word' id='word_1_931' title='bbox 1440 1475 1487 1505; x_wconf 83' lang='lat' dir='ltr'>sed</span> <span class='ocrx_word' id='word_1_932' title='bbox 1497 1477 1575 1505; x_wconf 79' lang='lat' dir='ltr'>nihii</span> <span class='ocrx_word' id='word_1_933' title='bbox 1587 1476 1622 1506; x_wconf 86' lang='lat' dir='ltr'>de</span> <span class='ocrx_word' id='word_1_934' title='bbox 1636 1475 1802 1517; x_wconf 78' lang='lat' dir='ltr'>insignibus</span> <span class='ocrx_word' id='word_1_935' title='bbox 1811 1477 1846 1507; x_wconf 88' lang='lat' dir='ltr'>ad</span> <span class='ocrx_word' id='word_1_936' title='bbox 1857 1477 1976 1507; x_wconf 85' lang='lat' dir='ltr'>laudem</span> <span class='ocrx_word' id='word_1_937' title='bbox 1986 1479 2060 1508; x_wconf 85' lang='lat' dir='ltr'>viris</span> <span class='ocrx_word' id='word_1_938' title='bbox 2072 1480 2084 1504; x_wconf 86' lang='lat'><em>5</em></span> <span class='ocrx_word' id='word_1_939' title='bbox 2095 1477 2152 1507; x_wconf 89' lang='lat' dir='ltr'>ob·</span> 
     </span>
     <span class='ocr_line' id='line_1_109' title="bbox 1190 1515 2151 1557; baseline 0.005 -13"><span class='ocrx_word' id='word_1_940' title='bbox 1190 1515 1269 1545; x_wconf 72' lang='lat' dir='ltr'>scure</span> <span class='ocrx_word' id='word_1_941' title='bbox 1282 1519 1412 1546; x_wconf 85' lang='lat' dir='ltr'>nuntiari</span> <span class='ocrx_word' id='word_1_942' title='bbox 1422 1517 1613 1557; x_wconf 83' lang='lat' dir='ltr'>solet)tamen</span> <span class='ocrx_word' id='word_1_943' title='bbox 1624 1519 1731 1548; x_wconf 84' lang='lat' dir='ltr'>eadem</span> <span class='ocrx_word' id='word_1_944' title='bbox 1742 1519 1792 1549; x_wconf 83' lang='lat' dir='ltr'>illa</span> <span class='ocrx_word' id='word_1_945' title='bbox 1801 1520 1917 1549; x_wconf 81' lang='lat' dir='ltr'>laetiora</span> <span class='ocrx_word' id='word_1_946' title='bbox 1926 1518 2062 1550; x_wconf 86' lang='lat' dir='ltr'>fecerunt</span> <span class='ocrx_word' id='word_1_947' title='bbox 2072 1520 2151 1549; x_wconf 90' lang='lat' dir='ltr'>mihi</span> 
     </span>
     <span class='ocr_line' id='line_1_110' title="bbox 1187 1558 2151 1601; baseline 0.004 -14"><span class='ocrx_word' id='word_1_948' title='bbox 1187 1565 1245 1587; x_wconf 86' lang='lat' dir='ltr'>tuae</span> <span class='ocrx_word' id='word_1_949' title='bbox 1256 1558 1360 1588; x_wconf 81' lang='lat' dir='ltr'>litterae</span> <span class='ocrx_word' id='word_1_950' title='bbox 1373 1569 1378 1587; x_wconf 92' lang='lat'>:</span> <span class='ocrx_word' id='word_1_951' title='bbox 1400 1568 1464 1588; x_wconf 90' lang='lat' dir='ltr'>non</span> <span class='ocrx_word' id='word_1_952' title='bbox 1475 1558 1572 1589; x_wconf 79' lang='lat' dir='ltr'>solum</span> <span class='ocrx_word' id='word_1_953' title='bbox 1583 1563 1652 1601; x_wconf 87' lang='lat' dir='ltr'>quia</span> <span class='ocrx_word' id='word_1_954' title='bbox 1661 1559 1781 1600; x_wconf 78' lang='lat' dir='ltr'>planius</span> <span class='ocrx_word' id='word_1_955' title='bbox 1793 1561 2011 1601; x_wconf 88' lang='lat' dir='ltr'>loquebantur,</span> <span class='ocrx_word' id='word_1_956' title='bbox 2034 1561 2066 1590; x_wconf 92' lang='lat'><strong>&amp;</strong></span> <span class='ocrx_word' id='word_1_957' title='bbox 2078 1561 2151 1591; x_wconf 87' lang='lat' dir='ltr'>ube-</span> 
     </span>
     <span class='ocr_line' id='line_1_111' title="bbox 1188 1598 2151 1643; baseline 0.004 -15"><span class='ocrx_word' id='word_1_958' title='bbox 1188 1598 1250 1628; x_wconf 79' lang='lat' dir='ltr'>rius</span> <span class='ocrx_word' id='word_1_959' title='bbox 1263 1619 1270 1632; x_wconf 95' lang='lat'>,</span> <span class='ocrx_word' id='word_1_960' title='bbox 1287 1602 1377 1640; x_wconf 53' lang='lat' dir='ltr'>quim</span> <span class='ocrx_word' id='word_1_961' title='bbox 1389 1601 1473 1641; x_wconf 81' lang='lat' dir='ltr'>vulgi</span> <span class='ocrx_word' id='word_1_962' title='bbox 1483 1601 1580 1631; x_wconf 76' lang='lat' dir='ltr'>sermo</span> <span class='ocrx_word' id='word_1_963' title='bbox 1594 1613 1599 1631; x_wconf 91' lang='grc'>;</span> <span class='ocrx_word' id='word_1_964' title='bbox 1617 1602 1667 1632; x_wconf 83' lang='lat' dir='ltr'>sed</span> <span class='ocrx_word' id='word_1_965' title='bbox 1678 1605 1766 1632; x_wconf 88' lang='lat' dir='ltr'>etiam</span> <span class='ocrx_word' id='word_1_966' title='bbox 1779 1604 1849 1643; x_wconf 86' lang='lat' dir='ltr'>quia</span> <span class='ocrx_word' id='word_1_967' title='bbox 1859 1603 1954 1642; x_wconf 80' lang='lat' dir='ltr'>magis</span> <span class='ocrx_word' id='word_1_968' title='bbox 1965 1601 2087 1633; x_wconf 86' lang='lat' dir='ltr'>videbar</span> <span class='ocrx_word' id='word_1_969' title='bbox 2095 1603 2151 1634; x_wconf 90' lang='lat' dir='ltr'>tibi</span> 
     </span>
     <span class='ocr_line' id='line_1_112' title="bbox 1187 1642 2152 1689; baseline 0.005 -19"><span class='ocrx_word' id='word_1_970' title='bbox 1187 1642 1322 1682; x_wconf 67' lang='lat' dir='ltr'>gratulari</span> <span class='ocrx_word' id='word_1_971' title='bbox 1336 1662 1342 1674; x_wconf 87' lang='lat'><strong>.</strong></span> <span class='ocrx_word' id='word_1_972' title='bbox 1353 1652 1423 1672; x_wconf 90' lang='lat' dir='ltr'>cum</span> <span class='ocrx_word' id='word_1_973' title='bbox 1433 1643 1468 1672; x_wconf 88' lang='lat' dir='ltr'>de</span> <span class='ocrx_word' id='word_1_974' title='bbox 1479 1651 1506 1672; x_wconf 89' lang='lat' dir='ltr'>te</span> <span class='ocrx_word' id='word_1_975' title='bbox 1517 1653 1554 1672; x_wconf 82' lang='lat' dir='ltr'>ex</span> <span class='ocrx_word' id='word_1_976' title='bbox 1565 1644 1658 1683; x_wconf 69' lang='lat' dir='ltr'>teipso</span> <span class='ocrx_word' id='word_1_977' title='bbox 1668 1643 1839 1675; x_wconf 79' lang='lat' dir='ltr'>audiebam.</span> <span class='ocrx_word' id='word_1_978' title='bbox 1863 1644 2049 1684; x_wconf 87' lang='lat' dir='ltr'>Complexus</span> <span class='ocrx_word' id='word_1_979' title='bbox 2061 1646 2152 1689; x_wconf 84' lang='lat' dir='ltr'>igitur</span> 
     </span>
     <span class='ocr_line' id='line_1_113' title="bbox 1189 1684 2153 1725; baseline 0.003 -12"><span class='ocrx_word' id='word_1_980' title='bbox 1189 1684 1253 1715; x_wconf 85' lang='lat' dir='ltr'>sum</span> <span class='ocrx_word' id='word_1_981' title='bbox 1265 1686 1445 1724; x_wconf 81' lang='lat' dir='ltr'>cogitatione</span> <span class='ocrx_word' id='word_1_982' title='bbox 1457 1693 1484 1714; x_wconf 91' lang='lat' dir='ltr'>te</span> <span class='ocrx_word' id='word_1_983' title='bbox 1495 1685 1647 1715; x_wconf 75' lang='lat' dir='ltr'>absentem</span> <span class='ocrx_word' id='word_1_984' title='bbox 1660 1696 1665 1715; x_wconf 79' lang='lat' dir='ltr'><em>z</em></span> <span class='ocrx_word' id='word_1_985' title='bbox 1676 1684 1834 1725; x_wconf 81' lang='lat' dir='ltr'>epistolam</span> <span class='ocrx_word' id='word_1_986' title='bbox 1846 1684 1918 1716; x_wconf 69' lang='lat' dir='ltr'>vero</span> <span class='ocrx_word' id='word_1_987' title='bbox 1928 1686 2075 1716; x_wconf 88' lang='lat' dir='ltr'>osculatus</span> <span class='ocrx_word' id='word_1_988' title='bbox 2084 1707 2093 1721; x_wconf 90' lang='lat'>,</span> <span class='ocrx_word' id='word_1_989' title='bbox 2107 1695 2153 1716; x_wconf 86' lang='lat' dir='ltr'>et-</span> 
     </span>
     <span class='ocr_line' id='line_1_114' title="bbox 1189 1726 2149 1771; baseline 0.004 -17"><span class='ocrx_word' id='word_1_990' title='bbox 1189 1726 1250 1755; x_wconf 84' lang='lat' dir='ltr'>iam</span> <span class='ocrx_word' id='word_1_991' title='bbox 1262 1726 1321 1766; x_wconf 82' lang='lat' dir='ltr'>ipse</span> <span class='ocrx_word' id='word_1_992' title='bbox 1334 1727 1411 1756; x_wconf 88' lang='lat' dir='ltr'>mihi</span> <span class='ocrx_word' id='word_1_993' title='bbox 1423 1726 1583 1768; x_wconf 83' lang='lat' dir='ltr'>gratulatus</span> <span class='ocrx_word' id='word_1_994' title='bbox 1594 1728 1674 1758; x_wconf 85' lang='lat' dir='ltr'>sum.</span> <span class='ocrx_word' id='word_1_995' title='bbox 1695 1729 1770 1771; x_wconf 83' lang='lat' dir='ltr'>Qae</span> <span class='ocrx_word' id='word_1_996' title='bbox 1780 1727 1864 1757; x_wconf 84' lang='lat' dir='ltr'>enim</span> <span class='ocrx_word' id='word_1_997' title='bbox 1874 1727 1890 1757; x_wconf 73' lang='lat' dir='ltr'>a</span> <span class='ocrx_word' id='word_1_998' title='bbox 1899 1726 2011 1758; x_wconf 66' lang='lat' dir='ltr'>cun6to</span> <span class='ocrx_word' id='word_1_999' title='bbox 2021 1729 2149 1768; x_wconf 86' lang='lat' dir='ltr'>populo,</span> 
     </span>
     <span class='ocr_line' id='line_1_115' title="bbox 1186 1767 2152 1811; baseline 0.002 -13"><span class='ocrx_word' id='word_1_1000' title='bbox 1186 1767 1201 1798; x_wconf 72' lang='lat' dir='ltr'>a</span> <span class='ocrx_word' id='word_1_1001' title='bbox 1212 1767 1312 1798; x_wconf 84' lang='lat' dir='ltr'>senatu</span> <span class='ocrx_word' id='word_1_1002' title='bbox 1323 1788 1331 1802; x_wconf 89' lang='lat'>,</span> <span class='ocrx_word' id='word_1_1003' title='bbox 1347 1768 1363 1798; x_wconf 74' lang='lat' dir='ltr'>a</span> <span class='ocrx_word' id='word_1_1004' title='bbox 1371 1768 1525 1808; x_wconf 75' lang='lat' dir='ltr'>judicibus</span> <span class='ocrx_word' id='word_1_1005' title='bbox 1538 1789 1546 1802; x_wconf 89' lang='lat'>,</span> <span class='ocrx_word' id='word_1_1006' title='bbox 1556 1768 1680 1811; x_wconf 83' lang='lat' dir='ltr'>ingenio</span> <span class='ocrx_word' id='word_1_1007' title='bbox 1692 1789 1700 1803; x_wconf 89' lang='lat'>‚</span> <span class='ocrx_word' id='word_1_1008' title='bbox 1711 1768 1865 1810; x_wconf 77' lang='lat' dir='ltr'>industriae</span> <span class='ocrx_word' id='word_1_1009' title='bbox 1875 1788 1886 1803; x_wconf 83' lang='lat'>‚</span> <span class='ocrx_word' id='word_1_1010' title='bbox 1896 1770 2000 1799; x_wconf 87' lang='lat' dir='ltr'>virtuti</span> <span class='ocrx_word' id='word_1_1011' title='bbox 2011 1769 2152 1801; x_wconf 89' lang='lat' dir='ltr'>tribuun-</span> 
     </span>
     <span class='ocr_line' id='line_1_116' title="bbox 1187 1808 2148 1851; baseline 0.002 -11"><span class='ocrx_word' id='word_1_1012' title='bbox 1187 1819 1248 1840; x_wconf 86' lang='lat' dir='ltr'>tur:</span> <span class='ocrx_word' id='word_1_1013' title='bbox 1270 1820 1340 1851; x_wconf 87' lang='lat' dir='ltr'>quia</span> <span class='ocrx_word' id='word_1_1014' title='bbox 1350 1812 1428 1840; x_wconf 88' lang='lat' dir='ltr'>mihi</span> <span class='ocrx_word' id='word_1_1015' title='bbox 1439 1808 1490 1851; x_wconf 79' lang='lat' dir='ltr'>ipsi</span> <span class='ocrx_word' id='word_1_1016' title='bbox 1501 1808 1628 1841; x_wconf 73' lang='lat' dir='ltr'>ass&#39;entor</span> <span class='ocrx_word' id='word_1_1017' title='bbox 1639 1809 1758 1841; x_wconf 82' lang='lat' dir='ltr'>fortaffe</span> <span class='ocrx_word' id='word_1_1018' title='bbox 1771 1832 1781 1844; x_wconf 79' lang='lat'>‚</span> <span class='ocrx_word' id='word_1_1019' title='bbox 1791 1810 1863 1841; x_wconf 79' lang='lat' dir='ltr'>curn</span> <span class='ocrx_word' id='word_1_1020' title='bbox 1874 1821 1905 1841; x_wconf 90' lang='lat' dir='ltr'>ea</span> <span class='ocrx_word' id='word_1_1021' title='bbox 1915 1809 1972 1840; x_wconf 86' lang='lat' dir='ltr'>effe</span> <span class='ocrx_word' id='word_1_1022' title='bbox 1982 1811 2015 1840; x_wconf 88' lang='lat' dir='ltr'>in</span> <span class='ocrx_word' id='word_1_1023' title='bbox 2026 1820 2076 1841; x_wconf 89' lang='lat' dir='ltr'>me</span> <span class='ocrx_word' id='word_1_1024' title='bbox 2088 1810 2148 1842; x_wconf 79' lang='lat' dir='ltr'>fin-</span> 
     </span>
     <span class='ocr_line' id='line_1_117' title="bbox 1184 1852 2150 1894; baseline 0.004 -14"><span class='ocrx_word' id='word_1_1025' title='bbox 1184 1861 1239 1893; x_wconf 84' lang='lat' dir='ltr'>go:</span> <span class='ocrx_word' id='word_1_1026' title='bbox 1262 1853 1339 1881; x_wconf 79' lang='lat' dir='ltr'>milii</span> <span class='ocrx_word' id='word_1_1027' title='bbox 1357 1862 1476 1892; x_wconf 84' lang='lat' dir='ltr'>quoque</span> <span class='ocrx_word' id='word_1_1028' title='bbox 1496 1853 1556 1893; x_wconf 85' lang='lat' dir='ltr'>ipse</span> <span class='ocrx_word' id='word_1_1029' title='bbox 1575 1852 1665 1883; x_wconf 84' lang='lat' dir='ltr'>tribui</span> <span class='ocrx_word' id='word_1_1030' title='bbox 1680 1863 1761 1894; x_wconf 77' lang='lat' dir='ltr'>puro.</span> <span class='ocrx_word' id='word_1_1031' title='bbox 1814 1854 1880 1882; x_wconf 85' lang='lat' dir='ltr'>Nec</span> <span class='ocrx_word' id='word_1_1032' title='bbox 1900 1861 1960 1882; x_wconf 85' lang='lat' dir='ltr'>tam</span> <span class='ocrx_word' id='word_1_1033' title='bbox 1978 1853 2150 1893; x_wconf 86' lang='lat' dir='ltr'>gloriosum</span> 
     </span>
     <span class='ocr_line' id='line_1_118' title="bbox 1185 1893 2149 1933; baseline 0.004 -11"><span class='ocrx_word' id='word_1_1034' title='bbox 1185 1895 1301 1923; x_wconf 82' lang='lat' dir='ltr'>exitum</span> <span class='ocrx_word' id='word_1_1035' title='bbox 1322 1895 1364 1923; x_wconf 92' lang='lat' dir='ltr'>tui</span> <span class='ocrx_word' id='word_1_1036' title='bbox 1379 1894 1486 1932; x_wconf 84' lang='lat' dir='ltr'>&#39;judicii</span> <span class='ocrx_word' id='word_1_1037' title='bbox 1497 1893 1639 1924; x_wconf 81' lang='lat' dir='ltr'>exstitiffe</span> <span class='ocrx_word' id='word_1_1038' title='bbox 1651 1915 1659 1928; x_wconf 86' lang='lat'>,</span> <span class='ocrx_word' id='word_1_1039' title='bbox 1682 1894 1731 1925; x_wconf 86' lang='lat' dir='ltr'>sed</span> <span class='ocrx_word' id='word_1_1040' title='bbox 1743 1904 1801 1924; x_wconf 87' lang='lat' dir='ltr'>tarn</span> <span class='ocrx_word' id='word_1_1041' title='bbox 1813 1903 1933 1933; x_wconf 81' lang='lat' dir='ltr'>pravam</span> <span class='ocrx_word' id='word_1_1042' title='bbox 1944 1894 2149 1926; x_wconf 76' lang='lat' dir='ltr'>inimicorum</span> 
     </span>
     <span class='ocr_line' id='line_1_119' title="bbox 1185 1933 2147 1977; baseline 0.002 -13"><span class='ocrx_word' id='word_1_1043' title='bbox 1185 1943 1307 1964; x_wconf 86' lang='lat' dir='ltr'>tuorum</span> <span class='ocrx_word' id='word_1_1044' title='bbox 1318 1944 1454 1964; x_wconf 88' lang='lat' dir='ltr'>mentem</span> <span class='ocrx_word' id='word_1_1045' title='bbox 1464 1934 1552 1965; x_wconf 82' lang='lat' dir='ltr'>fuifl&#39;c</span> <span class='ocrx_word' id='word_1_1046' title='bbox 1560 1936 1699 1966; x_wconf 88' lang='lat' dir='ltr'>mirabar.</span> <span class='ocrx_word' id='word_1_1047' title='bbox 1724 1938 1772 1965; x_wconf 90' lang='lat' dir='ltr'>De</span> <span class='ocrx_word' id='word_1_1048' title='bbox 1787 1935 1903 1965; x_wconf 88' lang='lat' dir='ltr'>ambitu</span> <span class='ocrx_word' id='word_1_1049' title='bbox 1920 1933 1993 1966; x_wconf 77' lang='lat' dir='ltr'>verb</span> <span class='ocrx_word' id='word_1_1050' title='bbox 2010 1936 2083 1977; x_wconf 87' lang='lat' dir='ltr'>quid</span> <span class='ocrx_word' id='word_1_1051' title='bbox 2096 1937 2147 1974; x_wconf 50' lang='lat' dir='ltr'>inf</span> 
     </span>
     <span class='ocr_line' id='line_1_120' title="bbox 1185 1975 2145 2017; baseline 0.005 -12"><span class='ocrx_word' id='word_1_1052' title='bbox 1185 1975 1270 2006; x_wconf 80' lang='lat' dir='ltr'>terest</span> <span class='ocrx_word' id='word_1_1053' title='bbox 1283 1996 1293 2009; x_wconf 91' lang='lat'>,</span> <span class='ocrx_word' id='word_1_1054' title='bbox 1314 1977 1432 2017; x_wconf 77' lang='lat' dir='ltr'>inquies</span> <span class='ocrx_word' id='word_1_1055' title='bbox 1444 1996 1454 2009; x_wconf 86' lang='lat'>‚</span> <span class='ocrx_word' id='word_1_1056' title='bbox 1478 1977 1566 2016; x_wconf 28' lang='lat' dir='ltr'>annde</span> <span class='ocrx_word' id='word_1_1057' title='bbox 1579 1976 1751 2017; x_wconf 80' lang='lat' dir='ltr'>majestate?</span> <span class='ocrx_word' id='word_1_1058' title='bbox 1773 1977 1820 2007; x_wconf 90' lang='lat' dir='ltr'>Ad</span> <span class='ocrx_word' id='word_1_1059' title='bbox 1831 1987 1892 2007; x_wconf 90' lang='lat' dir='ltr'>rem</span> <span class='ocrx_word' id='word_1_1060' title='bbox 1905 1977 1992 2007; x_wconf 90' lang='lat' dir='ltr'>nihil.</span> <span class='ocrx_word' id='word_1_1061' title='bbox 2015 1977 2145 2010; x_wconf 80' lang='lat' dir='ltr'>alterum</span> 
     </span>
     <span class='ocr_line' id='line_1_121' title="bbox 1185 2014 2150 2058; baseline 0.003 -11"><span class='ocrx_word' id='word_1_1062' title='bbox 1185 2020 1268 2047; x_wconf 73' lang='lat' dir='ltr'>enirn</span> <span class='ocrx_word' id='word_1_1063' title='bbox 1279 2014 1490 2058; x_wconf 78' lang='lat' dir='ltr'>nonattigisti:</span> <span class='ocrx_word' id='word_1_1064' title='bbox 1510 2018 1636 2048; x_wconf 85' lang='lat' dir='ltr'>alterum</span> <span class='ocrx_word' id='word_1_1065' title='bbox 1656 2017 1774 2049; x_wconf 79' lang='lat' dir='ltr'>auxisti.</span> <span class='ocrx_word' id='word_1_1066' title='bbox 1800 2021 2016 2050; x_wconf 87' lang='lat' dir='ltr'>Verumtamen</span> <span class='ocrx_word' id='word_1_1067' title='bbox 2028 2018 2070 2049; x_wconf 88' lang='lat' dir='ltr'>est</span> <span class='ocrx_word' id='word_1_1068' title='bbox 2080 2029 2150 2050; x_wconf 80' lang='lat' dir='ltr'>ma-</span> 
     </span>
     <span class='ocr_line' id='line_1_122' title="bbox 1182 2059 2146 2102; baseline 0.003 -14"><span class='ocrx_word' id='word_1_1069' title='bbox 1182 2059 1268 2099; x_wconf 83' lang='lat' dir='ltr'>jestas</span> <span class='ocrx_word' id='word_1_1070' title='bbox 1279 2060 1323 2098; x_wconf 83' lang='lat' dir='ltr'>(ut</span> <span class='ocrx_word' id='word_1_1071' title='bbox 1332 2060 1413 2090; x_wconf 87' lang='lat' dir='ltr'>Sulla</span> <span class='ocrx_word' id='word_1_1072' title='bbox 1422 2060 1534 2100; x_wconf 87' lang='lat' dir='ltr'>voluit)</span> <span class='ocrx_word' id='word_1_1073' title='bbox 1550 2071 1588 2090; x_wconf 83' lang='lat' dir='ltr'>ne</span> <span class='ocrx_word' id='word_1_1074' title='bbox 1600 2063 1632 2091; x_wconf 93' lang='lat' dir='ltr'>in</span> <span class='ocrx_word' id='word_1_1075' title='bbox 1643 2059 1782 2102; x_wconf 84' lang='lat' dir='ltr'>quemvis</span> <span class='ocrx_word' id='word_1_1076' title='bbox 1792 2061 1920 2101; x_wconf 74' lang='lat' dir='ltr'>impune</span> <span class='ocrx_word' id='word_1_1077' title='bbox 1931 2060 2097 2091; x_wconf 85' lang='lat' dir='ltr'>declamare</span> <span class='ocrx_word' id='word_1_1078' title='bbox 2107 2062 2146 2092; x_wconf 92' lang='lat' dir='ltr'>li-</span> 
     </span>
     <span class='ocr_line' id='line_1_123' title="bbox 1182 2099 2145 2142; baseline 0.002 -11"><span class='ocrx_word' id='word_1_1079' title='bbox 1182 2110 1268 2131; x_wconf 88' lang='lat' dir='ltr'>ceret.</span> <span class='ocrx_word' id='word_1_1080' title='bbox 1292 2101 1434 2132; x_wconf 85' lang='lat' dir='ltr'>Ambitus</span> <span class='ocrx_word' id='word_1_1081' title='bbox 1449 2099 1520 2132; x_wconf 74' lang='lat' dir='ltr'>verb</span> <span class='ocrx_word' id='word_1_1082' title='bbox 1534 2122 1542 2135; x_wconf 86' lang='lat'>,</span> <span class='ocrx_word' id='word_1_1083' title='bbox 1563 2105 1603 2132; x_wconf 86' lang='lat' dir='ltr'>ita</span> <span class='ocrx_word' id='word_1_1084' title='bbox 1613 2099 1741 2142; x_wconf 79' lang='lat' dir='ltr'>apertam</span> <span class='ocrx_word' id='word_1_1085' title='bbox 1753 2102 1937 2137; x_wconf 74' lang='lat' dir='ltr'>vim&#39;habet,</span> <span class='ocrx_word' id='word_1_1086' title='bbox 1959 2112 1990 2133; x_wconf 90' lang='lat' dir='ltr'>ut</span> <span class='ocrx_word' id='word_1_1087' title='bbox 1999 2112 2145 2134; x_wconf 82' lang='lat' dir='ltr'>autaccu-</span> 
     </span>
     <span class='ocr_line' id='line_1_124' title="bbox 1183 2143 2142 2186; baseline 0.002 -12"><span class='ocrx_word' id='word_1_1088' title='bbox 1183 2144 1260 2174; x_wconf 87' lang='lat' dir='ltr'>setur</span> <span class='ocrx_word' id='word_1_1089' title='bbox 1276 2143 1416 2183; x_wconf 72' lang='lat' dir='ltr'>improbe</span> <span class='ocrx_word' id='word_1_1090' title='bbox 1427 2162 1436 2176; x_wconf 64' lang='lat'><em>2</em></span> <span class='ocrx_word' id='word_1_1091' title='bbox 1457 2153 1505 2174; x_wconf 88' lang='lat' dir='ltr'>aut</span> <span class='ocrx_word' id='word_1_1092' title='bbox 1526 2143 1711 2175; x_wconf 82' lang='lat' dir='ltr'>defendatur.</span> <span class='ocrx_word' id='word_1_1093' title='bbox 1734 2143 1787 2186; x_wconf 71' lang='lat' dir='ltr'>qui</span> <span class='ocrx_word' id='word_1_1094' title='bbox 1803 2145 1888 2175; x_wconf 79' lang='lat' dir='ltr'>enim</span> <span class='ocrx_word' id='word_1_1095' title='bbox 1900 2143 1995 2178; x_wconf 54' lang='lat' dir='ltr'>faffa,</span> <span class='ocrx_word' id='word_1_1096' title='bbox 2014 2155 2063 2176; x_wconf 87' lang='lat' dir='ltr'>aut</span> <span class='ocrx_word' id='word_1_1097' title='bbox 2077 2155 2142 2176; x_wconf 87' lang='lat' dir='ltr'>non</span> 
     </span>
     <span class='ocr_line' id='line_1_125' title="bbox 1183 2184 2145 2227; baseline 0.003 -13"><span class='ocrx_word' id='word_1_1098' title='bbox 1183 2184 1258 2215; x_wconf 57' lang='lat' dir='ltr'>fasta</span> <span class='ocrx_word' id='word_1_1099' title='bbox 1278 2186 1397 2225; x_wconf 84' lang='lat' dir='ltr'>largitio</span> <span class='ocrx_word' id='word_1_1100' title='bbox 1416 2186 1545 2227; x_wconf 84' lang='lat' dir='ltr'>ignorari</span> <span class='ocrx_word' id='word_1_1101' title='bbox 1564 2186 1681 2226; x_wconf 82' lang='lat' dir='ltr'>potest?</span> <span class='ocrx_word' id='word_1_1102' title='bbox 1704 2190 1844 2217; x_wconf 86' lang='lat' dir='ltr'>Tuorurn</span> <span class='ocrx_word' id='word_1_1103' title='bbox 1864 2195 1964 2217; x_wconf 91' lang='lat' dir='ltr'>autem</span> <span class='ocrx_word' id='word_1_1104' title='bbox 1984 2187 2145 2217; x_wconf 77' lang='lat' dir='ltr'>honorum</span> 
     </span>
     <span class='ocr_line' id='line_1_126' title="bbox 1181 2226 2142 2269; baseline 0.001 -11"><span class='ocrx_word' id='word_1_1105' title='bbox 1181 2227 1294 2261; x_wconf 76' lang='lat' dir='ltr'>cursus,</span> <span class='ocrx_word' id='word_1_1106' title='bbox 1304 2238 1352 2257; x_wconf 86' lang='lat' dir='ltr'>cui</span> <span class='ocrx_word' id='word_1_1107' title='bbox 1363 2226 1516 2267; x_wconf 67' lang='lat' dir='ltr'>suspeems</span> <span class='ocrx_word' id='word_1_1108' title='bbox 1529 2238 1673 2269; x_wconf 88' lang='lat' dir='ltr'>umquam</span> <span class='ocrx_word' id='word_1_1109' title='bbox 1683 2227 1758 2258; x_wconf 83' lang='lat' dir='ltr'>fuit?</span> <span class='ocrx_word' id='word_1_1110' title='bbox 1784 2230 1836 2258; x_wconf 82' lang='lat' dir='ltr'>Me</span> <span class='ocrx_word' id='word_1_1111' title='bbox 1847 2228 2003 2263; x_wconf 86' lang='lat' dir='ltr'>miserum,</span> <span class='ocrx_word' id='word_1_1112' title='bbox 2014 2231 2142 2269; x_wconf 72' lang='lat' dir='ltr'>quinon</span> 
     </span>
     <span class='ocr_line' id='line_1_127' title="bbox 1181 2267 2142 2310; baseline 0.002 -12"><span class='ocrx_word' id='word_1_1113' title='bbox 1181 2267 1332 2299; x_wconf 81' lang='lat' dir='ltr'>affuerim.</span> <span class='ocrx_word' id='word_1_1114' title='bbox 1355 2279 1432 2309; x_wconf 87' lang='lat' dir='ltr'>quos</span> <span class='ocrx_word' id='word_1_1115' title='bbox 1443 2279 1498 2309; x_wconf 85' lang='lat' dir='ltr'>ego</span> <span class='ocrx_word' id='word_1_1116' title='bbox 1507 2270 1581 2300; x_wconf 88' lang='lat' dir='ltr'>risus</span> <span class='ocrx_word' id='word_1_1117' title='bbox 1591 2268 1759 2300; x_wconf 81' lang='lat' dir='ltr'>excitaffem</span> <span class='ocrx_word' id='word_1_1118' title='bbox 1779 2272 1783 2299; x_wconf 92' lang='lat'>!</span> <span class='ocrx_word' id='word_1_1119' title='bbox 1807 2269 1911 2301; x_wconf 84' lang='lat' dir='ltr'>Sed-de</span> <span class='ocrx_word' id='word_1_1120' title='bbox 1922 2270 2142 2310; x_wconf 82' lang='lat' dir='ltr'>majestatisju-</span> 
     </span>
     <span class='ocr_line' id='line_1_128' title="bbox 1182 2309 2139 2349; baseline 0.002 -9"><span class='ocrx_word' id='word_1_1121' title='bbox 1182 2311 1263 2341; x_wconf 87' lang='lat' dir='ltr'>dicio</span> <span class='ocrx_word' id='word_1_1122' title='bbox 1278 2310 1340 2341; x_wconf 92' lang='lat' dir='ltr'>duo</span> <span class='ocrx_word' id='word_1_1123' title='bbox 1359 2312 1438 2340; x_wconf 82' lang='lat' dir='ltr'>mihi</span> <span class='ocrx_word' id='word_1_1124' title='bbox 1455 2312 1504 2341; x_wconf 86' lang='lat' dir='ltr'>illa</span> <span class='ocrx_word' id='word_1_1125' title='bbox 1521 2321 1559 2341; x_wconf 83' lang='lat' dir='ltr'>ex</span> <span class='ocrx_word' id='word_1_1126' title='bbox 1581 2313 1640 2342; x_wconf 84' lang='lat' dir='ltr'>tuis</span> <span class='ocrx_word' id='word_1_1127' title='bbox 1654 2312 1759 2342; x_wconf 81' lang='lat' dir='ltr'>litteris</span> <span class='ocrx_word' id='word_1_1128' title='bbox 1773 2309 1981 2349; x_wconf 76' lang='lat' dir='ltr'>jucundiffima</span> <span class='ocrx_word' id='word_1_1129' title='bbox 1997 2312 2139 2343; x_wconf 87' lang='lat' dir='ltr'>fuerunt:</span> 
     </span>
     <span class='ocr_line' id='line_1_129' title="bbox 1183 2351 2137 2395; baseline 0.001 -13"><span class='ocrx_word' id='word_1_1130' title='bbox 1183 2363 1291 2386; x_wconf 87' lang='lat' dir='ltr'>unum,</span> <span class='ocrx_word' id='word_1_1131' title='bbox 1303 2351 1386 2394; x_wconf 71' lang='lat' dir='ltr'>quod</span> <span class='ocrx_word' id='word_1_1132' title='bbox 1398 2362 1425 2383; x_wconf 89' lang='lat' dir='ltr'>te</span> <span class='ocrx_word' id='word_1_1133' title='bbox 1434 2353 1472 2392; x_wconf 87' lang='lat' dir='ltr'>ab</span> <span class='ocrx_word' id='word_1_1134' title='bbox 1481 2354 1541 2393; x_wconf 85' lang='lat' dir='ltr'>ipsa</span> <span class='ocrx_word' id='word_1_1135' title='bbox 1550 2363 1611 2394; x_wconf 82' lang='lat' dir='ltr'>rep.</span> <span class='ocrx_word' id='word_1_1136' title='bbox 1623 2352 1781 2384; x_wconf 82' lang='lat' dir='ltr'>defensum</span> <span class='ocrx_word' id='word_1_1137' title='bbox 1793 2354 1894 2384; x_wconf 85' lang='lat' dir='ltr'>scribis</span> <span class='ocrx_word' id='word_1_1138' title='bbox 1907 2366 1912 2383; x_wconf 80' lang='lat' dir='ltr'>z</span> <span class='ocrx_word' id='word_1_1139' title='bbox 1924 2364 1990 2395; x_wconf 82' lang='lat' dir='ltr'>quae</span> <span class='ocrx_word' id='word_1_1140' title='bbox 1999 2354 2137 2395; x_wconf 66' lang='lat' dir='ltr'>quidem,</span> 
     </span>
    </p>
   </div>
   <div class='ocr_carea' id='block_1_11' title="bbox 1165 2395 2137 2436">
    <p class='ocr_par' dir='ltr' id='par_1_17' title="bbox 1165 2395 2137 2436">
     <span class='ocr_line' id='line_1_130' title="bbox 1165 2395 2137 2436; baseline 0.002 -12"><span class='ocrx_word' id='word_1_1141' title='bbox 1165 2409 1166 2423; x_wconf 77' lang='lat'>1</span> <span class='ocrx_word' id='word_1_1142' title='bbox 1181 2396 1271 2424; x_wconf 84' lang='lat' dir='ltr'>etiam</span> <span class='ocrx_word' id='word_1_1143' title='bbox 1283 2397 1316 2425; x_wconf 90' lang='lat' dir='ltr'>in</span> <span class='ocrx_word' id='word_1_1144' title='bbox 1326 2395 1444 2425; x_wconf 87' lang='lat' dir='ltr'>summa</span> <span class='ocrx_word' id='word_1_1145' title='bbox 1455 2395 1606 2425; x_wconf 88' lang='lat' dir='ltr'>bonorum</span> <span class='ocrx_word' id='word_1_1146' title='bbox 1617 2416 1625 2429; x_wconf 89' lang='lat'>,</span> <span class='ocrx_word' id='word_1_1147' title='bbox 1639 2395 1671 2426; x_wconf 86' lang='lat'>&amp;</span> <span class='ocrx_word' id='word_1_1148' title='bbox 1681 2395 1807 2427; x_wconf 81' lang='lat' dir='ltr'>fortium</span> <span class='ocrx_word' id='word_1_1149' title='bbox 1818 2399 1933 2427; x_wconf 87' lang='lat' dir='ltr'>civium</span> <span class='ocrx_word' id='word_1_1150' title='bbox 1944 2399 2029 2436; x_wconf 85' lang='lat' dir='ltr'>copia</span> <span class='ocrx_word' id='word_1_1151' title='bbox 2040 2416 2048 2430; x_wconf 86' lang='lat'>‚</span> <span class='ocrx_word' id='word_1_1152' title='bbox 2060 2397 2137 2429; x_wconf 85' lang='lat' dir='ltr'>tueri</span> 
     </span>
    </p>
   </div>
   <div class='ocr_carea' id='block_1_12' title="bbox 1179 2437 2144 2722">
    <p class='ocr_par' dir='ltr' id='par_1_18' title="bbox 1179 2437 2144 2722">
     <span class='ocr_line' id='line_1_131' title="bbox 1181 2437 2140 2480; baseline 0.001 -14"><span class='ocrx_word' id='word_1_1153' title='bbox 1181 2437 1264 2470; x_wconf 81' lang='lat' dir='ltr'>taleis</span> <span class='ocrx_word' id='word_1_1154' title='bbox 1274 2439 1355 2466; x_wconf 84' lang='lat' dir='ltr'>viros</span> <span class='ocrx_word' id='word_1_1155' title='bbox 1365 2437 1484 2467; x_wconf 85' lang='lat' dir='ltr'>deberet</span> <span class='ocrx_word' id='word_1_1156' title='bbox 1495 2448 1500 2467; x_wconf 92' lang='lat'>:</span> <span class='ocrx_word' id='word_1_1157' title='bbox 1511 2448 1592 2468; x_wconf 90' lang='lat' dir='ltr'>nunc</span> <span class='ocrx_word' id='word_1_1158' title='bbox 1609 2437 1680 2468; x_wconf 78' lang='lat' dir='ltr'>vcro</span> <span class='ocrx_word' id='word_1_1159' title='bbox 1691 2437 1727 2468; x_wconf 76' lang='lat' dir='ltr'>eo</span> <span class='ocrx_word' id='word_1_1160' title='bbox 1741 2441 1833 2480; x_wconf 89' lang='lat' dir='ltr'>magis</span> <span class='ocrx_word' id='word_1_1161' title='bbox 1842 2458 1851 2472; x_wconf 92' lang='lat'>,</span> <span class='ocrx_word' id='word_1_1162' title='bbox 1862 2437 1944 2479; x_wconf 67' lang='lat' dir='ltr'>qu‘od</span> <span class='ocrx_word' id='word_1_1163' title='bbox 1955 2448 2033 2468; x_wconf 74' lang='lat' dir='ltr'>tanta</span> <span class='ocrx_word' id='word_1_1164' title='bbox 2042 2438 2140 2478; x_wconf 75' lang='lat' dir='ltr'>penu-v</span> 
     </span>
     <span class='ocr_line' id='line_1_132' title="bbox 1181 2478 2144 2521; baseline 0.001 -13"><span class='ocrx_word' id='word_1_1165' title='bbox 1181 2480 1224 2508; x_wconf 83' lang='lat' dir='ltr'>ria</span> <span class='ocrx_word' id='word_1_1166' title='bbox 1232 2478 1274 2509; x_wconf 85' lang='lat' dir='ltr'>est</span> <span class='ocrx_word' id='word_1_1167' title='bbox 1284 2481 1315 2508; x_wconf 82' lang='lat' dir='ltr'>in</span> <span class='ocrx_word' id='word_1_1168' title='bbox 1327 2481 1432 2512; x_wconf 81' lang='lat' dir='ltr'>omni,</span> <span class='ocrx_word' id='word_1_1169' title='bbox 1452 2480 1499 2510; x_wconf 89' lang='lat' dir='ltr'>vel</span> <span class='ocrx_word' id='word_1_1170' title='bbox 1510 2480 1634 2510; x_wconf 86' lang='lat' dir='ltr'>honoris</span> <span class='ocrx_word' id='word_1_1171' title='bbox 1644 2501 1652 2513; x_wconf 92' lang='lat'>,</span> <span class='ocrx_word' id='word_1_1172' title='bbox 1672 2481 1719 2509; x_wconf 89' lang='lat' dir='ltr'>vel</span> <span class='ocrx_word' id='word_1_1173' title='bbox 1730 2490 1820 2510; x_wconf 77' lang='lat' dir='ltr'>aetatis</span> <span class='ocrx_word' id='word_1_1174' title='bbox 1831 2479 1922 2521; x_wconf 78' lang='lat' dir='ltr'>gradu</span> <span class='ocrx_word' id='word_1_1175' title='bbox 1934 2499 1941 2513; x_wconf 97' lang='lat'>,</span> <span class='ocrx_word' id='word_1_1176' title='bbox 1955 2489 2055 2509; x_wconf 78' lang='lat' dir='ltr'>uttam</span> <span class='ocrx_word' id='word_1_1177' title='bbox 2068 2479 2144 2510; x_wconf 81' lang='lat' dir='ltr'>orba</span> 
     </span>
     <span class='ocr_line' id='line_1_133' title="bbox 1182 2520 2141 2563; baseline 0.001 -13"><span class='ocrx_word' id='word_1_1178' title='bbox 1182 2522 1285 2551; x_wconf 84' lang='lat' dir='ltr'>civitas</span> <span class='ocrx_word' id='word_1_1179' title='bbox 1297 2521 1379 2551; x_wconf 82' lang='lat' dir='ltr'>taleis</span> <span class='ocrx_word' id='word_1_1180' title='bbox 1391 2531 1502 2552; x_wconf 88' lang='lat' dir='ltr'>tutores</span> <span class='ocrx_word' id='word_1_1181' title='bbox 1512 2522 1673 2562; x_wconf 66' lang='lat' dir='ltr'>compleffi</span> <span class='ocrx_word' id='word_1_1182' title='bbox 1684 2522 1788 2552; x_wconf 85' lang='lat' dir='ltr'>debeat</span> <span class='ocrx_word' id='word_1_1183' title='bbox 1799 2533 1804 2551; x_wconf 78' lang='lat' dir='ltr'><em>z</em></span> <span class='ocrx_word' id='word_1_1184' title='bbox 1814 2520 2035 2563; x_wconf 72' lang='lat' dir='ltr'>alterum,qubd</span> <span class='ocrx_word' id='word_1_1185' title='bbox 2046 2525 2141 2552; x_wconf 84' lang='lat' dir='ltr'>Pom-</span> 
     </span>
     <span class='ocr_line' id='line_1_134' title="bbox 1179 2562 2139 2604; baseline -0.002 -11"><span class='ocrx_word' id='word_1_1186' title='bbox 1179 2565 1238 2603; x_wconf 83' lang='lat' dir='ltr'>peii</span> <span class='ocrx_word' id='word_1_1187' title='bbox 1252 2583 1259 2597; x_wconf 86' lang='lat'>,</span> <span class='ocrx_word' id='word_1_1188' title='bbox 1281 2564 1312 2594; x_wconf 86' lang='lat'>&amp;</span> <span class='ocrx_word' id='word_1_1189' title='bbox 1325 2565 1406 2593; x_wconf 85' lang='lat' dir='ltr'>Bruti</span> <span class='ocrx_word' id='word_1_1190' title='bbox 1426 2562 1517 2594; x_wconf 83' lang='lat' dir='ltr'>fidem</span> <span class='ocrx_word' id='word_1_1191' title='bbox 1530 2584 1538 2597; x_wconf 87' lang='lat'>‚</span> <span class='ocrx_word' id='word_1_1192' title='bbox 1562 2565 1860 2604; x_wconf 80' lang='lat' dir='ltr'>benivolentiamque</span> <span class='ocrx_word' id='word_1_1193' title='bbox 1878 2564 2008 2593; x_wconf 69' lang='lat' dir='ltr'>mirifice</span> <span class='ocrx_word' id='word_1_1194' title='bbox 2029 2564 2139 2594; x_wconf 80' lang='lat' dir='ltr'>laudas.</span> 
     </span>
     <span class='ocr_line' id='line_1_135' title="bbox 1180 2603 2143 2639; baseline 0 -4"><span class='ocrx_word' id='word_1_1195' title='bbox 1180 2607 1280 2635; x_wconf 84' lang='lat' dir='ltr'>Laetor</span> <span class='ocrx_word' id='word_1_1196' title='bbox 1299 2607 1427 2639; x_wconf 83' lang='lat' dir='ltr'>virtute,</span> <span class='ocrx_word' id='word_1_1197' title='bbox 1449 2606 1481 2635; x_wconf 86' lang='lat'>&amp;</span> <span class='ocrx_word' id='word_1_1198' title='bbox 1501 2604 1604 2635; x_wconf 82' lang='lat' dir='ltr'>officio</span> <span class='ocrx_word' id='word_1_1199' title='bbox 1618 2627 1626 2639; x_wconf 89' lang='lat'><em>‚</em></span> <span class='ocrx_word' id='word_1_1200' title='bbox 1650 2605 1722 2635; x_wconf 77' lang='lat' dir='ltr'>cuin</span> <span class='ocrx_word' id='word_1_1201' title='bbox 1743 2615 1865 2635; x_wconf 85' lang='lat' dir='ltr'>tuorum</span> <span class='ocrx_word' id='word_1_1202' title='bbox 1885 2603 2116 2636; x_wconf 73' lang='lat' dir='ltr'>necessariorum</span> <span class='ocrx_word' id='word_1_1203' title='bbox 2128 2625 2143 2639; x_wconf 79' lang='lat'>‚-</span> 
     </span>
     <span class='ocr_line' id='line_1_136' title="bbox 1179 2645 2139 2682; baseline 0.002 -5"><span class='ocrx_word' id='word_1_1204' title='bbox 1179 2657 1321 2678; x_wconf 84' lang='lat' dir='ltr'>meorum</span> <span class='ocrx_word' id='word_1_1205' title='bbox 1332 2645 1580 2678; x_wconf 81' lang='lat' dir='ltr'>amiciffimoi·um</span> <span class='ocrx_word' id='word_1_1206' title='bbox 1594 2659 1599 2676; x_wconf 76' lang='lat'>1</span> <span class='ocrx_word' id='word_1_1207' title='bbox 1614 2645 1629 2667; x_wconf 76' lang='lat'>&lt;³</span> <span class='ocrx_word' id='word_1_1208' title='bbox 1641 2657 1705 2677; x_wconf 82' lang='lat' dir='ltr'>turn</span> <span class='ocrx_word' id='word_1_1209' title='bbox 1715 2647 1834 2678; x_wconf 86' lang='lat' dir='ltr'>alterius</span> <span class='ocrx_word' id='word_1_1210' title='bbox 1844 2667 1852 2682; x_wconf 89' lang='lat'>,</span> <span class='ocrx_word' id='word_1_1211' title='bbox 1870 2649 2013 2679; x_wconf 87' lang='lat' dir='ltr'>omnium</span> <span class='ocrx_word' id='word_1_1212' title='bbox 2024 2648 2139 2679; x_wconf 80' lang='lat' dir='ltr'>stculo-</span> 
     </span>
     <span class='ocr_line' id='line_1_137' title="bbox 2065 2701 2139 2722; baseline 0.027 -2"><span class='ocrx_word' id='word_1_1213' title='bbox 2065 2701 2139 2722; x_wconf 87' lang='lat' dir='ltr'>rum.-</span> 
     </span>
    </p>
   </div>
   <div class='ocr_carea' id='block_1_13' title="bbox 1180 2751 2143 3004">
    <p class='ocr_par' dir='ltr' id='par_1_19' title="bbox 1180 2751 2143 3004">
     <span class='ocr_line' id='line_1_138' title="bbox 1183 2751 2141 2788; baseline 0.002 -11"><span class='ocrx_word' id='word_1_1214' title='bbox 1183 2755 1243 2783; x_wconf 69' lang='lat' dir='ltr'>rari,</span> <span class='ocrx_word' id='word_1_1215' title='bbox 1255 2751 1387 2778; x_wconf 70' lang='lat' dir='ltr'>:ttlverfiiri</span> <span class='ocrx_word' id='word_1_1216' title='bbox 1399 2753 1425 2778; x_wconf 73' lang='lat'>8&lt;</span> <span class='ocrx_word' id='word_1_1217' title='bbox 1437 2761 1544 2778; x_wconf 81' lang='lat' dir='ltr'>occurre</span> <span class='ocrx_word' id='word_1_1218' title='bbox 1556 2761 1648 2787; x_wconf 81' lang='lat' dir='ltr'>cupere</span> <span class='ocrx_word' id='word_1_1219' title='bbox 1659 2759 1738 2786; x_wconf 81' lang='lat' dir='ltr'>atque</span> <span class='ocrx_word' id='word_1_1220' title='bbox 1749 2751 1874 2778; x_wconf 61' lang='lat' dir='ltr'>affe-&amp;are</span> <span class='ocrx_word' id='word_1_1221' title='bbox 1887 2771 1895 2783; x_wconf 91' lang='lat'>‚</span> <span class='ocrx_word' id='word_1_1222' title='bbox 1906 2751 1969 2777; x_wconf 79' lang='lat' dir='ltr'>sicut</span> <span class='ocrx_word' id='word_1_1223' title='bbox 1979 2751 2047 2788; x_wconf 78' lang='lat' dir='ltr'>apud</span> <span class='ocrx_word' id='word_1_1224' title='bbox 2060 2752 2141 2779; x_wconf 75' lang='lat' dir='ltr'>Plau-</span> 
     </span>
     <span class='ocr_line' id='line_1_139' title="bbox 1182 2788 2141 2824; baseline 0.003 -11"><span class='ocrx_word' id='word_1_1225' title='bbox 1182 2795 1237 2813; x_wconf 85' lang='lat' dir='ltr'>tum</span> <span class='ocrx_word' id='word_1_1226' title='bbox 1250 2791 1382 2813; x_wconf 74' lang='lat' dir='ltr'>Dormitare</span> <span class='ocrx_word' id='word_1_1227' title='bbox 1399 2789 1500 2824; x_wconf 74' lang='lat' dir='ltr'>aliaque</span> <span class='ocrx_word' id='word_1_1228' title='bbox 1513 2789 1636 2814; x_wconf 75' lang='lat' dir='ltr'>multant</span> <span class='ocrx_word' id='word_1_1229' title='bbox 1646 2788 1755 2814; x_wconf 78' lang='lat' dir='ltr'>Milonis</span> <span class='ocrx_word' id='word_1_1230' title='bbox 1775 2788 1890 2814; x_wconf 89' lang='lat' dir='ltr'>iuteutio</span> <span class='ocrx_word' id='word_1_1231' title='bbox 1900 2788 1985 2823; x_wconf 78' lang='lat' dir='ltr'>potius</span> <span class='ocrx_word' id='word_1_1232' title='bbox 2007 2789 2032 2815; x_wconf 88' lang='lat' dir='ltr'>iu</span> <span class='ocrx_word' id='word_1_1233' title='bbox 2044 2797 2141 2816; x_wconf 80' lang='lat' dir='ltr'>conatu</span> 
     </span>
     <span class='ocr_line' id='line_1_140' title="bbox 1182 2823 2138 2860; baseline 0.002 -11"><span class='ocrx_word' id='word_1_1234' title='bbox 1182 2823 1263 2850; x_wconf 83' lang='lat' dir='ltr'>fuerit</span> <span class='ocrx_word' id='word_1_1235' title='bbox 1274 2826 1353 2859; x_wconf 66' lang='lat' dir='ltr'>quatu</span> <span class='ocrx_word' id='word_1_1236' title='bbox 1364 2825 1472 2851; x_wconf 62' lang='lat' dir='ltr'>effeetu.</span> <span class='ocrx_word' id='word_1_1237' title='bbox 1493 2824 1578 2850; x_wconf 72' lang='lat' dir='ltr'>Multa</span> <span class='ocrx_word' id='word_1_1238' title='bbox 1591 2824 1724 2858; x_wconf 72' lang='lat' dir='ltr'>elegantia</span> <span class='ocrx_word' id='word_1_1239' title='bbox 1734 2824 1760 2849; x_wconf 67' lang='grc' dir='ltr'>ὃ(</span> <span class='ocrx_word' id='word_1_1240' title='bbox 1773 2825 1881 2860; x_wconf 78' lang='lat' dir='ltr'>antiqua</span> <span class='ocrx_word' id='word_1_1241' title='bbox 1891 2824 2049 2851; x_wconf 82' lang='lat' dir='ltr'>exciderunt</span> <span class='ocrx_word' id='word_1_1242' title='bbox 2062 2843 2070 2856; x_wconf 87' lang='lat'>,</span> <span class='ocrx_word' id='word_1_1243' title='bbox 2081 2825 2138 2851; x_wconf 81' lang='grc' dir='ltr'>ίιηό</span> 
     </span>
     <span class='ocr_line' id='line_1_141' title="bbox 1180 2859 2143 2896; baseline 0.003 -11"><span class='ocrx_word' id='word_1_1244' title='bbox 1180 2861 1378 2895; x_wconf 63' lang='lat' dir='ltr'>praecipitarunt</span> <span class='ocrx_word' id='word_1_1245' title='bbox 1397 2871 1429 2887; x_wconf 82' lang='lat' dir='ltr'>ex</span> <span class='ocrx_word' id='word_1_1246' title='bbox 1443 2861 1581 2887; x_wconf 69' lang='lat' dir='ltr'>Lieerouis</span> <span class='ocrx_word' id='word_1_1247' title='bbox 1593 2859 1730 2886; x_wconf 72' lang='lat' dir='ltr'>sublimata</span> <span class='ocrx_word' id='word_1_1248' title='bbox 1739 2859 1861 2886; x_wconf 57' lang='lat' dir='ltr'>l‘acuudia</span> <span class='ocrx_word' id='word_1_1249' title='bbox 1872 2880 1879 2892; x_wconf 92' lang='lat'>‚</span> <span class='ocrx_word' id='word_1_1250' title='bbox 1899 2869 1946 2896; x_wconf 84' lang='lat' dir='ltr'>pro</span> <span class='ocrx_word' id='word_1_1251' title='bbox 1957 2860 2051 2896; x_wconf 70' lang='lat' dir='ltr'>quibus</span> <span class='ocrx_word' id='word_1_1252' title='bbox 2072 2871 2143 2888; x_wconf 87' lang='lat' dir='ltr'>uuuc</span> 
     </span>
     <span class='ocr_line' id='line_1_142' title="bbox 1180 2895 2143 2932; baseline 0.004 -12"><span class='ocrx_word' id='word_1_1253' title='bbox 1180 2896 1413 2930; x_wconf 79' lang='lat' dir='ltr'>huinilia‚jcjtiiia,</span> <span class='ocrx_word' id='word_1_1254' title='bbox 1424 2896 1526 2922; x_wconf 62' lang='lat' dir='ltr'>ibrtlula</span> <span class='ocrx_word' id='word_1_1255' title='bbox 1536 2895 1694 2922; x_wconf 76' lang='lat' dir='ltr'>sustulimus.</span> <span class='ocrx_word' id='word_1_1256' title='bbox 1716 2904 1743 2922; x_wconf 87' lang='lat' dir='ltr'>ut</span> <span class='ocrx_word' id='word_1_1257' title='bbox 1754 2896 1843 2932; x_wconf 73' lang='lat' dir='ltr'>paullo</span> <span class='ocrx_word' id='word_1_1258' title='bbox 1854 2897 1919 2932; x_wconf 81' lang='lat' dir='ltr'>post,</span> <span class='ocrx_word' id='word_1_1259' title='bbox 1931 2896 2143 2924; x_wconf 76' lang='lat' dir='ltr'>cstinl’-.1l.ter-</span> 
     </span>
     <span class='ocr_line' id='line_1_143' title="bbox 1180 2932 2140 2968; baseline 0.003 -11"><span class='ocrx_word' id='word_1_1260' title='bbox 1180 2932 1218 2957; x_wconf 86' lang='lat' dir='ltr'>tio</span> <span class='ocrx_word' id='word_1_1261' title='bbox 1230 2934 1302 2958; x_wconf 49' lang='lat' dir='ltr'>armis</span> <span class='ocrx_word' id='word_1_1262' title='bbox 1313 2934 1409 2966; x_wconf 63' lang='grc' dir='ltr'>Δι’-αἱμα</span> <span class='ocrx_word' id='word_1_1263' title='bbox 1419 2934 1504 2958; x_wconf 57' lang='lat' dir='ltr'>derra-11</span> <span class='ocrx_word' id='word_1_1264' title='bbox 1516 2933 1568 2965; x_wconf 68' lang='lat' dir='ltr'>Jin‘s</span> <span class='ocrx_word' id='word_1_1265' title='bbox 1580 2943 1586 2957; x_wconf 93' lang='lat'>.·</span> <span class='ocrx_word' id='word_1_1266' title='bbox 1604 2942 1662 2958; x_wconf 86' lang='lat' dir='ltr'>cum</span> <span class='ocrx_word' id='word_1_1267' title='bbox 1675 2933 1704 2959; x_wconf 85' lang='lat' dir='ltr'>lit</span> <span class='ocrx_word' id='word_1_1268' title='bbox 1717 2933 1740 2959; x_wconf 92' lang='lat' dir='ltr'>iu</span> <span class='ocrx_word' id='word_1_1269' title='bbox 1752 2932 1946 2968; x_wconf 81' lang='lat' dir='ltr'>autiquioribus</span> <span class='ocrx_word' id='word_1_1270' title='bbox 1961 2952 1968 2963; x_wconf 97' lang='lat'>‚</span> <span class='ocrx_word' id='word_1_1271' title='bbox 1979 2933 2029 2958; x_wconf 84' lang='lat' dir='ltr'>hoc</span> <span class='ocrx_word' id='word_1_1272' title='bbox 2039 2934 2073 2960; x_wconf 80' lang='lat' dir='ltr'>est</span> <span class='ocrx_word' id='word_1_1273' title='bbox 2085 2935 2140 2960; x_wconf 79' lang='lat' dir='ltr'>La-</span> 
     </span>
     <span class='ocr_line' id='line_1_144' title="bbox 1181 2968 2140 3004; baseline 0.003 -11"><span class='ocrx_word' id='word_1_1274' title='bbox 1181 2968 1242 2994; x_wconf 59' lang='lat' dir='ltr'>tiu&amp;=</span> <span class='ocrx_word' id='word_1_1275' title='bbox 1252 2968 1377 3003; x_wconf 76' lang='lat' dir='ltr'>puritatis</span> <span class='ocrx_word' id='word_1_1276' title='bbox 1387 2970 1509 3004; x_wconf 80' lang='lat' dir='ltr'>geuuiuis</span> <span class='ocrx_word' id='word_1_1277' title='bbox 1521 2968 1672 2995; x_wconf 53' lang='lat' dir='ltr'>:tutioribus</span> <span class='ocrx_word' id='word_1_1278' title='bbox 1683 2968 1782 3002; x_wconf 60' lang='lat' dir='ltr'>detegere</span> <span class='ocrx_word' id='word_1_1279' title='bbox 1791 2973 1863 3004; x_wconf 68' lang='lat' dir='ltr'>ecqui:</span> <span class='ocrx_word' id='word_1_1280' title='bbox 1876 2969 1979 2995; x_wconf 67' lang='lat' dir='ltr'>intense</span> <span class='ocrx_word' id='word_1_1281' title='bbox 1990 2970 2017 2994; x_wconf 82' lang='lat'>&amp;</span> <span class='ocrx_word' id='word_1_1282' title='bbox 2029 2979 2140 2996; x_wconf 80' lang='lat' dir='ltr'>accura-</span> 
     </span>
    </p>
   </div>
   <div class='ocr_carea' id='block_1_14' title="bbox 1179 3004 2145 3042">
    <p class='ocr_par' dir='ltr' id='par_1_20' title="bbox 1179 3004 2145 3042">
     <span class='ocr_line' id='line_1_145' title="bbox 1179 3004 2145 3042; baseline 0.005 -14"><span class='ocrx_word' id='word_1_1283' title='bbox 1179 3007 1205 3029; x_wconf 80' lang='lat' dir='ltr'>te</span> <span class='ocrx_word' id='word_1_1284' title='bbox 1217 3011 1319 3038; x_wconf 80' lang='lat' dir='ltr'>tegere,</span> <span class='ocrx_word' id='word_1_1285' title='bbox 1329 3013 1358 3030; x_wconf 83' lang='lat' dir='ltr'>ac</span> <span class='ocrx_word' id='word_1_1286' title='bbox 1368 3006 1476 3030; x_wconf 66' lang='lat' dir='ltr'>dramni-e</span> <span class='ocrx_word' id='word_1_1287' title='bbox 1486 3005 1603 3040; x_wconf 79' lang='lat' dir='ltr'>impense</span> <span class='ocrx_word' id='word_1_1288' title='bbox 1614 3014 1712 3036; x_wconf 79' lang='lat' dir='ltr'>amare,</span> <span class='ocrx_word' id='word_1_1289' title='bbox 1724 3006 1749 3030; x_wconf 66' lang='lat' dir='ltr'>S&lt;</span> <span class='ocrx_word' id='word_1_1290' title='bbox 1762 3011 1849 3031; x_wconf 74' lang='lat' dir='ltr'>cetera</span> <span class='ocrx_word' id='word_1_1291' title='bbox 1861 3016 1867 3032; x_wconf 86' lang='grc'>;</span> <span class='ocrx_word' id='word_1_1292' title='bbox 1880 3005 1907 3031; x_wconf 85' lang='lat' dir='ltr'>iu</span> <span class='ocrx_word' id='word_1_1293' title='bbox 1919 3005 1967 3031; x_wconf 74' lang='lat' dir='ltr'>see.</span> <span class='ocrx_word' id='word_1_1294' title='bbox 1979 3004 2145 3042; x_wconf 63' lang='lat' dir='ltr'>coul&#39;picitur&#39;</span> 
     </span>
    </p>
   </div>
   <div class='ocr_carea' id='block_1_15' title="bbox 1179 3040 2135 3113">
    <p class='ocr_par' dir='ltr' id='par_1_21' title="bbox 1179 3040 2135 3113">
     <span class='ocr_line' id='line_1_146' title="bbox 1179 3040 1798 3077; baseline 0.005 -13"><span class='ocrx_word' id='word_1_1295' title='bbox 1179 3043 1277 3065; x_wconf 70' lang='lat' dir='ltr'>arrexit,</span> <span class='ocrx_word' id='word_1_1296' title='bbox 1299 3040 1379 3075; x_wconf 65' lang='lat' dir='ltr'>vulgi»</span> <span class='ocrx_word' id='word_1_1297' title='bbox 1395 3045 1452 3066; x_wconf 52' lang='lat' dir='ltr'>ram-it</span> <span class='ocrx_word' id='word_1_1298' title='bbox 1465 3041 1527 3067; x_wconf 77' lang='lat' dir='ltr'>sicut</span> <span class='ocrx_word' id='word_1_1299' title='bbox 1539 3040 1613 3077; x_wconf 80' lang='lat' dir='ltr'>supra</span> <span class='ocrx_word' id='word_1_1300' title='bbox 1624 3041 1798 3074; x_wconf 39' lang='lat' dir='ltr'>adver-[rmum.</span> 
     </span>
     <span class='ocr_line' id='line_1_147' title="bbox 1214 3075 2135 3113; baseline 0.004 -13"><span class='ocrx_word' id='word_1_1301' title='bbox 1214 3084 1239 3111; x_wconf 83' lang='lat'>5.</span> <span class='ocrx_word' id='word_1_1302' title='bbox 1260 3077 1355 3109; x_wconf 61' lang='lat' dir='ltr'>obsim-c</span> <span class='ocrx_word' id='word_1_1303' title='bbox 1364 3080 1460 3102; x_wconf 69' lang='lat' dir='ltr'>nimrim</span> <span class='ocrx_word' id='word_1_1304' title='bbox 1468 3077 1562 3111; x_wconf 58' lang='lat' dir='ltr'>iselam]</span> <span class='ocrx_word' id='word_1_1305' title='bbox 1586 3077 1665 3103; x_wconf 78' lang='lat' dir='ltr'>l&#39;eck.</span> <span class='ocrx_word' id='word_1_1306' title='bbox 1678 3080 1801 3109; x_wconf 72' lang='lat' dir='ltr'>nuntiare,</span> <span class='ocrx_word' id='word_1_1307' title='bbox 1811 3075 1883 3112; x_wconf 81' lang='lat' dir='ltr'>quod</span> <span class='ocrx_word' id='word_1_1308' title='bbox 1894 3077 2020 3113; x_wconf 62' lang='lat' dir='ltr'>probabat</span> <span class='ocrx_word' id='word_1_1309' title='bbox 2032 3078 2135 3105; x_wconf 73' lang='lat' dir='ltr'>Guliel.</span> 
     </span>
    </p>
   </div>
   <div class='ocr_carea' id='block_1_16' title="bbox 1176 3111 2145 3149">
    <p class='ocr_par' dir='ltr' id='par_1_22' title="bbox 1176 3111 2145 3149">
     <span class='ocr_line' id='line_1_148' title="bbox 1176 3111 2145 3149; baseline 0.002 -12"><span class='ocrx_word' id='word_1_1310' title='bbox 1176 3111 1361 3147; x_wconf 65' lang='lat' dir='ltr'>referebatque</span> <span class='ocrx_word' id='word_1_1311' title='bbox 1378 3112 1408 3138; x_wconf 83' lang='lat' dir='ltr'>ad</span> <span class='ocrx_word' id='word_1_1312' title='bbox 1422 3112 1529 3139; x_wconf 64' lang='lat' dir='ltr'>famam.</span> <span class='ocrx_word' id='word_1_1313' title='bbox 1550 3112 1618 3149; x_wconf 87' lang='lat' dir='ltr'>quod</span> <span class='ocrx_word' id='word_1_1314' title='bbox 1640 3114 1664 3139; x_wconf 91' lang='lat' dir='ltr'>iu</span> <span class='ocrx_word' id='word_1_1315' title='bbox 1677 3113 1751 3139; x_wconf 88' lang='lat' dir='ltr'>uullo</span> <span class='ocrx_word' id='word_1_1316' title='bbox 1770 3113 1890 3140; x_wconf 80' lang='lat' dir='ltr'>ornulum</span> <span class='ocrx_word' id='word_1_1317' title='bbox 1909 3115 2057 3141; x_wconf 78' lang='lat' dir='ltr'>nostrorum</span> <span class='ocrx_word' id='word_1_1318' title='bbox 2080 3113 2145 3140; x_wconf 76' lang='lat' dir='ltr'>iuss,-</span> 
     </span>
    </p>
   </div>
   <div class='ocr_carea' id='block_1_17' title="bbox 1174 3148 2141 3293">
    <p class='ocr_par' dir='ltr' id='par_1_23' title="bbox 1174 3148 2141 3293">
     <span class='ocr_line' id='line_1_149' title="bbox 1176 3148 1700 3185; baseline 0.004 -12"><span class='ocrx_word' id='word_1_1319' title='bbox 1176 3148 1261 3183; x_wconf 78' lang='lat' dir='ltr'>reperi</span> <span class='ocrx_word' id='word_1_1320' title='bbox 1274 3157 1281 3177; x_wconf 69' lang='grc' dir='ltr'><strong>ς</strong></span> <span class='ocrx_word' id='word_1_1321' title='bbox 1302 3148 1387 3184; x_wconf 79' lang='lat' dir='ltr'>prima</span> <span class='ocrx_word' id='word_1_1322' title='bbox 1399 3148 1482 3175; x_wconf 81' lang='lat' dir='ltr'>editio</span> <span class='ocrx_word' id='word_1_1323' title='bbox 1493 3149 1560 3175; x_wconf 81' lang='lat' dir='ltr'>illud</span> <span class='ocrx_word' id='word_1_1324' title='bbox 1571 3149 1700 3185; x_wconf 78' lang='lat' dir='ltr'>agnoscit.</span> 
     </span>
     <span class='ocr_line' id='line_1_150' title="bbox 1212 3184 2141 3220; baseline 0.002 -12"><span class='ocrx_word' id='word_1_1325' title='bbox 1212 3184 1238 3210; x_wconf 93' lang='lat'>6.</span> <span class='ocrx_word' id='word_1_1326' title='bbox 1259 3188 1314 3209; x_wconf 76' lang='lat' dir='ltr'>&#39;Tum</span> <span class='ocrx_word' id='word_1_1327' title='bbox 1325 3186 1424 3210; x_wconf 64' lang='lat' dir='ltr'>alter-im</span> <span class='ocrx_word' id='word_1_1328' title='bbox 1434 3188 1533 3210; x_wconf 84' lang='lat' dir='ltr'>omnium</span> <span class='ocrx_word' id='word_1_1329' title='bbox 1546 3186 1703 3220; x_wconf 56' lang='lat' dir='ltr'>seculorums]</span> <span class='ocrx_word' id='word_1_1330' title='bbox 1726 3184 1833 3211; x_wconf 84' lang='lat' dir='ltr'>Dudum</span> <span class='ocrx_word' id='word_1_1331' title='bbox 1845 3185 2000 3212; x_wconf 78' lang='lat' dir='ltr'>adnotatum</span> <span class='ocrx_word' id='word_1_1332' title='bbox 2017 3185 2051 3212; x_wconf 82' lang='lat' dir='ltr'>est</span> <span class='ocrx_word' id='word_1_1333' title='bbox 2064 3204 2074 3217; x_wconf 88' lang='lat'>,</span> <span class='ocrx_word' id='word_1_1334' title='bbox 2093 3184 2141 3210; x_wconf 77' lang='lat' dir='ltr'>su-</span> 
     </span>
     <span class='ocr_line' id='line_1_151' title="bbox 1174 3220 2107 3266; baseline 0.002 -20"><span class='ocrx_word' id='word_1_1335' title='bbox 1174 3220 1306 3257; x_wconf 76' lang='lat' dir='ltr'>perfluere</span> <span class='ocrx_word' id='word_1_1336' title='bbox 1320 3229 1380 3248; x_wconf 79' lang='lat' dir='ltr'>voce</span> <span class='ocrx_word' id='word_1_1337' title='bbox 1391 3222 1501 3255; x_wconf 54' lang='lat' dir='ltr'>maxime,</span> <span class='ocrx_word' id='word_1_1338' title='bbox 1512 3231 1565 3258; x_wconf 85' lang='lat' dir='ltr'>quo</span> <span class='ocrx_word' id='word_1_1339' title='bbox 1576 3232 1664 3251; x_wconf 73' lang='lat' dir='ltr'>carere</span> <span class='ocrx_word' id='word_1_1340' title='bbox 1677 3221 1752 3250; x_wconf 49' lang='lat' dir='ltr'>rideo</span> <span class='ocrx_word' id='word_1_1341' title='bbox 1763 3231 1853 3249; x_wconf 83' lang='lat' dir='ltr'>omues</span> <span class='ocrx_word' id='word_1_1342' title='bbox 1867 3221 1958 3249; x_wconf 83' lang='lat' dir='ltr'>libros.</span> <span class='ocrx_word' id='word_1_1343' title='bbox 2095 3258 2107 3266; x_wconf 44' lang='grc' dir='ltr'>Ἴ</span> 
     </span>
     <span class='ocr_line' id='line_1_152' title="bbox 2051 3262 2138 3293; baseline -0.023 -10"><span class='ocrx_word' id='word_1_1344' title='bbox 2051 3265 2073 3283; x_wconf 81' lang='lat'>1.</span> <span class='ocrx_word' id='word_1_1345' title='bbox 2085 3262 2138 3293; x_wconf 43' lang='lat' dir='ltr'>§gigo</span> 
     </span>
    </p>
   </div>
   <div class='ocr_carea' id='block_1_18' title="bbox 2176 1068 2213 1093">
    <p class='ocr_par' dir='ltr' id='par_1_24' title="bbox 2176 1068 2213 1093">
     <span class='ocr_line' id='line_1_153' title="bbox 2176 1068 2213 1093; baseline 0 0"><span class='ocrx_word' id='word_1_1346' title='bbox 2176 1068 2213 1093; x_wconf 70' lang='lat'>11</span> 
     </span>
    </p>
   </div>
  </div>
 </body>
</html>
