2302 3353
570 150 656 183 AD
722 135 782 182 M
844 136 1175 186 BRuTuM
1240 129 1580 188 Ouarna

108 221 204 267 quem
222 219 369 254 habebant
385 214 582 250 instituendi,
599 225 650 248 aut
667 216 797 249 docendi
815 217 919 249 locum
938 221 949 249 ?
971 221 1068 260 Atque

108 267 190 298 haud
201 266 262 296 scio
275 283 284 298 ‚
308 267 318 283 ¹
329 272 366 292 an
375 262 509 302 plerique
518 258 690 290 nostrorum
701 268 855 290 oratorum
873 260 981 299 ingenio
1001 262 1069 300 plus

107 308 274 340 valuerint,
294 303 383 346 quam
394 300 532 332 desti-ina.
555 302 596 331 ita
617 301 708 331 ueilli
718 300 816 331 dicere
825 300 936 331 melius
947 321 957 335 ,
976 302 1067 341 quam

107 350 266 391 praecipere
285 356 292 375 :
314 349 392 375 ²nos
401 343 506 376 contra
522 342 598 374 forta
622 341 817 383 epossumus.
841 344 880 372 At
889 341 1065 383 dignitatem

108 391 216 421 docere
225 387 394 418 nonhabet.
417 385 502 418 Certe
515 405 524 419 ‚
543 383 564 414 fi
573 383 652 426 quasi
668 385 697 413 in
707 383 780 414 ludo.
803 383 853 414 sed
865 380 884 413 si
895 383 1062 417 monendo,

107 430 130 462 fi
139 429 324 462 cohortando
333 449 343 464 ‚
364 427 385 458 fi
393 426 618 469 percuntstando
629 446 638 460 ,
658 425 680 456 fi
690 425 947 457 communicando
956 445 965 460 ‚
985 424 1006 455 si
1016 427 1064 455 m„

104 473 225 504 terdum
235 473 326 502 etiam
335 469 396 501 una
403 469 531 511 legendo
542 488 551 503 ‚
568 468 719 499 audiendo
732 478 738 497 :
757 468 859 498 nescio
867 477 920 498 cur
929 477 992 498 non
1009 466 1066 497 do-

106 514 204 546 cendo
219 515 309 544 etiam
327 512 442 553 aliquid
457 510 618 552 aliquando
629 530 638 543 ,
657 508 679 540 fi
696 508 784 550 possis
799 509 940 540 meliores
956 508 1064 542 facere,

103 559 160 588 'eur
170 555 250 586 nolis
262 558 273 585 ?
294 557 342 585 An
352 574 362 588 ,
382 553 491 595 quibus
500 552 599 583 verbis
609 553 758 583 sacrorum
768 551 908 582 alienatio
919 549 969 581 fiat
979 571 988 585 ‚
1008 550 1065 580 do-

105 607 170 629 cere
181 595 342 627 honesturn
351 594 403 630 est,
415 604 448 625 ut
457 594 500 625 est
511 605 516 623 :
528 593 639 635 quibus
648 595 709 635 ipsa
720 594 798 625 sacra
805 594 926 623 retineri
937 613 945 626 ,
956 591 1061 623 defen-

65 650 74 655 ·
104 639 196 680 dique
207 637 333 679 poffint‚
345 648 410 668 non
419 635 582 667 honestum
592 635 634 666 est
649 639 659 665 ?
680 639 721 666 At
726 636 776 674 jus
784 633 964 674 profitentur
972 635 1062 664 etiam

33 1234 77 1270 43

104 684 159 723 qui
176 681 315 712 nesciunt
324 700 333 713 ,
354 680 558 721 eloquentiam
569 686 670 708 autem
680 677 727 707 illi
743 676 796 716 ipfi
807 696 815 710 ‚
837 678 890 717 qui
909 676 1061 706 consecuti

106 724 176 754 sunt
183 741 194 758 ,
212 731 312 753 tamen
320 732 354 752 ea
363 722 392 752 se
400 723 497 751 valere
505 718 692 751 diffimulant
701 739 710 752 ‚
722 727 875 759 propterea
882 716 965 758 quod
976 720 1063 748 Pau-

104 773 236 795 nnn-rm
255 763 435 796 horninibus
452 771 530 805 grata
544 760 607 794 est,
626 760 730 801 lingua
743 759 883 800 suspebh.
908 762 995 789 Num
1008 760 1064 800 igi-

103 807 152 838 t'ur
160 815 210 837 aut
220 805 307 836 latere
316 806 488 846 eloquentia
495 802 593 844 potest
606 811 671 832 :aut
680 802 710 832 id
722 821 730 835 ,
751 801 833 842 quod
843 799 1064 834 diffimulat,ef-

101 847 197 889 fugit:
222 856 272 878 aut
281 846 323 878 est
345 846 512 887 periculum
523 864 531 878 ‚
549 845 656 885 nequis
667 852 751 884 putet
767 846 799 873 in
810 853 916 887 magna
931 851 990 873 arte
1001 864 1010 877 ‚
1030 842 1064 872 δε

99 890 248 931 gloriosa,
268 897 351 929 turpe
362 887 420 918 esse
430 887 536 917 docere
555 886 630 916 alios
648 886 679 915 id
689 885 771 926 quod
787 885 840 925 ipsi
862 886 954 915 ruerit
964 885 1061 914 hone-

88 930 263 962 -stiffimum
282 931 391 960 discere
410 931 420 958 ?
442 931 486 959 Ac
503 925 620 958 fortasse
632 929 720 957 ceteri
739 926 895 957 te6tiores:
914 936 974 975 ego
982 926 1060 956 sem-

99 982 154 1013 per
164 983 213 1003 me
222 969 356 1003 didicifl'e
373 980 431 1011 prae
449 980 500 1000 me
509 970 574 999 tuli.
601 969 682 1011 Qid
692 970 777 999 enim
786 967 902 1009 poss'em
914 989 922 1002 ‚
941 978 1015 998 cum
1027 968 1060 997 δε

100 1013 260 1046 abfuiflem
280 1013 450 1044 adolescens
465 1032 474 1045 ‚
499 1011 532 1042 &
550 1012 661 1041 horum
684 1010 852 1041 studiorum
874 1010 957 1040 causa
977 1019 1059 1040 marc

99 1054 264 1089 tranfifl'em
274 1075 283 1089 ‚
305 1055 339 1085 &
356 1052 535 1084 do&iffimis
545 1052 724 1083 hominibus
741 1052 846 1082 referta
855 1052 966 1082 domus
975 1050 1057 1085 esset,

99 1097 249 1139 &aliquae
268 1095 386 1127 fortasse
397 1093 525 1126 inessent
533 1098 566 1125 in
584 1094 723 1125 sermone
739 1093 843 1124 nostro
853 1093 1058 1124 doarinarum

98 1148 179 1170 notae
191 1142 201 1169 ?
218 1148 348 1180 cumque
360 1136 454 1179 vulgo
465 1137 568 1177 scripta
577 1134 854 1176 nostralegerentur
864 1156 873 1170 ,
892 1134 1058 1166 diffimula-

97 1190 162 1211 rem
174 1190 223 1211 me
233 1178 389 1211 didicisse?
407 1179 490 1220 Qud
500 1187 559 1209 erat
569 1197 577 1212 ‚
587 1188 640 1208 cur
647 1178 804 1217 probarem
816 1198 824 1211 ,
845 1176 900 1207 nifi
911 1176 993 1218 quod
1004 1187 1055 1217 pa-

98 1231 166 1254 rum
175 1221 294 1253 fortasse
303 1221 484 1262 profeceram
495 1223 506 1250 ?
528 1219 618 1262 Qod
629 1219 701 1249 cum
712 1221 751 1250 ita
762 1218 805 1253 fit,
815 1228 918 1250 tamen
929 1229 961 1249 ea
970 1239 979 1252 ‚
990 1229 1055 1259 quae

98 1263 183 1305 supra
193 1263 272 1294 dicta
282 1264 350 1294 sunt
360 1284 368 1296 ,
388 1263 455 1303 plus
463 1264 496 1292 in
506 1261 685 1302 disputando
696 1282 705 1295 ,
726 1260 817 1302 quam
826 1271 859 1291 ea
870 1282 879 1294 .
899 1260 936 1290 de
946 1262 1054 1301 quibus

97 1305 261 1339 dicendum
270 1305 323 1339 est,
335 1305 499 1346 dignitatis,
510 1304 686 1333 habuerunt.
707 1306 756 1333 De
765 1303 864 1333 verbis
874 1305 959 1332 enim
969 1312 1055 1332 com-

96 1347 247 1389 ponendis
258 1367 267 1380 ,
285 1347 365 1377 &de
382 1346 499 1386 syllabis
515 1344 738 1386 propemodum
756 1344 982 1374 dinumerandis
993 1364 1001 1378 ‚
1023 1345 1056 1374 &

96 1388 293 1420 dimetiendis
311 1389 485 1429 loquemur:
505 1396 571 1428 quae
589 1388 679 1417 etiam
690 1385 711 1415 fi
721 1387 789 1416 sunt
799 1406 807 1419 ‚
829 1385 912 1417 sicuti
921 1387 999 1416 mihi
1009 1388 1058 1415 vi-

97 1430 206 1461 dentur
216 1449 225 1464 ,
244 1429 399 1460 necessaria
408 1449 418 1464 ,
430 1438 531 1460 tamen
534 1428 615 1468 fiunt
623 1427 867 1470 magnificentius
880 1448 888 1462 ‚
900 1427 990 1469 quarn
1000 1427 1056 1458 do-

96 1479 210 1505 centur.
233 1471 284 1502 Est
302 1471 333 1502 id
343 1474 474 1502 omnino
484 1480 588 1501 verum
602 1490 610 1504 ‚
631 1471 680 1501 sed
690 1470 808 1510 proprie
823 1472 855 1499 in
865 1471 924 1500 hoc
934 1470 1053 1500 dicitur.

97 1523 168 1545 nam
180 1515 332 1544 ΟΜΝισΜ
343 1523 519 1555 magnarum
528 1514 636 1543 artium
650 1532 658 1545 ‚
672 1511 744 1542 sicut
753 1511 892 1542 arborum
905 1532 914 1545 ,
924 1511 1053 1542 altitudo

97 1564 153 1586 nos
163 1554 289 1586 demetat
299 1566 305 1584 :
316 1555 425 1586 radices
436 1577 444 1590 .
457 1555 617 1595 stirpesque
627 1564 689 1584 non
700 1556 775 1583 item
787 1564 792 1582 :
804 1553 853 1584 sed
863 1552 921 1584 effe
931 1553 982 1584 illa
992 1551 1053 1583 fine

95 1598 143 1628 his
154 1607 216 1628 non
225 1596 330 1638 potest.
353 1599 405 1628 Me
414 1605 524 1632 autem,
535 1594 595 1627 five
602 1593 853 1637 pervagatissimus
871 1596 923 1625 ille
939 1595 1050 1630 versus,

97 1641 149 1680 qui
159 1647 237 1670 vetat
246 1660 254 1672 ‚

137 1683 247 1710 ¹Artem
262 1681 362 1723 pudere
373 1681 449 1722 proso
472 1682 504 1710 ui
514 1702 522 1715 ,
541 1690 630 1723 quam
636 1678 754 1719 fastites
765 1700 774 1713 ,
797 1678 978 1710 diffimulare
987 1690 1054 1710 non

95 1721 164 1753 {init
175 1743 183 1757 ‚
215 1725 269 1753 uin
278 1722 408 1754 delee'ter
419 1735 428 1758 5
439 1691 497 1753 fiqve
507 1732 593 1754 tuum
605 1721 739 1752 studium
751 1724 808 1752 hoc
817 1721 833 1752 a
844 1732 894 1752 me
903 1722 1052 1752 volumen

93 1774 185 1805 expre
209 1775 231 1795 1t
244 1775 249 1794 :
269 1773 369 1795 tamen
379 1767 421 1795 eis
433 1785 441 1799 ‚
460 1775 536 1806 quos
553 1764 666 1805 aliquid
684 1764 913 1804 reprehensuros
925 1764 942 1794 s
940 1764 1052 1803 uspica—

95 1803 146 1836 bar
155 1826 163 1840 ,
174 1806 414 1847 respondendum
426 1806 494 1838 fuit.
517 1806 610 1848 Qod
620 1805 640 1836 fi
651 1816 684 1836 ea
693 1826 701 1839 ‚
712 1816 778 1846 quae
789 1806 852 1836 dixi
865 1826 874 1838 ‚
885 1815 949 1835 non
958 1807 999 1835 ita
1008 1806 1054 1836 es·

95 1847 174 1879 sent:
185 1851 251 1889 quis
261 1857 362 1879 tamen
371 1849 400 1880 se
410 1858 470 1880 tam
479 1849 589 1879 durum
600 1868 609 1882 ,
619 1847 822 1889 agrestemque
831 1847 973 1888 praeberet
980 1867 988 1881 ,
997 1849 1051 1888 qui

95 1889 172 1920 hanc
179 1891 257 1920 mihi
267 1900 331 1920 non
341 1891 421 1922 daret
430 1893 550 1921 veniam
561 1910 569 1924 ,
590 1899 622 1920 ut
631 1910 640 1924 ,
652 1888 724 1920 cum
736 1899 812 1920 meae
821 1889 952 1920 forenses
963 1898 1048 1923 artes,

95 1930 131 1961 δε
139 1930 271 1961 αόὶιοηεε
281 1932 408 1971 publicae
420 1931 626 1965 concidiss'ent‚
638 1941 703 1961 non
713 1941 764 1961 me
774 1940 823 1961 aut
834 1929 1051 1971 defidiae,quod

94 1971 190 2002 facere
208 1982 272 2002 non
289 1972 409 2012 possum
430 1984 436 2002 2
459 1983 509 2004 aut
527 1972 678 2003 moestitiae
693 1993 701 2005 ,
724 1974 774 2002 cui
794 1971 894 2002 refisto
904 1991 912 2005 ‚
935 1974 1051 2011 potius,

94 2013 186 2054 quam
198 2014 304 2044 litteris
315 2034 324 2047 ,
344 2014 484 2045 dederem
497 2018 507 2044 ?
524 2024 589 2055 quae
597 2014 722 2054 quidem
733 2023 784 2042 me
793 2022 876 2043 antea
885 2015 919 2042 in
929 2013 1049 2050 judicia,

94 2064 183 2096 atque
192 2057 224 2085 in
233 2058 345 2086 curiam
355 2055 411 2085 ded
416 2057 549 2090 ucebanr,
561 2065 643 2085 nunc
651 2053 790 2084 oblectant
797 2054 880 2083 domi.
904 2057 970 2084 Nec
978 2053 1050 2084 verb

94 2097 204 2127 talibus
214 2096 309 2127 modo
319 2097 406 2127 rebus
417 2117 426 2131 ,
447 2098 560 2139 qualeis
570 2098 619 2126 hic
628 2096 704 2126 liber
713 2098 850 2126 continet
858 2115 867 2129 ‚
888 2095 937 2126 sed
950 2096 1050 2126 multo

93 2139 184 2168 etiam
200 2138 385 2179 gravioribus
397 2158 406 2172 ,
426 2139 459 2170 &
470 2138 635 2178 majoribus
655 2148 661 2167 :
682 2148 748 2178 quae
765 2136 785 2166 fi
798 2146 887 2167 erunt
901 2137 1048 2177 perfecit&

94 2179 234 2220 profesto
251 2179 417 2210 forensibus
427 2180 536 2211 nostris
553 2180 640 2210 rebus
658 2182 750 2209 etiam
760 2178 1046 2209 domesticaelitterae

94 2221 323 2262 respondebunt.
353 2222 409 2252 Sed
428 2222 463 2253 ad
482 2222 649 2253 institutam
668 2220 900 2260 disputationem
920 2229 1049 2252 reverta-

29 2273 79 2308 44
97 2272 175 2293 mur.
196 2264 433 2294 collocabuntur
449 2257 540 2306 igitur
556 2263 646 2293 verba
661 2281 669 2296 ,
693 2271 743 2292 aut
762 2271 795 2292 ut
811 2264 888 2292 inter
907 2262 936 2292 se
956 2261 1046 2303 quam

92 2304 237 2345 aptiffime
246 2307 414 2336 cohaereant
423 2315 555 2337 extrema
564 2303 634 2335 cum
644 2305 751 2345 primis
763 2323 772 2338 ,
789 2314 881 2345 eaque
891 2302 947 2333 sint
955 2304 1047 2345 quam

93 2345 268 2378 suaviffimis
276 2348 405 2378 vocibus
416 2358 421 2376 ε
432 2356 482 2378 aut
490 2357 523 2378 ut
531 2347 628 2378 forma
639 2346 698 2386 ipsa
706 2366 715 2380 ‚
726 2345 971 2386 concinnitasque
979 2356 1047 2376 ver-

92 2388 201 2419 borum
219 2388 359 2420 conficiat
368 2387 457 2418 orbem
467 2389 553 2420 suum
566 2399 571 2418 :
592 2397 684 2419 autut
700 2385 926 2428 comprehensio
936 2397 1046 2418 nume-

93 2429 160 2460 rose
171 2430 225 2464 r&
233 2430 298 2471 apte
309 2431 400 2461 cadat.
425 2429 606 2472 Atqueillud
616 2428 753 2470 primum
762 2429 919 2460 videamus
931 2449 940 2463 ‚
959 2430 1046 2470 quale

92 2470 127 2501 sit
135 2490 144 2505 ,
155 2472 235 2512 quod
246 2473 293 2503 vel
304 2472 440 2502 maxime
451 2472 592 2504 defideiat
615 2476 628 2500 ³
643 2473 829 2511 diligentiam
841 2491 850 2505 ‚
864 2480 896 2501 ut
906 2469 956 2502 fiat
966 2470 1045 2512 quali

91 2512 232 2545 {imbrum
241 2514 376 2556 quaedam
387 2534 395 2548 ‚
406 2525 462 2546 nec
472 2524 573 2546 tamen
584 2513 634 2546 fiat
643 2513 767 2556 operose
779 2523 785 2542 ;
804 2522 877 2544 nam
889 2511 960 2544 ess'et
971 2513 1044 2545 cum

130 2638 155 2657 1.
173 2633 214 2657 An
227 2629 331 2665 Plerique
339 2633 465 2664 nqftrorum
474 2639 592 2658 oratorum
601 2633 689 2664 Ingenio
702 2630 918 2663 praevaluerint]
938 2627 1051 2656 Accedit

93 2666 214 2693 Mur-'etus
225 2666 308 2693 codici
318 2667 467 2694 Alexandri
478 2667 607 2694 Glorierii
619 2686 628 2699 ‚
647 2668 674 2693 in
685 2676 739 2701 quo
748 2672 805 2692 erat
820 2666 932 2701 amplius
945 2685 953 2697 ‚
972 2672 1051 2691 orato-

93 2711 155 2734 rum,
166 2709 246 2728 contra
256 2710 326 2738 atque
334 2712 376 2729 nos
388 2723 396 2735 ,
405 2707 492 2737 Ingenio
500 2705 552 2734 dyc.
563 2704 590 2730 &
603 2712 665 2729 vero
677 2702 710 2729 fic
721 2711 827 2738 quoque
855 2701 945 2728 raesert
954 2710 1049 2728 exem-

91 2737 148 2774 plar
158 2738 326 2765 pithaeanum
338 2759 347 2771 ,
367 2747 475 2775 eratque
486 2740 512 2765 in
525 2739 608 2766 Palat.
620 2739 699 2776 prim.
712 2747 742 2764 ac
752 2737 839 2764 secunt
851 2758 857 2764 .
875 2745 993 2764 oratorum
1011 2738 1051 2770 effi

91 2781 162 2809 atque
170 2777 266 2808 ingem'o.
285 2774 328 2802 sed
339 2783 425 2803 tamen
439 2777 483 2803 vix
493 2775 643 2803 admiserim
655 2794 664 2808 ‚
674 2774 741 2802 nihil
753 2773 913 2801 variantibus
924 2773 1050 2800 Palatinis

94 2811 199 2837 ceteris.

128 2852 157 2873 2.
175 2850 223 2873 Nor
232 2848 411 2881 eontraftrtqffl
416 2848 559 2883 suffumat]
570 2847 648 2874 Nihil
659 2846 787 2881 adjiciunt
797 2844 989 2873 membranacei
1000 2855 1049 2872 no-

53 2880 57 2882 *
93 2880 138 2908 stri
151 2902 158 2914 ‚
177 2887 256 2919 quare
268 2891 318 2910 non
329 2883 462 2920 possumus
472 2883 589 2911 adnuere
597 2883 769 2910 Glorieriano
778 2882 848 2909 libro
858 2881 964 2909 addenti
977 2902 985 2913 ‚
997 2883 1049 2915 pos-

87 2917 172 2951 fizmm
188 2921 269 2944 melius
287 2920 362 2945 doc'ere
372 2939 382 2953 ,
399 2920 447 2947 etsi
456 2919 484 2946 id
492 2919 588 2957 probet
596 2921 721 2948 Muretus
731 2918 801 2946 libro
811 2927 868 2945 xri.
882 2919 984 2945 Variar.
995 2920 1050 2944 Le-

94 2951 213 2980 &ionum
225 2964 279 2991 cap.
290 2962 338 2981 ²0.

114 2997 144 3025 *3
151 3009 157 3015 .
175 2992 334 3024 vingennam,
340 2994 419 3027 urfiat
427 2993 621 3028 qaeafistrutrura
630 2993 789 3028 qudammer
797 2993 929 3026 ramenfiat
937 2991 1049 3025 operaſse]

95 3023 173 3052 Hanc
191 3026 342 3063 stripturam
360 3029 440 3055 etiam
459 3028 572 3057 offendit
586 3029 612 3056 in
624 3028 697 3057 Pith.
708 3028 868 3055 Gulielmius
883 3046 891 3059 ,
908 3035 1011 3063 egoque
1022 3027 1048 3053 in

95 3058 154 3086 Pal.
164 3071 204 3098 pr.
215 3071 254 3088 ac.
265 3062 314 3089 sec.
323 3064 413 3100 estque
422 3065 575 3093 concinnior
585 3064 665 3106 longe
674 3063 801 3091 hackenus
812 3070 926 3100 recepta.

130 3100 158 3129 4.
180 3096 247 3123 mmo
255 3101 304 3124 'ram
314 3101 414 3131 rustica?
421 3102 506 3135 quim]
518 3098 600 3128 Haud
608 3100 686 3128 ahter
696 3100 764 3127 Pau.
775 3100 802 3126 δε
813 3099 902 3126 firmat
911 3099 944 3126 Ρ.
954 3097 1049 3125 Victo-

96 3130 375 3161 riusllbrovar.1e&.
386 3141 444 3162 xit.
455 3145 559 3172 φραγ.
571 3135 711 3163 'nimebus
722 3136 844 3162 lib.v1u.
854 3143 941 3170 capg.

63 3195 68 3203 ¹
83 3193 89 3198 ,
132 3176 161 3202 5.
179 3170 230 3204 Etfi
245 3169 270 3196 id
285 3173 390 3204 magister
397 3173 446 3206 ejm
454 3173 582 3207 lficrares:
599 3178 628 3199 at
635 3182 680 3199 mm
691 3190 699 3205 ,
708 3170 855 3207 &e.]·1¹al-
865 3178 906 3206 pr·
916 3169 989 3205 “still
997 3178 1050 3196 ΜΛ·

1985 144 2073 206 1&

1123 218 1281 256 infinitus,
1300 230 1366 253 tum
1384 223 1510 264 puerilis
1527 223 1628 258 labor,
1649 220 1732 265 quod
1741 220 1818 263 apud
1829 221 1986 255 Lucilium
2003 223 2080 257 scit&

1120 264 1244 302 exagitat
1254 265 1287 294 in
1297 265 1426 296 Albucio
1434 265 1566 296 Scaevola
1574 286 1583 300 ,

1159 301 1262 343 ka
1278 305 1363 347 lepide'
1378 307 1457 337 lexeis
1474 306 1606 350 compostae
1625 310 1638 337 ,²
1660 313 1694 337 ut
1710 304 1835 345 teffirulae
1851 317 1941 338 omnes

1159 348 1241 374 «Arte
1254 349 1418 386 pavimento
1431 369 1438 382 .
1457 357 1546 391 atque
1563 348 1726 379 emblemate
1742 350 1939 380 vermiculato.

1147 387 1247 431 'Nolo
1262 397 1323 418 tam
1342 391 1458 420 minuta
1476 392 1537 421 haec
1554 390 1739 422 consti-uaio
1747 401 1894 432 appareat:
1913 391 1960 423 sed
1969 399 2071 425 tamen

1117 423 1202 456 stilus
1221 432 1396 460 exercitatus
1414 431 1524 463 efficiet
1545 432 1632 463 facile
1653 434 1729 463 hanc
1749 434 1831 464 viam
1853 435 2071 474 componendi.

1117 468 1198 513 Nam
1213 471 1285 515 utin
1296 471 1423 511 legendo
1435 474 1540 504 oculus
1551 495 1560 508 ,
1580 473 1618 505 fic
1627 476 1746 505 animus
1757 477 1787 504 in
1807 475 1939 506 dicendo
1955 476 2072 516 prospi-

1113 517 1173 538 ciet
1183 528 1191 542 ,
1211 511 1284 555 quid
1294 512 1429 552 sequatur
1437 534 1445 547 ,
1465 525 1502 545 ne
1513 525 1718 547 extremorum
1737 515 1897 547 verborum
1908 528 1978 548 cum
1987 517 2070 548 inse-

1113 552 1277 590 quentibus
1285 555 1392 592 primis
1403 557 1562 587 concursus
1572 577 1580 590 ‚
1591 568 1640 588 aut
1651 559 1762 588 hiulcas
1773 569 1859 589 voces
1870 558 1980 590 efficiat
1989 579 1998 593 .
2019 567 2071 591 aut

1113 591 1234 631 asperas.
1258 596 1405 633 Qamvis
1423 600 1506 628 enim
1526 599 1644 633 suaves,
1663 601 1820 641 gravesque
1831 601 1983 632 sententiae
1995 621 2004 635 ‚
2025 610 2069 632 ta-

1113 643 1186 663 men
1196 633 1215 662 fi
1228 636 1391 680 inconditis
1401 638 1499 667 verbis
1510 638 1672 670 efferuntur
1682 662 1690 674 .
1704 638 1860 673 offendent
1868 644 1975 671 aureis:
1992 653 2068 685 qua-

1112 684 1175 703 rum
1185 674 1229 704 est'
1237 676 1381 715 judicium
1392 678 1625 719 ficperbtffimum.
1649 683 1738 722 Qiod
1748 684 1871 723 quidem
1882 686 1988 715 Latina
2007 685 2069 715 lin-

1110 716 1214 764 gua'sic
1225 718 1358 764 obiervat
1367 739 1375 753 ,
1397 724 1415 746 4
1433 731 1525 750 nemo
1535 730 1568 751 ut
1584 731 1641 752 tam
1654 723 1778 754 rusticus
1789 725 1822 754 sit
1832 746 1840 758 ,
1853 728 1927 767 quin
1937 726 2070 757 vocaleie

1111 759 1192 788 nolit
1200 769 1393 801 conjungere.
1418 763 1450 792 in
1469 773 1529 803 qno
1537 764 1659 803 quidam
1670 767 1758 795 etiam
1769 767 2006 807 Theopompum
2019 778 2067 797 re-

1110 801 1300 840 prehendunt
1311 823 1319 835 ,
1339 802 1421 843 quod
1431 813 1478 834 eas
1488 805 1597 834 litteras
1610 814 1690 835 tanto
1700 816 1787 845 opere
1797 808 1922 849 fugerim
1946 813 1959 836 5
1972 807 2022 839 etsi
2032 808 2062 840 id

1112 841 1251 882 magister
1260 845 1285 882 ej
1291 853 1324 873 us
1334 845 1482 875 Isocrates.
1494 855 1521 877 at
1531 856 1594 876 non
1604 848 1805 887 Thucydides:
1818 859 1854 879 ne
1865 850 1916 879 ille
1925 850 2061 891 quidem.

1109 884 1187 913 haud
1206 886 1307 924 paullo
1317 886 1415 925 major
1424 887 1564 928 scriptor,
1582 888 1664 919 Plato
1685 900 1691 918 :
1714 899 1768 918 nec
1779 890 1878 920 solum
1896 893 1929 921 in
1939 893 1986 921 his
2003 893 2064 922 ser·

1110 926 1274 960 monibus,
1298 929 1350 968 qui
1361 927 1637 970 dialogidicuntur‚
1657 930 1709 960 ubi
1726 932 1815 961 etiam
1833 932 2064 964 deindustriaid

1106 966 1280 1005 faciendum
1290 968 1360 1003 fuit,
1372 970 1462 1000 sedin
1471 972 1606 1011 populari
1617 974 1763 1006 oratione,
1773 983 1831 1013 qua
1840 983 1907 1003 mos
1918 973 1960 1003 est
1971 976 2065 1004 Athe-

1106 1011 1154 1038 nis
1172 1009 1284 1040 laudari
1301 1013 1334 1041 in
1342 1014 1491 1043 concione
1502 1023 1552 1043 eos
1563 1033 1570 1047 ‚
1590 1016 1643 1054 qui
1662 1013 1717 1044 sint
1734 1016 1767 1044 in
1776 1016 1889 1054 proeliis
1901 1015 2063 1046 interfeffiz

1105 1061 1170 1091 quae
1181 1050 1219 1081 fic
1227 1052 1349 1098 probata
1359 1052 1447 1087 est‚ut
1456 1065 1520 1084 eam
1532 1058 1694 1096 quotannis
1704 1076 1713 1090 ,
1734 1065 1766 1086 ut
1776 1056 1829 1086 scis
1841 1076 1849 1090 ‚
1866 1056 1921 1086 illo
1932 1057 1979 1087 die
1988 1059 2064 1087 reci-

1104 1095 1157 1123 tari
1168 1092 1284 1124 necesse
1292 1093 1336 1124 fit.
1358 1096 1390 1125 in
1400 1105 1432 1125 ea
1441 1096 1481 1126 est
1491 1099 1589 1127 crebra
1601 1096 1652 1127 ista
1662 1108 1773 1128 vocum
1785 1097 1939 1128 concurslo
1951 1119 1959 1132 ‚
1970 1108 2059 1139 quam

1106 1144 1214 1176 magna
1230 1146 1269 1166 ex
1284 1146 1364 1176 parte
1381 1157 1390 1171 ,
1412 1147 1445 1167 ut
1462 1139 1601 1168 vitiosam
1614 1159 1622 1172 ,
1640 1139 1718 1180 fugit
1736 1139 1970 1170 Demosthenes.
2003 1140 2059 1171 Sed
2085 1146 2132 1178 45·

1105 1178 1201 1207 Graeci
1211 1177 1361 1209 viderint:
1382 1179 1471 1209 nobis
1482 1200 1489 1213 ‚
1502 1190 1539 1210 ne
1550 1179 1570 1210 si
1579 1183 1733 1220 cupiamus
1743 1181 1868 1222 quidem
1879 1202 1888 1215 ‚
1902 1180 2061 1212 distrahere

1102 1228 1191 1249 voces
1209 1220 1395 1250 conceditur.
1418 1221 1554 1252 Indicant
1570 1225 1719 1253 orationes
1735 1224 1793 1253 illae
1810 1224 1877 1263 ipsae
1893 1223 2055 1254 horridula:

1104 1262 1225 1290 Catonis
1237 1272 1242 1290 ;
1253 1262 1388 1292 indicant
1397 1272 1504 1293 omnes
1513 1265 1609 1303 po‘etae
1622 1283 1630 1297 ‚
1641 1274 1743 1304 praeter
1754 1275 1805 1295 eos
1816 1285 1823 1299 ‚
1835 1266 1887 1305 qui
1898 1274 1931 1295 ut
1939 1265 2058 1295 versum

1102 1301 1233 1333 facerent
1243 1323 1251 1336 ,
1265 1304 1340 1344 saepe
1350 1304 1491 1337 hiabant,
1514 1314 1546 1335 ut
1556 1308 1682 1335 Naevius
1693 1326 1701 1339 ‚

1146 1365 1167 1378 ‚‚
1183 1346 1232 1373 Vos
1242 1366 1250 1378 ‚
1272 1346 1325 1386 qui
1341 1346 1464 1375 accolitis
1472 1345 1599 1382 Htstrum
1612 1347 1745 1385 fluvium
1756 1369 1765 1381 ,
1783 1356 1870 1389 atque
1878 1347 2037 1389 „Algidum

1102 1388 1140 1416 Et
1155 1386 1269 1417 ibidem
1282 1407 1290 1420 ‚

1145 1449 1168 1461 „
1180 1428 1282 1469 Qam
1300 1439 1447 1471 nunquam
1465 1428 1539 1460 vol-ts
1554 1430 1653 1473 Οἴαξ,
1670 1439 1759 1473 arque
1775 1430 1906 1461 Barbari.

1101 1471 1141 1499 At
1152 1474 1268 1500 Ennius
1279 1471 1371 1501 semel
1385 1491 1394 1505 ,

1142 1512 1236 1553 Scipio
1253 1512 1372 1542 invide.
1393 1530 1463 1539 —
1559 1517 1596 1545 Et
1605 1515 1729 1556 quidem
1740 1525 1808 1549 nos,

1141 1573 1164 1587 ‚,
1177 1556 1236 1584 Hoc
1254 1563 1333 1584 motu
1351 1555 1485 1585 radiantis
1503 1556 1596 1597 Erestae
1613 1568 1641 1586 m
1660 1557 1735 1586 vada
1748 1557 1841 1599 ponti.

1100 1597 1169 1626 Hoc
1186 1596 1268 1626 idem
1285 1596 1379 1627 nostri
1391 1598 1494 1638 saepius
1505 1608 1569 1627 non
1580 1597 1714 1628 tuliss'ent
1725 1618 1733 1633 ,
1751 1600 1834 1640 quod
1845 1600 1940 1630 Graeci
1956 1599 2057 1631 lauda-

1097 1647 1129 1667 re
1139 1639 1227 1668 etiam
1238 1638 1349 1669 solent.
1369 1636 1450 1670 ⁶Sed
1461 1639 1534 1681 quid
1545 1650 1600 1681 ego
1609 1641 1741 1670 vocaleis
1751 1643 1761 1669 ?
1772 1640 1832 1671 fine
1840 1641 1993 1672 vocalibus
2004 1643 2057 1672 sae-

1097 1689 1135 1720 pe
1145 1680 1295 1710 brevitatis
1305 1681 1388 1711 causa
1396 1681 1610 1712 contrahebant
1618 1702 1626 1716 ‚
1641 1691 1673 1712 ut
1680 1684 1720 1712 ita
1727 1682 1872 1716 dicerent,
1887 1683 1984 1712 mulri’
1995 1692 2056 1713 mo-

1096 1723 1136 1751 dis
1147 1743 1154 1754 ,
1179 1726 1194 1750 7
1203 1726 1268 1751 ‘vas'
1277 1730 1412 1763 argenteas
1422 1744 1429 1757 ,
1448 1724 1539 1765 petl'm'
1552 1724 1586 1756 ὠ·
1596 1722 1718 1753 erinibm
1728 1744 1737 1757 ‚
1758 1723 1950 1763 teffi'fi‘atfl'u.
1973 1724 2056 1764 Qid

1097 1762 1170 1794 verb
1188 1764 1330 1794 licentius
1339 1785 1348 1799 ‚
1389 1765 1458 1796 uam
1469 1764 1551 1806 quod
1562 1766 1726 1796 hominum
1745 1768 1834 1796 etiam
1845 1768 1972 1797 nomina
1979 1776 2058 1797 con-

1097 1805 1251 1836 trahebant
1260 1825 1268 1839 ‚
1279 1816 1341 1846 quo
1349 1817 1365 1836 e
1392 1805 1443 1837 'ent
1452 1808 1563 1848 aptiora
1574 1810 1585 1837 ?
1596 1818 1666 1838 nam
1677 1816 1708 1838 ut
1716 1808 1838 1837 duell-um
1848 1829 1856 1843 ,
1867 1808 1982 1838 bellum
1993 1828 2001 1841 ‚
2020 1807 2054 1838 δε

1095 1847 1155 1876 duis
1165 1847 1210 1877 bis
1222 1858 1228 1876 τ
1240 1846 1277 1878 fic
1287 1849 1446 1883 Duellium,
1457 1859 1539 1883 eum,
1550 1851 1603 1890 qui
1612 1853 1716 1880 Paenos
1726 1848 1811 1879 claffe
1822 1849 1943 1884 devicit,
1966 1845 1980 1869 ⁸
1991 1850 2057 1879 Bel-

1093 1889 1168 1918 lium
1185 1891 1421 1921 nominaverunt
1430 1910 1438 1924 ‚
1459 1889 1531 1921 cum
1549 1892 1712 1931 superiores
1720 1891 1857 1931 appellati
1867 1889 1959 1921 ess‘ent
1977 1892 2056 1922 sem-

1096 1941 1149 1971 per
1158 1932 1278 1960 Duellti-
1302 1933 1475 1972 Qinetiam
1487 1932 1575 1962 verba
1586 1933 1660 1972 saepe
1668 1933 1893 1966 contrahuntur,
1910 1943 1973 1963 non
1985 1933 2055 1963 usus

1099 1972 1181 2003 causa
1192 1992 1200 2005 ‚
1212 1972 1261 2002 sed
1270 1975 1397 2003 aurium.
1422 1973 1590 2016 Qomodo
1600 1975 1684 2003 enim
1695 1973 1790 2003 vester
1798 1974 1920 2006 Axilla.
1933 1974 2002 2002 ,Δία
2009 1973 2054 2003 fa—

1099 2012 1163 2043 &us
1175 2012 1217 2042 est
1226 2033 1234 2047 ‚
1256 2012 1312 2042 nisl
1320 2013 1388 2055 fuga
1397 2014 1500 2045 litterae
1510 2014 1644 2045 vastioris
1657 2018 1666 2044 ?
1692 2025 1783 2055 quam
1796 2016 1925 2045 litteram
1936 2017 2024 2045 etiam
2035 2015 2053 2045 ὲ

1097 2055 1218 2083 maa-illu
1234 2076 1243 2088 ,
1268 2057 1284 2081 9
1301 2055 1466 2089 &raa-iuis,
1488 2057 1632 2086 &vm-mo
1644 2077 1653 2090 ,
1675 2057 1707 2086 &
1722 2058 1825 2097 paxillo
1838 2077 1846 2090 ‚
1865 2056 2053 2087 consuetudo

1096 2097 1215 2138 elegans
1225 2099 1325 2127 Latini
1336 2097 1483 2128 sermonis
1494 2098 1605 2128 evellit.
1628 2098 1771 2128 Libenter
1780 2101 1870 2128 etiam
1880 2098 2053 2138 copulando

1094 2139 1184 2168 verba
1195 2138 1361 2180 jungebant
1372 2159 1380 2171 ,
1402 2148 1435 2168 ut
1443 2139 1519 2178 sides
1529 2160 1538 2172 ,
1559 2149 1613 2179 pro
1625 2159 1632 2172 ‚
1647 2139 1676 2180 fi
1683 2139 1786 2168 audes:
1797 2140 1835 2181 fis
1846 2161 1853 2173 .
1875 2149 1928 2180 pro
1939 2160 1947 2172 ,
1970 2140 1992 2178 fi
2003 2150 2052 2168 vu.

1093 2181 1161 2221 Jam
1174 2181 1206 2210 in
1216 2190 1279 2210 uno
1290 2200 1299 2213 ‚
1325 2182 1354 2199 ¹0
1363 2180 1447 2221 capsis
1456 2200 1464 2214 ,
1474 2182 1529 2210 tria
1540 2181 1627 2211 verba
1637 2183 1724 2211 sunt:
1737 2182 1811 2215 ain',
1822 2190 1886 2221 pro,
1897 2182 1973 2221 aifize
1982 2192 1993 2209 :
2004 2191 2054 2210 ne-

1097 2222 1179 2263 quire
1189 2241 1197 2254 ,
1209 2231 1262 2261 pro
1274 2242 1282 2255 ,
1301 2232 1352 2251 non
1362 2232 1460 2263 quire:
1479 2223 1561 2252 mue
1571 2243 1579 2256 ,
1592 2233 1646 2262 pro
1657 2243 1664 2257 ‚
1684 2233 1770 2263 magu
1780 2225 1865 2252 veut:
1884 2224 1952 2252 noue
1962 2243 1969 2256 ,
1983 2232 2050 2262 pro.

1096 2274 1148 2292 non
1158 2264 1237 2292 velle.
1261 2264 1337 2292 Dein
1355 2266 1445 2293 etiam
1456 2264 1529 2304 saepe
1539 2284 1548 2298 ‚
1569 2266 1601 2294 &
1611 2265 1675 2293 exin
1687 2285 1695 2298 ,
1715 2275 1769 2305 pro
1777 2264 1872 2293 deinde
1882 2284 1890 2298 ,
1911 2265 1944 2294 &
1954 2264 2053 2293 exinde

1096 2305 1237 2335 dicimus.
1261 2305 1342 2345 Qid
1352 2305 1427 2335 illud
1440 2308 1523 2335 ?non
1535 2306 1595 2336 olet
1606 2306 1686 2336 unde
1695 2305 1729 2336 sit
1739 2326 1747 2341 ‚
1759 2306 1840 2347 quod
1851 2306 1977 2339 dicitur,
1986 2315 2051 2335 cum

1095 2347 1147 2383 iuis
1157 2350 1169 2375 ἓ
1181 2357 1246 2376 cum
1254 2356 1353 2377 autern
1363 2346 1435 2376 nobu
1444 2357 1507 2378 non
1517 2347 1625 2378 dicitur
1636 2369 1644 2382 ‚
1657 2348 1705 2378 sed
1716 2347 1856 2388 nobiscum
1869 2351 1880 2377 Ξ
1900 2349 1970 2388 quia
1978 2346 1999 2376 sl
2009 2349 2049 2378 ita

1094 2388 1239 2418 diceretur
1249 2409 1257 2422 ‚
1270 2388 1435 2419 obscaenius
1443 2399 1655 2421 concurrerent
1664 2390 1768 2420 littera:
1779 2409 1788 2423 ‚
1800 2398 1832 2419 ut
1841 2391 1931 2419 etiam
1942 2387 2049 2422 modo,

1094 2429 1150 2460 nisi
1167 2433 1291 2460 AUTEM
1309 2429 1549 2470 interposuiss‘em
1560 2451 1569 2465 ‚
1591 2430 1813 2461 concurrissent.
1837 2434 1883 2461 Ex
1892 2440 1929 2460 eo
1939 2429 1981 2460 est
1990 2440 2050 2459 me-

1094 2482 1177 2505 cum,
1197 2472 1230 2502 δε
1242 2480 1333 2501 recum
1350 2483 1363 2499 .·
1385 2481 1450 2502 non
1462 2492 1470 2505 ‚
1488 2483 1552 2502 cum
1562 2483 1624 2506 me,
1647 2473 1753 2503 &cum
1763 2480 1788 2501 te
1799 2493 1807 2506 ‚
1830 2470 2049 2501 uteffetfimile

1090 2514 1152 2544 illis
1172 2512 1319 2554 vobiscum
1329 2534 1338 2549 ,
1357 2523 1443 2556 atque
1453 2513 1602 2554 nobiscum.
1624 2517 1723 2555 Atque
1735 2516 1824 2545 etiam
1838 2513 1855 2543 a
1872 2513 2051 2585 quibusdang

1987 2555 2030 2585 ser

1089 2631 1160 2662 gister
1169 2633 1218 2663 ejus
1227 2630 1338 2663 {socrates
1350 2631 1458 2663 fecerat:
1475 2637 1581 2654 attamen
1590 2628 1737 2661 Thucydides.
1758 2637 1842 2664 neque
1851 2627 1929 2654 aliter
1940 2626 1990 2653 sec.
2004 2626 2053 2654 niti

1095 2666 1165 2702 quod
1177 2667 1198 2692 is
1211 2685 1219 2697 ‚
1230 2668 1270 2698 εξΙὶ
1276 2667 1334 2691 idem
1344 2667 1449 2699 magister
1461 2684 1470 2696 ,
1479 2666 1531 2695 (lje.

1129 2703 1158 2728 6.
1177 2703 1221 2728 sed
1228 2703 1286 2735 quid
1293 2712 1326 2733 ego
1335 2702 1436 2728 vocastis
1446 2705 1456 2727 ,ἓ
1468 2703 1518 2734 fim-
1528 2702 1653 2726 vocalibus
1664 2719 1672 2732 ‚
1681 2701 1749 2735 6122]
1766 2699 1843 2727 Hanc
1853 2698 2049 2736 interpnnEiio-

1094 2747 1154 2764 nem
1163 2738 1260 2764 stabilit
1271 2737 1405 2763 Vit‘torins
1415 2736 1443 2763 d.
1455 2746 1510 2772 cap.
1525 2745 1565 2770 17.

1129 2782 1157 2808 7.
1177 2775 1234 2800 l'as'
1247 2774 1360 2806 argentiis
1371 2774 1460 2805 ‚palm'
1478 2773 1649 2807 &crinib-un]
1671 2772 1868 2806 Parumjuvnnt
1879 2771 1939 2797 libri
1950 2770 2049 2807 scripti.

1095 2809 1240 2836 Lambinus
1252 2816 1339 2835 tamen
1350 2810 1423 2835 aulus
1435 2817 1571 2844 reponere,
1582 2809 1692 2841 argcnrri'
1705 2810 1781 2842 vifis,
1790 2809 1855 2843 pril'i'
1869 2808 1984 2833 crinibus.

1129 2845 1156 2872 8.
1177 2847 1273 2871 Bellium
1284 2846 1461 2880 nominat-unu]
1482 2847 1571 2870 Bilium
1582 2845 1638 2870 vult
1650 2844 1744 2870 Pauli-³
1756 2843 1899 2870 Mei-uland
1913 2843 2025 2869 Ennium
2039 2861 2047 2874 ,

1093 2883 1138 2917 qui
1149 2882 1311 2907 consulatur.

1127 2917 1278 2952 9.Taxlllis.]
1293 2918 1414 2943 Muretus
1425 2916 1518 2943 maluit
1528 2919 1542 2942 e
1555 2915 1724 2942 Glorior-iano
1735 2915 1901 2945 a:‹.³l1is,1ib·.-0
1913 2915 2047 2941 >511.Vnr.

1092 2953 1154 2980 leet.
1166 2964 1222 2990 cap.
1233 2963 1279 2979 20.
1300 2961 1329 2979 ut
1337 2954 1364 2979 δ(
1377 2963 1438 2979 niox
1451 2962 1498 2989 pro
1505 2954 1592 2985 paxillo
1603 2951 1780 2989 reponendum
1791 2952 1941 2978 autumabat
1947 2952 2049 2984 sauri!-

1090 2992 1246 3026 lum,pra:ter
1257 2989 1465 3015 membranaceos
1476 2996 1563 3015 tamen
1575 2989 1686 3015 nostros.

1132 3035 1174 3052 10.
1193 3027 1270 3059 Capfis
1284 3045 1291 3056 ,
1302 3029 1351 3050 tria
1361 3027 1437 3050 verba
1445 3025 1527 3059 ficut]
1544 3025 1580 3051 Ea
1591 3024 1730 3055 Turnebus
1742 3023 1809 3049 libro
1821 3032 1890 3049 viii.
1904 3022 2043 3048 flesse-:sun

1091 3071 1147 3098 cap.
1161 3070 1185 3097 3.
1200 3061 1339 3097 ssispicatur
1351 3060 1400 3086 effe
1411 3069 1465 3093 cape
1474 3061 1543 3094 fiw's
1557 3080 1565 3092 ‚
1583 3059 1657 3086 addit
1668 3068 1755 3086 tamen
1768 3071 1773 3086 z
1796 3060 1833 3085 At
1845 3066 1943 3094 quanto
1956 3057 2043 3083 vetiti-

1093 3098 1181 3123 niilins
1192 3097 1226 3123 cst
1238 3116 1246 3128 ,
1266 3098 1305 3122 M.
1319 3097 1394 3123 Tulli
1407 3116 1414 3127 ,
1435 3098 1597 3137 pra-teritum
1609 3096 1658 3122 csse
1668 3097 1805 3131 antiquum
1820 3115 1826 3125 ‚
1838 3104 1884 3131 pm
1895 3095 1996 3126 ceperim
2016 3099 2044 3131 nt

1091 3133 1157 3169 apud
1169 3141 1194 3159 te
1206 3152 1214 3165 ,
1225 3132 1295 3159 libro
1307 3142 1341 3158 11.
1352 3132 1385 3158 de
1396 3133 1497 3168 legibus
1510 3144 1514 3159 :
1536 3137 1635 3158 Sacrum
1647 3134 1746 3166 sacrove
1764 3131 1943 3156 τοπῡηκιγᾱατπτη
1955 3130 1978 3162 fi
1995 3136 2046 3162 ¹1³¹·ss

1090 3171 1164 3203 clepfit
1172 3169 1273 3203 rapfirve
1285 3187 1292 3202 ,
1299 3169 1426 3203 parricida
1435 3172 1475 3202 esto
1487 3188 1494 3201 ,
1504 3170 1556 3201 glyc.

1568 3205 1593 3231 Χ
1615 3213 1631 3230 2
1988 3200 2049 3224 x.[>‘.'

2074 2513 2121 2554 46
